2379 2948
96 121 144 157 94
154 123 170 155 1
503 118 545 155 V.

91 206 164 241 odit
183 204 431 238 confidentiam
451 202 626 238 humanae
649 205 860 248 sapientiae,
888 204 977 237 sicut
994 203 1080 236 scri-

89 265 189 302 ptum
209 262 276 289 est:
304 254 356 289 Ne
374 256 539 289 innitaris
557 256 749 299 sapientiae
767 262 856 288 tuae.

190 315 330 348 Deinde
354 327 476 349 omnes
499 313 661 348 homines
690 325 845 347 summos
877 320 910 347 et
941 313 1080 346 infimos

89 378 304 411 magnopere
340 367 513 400 deformat
552 366 642 398 fama
682 365 895 406 libidinum,
931 371 965 398 et
998 376 1079 397 vere

90 418 330 458 existimatur,
357 429 430 450 non
454 416 579 449 leviter
600 416 735 448 offendi
759 427 892 448 numen
920 415 1078 453 coeleste,

90 476 124 503 et
140 468 292 513 publicis
309 467 464 501 cladibus
481 466 600 510 puniri
618 473 738 509 stupra
751 492 759 506 ,
788 473 908 509 raptus
925 474 956 499 et
981 466 1078 498 simi—

89 521 136 553 lia
154 519 294 554 scelera.
347 517 429 550 ldeo
449 516 607 550 Iulianus
626 514 689 549 hos
713 517 904 551 versiculos
919 514 1078 562 Bacchy-

90 571 174 604 lidis
193 570 230 602 in
248 581 308 602 ore
326 565 449 602 habuit
469 569 511 601 de
528 568 633 601 laude
650 568 860 611 pudiciciae:

142 633 202 670 Ut,
229 632 287 661 nisi
302 632 340 660 sit
353 632 423 659 vivo
439 630 529 659 facies
548 641 685 670 expressa
701 633 802 660 colore
814 654 821 668 ‚

192 682 261 713 Non
280 682 367 711 decus
381 683 412 710 in
429 683 511 720 picto
529 693 654 721 corpore
671 688 794 712 truncus
812 682 920 711 habet:

142 733 193 765 Sic
211 734 341 762 hominis
355 743 452 762 mores
468 736 559 772 spreti
573 736 637 763 sine
654 733 769 763 honore
784 734 964 769 manebunt,

192 784 232 814 Ni
247 786 306 813 siut
325 787 421 813 ornati
437 785 525 813 laude
541 785 718 824 pudiciciae.

213 838 439 873 Accedebant
453 847 569 873 autem
590 841 632 873 ad
650 847 782 874 caetera
800 839 885 872 vitia
898 834 1080 876 Antiochi,

90 892 178 938 quae
205 897 304 924 erant
328 890 478 931 atrocia,
506 891 701 924 obscoenae
727 890 905 924 libidines.
960 888 1080 932 Quare

88 955 168 977 cum
187 953 250 975 nec
265 941 415 982 virtute,
441 953 505 975 nec
530 941 696 975 felicitate
723 948 868 974 ornatus
892 947 997 980 esset,
1019 940 1079 971 de-

90 1000 164 1027 erat
178 993 209 1026 ei
228 993 396 1025 autoritas
418 1004 478 1026 seu
494 993 674 1033 maiestas,
702 1005 765 1026 nec
782 992 1006 1025 indicabatur
1025 1002 1080 1023 re-

88 1045 145 1089 gio
176 1042 312 1078 honore
336 1044 482 1087 dignus,
518 1045 601 1089 quia
631 1043 735 1077 multi
769 1055 930 1087 proceres
957 1041 1080 1088 Syriae

88 1097 258 1130 adversus
283 1106 362 1127 eum
388 1095 697 1138 conspiraverant,
724 1101 764 1128 ut
789 1106 936 1138 regnum
962 1093 1081 1126 trade-

87 1153 169 1181 rent
186 1145 324 1181 Seleuci
348 1145 420 1179 filio
447 1147 586 1180 excluso
605 1143 785 1179 Antiocho
808 1152 952 1190 propter
970 1143 1080 1187 pessi-

87 1210 165 1232 mos
183 1207 310 1232 mores,
364 1196 432 1230 Sed
452 1197 577 1230 habuit
595 1204 628 1230 et
651 1208 749 1230 suam
767 1197 955 1230 factionem
973 1193 1080 1228 homo

88 1249 186 1282 vafer
214 1259 319 1294 quam
338 1247 406 1280 sibi
431 1248 503 1281 suis
523 1248 679 1281 artificiis
696 1254 729 1281 et
747 1248 997 1291 largitionibus
1019 1246 1080 1278 ad-

88 1300 216 1334 iunxit.
267 1297 363 1331 Haec
383 1306 432 1332 est
449 1299 621 1332 sententia
641 1300 830 1332 verborum
854 1299 890 1330 in
909 1305 1016 1332 textu.

189 1356 244 1391 Et
270 1354 426 1390 brachia
452 1356 689 1390 inundabunt
716 1369 838 1391 coram
858 1368 914 1398 eo,
945 1361 975 1389 et
1000 1368 1081 1389 con-

88 1414 265 1448 terentur,
299 1412 330 1442 et
345 1407 420 1454 ipse
436 1406 711 1457 duxfoederis,
739 1409 775 1441 id
799 1416 867 1449 est,
894 1408 997 1441 multi
1015 1407 1082 1453 Sy-

87 1462 172 1498 riaci
195 1460 373 1507 principes
390 1461 673 1494 adversabuntur
696 1457 898 1500 Antiocho,
925 1466 958 1493 et
977 1460 1082 1492 duces

89 1513 305 1548 exercituum
329 1512 646 1557 Aegyptiacorum,
681 1511 742 1556 qui
772 1512 877 1544 urbes
906 1511 944 1543 in
968 1508 1079 1543 Phoe-

87 1565 167 1599 nice
183 1563 362 1598 tenebant.
415 1562 459 1596 Et
475 1562 549 1606 ipse
566 1564 636 1596 dux
653 1562 823 1602 foederis,
848 1562 883 1594 id
902 1568 970 1602 est,
996 1561 1080 1594 Pto-

87 1618 243 1650 lemaeus
272 1612 514 1654 Philometor,
552 1620 653 1646 natus
686 1626 726 1646 ex
759 1625 880 1646 sorore
911 1610 1080 1646 Antiochi

87 1664 306 1712 Epiphanis,
329 1664 390 1710 qui
408 1672 528 1698 contra
547 1677 626 1697 eum
643 1664 773 1697 auxilia
793 1664 946 1697 miserat.
996 1662 1082 1703 Hos,

89 1718 227 1763 inquit,
248 1717 284 1749 id
302 1723 370 1753 est,
399 1713 591 1761 Aegyptios
608 1722 639 1749 et
658 1715 822 1760 Syriacos
845 1715 950 1748 duces
973 1714 1082 1748 vincit

90 1765 303 1805 Antiochus.
358 1766 496 1801 Deinde
514 1774 583 1800 tres
605 1767 845 1810 expeditiones
869 1765 995 1799 ordine
1021 1767 1079 1798 de-

89 1821 313 1860 scribuntur,
348 1818 460 1862 prima
485 1825 642 1862 suscepta
671 1818 710 1850 in
735 1815 958 1857 Phoenicen,
993 1817 1082 1850 duae

88 1872 246 1917 reliquae
264 1869 300 1902 in
318 1866 532 1916 Aegyptum.

191 1927 245 1961 Et
271 1924 395 1961 dolose
409 1924 678 1976 foedusfaciet
703 1937 780 1959 cum
800 1923 888 1965 illo,
917 1922 1082 1959 ascendet

92 1987 122 2016 et
152 1979 252 2014 ducet
285 1978 480 2012 exercitum
510 1977 707 2024 exiguum,
744 1981 775 2010 et
805 1977 844 2009 in
873 1976 1082 2024 opulentam

92 2029 317 2081 provinciam
341 2029 472 2069 veniet,
501 2042 612 2077 quam
635 2026 835 2074 spoliabit,
862 2029 897 2061 id
923 2035 992 2067 est,
1020 2029 1081 2062 etsi

93 2095 174 2118 cum
189 2081 318 2116 sororis
334 2081 406 2115 filio
424 2082 494 2116 iam
519 2082 644 2115 foedus
659 2081 804 2120 fecerat,
832 2087 950 2113 tamen
968 2077 1082 2113 Phoe-

92 2135 197 2169 nicen
214 2132 360 2173 invasit,
386 2139 420 2166 et
438 2139 476 2166 ut
491 2138 617 2166 natura
641 2143 748 2175 rapax
766 2128 856 2171 erat,
885 2143 923 2164 ac
940 2138 1083 2175 propter

93 2183 317 2232 profusiones
341 2183 456 2216 alieno
487 2195 627 2228 parcere
656 2194 730 2215 non
752 2189 906 2225 poterat,
934 2182 1080 2226 diripuit

93 2236 222 2283 passim
241 2233 422 2267 facultates
446 2235 682 2279 locupletum,
711 2234 853 2267 sustulit
870 2233 1081 2277 templorum

93 2286 296 2325 thesauros,
323 2284 442 2317 omnia
463 2286 599 2319 venalia
628 2282 772 2325 habuit,
800 2284 966 2318 exercitui
989 2296 1084 2327 gras—

94 2338 195 2374 sandi
228 2343 262 2370 et
292 2335 487 2380 populandi
525 2336 700 2370 licentiam
734 2335 905 2370 concessit
937 2335 1083 2368 minime

93 2388 363 2425 convenientem
382 2386 589 2430 disciplinae
605 2387 761 2421 militari.
805 2385 904 2420 Talis
927 2386 994 2420 fuit
1010 2386 1084 2419 eius

95 2439 289 2486 expeditio,
317 2449 395 2471 cum
421 2437 459 2470 in
482 2438 605 2471 urbem
625 2438 929 2482 opulentissimam
946 2436 1082 2483 Tyrum

95 2492 258 2527 venisset.
310 2488 518 2533 Sequuntur
533 2500 587 2522 res
603 2488 640 2521 in
657 2487 816 2535 Aegypto
833 2495 959 2532 gestae.

197 2547 251 2582 Et
274 2546 497 2582 excitabitur
511 2544 701 2596 fortitudo
723 2546 800 2580 eius
822 2552 948 2581 contra
968 2557 1082 2592 regem

96 2600 228 2637 Austri
255 2612 333 2634 cum
362 2598 519 2632 exercitu
548 2609 706 2644 magno,
730 2598 767 2632 id
788 2605 856 2639 est,
883 2595 1084 2632 Antiochus

96 2650 301 2699 Epiphanes
323 2650 454 2695 potitus
480 2648 677 2690 Phoenice,
709 2655 741 2682 et
772 2660 932 2683 successu
961 2649 1084 2689 elatus,

97 2712 215 2751 postea
231 2703 432 2748 Aegyptum
449 2701 590 2738 invasit.
638 2699 685 2735 Et
702 2699 824 2745 pulsus
841 2699 1025 2745 praesidiis
1040 2700 1082 2732 ad

600 118 650 153 IN
675 117 939 154 DANIELEM
965 112 1281 152 PROPHETAM
1307 112 1725 151 COMMENTARIUS.

2051 113 2124 149 942

1132 199 1330 240 Pelusium,
1356 211 1433 232 cum
1453 202 1556 234 sciret
1573 200 1805 234 maximarum
1830 199 1972 233 urbium
1990 200 2027 233 in
2043 200 2120 234 adi-

1131 257 1169 284 tu
1188 250 1366 283 difficilem
1384 257 1416 283 et
1438 252 1576 294 longam
1594 252 1668 284 fore
1693 251 1992 295 oppugnationem
2005 277 2014 291 ,
2041 263 2120 284 coe—

1131 301 1183 345 pit
1207 300 1278 334 suis
1302 301 1436 334 artibus
1464 304 1527 335 uti.
1578 301 1746 346 Corrupit
1775 308 1933 346 potentes
1962 301 2119 344 largitio—

1130 353 1254 391 nibus,
1288 358 1320 385 et
1343 351 1522 386 simulavit
1547 364 1581 385 se
1608 360 1757 386 tutorem
1782 354 1857 386 fore
1885 351 1976 395 regis
1999 352 2119 385 adole-

1130 402 1270 437 scentis.
1322 400 1400 434 Hoc
1415 409 1593 445 praetextu
1612 403 1753 448 Syriaca
1771 403 1999 448 praesidiain
2013 403 2119 436 urbes

1132 452 1320 499 Aegyptias
1337 452 1626 486 introducuntur.

1233 501 1286 535 Et
1316 500 1534 536 comedentes
1563 515 1634 536 una
1657 514 1790 550 panem
1822 508 1998 537 conterent
2031 516 2121 544 eum,

1132 555 1166 588 id
1193 562 1260 595 est,
1292 566 1454 597 proceres
1485 554 1651 600 Aegyptii
1680 556 1837 599 corrupti
1868 556 1912 588 ab
1939 553 2118 589 Antiocho

1132 618 1232 639 suum
1262 615 1377 647 regem
1403 605 1543 645 fallent,
1571 613 1604 639 et
1622 617 1694 638 non
1715 606 1916 641 defendent.

1234 653 1288 688 Et
1321 652 1474 688 duorum
1508 667 1631 701 regum
1667 667 1727 689 cor
1759 655 1845 697 erit,
1887 660 1924 688 ut
1957 654 2120 703 malesa-

1134 706 1254 747 ciant,
1282 710 1312 739 et
1330 703 1512 739 adunam
1530 718 1693 740 mensam
1717 704 1947 739 mendacium
1971 705 2121 753 loquen-

1134 762 1210 799 tur,
1235 762 1265 790 et
1290 768 1363 790 non
1386 755 1570 790 succedent
1590 755 1764 796 consilia,
1793 758 1827 790 id
1853 765 1922 800 est,
1950 770 2029 791 cuin
2056 755 2121 790 hac

1133 809 1359 842 simulatione
1376 809 1556 842 amiciciae
1571 809 1750 843 transierit
1767 806 1967 842 Antiochus
1991 808 2028 840 in
2051 808 2122 840 Ae-

1133 867 1295 905 gyptum,
1330 865 1363 892 et
1392 859 1595 893 adolescens
1619 872 1638 893 a
1668 859 1739 893 suis
1763 860 1950 894 destitutus
1977 859 2123 902 excipiet

1135 909 1288 955 hospitio
1306 911 1542 949 avunculum,
1577 911 1790 944 convenient
1816 918 1983 955 tanquam
2009 909 2124 950 amici,

1134 969 1167 996 et
1189 969 1306 995 tamen
1334 961 1520 1005 perfidiose
1543 969 1691 1008 uterque
1716 969 1825 995 struet
1847 961 1994 994 insidias
2012 960 2124 999 alteri,

1134 1020 1171 1046 ut
1206 1019 1342 1046 constat
1376 1013 1570 1047 rarissimas
1616 1025 1689 1047 esse
1727 1013 1929 1058 principum
1971 1012 2124 1045 sinceras

1134 1075 1323 1098 anncicias.

1236 1112 1289 1147 Et
1313 1117 1504 1147 revertetur
1524 1113 1562 1147 in
1586 1118 1720 1147 terram
1738 1127 1845 1148 suam
1867 1127 1945 1148 cum
1973 1112 2123 1159 magnis

1135 1163 1281 1212 opibus,
1312 1168 1343 1198 et
1368 1177 1427 1198 cor
1444 1165 1520 1198 eius
1537 1169 1663 1198 contra
1679 1164 1819 1214 foedus
1834 1164 2060 1204 sanctuarii,
2087 1164 2124 1197 id

1134 1224 1200 1255 est,
1235 1228 1315 1249 cum
1343 1217 1515 1260 praesidia
1543 1217 1579 1249 in
1608 1218 1713 1250 urbes
1735 1217 1889 1263 Aegypti
1916 1216 2124 1262 praecipuas

1135 1268 1389 1301 introduxisset
1407 1265 1627 1308 Antiochus,
1656 1276 1688 1301 et
1712 1280 1775 1301 suo
1795 1281 1891 1302 more
1909 1268 2126 1313 direptiones

1132 1319 1287 1359 fecisset,
1312 1320 1406 1351 bona
1424 1330 1502 1351 cum
1522 1330 1581 1362 spe
1599 1319 1703 1352 rediit
1720 1319 1757 1351 in
1777 1319 1927 1365 Syriam.

1235 1369 1275 1402 ln
1308 1366 1375 1402 hoc
1407 1369 1532 1402 itinere
1558 1369 1712 1413 primum
1742 1370 1839 1403 venit
1863 1369 2125 1414 lerosolymam,

1133 1427 1296 1463 exceptus
1323 1431 1342 1453 a
1377 1417 1513 1455 Iasone.
1570 1418 1617 1454 Et
1646 1432 1849 1466 quanquam
1891 1422 2053 1453 nondum
2086 1419 2124 1451 in

1133 1472 1264 1515 templo
1289 1471 1424 1504 idolum
1448 1471 1615 1512 collocat,
1642 1479 1761 1505 tamen
1787 1472 1900 1505 aufert
1928 1469 2125 1507 thesauros,

1134 1530 1167 1556 et
1185 1523 1294 1555 multa
1312 1529 1538 1563 ornamenta,
1565 1529 1597 1555 et
1610 1523 1699 1556 facta
1717 1534 1841 1565 magna
1859 1523 1990 1556 civium
2008 1522 2124 1558 caede,

1134 1574 1348 1618 locupletum
1368 1573 1548 1607 facultates
1565 1573 1725 1616 diripuit.
1778 1574 1874 1607 Haec
1891 1580 1924 1608 et
1947 1584 2050 1617 supra
2069 1584 2125 1605 re-

1134 1626 1235 1658 citata
1269 1632 1372 1665 sunt,
1399 1631 1431 1657 et
1451 1632 1644 1658 narrantur
1670 1625 1707 1657 in
1743 1625 1859 1668 primo
1884 1624 1976 1658 libro
2003 1623 2124 1657 Maca—

1134 1677 1315 1710 baeorum.
1369 1674 1538 1721 Sequitur
1555 1676 1704 1709 alterum
1725 1675 1803 1717 iter,
1831 1676 1926 1721 quod
1945 1675 2012 1708 suit
2028 1673 2123 1707 mul-

1135 1734 1168 1761 to
1186 1726 1372 1761 funestius.

1233 1773 1341 1811 Certo
1375 1780 1531 1823 tempore
1561 1780 1753 1810 revertetur
1789 1776 1827 1810 in
1858 1774 2054 1815 Austrum,
2094 1779 2125 1808 et

1134 1839 1207 1861 non
1230 1827 1296 1860 erit
1317 1827 1499 1874 posterior
1524 1827 1706 1874 expeditio
1725 1827 1847 1875 priori
1868 1826 2018 1862 similis.
2070 1824 2125 1858 El

1134 1878 1272 1911 venient
1291 1883 1416 1911 contra
1434 1890 1513 1911 eum
1532 1890 1643 1911 naves
1663 1890 1709 1912 ea:
1732 1876 1893 1921 Cithim,
1920 1883 1951 1912 et
1978 1875 2126 1915 dolebit,

1133 1934 1165 1963 et
1183 1933 1391 1970 revertetur,
1419 1930 1454 1962 id
1483 1937 1550 1971 est,
1579 1937 1655 1974 post
1674 1931 1877 1972 biennium,
1905 1942 1985 1964 cum
2003 1927 2126 1963 Philo-

1133 1988 1247 2015 metor
1272 1978 1489 2026 deprehensa
1514 1982 1637 2014 fraude
1660 1982 1826 2015 avunculi
1844 1981 2033 2025 expulisset
2058 1979 2126 2024 Sy·

1134 2033 1225 2066 riaca
1251 2033 1442 2076 praesidia,
1468 2038 1500 2065 et
1525 2033 1629 2065 urbes
1653 2043 1732 2066 suas
1751 2035 1789 2065 in
1806 2030 1967 2078 Aegypto
1990 2031 2124 2074 recipe-

1134 2091 1207 2124 ret,
1235 2091 1269 2117 et
1286 2096 1303 2117 a
1321 2083 1496 2117 Romanis
1514 2083 1643 2116 auxilia
1666 2090 1813 2127 peteret,
1842 2080 2042 2117 Antiochus
2064 2092 2125 2124 pa-

1134 2135 1202 2168 lam
1230 2135 1376 2168 molitur
1401 2135 1553 2173 bellum,
1580 2146 1618 2168 ac
1642 2146 1763 2168 rursus
1779 2135 1969 2169 exercitum
1991 2134 2034 2166 ad
2052 2130 2124 2165 Ae-

1134 2186 1230 2232 gypti
1247 2186 1332 2218 fines
1349 2186 1504 2219 adducit.

1236 2236 1305 2271 Sed
1341 2234 1424 2270 haec
1455 2236 1630 2281 expeditio
1663 2248 1736 2270 non
1766 2236 1833 2271 fuit
1857 2236 1983 2270 similis
2003 2234 2125 2279 priori,

1134 2289 1170 2321 id
1196 2295 1264 2329 est,
1288 2287 1380 2321 irriti
1405 2295 1436 2321 et
1462 2288 1584 2320 inanes
1608 2294 1754 2320 conatus
1776 2285 1946 2320 Antiochi
1968 2287 2124 2326 fuerunt,

1134 2339 1216 2386 quia
1233 2337 1433 2373 Antiochus
1459 2339 1570 2372 edicto
1596 2339 1699 2381 legati
1725 2337 1881 2372 Romani
1907 2337 2036 2381 Popilii
2062 2348 2123 2369 co-

1135 2397 1231 2424 actus
1249 2397 1319 2431 est,
1346 2390 1486 2423 infectis
1503 2390 1624 2429 rebus,
1648 2389 1837 2422 discedere.
1890 2387 1973 2422 Ideo
1989 2387 2121 2431 inquit:

1135 2441 1288 2475 Venient
1308 2448 1430 2474 contra
1447 2453 1525 2473 eum
1543 2451 1648 2472 naves
1666 2452 1705 2473 ex
1723 2437 1871 2480 cithim,
1899 2441 1935 2472 id
1955 2446 2016 2478 est,
2043 2437 2122 2473 Ro-

1134 2504 1237 2526 mana
1259 2493 1376 2525 classis
1392 2492 1528 2530 veniet,
1554 2491 1705 2533 legatum
1728 2491 1907 2523 adducens
1930 2489 2122 2535 Popilium,

1135 2544 1196 2589 qui
1220 2544 1349 2577 auxilia
1378 2540 1550 2587 Aegyptio
1576 2542 1777 2586 promittet,
1807 2548 1840 2575 et
1864 2548 1962 2584 coget
1993 2539 2121 2576 Antio-

1135 2593 1241 2629 chum
1267 2594 1435 2637 imperata
1461 2593 1581 2626 facere.
1636 2591 1708 2625 Nec
1729 2592 1806 2625 sine
1828 2604 1951 2636 magna
1971 2599 2122 2625 conten-

1135 2647 1230 2679 tione
1247 2644 1403 2678 obtinuit
1420 2642 1598 2688 Popilius,
1625 2655 1669 2677 ne
1688 2641 1888 2677 Antiochus
1905 2643 2036 2677 bellum
2052 2640 2124 2675 Ae-

1134 2703 1239 2743 gypto
1263 2695 1419 2730 inferret.
