2379 2948
148 91 247 128 1169

187 177 314 212 tribuas,
343 181 402 205 toto
426 182 456 205 te
479 182 599 215 pectore
618 187 685 214 oro,
715 182 746 206 et
767 187 887 217 semper
907 178 945 206 sis
968 178 1145 206 intercessor

186 237 241 265 pro
263 226 345 255 nobis
368 227 446 265 apud
470 234 598 266 patrem.

273 276 355 316 Ago
391 279 442 307 tibi
483 280 589 317 gratias
628 279 812 317 omnipotens
853 279 978 308 Domine
1018 279 1144 317 Spiritus

189 334 307 366 sancte,
331 330 496 368 procedens
515 330 551 358 ab
574 335 695 358 aeterno
717 336 803 368 patre
826 330 944 358 Domini
966 331 1057 359 nostri
1079 331 1143 359 lesu

188 381 312 418 Christi,
341 388 371 410 et
393 381 459 409 Iesu
483 379 616 416 Christo,
645 380 740 408 effuse
763 381 791 408 in
815 381 986 418 Apostolos,
1017 382 1145 419 sapiens,

187 432 281 468 bone,
310 441 418 468 verax,
452 431 543 467 iuste,
574 430 682 467 iudex,
719 436 816 467 caste,
845 430 1024 467 misericors,
1054 432 1145 460 liber-

189 484 280 519 rime,
304 483 380 521 quod
403 482 538 510 accendis
562 482 590 509 in
616 482 697 509 nobis
719 490 818 509 veram
842 483 1021 519 agnitionem
1046 488 1076 511 et
1099 483 1142 510 in-

188 535 367 562 vocationem
389 533 502 561 aeterni
526 533 636 571 patris,
658 532 740 569 Filii,
765 538 795 560 et
819 533 876 569 tui,
900 534 977 571 quod
1000 533 1071 562 facis
1093 534 1144 562 tibi

187 586 365 614 domicilium
387 584 473 612 corda
497 590 610 619 nostra,
642 584 719 621 regis
744 593 812 621 nos,
846 585 926 613 iuvas
949 595 1001 613 nos
1024 586 1143 613 consilio

188 644 219 665 et
241 636 455 670 consolatione,
487 635 565 662 iuvas
588 644 641 663 nos
670 635 698 662 in
722 635 988 672 administratione,
1022 636 1144 664 exaudis

190 694 219 716 et
243 687 379 716 defendis
404 696 454 713 nos
477 692 579 714 contra
602 686 718 714 furores
742 687 859 723 diaboli,
884 687 1010 715 vivificas
1033 688 1144 716 iusticia

188 745 219 767 et
250 738 307 765 vita
337 742 473 771 aeterna,
511 743 541 764 et
571 736 623 764 das
646 737 727 764 nobis
757 737 785 764 in
809 737 863 765 hac
886 738 944 765 vita
968 737 1091 775 hospitia
1114 744 1143 766 et

188 790 311 824 victum,
340 792 370 815 et
392 796 491 815 servas
518 788 649 825 publicos
674 794 792 824 coetus,
829 789 1023 817 ministerium
1046 789 1143 816 Evan-

185 840 254 878 gelii
277 844 307 866 et
330 838 481 866 doctrinae
512 839 769 875 propagationem:
807 837 879 867 haec
908 839 982 867 bona
1011 845 1043 867 ut
1065 849 1143 867 sem-

186 900 242 929 per
265 890 345 917 nobis
375 895 496 927 propter
529 890 686 917 Dominum
718 895 847 918 nostrum
877 890 973 918 lesum
997 891 1142 919 Christum

187 943 312 980 tribuas,
342 947 402 969 toto
427 947 457 969 te
481 947 601 979 pectore
625 951 686 968 oro.

250 992 291 1026 ln
311 991 364 1026 his
383 993 506 1026 formis
521 993 648 1025 similis
664 1000 713 1026 est
731 993 922 1035 gratiarum
941 994 1030 1027 actio
1048 1001 1085 1027 ut
1105 994 1141 1026 in

144 1046 302 1080 Psalmo:
332 1040 541 1087 Confitebor
556 1043 634 1083 tibi,
661 1045 694 1077 id
713 1051 781 1078 est:
810 1042 971 1078 Gratias
986 1058 1059 1090 ago
1075 1044 1146 1078 tibi

144 1095 310 1131 Domine
327 1099 400 1128 tolo
419 1093 534 1133 corde,
562 1094 600 1127 in
618 1094 771 1128 concilio
789 1100 818 1128 el
836 1100 932 1129 coetu
950 1095 1142 1130 iustorum.

145 1148 347 1192 Propositio
372 1146 546 1189 generalis
562 1153 629 1185 est,
661 1147 716 1180 cui
743 1155 860 1190 postea
879 1148 977 1181 addit
996 1161 1141 1181 enume-

145 1200 318 1234 rationem
338 1198 607 1237 beneficiorum,
636 1211 674 1231 ac
694 1205 787 1231 totus
806 1198 966 1232 Psalmus
985 1200 1141 1232 narratio

145 1258 196 1285 est
228 1250 378 1283 recitans
411 1249 595 1289 beneficia,
632 1261 723 1294 quae
751 1249 819 1281 iam
844 1251 1056 1283 nominatim
1088 1263 1142 1283 re-

145 1301 278 1337 censui.
332 1300 387 1334 Sit
409 1308 526 1334 autem
550 1307 632 1334 nota
658 1300 826 1333 omnibus
852 1302 1052 1334 communis
1077 1303 1141 1334 do-

145 1354 257 1388 ctrina
283 1353 326 1384 de
350 1351 595 1390 invocatione,
631 1351 729 1384 cuius
753 1351 885 1395 species
911 1359 992 1385 sunt
1018 1353 1141 1396 petitio

144 1413 177 1438 et
193 1403 384 1448 gratiarum
404 1402 507 1435 actio.
562 1400 610 1434 Hi
630 1409 711 1435 sunt
733 1403 911 1446 praecipui
930 1404 1043 1436 cultus
1064 1404 1143 1443 Dei,

143 1457 241 1490 iuxta
258 1454 364 1487 illud:
393 1454 523 1487 Invoca
539 1465 595 1486 me
614 1453 650 1486 in
667 1455 724 1486 die
744 1453 998 1495 tribulationis,
1024 1461 1057 1488 et
1074 1455 1142 1487 eri-

146 1507 243 1552 piam
269 1512 321 1546 te,
347 1512 379 1538 et
402 1504 617 1548 glorificabis
646 1517 718 1545 me,
744 1511 808 1539 etc.
864 1504 957 1548 Quia
985 1517 1143 1538 summus

147 1558 262 1592 honos
287 1563 337 1590 est
359 1567 547 1600 agnoscere
571 1562 604 1588 et
626 1561 798 1597 statuere,
833 1557 927 1601 quod
952 1557 1013 1589 ille
1039 1569 1142 1602 quem

146 1608 363 1654 alloquimur
387 1608 432 1641 sit
454 1605 568 1646 Deus,
604 1607 768 1641 videlicet
796 1607 1040 1651 omnipotens,
1077 1608 1143 1640 im-

147 1671 288 1694 mensae
311 1658 522 1702 sapientiae,
550 1670 672 1698 verax,
709 1658 842 1698 bonus,
871 1659 1000 1696 iustus,
1029 1659 1144 1697 iudex,

146 1719 279 1752 castus,
308 1710 529 1747 liberrimus,
558 1721 630 1741 non
646 1707 796 1749 ociosus,
824 1721 897 1742 non
916 1710 1055 1749 absens,
1084 1710 1141 1742 sed

147 1775 229 1797 vere
245 1763 370 1795 iuvans
388 1769 421 1795 et
439 1760 630 1794 exaudiens
652 1772 717 1793 nos
735 1768 882 1808 propter
900 1761 1144 1798 mediatorem,

148 1824 182 1849 et
205 1814 327 1847 volens
359 1812 473 1846 nostri
497 1811 673 1852 misereri,
707 1818 740 1845 et
772 1812 877 1844 nobis
903 1824 1006 1855 opem
1042 1813 1144 1844 ferre.

148 1865 255 1899 Hunc
276 1863 448 1897 bonorem
467 1863 543 1896 vult
560 1862 627 1895 sibi
646 1862 757 1895 tribui
775 1875 855 1896 vera
871 1863 938 1896 fide
955 1869 986 1895 et
1005 1863 1145 1901 fiducia,

148 1919 198 1952 sic
215 1916 292 1949 vult
311 1927 346 1948 se
362 1915 515 1948 discerni
539 1926 557 1947 a
583 1914 735 1947 diabolis
753 1921 785 1948 et
801 1914 845 1947 ab
864 1914 1031 1947 omnibus
1049 1925 1145 1947 crea-

148 1968 258 2008 turis,
287 1968 366 2000 ideo
391 1967 502 1999 simus
527 1966 689 1998 ardentes
716 1965 752 1998 in
772 1965 942 2009 petitione
959 1972 992 1998 et
1016 1966 1145 2009 gratia-

148 2032 228 2053 rum
250 2018 407 2059 actione,
433 2024 466 2051 et
492 2017 648 2051 studiose
666 2017 878 2060 cogitemus,
902 2023 1068 2062 quantam
1092 2028 1143 2049 sa-

150 2071 318 2115 pientiam
340 2067 376 2102 hi
402 2069 517 2102 cultus
541 2068 835 2112 complectantur.

254 2118 306 2154 Ac
323 2121 360 2153 in
377 2132 504 2163 genere
521 2119 713 2163 gratiarum
733 2119 823 2153 actio
848 2125 898 2153 est
919 2119 1076 2153 tribuere
1094 2118 1144 2150 al-

150 2173 217 2208 teri
242 2173 338 2218 quod
361 2172 406 2205 ab
425 2183 464 2205 eo
492 2171 664 2215 acceperis
686 2171 915 2209 beneficium,
944 2177 977 2204 et
995 2177 1147 2204 statuere

151 2233 184 2260 te
208 2223 334 2258 ordine
359 2222 518 2256 iusticiae
545 2222 576 2254 ei
597 2222 792 2265 obligatum
813 2233 904 2265 esse,
931 2228 970 2255 ut
993 2221 1145 2255 vicissim

152 2275 239 2309 velis
253 2275 282 2308 ei
301 2275 390 2307 bene
408 2285 498 2314 esse,
524 2280 556 2307 et
574 2280 748 2317 praestare
768 2280 859 2307 certa
878 2273 1002 2306 officia.
1062 2271 1144 2305 Vult

152 2329 268 2361 lucere
285 2324 381 2359 Deus
407 2325 444 2357 in
467 2322 532 2357 hac
559 2325 706 2365 virtute,
733 2325 897 2358 videlicet
921 2323 1149 2367 gratitudine,

152 2379 336 2412 veritatem
354 2383 388 2410 et
410 2375 604 2415 iusticiam,
631 2375 758 2409 veritas
780 2376 937 2420 agnoscit
957 2382 989 2408 et
1008 2374 1148 2419 praedi-

152 2437 208 2465 cat
240 2428 450 2463 beneficium
482 2426 627 2460 aliunde
654 2427 775 2460 datum
806 2439 896 2470 esse,
933 2426 1070 2460 iusticia
1099 2432 1150 2459 est

151 2483 242 2516 ordo
262 2481 415 2513 reddens
432 2477 546 2512 simile
573 2489 635 2521 pro
652 2477 778 2510 simili:
807 2479 856 2512 sic
873 2478 967 2511 enim
985 2477 1148 2511 ordinata

153 2541 205 2568 est
224 2543 341 2566 rerum
359 2528 598 2567 conservatio,
619 2528 664 2560 ita
684 2529 811 2562 veritas
827 2541 904 2573 erga
917 2528 1031 2562 Deum
1050 2540 1150 2572 prae-

154 2584 276 2618 standa
297 2589 364 2621 est,
388 2593 468 2614 vere
492 2591 722 2623 agnoscamus
746 2579 857 2624 ipsius
873 2592 979 2624 opera
998 2591 1071 2612 esse
1096 2579 1148 2611 vi-

154 2643 226 2669 tam
257 2641 436 2671 nostram,
464 2631 610 2665 salutem
641 2636 674 2663 et
698 2631 963 2674 protectionem.
1017 2630 1062 2664 Et
1088 2631 1149 2663 ad-

155 2686 270 2720 denda
297 2692 346 2718 est
363 2683 520 2723 iusticia,
546 2681 696 2714 velimus
719 2681 748 2713 ei
770 2693 842 2715 esse
867 2682 1012 2725 obligati
1033 2689 1071 2716 ut
1097 2682 1149 2714 vi-

206 2739 383 2770 Mamm.
413 2737 515 2769 Orrn.
542 2735 624 2766 Von.
655 2733 748 2765 XIII.

775 92 840 129 IX.
891 86 1257 128 COMMENTARH
1284 86 1336 123 IN
1359 85 1601 125 PSALMOS.

2095 98 2193 132 1170

1199 173 1316 208 cissim
1347 185 1428 231 eum
1457 174 1666 219 diligamus,
1700 182 1732 210 et
1763 177 1794 210 ei
1826 178 1938 213 officia
1967 190 2192 226 praestemus,

1198 237 1287 272 quae
1304 225 1465 269 requirit.

1299 272 1351 308 In
1380 280 1478 309 coetu
1511 275 1708 320 iustorum,
1740 279 1941 315 dulcissima
1966 283 2101 318 additio
2126 292 2188 324 est,

1198 334 1435 371 precationem
1463 334 1496 361 et
1519 329 1710 371 gratiarum
1736 331 1909 365 actionem
1935 333 1972 366 in
1997 346 2188 379 congrega-

1197 379 1293 412 tione
1311 378 1383 410 fieri
1395 404 1405 419 ,
1432 384 1464 411 et
1481 379 1609 412 multas
1627 381 1886 416 admonitiones
1903 385 2072 422 continet.

1300 428 1418 462 Prima
1444 435 1512 467 est,
1547 430 1636 464 sicut
1662 430 1842 467 Israelitae
1874 435 2054 470 dicebant:
2092 435 2188 472 Deus

1197 478 1397 520 Abraham,
1422 477 1518 513 Deus
1544 479 1655 522 Isaac,
1682 483 1717 515 id
1744 490 1811 524 est,
1838 483 1934 518 Deus
1956 487 2016 532 qui
2041 495 2073 522 te
2092 495 2188 532 pate-

1197 531 1308 564 fecisti
1326 528 1508 571 Abrahae,
1535 533 1613 566 etei
1632 534 1901 576 promissionem
1918 538 2115 580 tradidisti,
2140 541 2188 575 ita

1197 595 1261 616 nos
1292 583 1330 615 in
1363 582 1588 616 invocatione
1623 595 1761 628 semper
1793 586 2034 622 discernamus
2065 603 2187 624 verum

1197 633 1310 668 Deum
1338 633 1547 678 patefactum
1571 634 1608 667 in
1633 631 1788 669 Ecclesia
1806 637 1910 670 misso
1930 637 2022 672 Filio
2046 641 2089 674 ab
2108 642 2188 675 aliis

1197 684 1448 719 commentitiis
1471 685 1693 719 numinibus.

1299 736 1461 769 Secunda
1485 736 1700 777 admonitio,
1734 737 1880 783 Semper
1905 740 1940 772 in
1964 740 2189 777 invocatione

1197 787 1301 820 etiarn
1321 787 1364 819 de
1388 787 1684 830 promissionibus
1708 789 1934 831 cogitandum
1952 799 2021 832 est,
2051 799 2084 826 et
2104 806 2189 827 con-

1197 839 1424 872 siderandum
1449 850 1539 883 quae
1562 839 1607 872 sit
1633 839 1692 872 illa
1719 852 1799 872 vera
1817 840 1994 883 Ecclesia,
2021 844 2063 877 ad
2083 857 2188 890 quam

1198 889 1448 933 promissiones
1486 890 1629 933 proprie
1669 891 1864 935 pertinent,
1899 900 1938 927 ut
1965 895 2191 939 seiungamus

1197 947 1353 973 nostram
1387 940 1647 974 invocationem
1686 942 1730 974 ab
1771 940 1930 984 ethnica,
1975 953 2008 979 et
2038 947 2187 981 aliarum

1197 999 1369 1025 sectarum
1397 991 1570 1031 cultibus,
1597 1000 1630 1025 et
1653 994 1888 1037 adiungamus
1912 1008 1976 1029 nos
2002 998 2045 1029 ad
2071 1010 2189 1031 veram

1196 1042 1404 1083 Ecclesiam,
1433 1049 1466 1075 et
1481 1044 1522 1075 ad
1542 1054 1718 1076 summum
1734 1047 1949 1080 sacerdotem
1966 1046 2098 1082 Filium
2115 1047 2192 1090 Dei,

1197 1094 1257 1138 qui
1283 1094 1388 1126 dixit:
1426 1093 1606 1139 Quicquid
1634 1095 1807 1138 petieritis
1834 1104 1968 1140 patrem
1988 1099 2025 1132 in
2045 1100 2191 1134 nomine

1197 1157 1294 1185 meo,
1323 1145 1421 1178 dabit
1440 1145 1551 1178 vobis.
1604 1144 1688 1178 Item
1707 1145 1802 1182 Ioan.
1824 1146 1898 1182 15.:
1931 1148 1970 1182 Si
1991 1151 2192 1184 manseritis

1196 1197 1232 1228 in
1258 1209 1312 1228 me
1331 1205 1363 1229 et
1388 1197 1493 1229 verba
1511 1208 1585 1229 mea
1611 1197 1647 1229 in
1673 1198 1792 1237 vobis,
1820 1200 1989 1244 quicquid
2010 1202 2193 1236 volueritis

1197 1248 1253 1280 fiet
1280 1247 1390 1282 vobis.
1445 1246 1497 1280 Ita
1521 1248 1672 1281 affirmat
1695 1248 1730 1280 in
1755 1261 1836 1282 vera
1861 1249 2018 1284 Ecclesia
2046 1252 2192 1286 invoca-

1197 1299 1329 1332 tionem
1364 1298 1534 1332 exaudiri.
1589 1298 1642 1331 De
1667 1296 1827 1334 hostibus
1857 1309 1972 1336 autem
2007 1301 2192 1347 Evangelii

1197 1349 1334 1394 inquit,
1362 1348 1503 1382 Psalmo
1522 1349 1594 1383 16.:
1623 1349 1704 1383 Non
1724 1351 1890 1395 recipiam
1917 1364 2048 1387 nomen
2067 1367 2191 1388 eorum

1197 1412 1302 1444 super
1318 1400 1410 1432 labia
1427 1412 1521 1440 mea,
1550 1401 1583 1432 id
1605 1407 1673 1438 est,
1702 1413 1774 1434 non
1793 1405 1964 1446 precabor
1981 1416 2044 1448 pro
2061 1406 2122 1440 eis.

1301 1450 1424 1484 Tertia
1441 1451 1659 1493 admonitio,
1686 1451 1766 1485 Non
1787 1454 1901 1487 solum
1919 1455 1963 1487 de
1981 1462 2052 1489 tota
2071 1454 2195 1490 Eccle-

1197 1502 1247 1536 sia
1266 1502 1427 1535 omnium
1446 1509 1644 1546 temporum
1671 1504 1897 1547 cogitandum
1917 1512 1968 1539 cst
1988 1507 2025 1540 in
2048 1507 2195 1542 invoca-

1197 1554 1307 1592 tione,
1335 1553 1447 1585 sedin
1469 1553 1662 1597 praesentia
1681 1555 1782 1588 etiam
1802 1558 2002 1600 quaerenda
2022 1565 2054 1592 et
2072 1571 2194 1592 aman-

1198 1606 1240 1638 da
1265 1611 1409 1637 externa
1436 1605 1679 1648 congregatio,
1708 1613 1740 1639 et
1763 1607 1944 1641 sciendum
1964 1608 2079 1643 Deum
2104 1622 2196 1643 sem-

1200 1668 1261 1700 per
1285 1655 1516 1688 collecturum
1549 1662 1582 1689 et
1612 1664 1901 1691 conservaturum
1929 1670 2003 1692 esse
2034 1661 2196 1705 publicos

1198 1707 1338 1751 aliquos
1363 1713 1504 1747 coetus,
1538 1707 1626 1740 sicut
1652 1707 1737 1741 dicit
1761 1706 1954 1743 Dominus:
1987 1709 2056 1744 Ero
2076 1712 2196 1745 vobis-

1199 1770 1277 1791 cum
1295 1768 1407 1802 usque
1421 1758 1464 1790 ad
1482 1759 1822 1792 consummationem
1840 1762 1959 1796 seculi.
2013 1761 2059 1796 Et
2077 1762 2113 1795 in
2133 1763 2196 1797 tali

1199 1808 1469 1851 congregatione
1493 1809 1569 1842 vult
1592 1809 1667 1842 fieri
1693 1810 1974 1853 invocationem,
2002 1820 2041 1847 ut
2058 1814 2198 1848 confes-

1199 1860 1299 1893 sione
1317 1866 1436 1893 nostra
1453 1859 1512 1892 alii
1532 1860 1743 1895 erudiantur
1759 1868 1790 1895 et
1808 1864 2080 1905 confirmentur,
2107 1865 2197 1899 sicut

1200 1911 1333 1944 dictum
1361 1917 1425 1944 est:
1453 1909 1584 1944 Luceat
1610 1911 1669 1944 lux
1693 1919 1804 1946 vestra
1830 1926 1949 1948 ceram
1977 1913 2197 1949 hominibus.

1199 1961 1246 1996 Et
1269 1963 1311 1994 de
1333 1961 1606 2005 congregatione
1634 1964 1820 2006 peculiaris
1846 1966 2034 2009 promissio
2067 1967 2197 2001 tradita

1200 2020 1266 2047 est:
1297 2012 1367 2047 Ubi
1385 2013 1605 2047 conveniunt
1623 2015 1695 2047 duo
1715 2022 1774 2048 aut
1790 2023 1857 2049 tres
1887 2017 1923 2050 in
1943 2018 2089 2051 nomine
2106 2030 2197 2057 meo,

1202 2065 1239 2097 in
1260 2064 1378 2097 medio
1401 2076 1522 2097 eorum
1546 2077 1636 2100 sum.
1691 2064 1796 2100 Tales
1819 2067 2079 2103 admonitiones
2105 2070 2198 2102 mul-

1202 2123 1255 2150 tae
1289 2115 1396 2148 simul
1429 2113 1703 2159 comprehensae
1734 2125 1834 2157 sunt,
1870 2131 1948 2152 cum
1990 2120 2124 2165 inquit,
2158 2120 2197 2152 in

1201 2174 1301 2200 coetu
1320 2166 1514 2207 iustorum,
1543 2167 1706 2202 videlicet
1722 2175 1758 2201 ut
1772 2170 1815 2202 de
1831 2182 1913 2202 vero
1932 2168 2006 2204 Deo
2024 2172 2197 2215 patefacto

1201 2219 1238 2251 in
1256 2216 1430 2258 Ecclesia,
1458 2218 1500 2250 de
1525 2218 1821 2262 promissionibus
1843 2219 2018 2254 Ecclesiae
2046 2221 2197 2260 traditis,

1201 2271 1245 2304 de
1264 2269 1400 2302 unitate
1421 2268 1597 2303 Ecclesiae
1614 2270 1818 2312 cogitemus.
1861 2270 1946 2305 Item
1992 2279 2029 2306 ut
2047 2284 2198 2318 quaera-

1202 2333 1281 2355 mus
1299 2327 1329 2354 et
1348 2321 1530 2353 foveamus
1547 2320 1722 2364 publicam
1739 2323 2058 2365 congregationem.

1306 2369 1459 2416 flffagna
1476 2382 1586 2418 opera
1605 2369 1784 2413 Domini,
1811 2373 2062 2407 scrutantibus
2080 2372 2200 2406 omni-

1204 2422 1271 2457 bus
1302 2421 1475 2457 iucunda.
1525 2421 1695 2466 Sequitur
1731 2425 1901 2467 expositio
1935 2424 2206 2470 propositioni5

1204 2474 1368 2508 videlicet
1395 2473 1615 2505 enumeratio
1642 2473 1911 2517 beneficiorum,
1938 2483 1971 2510 et
1995 2487 2201 2522 quanquam

1205 2521 1458 2569 comprehendi
1485 2523 1687 2557 communia
1712 2524 1879 2558 beneficia
1907 2528 2094 2561 creationis
2120 2538 2202 2571 pos-

1205 2584 1304 2615 sunt,
1332 2582 1450 2607 tamen
1469 2572 1526 2607 hic
1544 2574 1786 2619 principaliter
1806 2577 1965 2622 loquitur
1982 2579 2024 2611 de
2043 2578 2203 2612 vocatio-

1207 2641 1250 2661 ne
1269 2625 1375 2659 huius
1394 2625 1536 2669 populi,
1566 2631 1598 2658 et
1621 2627 1862 2669 segregatione
1887 2641 1904 2662 a
1930 2630 2073 2663 caeteris
2089 2629 2204 2673 genti-

1209 2680 1291 2719 bus,
1317 2678 1359 2710 de
1377 2676 1593 2710 revelatione
1612 2678 1908 2721 promissionum,
1935 2687 1968 2713 et
1985 2682 2028 2714 de
2044 2679 2205 2725 promul-

1637 2727 1685 2763 74
