2379 2948
258 71 350 106 1303

850 66 972 101 PlllL.
1002 64 1117 102 MEL.
1145 64 1354 101 SCRIPTA
1383 63 1681 99 EXEGETlCA.

2179 67 2275 103 1504

257 162 287 187 et
319 154 455 186 dulcem
495 166 602 186 escam
633 160 665 186 «t
691 153 987 193 consolationem,
1023 153 1084 197 qni
1115 152 1240 185 timent
1290 150 1398 192 mini,
1423 157 1463 184 nt
1480 150 1524 183 sit
1538 147 1647 191 Esca,
1674 161 1762 195 quae
1782 150 1968 185 admoneat
1985 162 2065 192 nos»,
2092 159 2131 186 ut
2153 154 2274 186 creda-

256 204 388 244 Dcnm,
423 205 481 250 qui
508 205 673 243 credunt,
709 205 767 248 qni
793 204 971 237 invocant.
1032 202 1126 236 Ilaec
1152 202 1239 235 Esca

258 262 306 288 est
332 256 570 288 testiinonium
597 255 663 298 piis
692 255 728 287 in
764 253 828 287 hoc
852 255 1001 299 populo,
1034 254 1127 299 quod
1156 253 1240 285 velit

258 306 351 339 Deus
376 307 422 338 eis
444 318 514 337 csse
536 305 753 346 misericors,
780 317 836 338 eos
860 305 1023 338 exaudire
1048 311 1079 338 et
1105 315 1240 336 servare

260 358 351 389 iuxta
370 368 447 388 suas
466 356 724 399 promissiones.
780 354 854 388 Hac
877 356 943 389 fide
967 357 1123 395 edentes,
1150 361 1240 388 recte

259 407 446 439 utebantur
461 407 668 439 ceremonia.

363 472 444 505 ldeo
462 473 619 517 sequitur
645 473 680 505 in
698 480 808 506 textu:
838 470 987 507 sssemor
1003 477 1052 506 est
1071 471 1109 505 in
1127 476 1238 505 aeter-

259 535 343 555 num
367 522 560 570 pactis-ui,
595 524 693 568 quasi
719 524 827 557 dicat:
855 523 944 558 Cum
969 524 1116 558 tradidit
1139 523 1242 557 nobis

261 573 349 606 hane
370 574 489 606 liscam
502 599 510 611 ,
539 581 683 607 testatus
700 581 750 608 est
766 586 801 608 se
819 582 986 620 perpetuo
1013 573 1108 608 hunc
1129 587 1241 618 popu-

259 625 332 657 lum
358 626 584 658 defensurum
609 636 700 664 esse,
733 633 765 659 et
792 627 957 660 daturum
981 626 1242 670 promissiones,

261 688 345 720 quas
365 676 541 719 pollicitus
558 683 618 712 est.
673 676 763 709 Cum
782 677 888 720 igitur
906 677 952 720 pii
972 677 1160 710 utebantur
1179 674 1242 709 hac

260 726 476 766 ceremonia,
504 727 680 760 debebant
706 728 876 770 cogitare,
913 726 1061 770 Signum
1086 739 1158 760 esse
1186 727 1239 759 in-

260 777 439 816 stitutum,
458 789 517 809 seu
534 778 654 810 datum
675 778 810 821 pignus,
836 778 930 823 quod
951 778 1143 812 testabatur
1159 775 1241 811 huic

261 828 390 870 populo
406 827 518 859 Deum
537 829 673 861 dedisse
690 829 836 861 verbum
861 835 893 861 et
913 828 1181 872 promissionem
1199 829 1241 861 de

259 878 477 910 defensione:
533 877 618 911 Item
644 879 843 922 promisisse
865 877 1064 920 Christum,
1099 886 1243 924 propter

260 940 362 972 quem
393 929 495 961 vellet
520 929 567 960 eis
591 929 788 971 ignoscere,
824 936 857 963 et
890 941 948 963 eos
971 931 1148 964 exaudire.
1202 929 1242 963 In

261 977 350 1011 hanc
383 979 591 1012 sententiam
625 980 768 1013 adiecit:
804 980 945 1013 Memor
980 988 1029 1014 est
1062 981 1153 1024 pacti
1179 981 1243 1021 sui,

260 1029 357 1073 quasi
371 1030 480 1062 dicatt
508 1029 601 1063 Haec
620 1030 691 1074 ipsa
702 1028 788 1064 Esca
807 1038 857 1065 est
874 1031 975 1064 nobis
992 1032 1130 1075 pignus,
1148 1032 1242 1077 quod

259 1078 353 1112 Deus
370 1080 412 1112 sit
429 1092 491 1113 nos
505 1088 721 1121 servaturus,
750 1090 782 1116 ct
800 1082 874 1115 vult
898 1079 963 1114 hac
984 1082 1051 1115 fide
1074 1083 1243 1115 celebrari

259 1131 509 1171 ceremoniam,
535 1138 572 1164 ut
591 1131 662 1175 ipse
678 1144 758 1165 vere
776 1133 959 1166 invocetur
975 1139 1007 1166 et
1024 1140 1243 1179 agnoscatur,

360 1197 430 1231 Nec
446 1211 527 1232 vero
548 1205 682 1232 tantum
708 1200 750 1232 de
767 1200 971 1233 defensione
992 1201 1166 1244 corporali
1191 1201 1244 1234 lo-

259 1249 401 1296 quitur,
429 1261 508 1282 cum
525 1250 587 1283 ait:
617 1246 768 1283 Memor
785 1255 834 1283 est
851 1249 1036 1298 pactis-ui,
1063 1253 1121 1285 sed
1140 1252 1243 1285 etiam

260 1299 504 1342 complectitur
525 1300 776 1344 promissiones
800 1302 842 1335 de
866 1302 969 1334 bonis
989 1302 1246 1349 spiritualibus,

260 1352 302 1383 de
324 1350 534 1384 liberatione
559 1363 576 1384 a
605 1358 763 1395 peccato,
799 1359 830 1385 et
854 1352 1046 1386 donatione
1071 1365 1183 1386 novae
1207 1365 1245 1386 ac

261 1408 447 1444 perpetuae
490 1402 581 1434 vitae
622 1403 811 1445 promissae
857 1410 1001 1446 propter
1041 1399 1244 1437 Christum.

260 1450 408 1494 Propter
448 1449 537 1484 hanc
577 1453 846 1495 promissionem
888 1453 1038 1496 gratiae,
1089 1455 1245 1488 sciebant

261 1502 379 1535 omnia
404 1502 471 1534 alia
496 1502 663 1535 miracula
687 1503 775 1537 facta
805 1514 893 1536 esse:
931 1503 1058 1537 deinde
1090 1505 1245 1538 sciebant

260 1550 439 1586 Christum
463 1552 658 1595 significare
686 1554 932 1592 mactationem
958 1555 1038 1596 agni
1057 1553 1243 1589 paschalis.

260 1602 374 1636 Simul
405 1603 512 1645 igitur
545 1604 802 1637 confitebantur
830 1611 863 1637 et
897 1604 1148 1647 praedicabant
1184 1604 1245 1638 has

260 1653 510 1696 promissiones
527 1654 568 1686 de
578 1651 734 1687 Christo:
763 1654 809 1688 Et
827 1667 890 1699 pro
902 1652 956 1687 his
974 1656 1125 1689 aeternis
1137 1656 1244 1690 benc-

259 1703 343 1736 ficiis
369 1705 516 1747 agebant
543 1704 687 1748 gratiaS,
717 1717 824 1750 eaque
849 1706 916 1738 fide
940 1706 1105 1750 petebant
1128 1713 1161 1741 et
1187 1720 1244 1740 ex-

256 1755 454 1799 pectabant.

363 1811 435 1846 Iam
453 1813 564 1846 facilis
581 1820 630 1847 est
647 1815 923 1848 accommodatio
942 1815 985 1847 ad
1005 1821 1163 1848 nostrum
1178 1814 1243 1848 Pa-

260 1861 340 1897 scha
359 1863 394 1895 in
412 1861 586 1901 Ecclesia,
616 1864 779 1898 videlicet
805 1866 847 1898 ad
864 1872 1012 1899 mortem
1031 1863 1183 1906 Christi,
1212 1874 1243 1900 et

260 1914 387 1947 deinde
414 1915 456 1946 ad
485 1926 627 1947 coenam
646 1913 802 1948 Domini.
858 1915 946 1949 Nam
970 1914 1054 1949 haec
1077 1917 1243 1950 beneficia

259 1965 371 1998 multo
397 1965 506 2007 magis
533 1966 766 2008 praedicanda
790 1974 889 2007 sunt,
916 1979 1019 2011 quam
1038 1967 1098 2000 illa
1116 1979 1243 2012 corpo-

258 2015 341 2048 ralis
368 2015 539 2048 liberati0.
601 2013 695 2049 Ilaec
719 2024 799 2050 sunt
824 2018 979 2060 ingentia
1004 2018 1112 2056 facta,
1148 2020 1242 2063 quod

258 2065 352 2100 Deus
369 2063 561 2099 Ecclesiam
578 2073 679 2100 vocat
705 2068 747 2100 ad
771 2067 877 2100 vitam
897 2075 1094 2109 aeternam,
1122 2069 1157 2101 id
1183 2076 1243 2111 est,

260 2117 354 2161 quod
374 2117 471 2150 dedit
488 2114 734 2160 Evangelium,
764 2119 858 2163 quod
877 2119 972 2152 misit
989 2118 1119 2152 Filium
1140 2131 1241 2153 suum

259 2174 296 2200 ut
314 2167 408 2200 fieret
428 2164 541 2200 hostia
562 2179 624 2211 pro
644 2165 797 2202 humano
815 2180 957 2212 genere,
976 2171 1070 2215 quod
1086 2170 1241 2204 mirabili

259 2218 365 2250 modo
384 2218 511 2252 liberat
527 2230 592 2251 nos
607 2231 625 2252 a
644 2226 784 2262 peccato
808 2226 840 2254 et
858 2228 986 2255 morte:
1016 2222 1111 2265 quod
1136 2229 1241 2255 natu-

258 2279 315 2301 rae
339 2268 552 2303 instauratae
578 2270 686 2304 donat
711 2277 888 2305 aeternam
916 2279 949 2306 et
974 2271 1159 2306 coelestem
1188 2273 1240 2305 vi-

256 2325 337 2354 tam.

360 2377 518 2411 Primum
552 2379 660 2422 igitur
696 2378 779 2413 haec
804 2378 890 2413 Esca
924 2382 1143 2423 agnoscenda
1179 2389 1239 2425 est,

259 2440 335 2460 cum
362 2440 442 2461 vere
466 2429 684 2464 vivificamur
701 2431 736 2463 in
753 2431 943 2475 pavoribus
967 2441 999 2465 et
1024 2432 1060 2464 in
1087 2439 1198 2465 morte
1221 2445 1238 2465 a

257 2475 397 2511 Christo
418 2491 477 2522 per
500 2480 620 2519 fidem,
650 2482 723 2525 ipse
744 2482 781 2515 fit
797 2480 904 2523 Esca,
931 2483 1019 2516 sicut
1042 2483 1158 2528 inquit
1183 2481 1239 2516 Io-
1263 2467 1266 2521 l

259 2526 342 2561 han.
361 2537 471 2563 sexto:
499 2530 573 2574 Ego
592 2543 667 2564 sum
687 2533 806 2576 panis,
835 2533 895 2578 qui
922 2534 963 2566 de
981 2534 1077 2566 coelo
1095 2535 1238 2567 descen-

1293 213 1370 235 mus
1384 213 1448 235 nos
1466 212 1544 234 vere
1562 201 1731 234 vivificari
1748 212 1765 233 a
1784 198 1935 236 Christo.
1989 201 2152 236 Testatur
2178 204 2272 236 enim

1293 263 1327 284 se
1344 264 1424 285 vere
1441 263 1505 285 nos
1529 252 1678 292 salvare,
1705 251 1786 297 quia
1811 263 1875 284 nos
1898 252 1964 285 sibi
1990 251 2167 296 adiungit,
2194 267 2273 288 cum

1293 303 1448 347 impertit
1465 303 1566 336 nobis
1585 314 1710 346 corpus
1727 303 1981 345 etsanguinem
1999 314 2113 336 suum.

1382 352 1489 388 Recte
1508 353 1614 395 igitur
1631 360 1662 386 et
1678 351 1748 387 huc
1764 354 2048 387 accommodatur
2067 354 2273 389 versiculus:

1293 402 1432 437 Escam
1449 401 1544 438 dedit
1565 402 1775 437 timentibus
1790 415 1847 443 se,
1876 404 1912 437 id
1931 410 1999 442 est,
2026 404 2179 439 institnit
2197 417 2275 439 coe—

1294 467 1394 494 nam,
1418 462 1458 489 ut
1481 456 1745 489 meminerimus
1766 455 1919 498 ingentia
1945 455 2110 488 beneficia
2132 453 2277 497 Christi,

1294 513 1328 539 et
1343 517 1407 539 nos
1429 505 1670 548 consolemur,
1700 507 1766 539 fide
1791 506 1998 550 accipientes
2027 506 2276 550 promissiones

1294 554 1497 600 Evangelii,
1524 563 1716 590 statuamus
1742 569 1820 589 vere
1839 557 1941 590 nobis
1959 557 2109 600 ignosci,
2137 569 2201 590 nos
2217 569 2276 591 ex-

1294 608 1427 649 audiri,
1455 619 1534 640 vere
1549 607 1652 640 nobis
1668 608 1794 641 donari
1814 607 1959 650 gratiam
1979 614 2011 641 et
2030 607 2136 641 vitam
2163 615 2274 642 aeter-

1295 670 1388 692 nam.
1440 655 1485 691 Et
1508 658 1651 702 quidem
1676 658 1941 691 meminerimus
1968 665 2077 699 ratas,
2106 665 2216 693 certas
2244 666 2277 693 et

1295 709 1534 742 immutabiles
1558 720 1629 741 esse
1653 706 1715 741 has
1733 709 1998 752 promissiones,
2025 709 2114 743 sicut
2138 707 2195 743 hie
2221 710 2278 742 in-

1295 760 1387 804 quit:
1412 758 1553 792 Memor
1575 766 1623 792 est
1648 760 1685 792 in
1706 766 1886 793 aeternum
1912 760 2003 803 pacti
2020 760 2086 793 sui.
2142 759 2191 794 Ita
2221 761 2277 804 pia

1296 822 1394 843 mens
1420 810 1520 843 facile
1544 810 1672 854 poterit
1695 810 1957 843 accommodare
1973 811 2016 843 ad
2034 818 2194 844 nostrum
2211 810 2279 844 Pa-

1295 859 1395 900 scha,
1423 867 1455 894 et
1479 861 1625 894 recitare
1649 859 1743 894 hunc
1768 859 1946 893 Psalmum
1972 868 2127 904 agentem
2149 861 2277 905 gratias

1297 924 1359 956 pro
1384 911 1561 944 beneficiis
1583 910 1737 952 Christi,
1777 918 1809 944 et
1833 911 2028 944 intuentem
2054 912 2277 946 admirabilia

1297 975 1421 1007 opera,
1449 969 1596 996 mortem
1615 970 1648 996 et
1664 962 1954 995 resurrectionem
1969 960 2119 1002 Christi,
2146 963 2278 1007 erigere

1296 1014 1418 1054 fidem,
1447 1020 1480 1046 et
1497 1024 1611 1046 veram
1633 1013 1908 1047 consolationem
1927 1013 2093 1056 accipere.

1323 1098 1384 1132 Vl.
1415 1100 1600 1133 Virtutem
1624 1109 1777 1144 operum
1795 1109 1950 1134 suorum
1977 1101 2191 1134 annunciat
2213 1111 2279 1144 po-

1396 1151 1484 1195 pulo
1503 1161 1580 1184 suo.

1398 1214 1575 1249 Recitavit
1598 1216 1686 1249 facta
1708 1222 1739 1249 et
1764 1215 1990 1250 ceremonias.
2043 1215 2145 1250 Nunc
2165 1217 2280 1251 nomi-

1299 1266 1408 1300 natim
1428 1266 1511 1299 facit
1531 1266 1747 1300 mentionem
1759 1266 1953 1300 Ministerii
1970 1267 2086 1308 verbi,
2114 1268 2194 1313 quia
2224 1268 2280 1301 in-

1299 1317 1390 1362 quit:
1408 1314 1632 1350 Annunciat.
1661 1316 1746 1350 Item
1767 1325 1883 1361 postea
1898 1317 1996 1350 addit
2014 1319 2057 1350 de
2073 1318 2163 1361 lege:
2191 1315 2280 1352 Fir-

1297 1380 1358 1400 ma
1375 1372 1460 1400 sunt
1477 1365 1660 1400 mandata
1678 1365 1768 1401 eius.
1821 1367 1910 1401 Nota
1934 1374 1984 1401 est
2004 1374 2121 1401 autem
2144 1369 2281 1412 magni-

1298 1420 1385 1453 tudo
1410 1416 1514 1451 huius
1538 1418 1716 1457 beneficii,
1742 1418 1884 1459 scilicet,
1907 1419 2001 1462 qnod
2020 1419 2115 1453 dedit
2131 1420 2281 1464 promis-

1298 1470 1413 1502 siones
1445 1476 1477 1502 et
1498 1469 1623 1511 legem:
1660 1476 1692 1502 et
1714 1468 1868 1502 instituit
1889 1469 2146 1510 ministerium,
2182 1470 2279 1504 dedit

1299 1517 1491 1563 Prophetas
1507 1531 1545 1552 ae
1562 1518 1786 1559 Sacerdotes,
1814 1526 1852 1552 ut
1874 1519 2124 1563 explicaretur,
2150 1532 2280 1565 propa-

1298 1577 1438 1613 garetur
1456 1576 1489 1602 et
1508 1575 1773 1602 conservaretur
1789 1570 2024 1603 ministerium
2043 1570 2151 1606 verbi.
2191 1570 2280 1605 Pro-

1298 1628 1374 1664 pter
1396 1618 1462 1653 hoc
1484 1620 1694 1653 heneficium
1715 1627 1913 1664 segregatus
1940 1627 1991 1654 est
2009 1617 2066 1654 hic
2083 1622 2233 1666 populus
2261 1634 2280 1656 a

1298 1672 1444 1716 reliquis
1468 1671 1648 1714 gentibus,
1674 1677 1714 1704 ut
1735 1678 1820 1704 esset
1846 1671 1964 1716 aliqua
1982 1672 2097 1711 natio,
2119 1673 2182 1706 ubi
2205 1684 2279 1706 cer-

1298 1729 1372 1756 tum
1390 1728 1494 1761 esset,
1521 1728 1636 1755 extare
1654 1721 1800 1754 verbum
1819 1721 1899 1755 Dei.
1951 1720 1996 1755 Et
2011 1723 2057 1755 ob
2081 1720 2171 1757 hanc
2196 1735 2279 1757 cau-

1297 1785 1369 1806 sam
1388 1772 1507 1806 omnia
1525 1771 1699 1805 mirabilia
1716 1772 1803 1805 facta
1822 1779 1913 1812 sunt,
1939 1779 1977 1806 ut
1994 1780 2108 1808 essent
2122 1774 2280 1808 testimo-

1297 1824 1396 1857 nium
1426 1835 1498 1856 non
1526 1824 1568 1856 de
1596 1823 1669 1866 lege
1697 1830 1851 1863 tantum,
1884 1823 1944 1856 sed
1968 1824 2079 1857 multo
2104 1825 2213 1868 magis
2236 1826 2279 1858 de

1297 1874 1609 1919 promissionibuS,
1638 1880 1676 1907 nt
1690 1874 1818 1907 scirent
1836 1874 1904 1918 pii,
1932 1886 2011 1907 vere
2029 1873 2143 1908 Deum
2168 1875 2278 1909 tradi-

1297 1925 1388 1958 disse
1406 1925 1707 1970 aliquodverbum
1726 1925 1768 1957 de
1783 1925 1951 1957 salvando
1967 1936 2092 1968 genere
2112 1923 2279 1966 humano,

1296 1983 1328 2010 et
1347 1976 1492 2017 scirent,
1518 1975 1579 2009 ubi
1603 1982 1733 2009 extaret
1750 1975 1837 2008 illud
1857 1975 2024 2018 verbum,
2051 1982 2083 2009 et
2099 1977 2279 2021 quodnam

1296 2034 1394 2062 esset.
1447 2025 1584 2060 Horum
1603 2026 1850 2060 beneficiorum
1869 2026 2148 2069 magnitudinem
2173 2039 2276 2060 nemo

1296 2089 1469 2122 exponere
1495 2089 1559 2121 pro
1585 2077 1754 2121 dignitate
1778 2083 1909 2120 potest,
1944 2078 2003 2110 sed
2028 2088 2212 2120 agnoscere
2238 2089 2277 2112 ea

1295 2135 1327 2162 et
1345 2128 1499 2171 accipere
1514 2134 1612 2171 grato
1630 2128 1748 2161 animo
1765 2128 1944 2161 debemus.

1396 2177 1460 2212 Est
1478 2179 1583 2222 igitur
1601 2176 1683 2212 haec
1701 2178 1872 2211 sententia
1888 2177 2070 2211 versiculi:
2099 2176 2275 2213 Virtutem

1294 2242 1440 2275 operum
1456 2241 1599 2263 suorum
1618 2229 1809 2262 annunciat
1827 2229 1957 2272 populo
1973 2240 2054 2269 suo,
2080 2228 2116 2261 id
2133 2235 2194 2270 est,
2219 2229 2275 2263 in-

1293 2281 1407 2315 stituit
1437 2280 1691 2320 ministerium,
1725 2277 1919 2323 Prophetas
1945 2281 2004 2313 dat
2028 2286 2061 2312 et
2088 2278 2275 2321 Sacerdos,

1294 2331 1423 2371 Moses,
1451 2330 1582 2372 Aaron,
1610 2331 1767 2370 Iosuam,
1794 2329 2012 2371 Samuelem,
2030 2337 2062 2364 et
2079 2330 2185 2374 alios,
2212 2330 2274 2375 qui

1293 2383 1548 2416 concionentur
1575 2382 1618 2414 de
1643 2381 1810 2425 operibus
1832 2379 1914 2422 Dei,
1946 2381 2040 2426 quod
2069 2379 2162 2415 Deus
2189 2380 2274 2414 velit

1292 2445 1392 2476 agere
1407 2446 1485 2467 cum
1505 2444 1630 2476 genere
1645 2430 1822 2472 humano,
1850 2432 1944 2477 quod
1963 2431 2097 2465 dederit
2123 2431 2273 2475 promis-

1291 2485 1418 2522 siones,
1448 2485 1542 2529 qnod
1561 2495 1641 2516 vere
1657 2484 1741 2517 velit
1757 2483 1870 2516 salvos
1887 2483 1997 2516 facere
2015 2482 2192 2515 credentes
2209 2494 2271 2526 per

1291 2533 1543 2578 Evangelium,
1578 2535 1672 2580 quod
1697 2546 1777 2567 vere
1803 2533 1955 2567 remittat
1973 2538 2128 2577 peccata,
2156 2539 2188 2566 et
2213 2544 2271 2565 ex-

258 2579 311 2619 di,
346 2578 383 2612 Si
409 2580 485 2624 quis
507 2583 770 2617 manducaverit
792 2596 831 2616 ex
856 2581 922 2618 hoc
946 2596 1052 2631 pane,
1080 2585 1173 2618 vivet
1200 2585 1237 2618 in
1290 2586 1408 2620 audiat
1427 2586 1639 2626 invocantes,
1667 2591 1700 2619 et
1716 2585 1824 2619 salvet
1843 2596 1913 2627 eos,
1941 2583 2032 2628 quod
2049 2589 2142 2626 regat
2161 2588 2194 2616 et
2210 2583 2271 2616 de-

255 2636 444 2665 aeternum.
501 2629 636 2666 Deinde
658 2634 815 2669 instituta
842 2641 890 2669 est
918 2636 1020 2670 etiam
1038 2648 1144 2670 coena
1165 2634 1236 2669 Do-

1289 2637 1406 2671 fendat
1422 2634 1625 2679 Ecclesiam,
1642 2637 1736 2682 quod
1754 2633 1973 2669 horribiliter
1989 2633 2112 2678 puniat
2130 2633 2268 2678 impios.
