2379 2948
119 86 195 127 657

122 173 255 209 halitus
286 174 431 208 accendi
459 180 493 208 et
517 173 732 217 deflagrare,
759 172 819 218 qui
841 172 991 217 speciem
1017 170 1110 204 Solis

121 232 155 259 et
172 225 320 259 aliarum
336 226 520 259 stellarum
538 225 704 259 efficiant.
756 223 905 256 Animas
924 220 1109 255 hominum

121 276 272 310 affirmat
291 277 434 311 interire
455 288 533 310 cum
558 274 787 319 corporibus,
816 285 959 316 prorsus
985 279 1025 306 ut
1050 284 1110 316 pe—

121 328 252 361 cudum
270 328 342 361 vita
362 327 588 371 extinguitur.
643 323 685 357 In
703 322 842 358 Ethicis
858 324 963 356 finem
984 321 1111 357 huma—

121 390 188 412 nae
218 386 365 413 naturae
395 379 546 412 affirmat
577 386 650 408 esse
679 375 915 419 voluptatem,
951 372 1018 407 hoc
1050 380 1110 415 est,

121 441 246 463 vacare
267 430 434 463 cruciatu.
473 426 580 466 Inde,
606 437 685 458 cum
704 426 877 460 anteferat
893 426 1111 470 voluptatem

122 480 264 522 virtuti,
288 481 398 514 multa
418 478 505 512 falsa
523 483 732 522 sequuntur.

734 86 778 123 V.

551 566 679 599 Stoica.

225 632 339 668 Stoica
350 629 568 665 Dialecticen
585 629 765 674 spinosam
782 636 816 664 et
830 628 1112 662 inextricabilem

123 683 259 724 hahuit,
274 694 362 728 quae
378 681 488 715 multa
506 693 580 714 non
595 692 675 713 vere
694 678 917 713 cohaerentia
934 680 1114 713 inerudite

124 734 358 774 coacervavit,
392 733 488 766 unde
512 732 617 765 falsas
640 731 828 776 opiniones
853 731 1016 765 extruxit.
1071 729 1113 763 In

124 784 283 832 Physicis
310 791 342 818 et
365 781 503 816 Ethicis
534 789 627 816 errat
652 783 802 827 pariter,
835 783 990 826 primum
1015 782 1113 826 quod

123 836 243 871 omnia
258 835 334 869 fieri
350 833 545 868 necessario
565 834 758 875 contendit,
782 841 855 867 tum
874 845 963 878 quae
982 833 1018 865 in
1037 844 1114 865 ma-

123 887 209 921 teria
232 887 446 930 gignuntur,
479 892 554 919 tum
581 896 670 930 quae
700 885 790 918 fiunt
818 897 836 918 a
867 883 1113 918 voluntatibus

123 936 312 973 hominum
331 939 423 971 bona
442 943 476 970 et
502 937 607 970 mala.
663 934 710 970 Ut
734 937 863 970 scelera
889 935 1041 969 Neronis
1065 935 1114 968 ait

122 990 318 1024 necessario
335 989 423 1023 fieri.
476 987 610 1031 Alligat
633 985 748 1021 Deum
775 988 817 1020 ad
843 998 963 1020 causas
988 998 1113 1019 seeun-

123 1042 205 1080 das,
243 1048 275 1075 et
298 1047 403 1084 negat
427 1051 506 1072 eum
531 1039 634 1072 aliter
658 1050 760 1082 posse
784 1050 906 1081 agere,
941 1049 1047 1083 quam
1075 1043 1115 1070 ut

123 1104 246 1127 causae
271 1092 442 1125 secundae
465 1091 649 1131 feruntur,
676 1090 759 1135 quia
785 1090 873 1123 ordo
899 1090 1115 1122 turbaretur.

123 1142 274 1178 Animas
290 1141 478 1176 hominum
493 1141 541 1174 ait
556 1141 673 1185 ignem
689 1152 760 1174 esse
775 1142 961 1174 durantem
978 1140 1116 1183 aliquot

123 1194 269 1235 seculis,
296 1200 481 1238 postquam
500 1192 735 1226 discesserunt
753 1204 770 1226 a
785 1191 1004 1235 corporibus.
1045 1190 1112 1224 Sed

124 1253 243 1279 tamen
263 1251 381 1290 postea
400 1243 564 1288 dissipari
583 1250 616 1277 et
631 1244 799 1287 extingui,
828 1250 865 1276 ut
881 1243 968 1275 alios
989 1242 1116 1274 fumos.

123 1295 230 1331 Errat
249 1295 494 1338 multipliciter
513 1296 556 1327 de
583 1294 767 1328 affectibus
794 1292 1000 1333 hominum,
1028 1303 1116 1337 quos
1141 1286 1143 1297 ⁴

125 1347 310 1381 contendit
329 1346 515 1390 opiniones
534 1356 605 1378 esse
618 1371 627 1386 ,
655 1353 688 1378 et
704 1357 744 1377 ex
759 1352 884 1378 natura
902 1344 979 1377 tolli
1003 1354 1116 1388 posse,

124 1405 159 1433 et
176 1409 298 1432 omnes
313 1409 384 1431 esse
408 1396 572 1430 viciosos„
624 1395 736 1429 Ludit
758 1395 987 1438 ambiguitate
1014 1406 1117 1427 voca-

123 1449 313 1490 bulorum,
349 1459 429 1482 cum
459 1454 564 1491 negat
597 1458 652 1481 res
682 1447 935 1480 convenientes
960 1452 1118 1485 naturae,

125 1501 255 1541 vitam,
282 1500 488 1539 sanitatem,
516 1499 654 1537 cibum,
679 1505 828 1542 potum,
855 1498 948 1531 bona
967 1508 1055 1537 esse,
1085 1503 1117 1530 et

125 1558 267 1586 econtra
294 1563 348 1584 res
372 1552 591 1584 destruentes
614 1556 798 1590 naturam,
825 1556 992 1589 mortem,
1022 1560 1119 1581 mor-

125 1605 211 1644 bos,
239 1602 426 1647 penuriam
450 1602 538 1642 cibi,
572 1608 696 1645 potus,
729 1601 820 1633 mala
847 1611 930 1635 esse.

127 1655 174 1689 ali
192 1654 277 1688 dicit
295 1652 457 1698 vaporib.
474 1659 587 1686 terrae
608 1658 642 1685 et
667 1652 806 1691 oceani,
835 1658 866 1685 et
890 1651 1012 1683 lunam
1038 1650 1119 1684 facit

127 1706 298 1740 maiorem
317 1712 421 1740 terra.
475 1703 546 1738 Sed
563 1701 649 1736 haec
665 1703 870 1736 obscuriora
888 1702 1026 1736 omitto.

520 1793 729 1825 Academica.

230 1858 422 1892 Academia
457 1859 651 1895 recentior,
689 1869 767 1890 cum
807 1856 941 1889 videret
975 1865 1120 1899 magnas

129 1922 200 1945 esse
224 1909 461 1944 dissensiones
487 1909 637 1942 aliarum
669 1914 859 1948 sectarum,
893 1914 927 1941 et
958 1907 1120 1940 animad-

128 1968 279 1996 verteret
297 1962 465 2006 quasdam
484 1967 600 2004 partes
618 1960 654 1992 in
673 1957 850 2004 Physicis,
876 1966 914 1991 ut
934 1959 977 1991 de
994 1958 1118 1991 mundi

130 2013 253 2053 initio,
280 2014 322 2046 de
341 2012 530 2046 {luminum
549 2011 788 2055 perennitate,
812 2017 843 2043 et
862 2010 927 2043 alia
946 2010 1119 2054 quaedam

131 2075 204 2097 non
227 2064 308 2097 satis
331 2061 586 2108 comprehendi
612 2063 684 2096 acie
709 2059 858 2095 humani
876 2061 1028 2104 ingenii,
1058 2061 1119 2093 ad-
1145 2071 1147 2091 2

132 2114 223 2148 didit
236 2115 358 2148 falsam
376 2112 609 2160 hyperbolen,
628 2114 746 2147 omnia
768 2113 901 2155 incerta
921 2125 1004 2153 esse,
1024 2113 1117 2157 quod

133 2166 237 2199 etiam
255 2166 296 2197 ad
315 2177 479 2199 numeros
497 2173 528 2199 et
547 2166 591 2198 ad
607 2162 734 2203 κοινὰς
751 2162 895 2203 ἐννοίας
912 2166 947 2196 in
967 2163 1120 2197 Geome-

132 2217 200 2251 tria
219 2216 419 2257 transtulit,
446 2229 596 2262 quarum
616 2216 865 2250 certitudinem
886 2216 993 2248 variis
1019 2228 1120 2260 prae-

133 2267 244 2310 stigiis
265 2264 517 2311 sophismatum
537 2268 745 2301 labefactare
770 2273 895 2300 conata
914 2274 975 2301 est.
1029 2266 1120 2299 Tra-

133 2319 224 2353 didit
257 2324 373 2351 autem
408 2316 503 2351 Deus
535 2317 805 2352 Arithmeticam
819 2347 826 2356 ,
867 2317 1120 2358 Geomeiriam,

132 2368 282 2415 Physica
299 2369 470 2415 quaedam
490 2376 522 2402 et
537 2367 680 2410 Ethica,
708 2377 745 2403 ut
767 2371 966 2413 gubernent
994 2370 1121 2403 multas
1146 2389 1148 2395 ·

134 2422 225 2455 vitae
243 2428 374 2466 partes,
399 2426 433 2453 et
458 2420 529 2453 sint
552 2421 764 2454 adminicula
791 2422 828 2454 in
855 2421 1016 2454 doctrina
1042 2433 1122 2454 coe-

133 2473 230 2512 lesti,
253 2486 291 2506 ac
317 2472 392 2505 vult
417 2469 542 2504 harum
572 2472 813 2505 doctrinarum
840 2473 974 2505 firmam
998 2479 1030 2506 et
1055 2473 1122 2505 im-

134 2532 264 2557 motam
300 2535 371 2556 esse
403 2522 661 2556 certitudinem.
721 2522 807 2557 Vult
828 2536 893 2557 nos
916 2524 1120 2557 discrimina

135 2588 365 2609 numerorum
380 2586 500 2614 nosse,
527 2580 567 2607 ut
589 2585 667 2606 cum
693 2574 856 2607 audimus
881 2575 1024 2608 unicum
1049 2587 1121 2608 esse

136 2634 314 2660 aeternum
336 2625 475 2659 Patrem
495 2624 641 2658 Domini
658 2625 771 2657 nostri
789 2624 863 2658 lesu
879 2623 1025 2665 Christi,
1048 2639 1119 2659 non

138 2678 328 2719 cogitemus
355 2676 633 2710 innumerabiles
658 2676 765 2711 Deos.

192 2730 370 2761 Muaxrn.
401 2731 504 2762 Oriza.
534 2729 616 2759 Vot-
637 2729 733 2761 XIII.

839 83 1162 121 EROTEMATA
1196 81 1535 122 DIALECTICES.

1137 423 1141 448 Ι

1167 477 1311 515 ordine,
1350 476 1409 508 sed
1449 475 1552 508 etiam
1587 487 1666 507 cum
1698 474 1790 514 Deo,
1833 489 1911 510 curn
1943 477 1980 511 in
2009 479 2154 512 univer-

1138 957 1143 1116 i

1141 1119 1143 1160 l

991 1599 1118 1633 Stellas
1144 1609 1146 1627 τ

2085 88 2159 125 658

1136 170 1285 230 1nosse,
1328 169 1425 202 aliud
1458 182 1530 204 esse
1565 170 1689 212 vitam,
1726 170 1825 204 aliud
1851 178 2020 211 mortem,
2055 174 2150 208 aliud

1164 228 1320 260 motum,
1347 220 1441 253 aliud
1462 222 1633 266 quietem,
1662 228 1723 255 etc.
1763 221 1848 256 Vult
1865 220 1958 255 Deus
1973 225 2075 256 nobis
2093 223 2153 258 has

1164 271 1355 305 sententias
1384 278 1495 305 certas
1529 280 1561 306 et
1592 273 1756 306 immotas
1779 285 1869 306 esse:
1905 273 1986 306 Non
2017 276 2153 308 occidas

1165 320 1345 355 hominem
1370 322 1564 361 insontem,
1599 322 1649 355 Ne
1672 324 1821 367 polluito
1846 332 1879 357 te
1902 324 2044 359 incestis
2069 326 2154 359 libi-

1164 373 1320 406 dinibus.
1381 372 1519 416 Pugnat
1552 374 1661 414 igitur
1690 374 1901 409 Academica
1932 388 2004 409 non
2038 377 2151 410 solum

1166 436 1245 458 cum
1281 424 1462 457 communi
1497 424 1629 457 iudicio
1670 425 1836 467 rationis,
1878 434 1911 460 et
1946 439 2024 460 cum
2063 428 2155 462 vitae

1167 538 1244 559 sum
1262 526 1357 560 tollit
1382 526 1643 560 certitudinem.
1697 524 1793 559 Haec
1817 528 1859 560 de
1882 529 1983 561 sectis
2008 542 2153 564 monere

1167 578 1405 611 adolescentes
1430 577 1518 610 utile
1542 584 1610 615 est,
1647 589 1691 609 ne
1713 589 1811 610 veras
1836 585 1868 611 et
1893 587 2048 622 receptas
2072 593 2153 614 sen-

1167 629 1312 669 tentias,
1341 641 1427 673 quas
1444 629 1544 662 docet
1560 628 1758 661 communis
1776 627 1999 662 Aristotelica
2022 632 2154 666 doctri-

1167 692 1232 721 na,
1259 680 1460 723 fastidiant,
1489 685 1520 712 et
1546 691 1665 712 amore
1687 680 1855 712 novitatis
1879 680 2100 715 admirentur
2124 692 2153 717 et

1167 731 1424 775 amplectantur
1448 730 1667 775 prodigiosas
1690 730 1888 773 opiniones.
1943 731 2039 765 inest
2060 734 2153 766 enim

1167 782 1246 815 talis
1270 782 1449 815 mobilitas
1476 782 1622 822 animis,
1649 788 1687 814 ut
1711 781 1811 814 facile
1835 784 2032 827 praesentia
2057 784 2154 817 sasti-

1167 833 1277 873 diant,
1294 840 1424 866 etnova
1445 846 1482 866 ac
1497 833 1698 877 prodigiosa
1716 834 1910 877 suspiciant
1930 841 1961 867 et
1977 841 2155 878 appetant,

1166 891 1206 918 ut
1222 883 1452 929 Thucydides
1470 885 1645 927 vituperat
1664 884 1756 917 cives
1782 896 1882 922 suos,
1911 885 2076 930 inquiens
2098 898 2155 919 eos

1167 946 1285 968 servos
1301 947 1372 968 esse
1388 936 1621 968 absurdarum
1644 935 1874 979 opinionum,
1903 943 1935 969 et
1959 943 2156 970 contemto-

1167 998 1222 1019 res
1246 986 1474 1027 usitatarum,
1509 983 1666 1025 δούλους
1689 982 1840 1021 ἀτόπων
1863 985 1923 1021 καὶ
1948 983 2156 1033 ὑπερόπτας

1166 1039 1243 1071 τῶν
1261 1034 1467 1073 εἰωθότων.
1522 1036 1617 1070 Haec
1642 1038 1726 1070 vitia
1753 1044 1785 1071 et
1810 1039 1966 1081 vulgaria
1993 1046 2096 1079 sunt,
2124 1048 2157 1073 et

1167 1095 1249 1121 sunt
1265 1100 1386 1121 causae
1409 1100 1615 1131 magnarum
1641 1089 1879 1122 calamitatum
1907 1091 1942 1122 in
1969 1090 2056 1122 vita:
2086 1090 2156 1124 Nec

1167 1140 1234 1172 alia
1253 1151 1353 1172 causa
1376 1139 1460 1179 suit,
1490 1151 1567 1172 cum
1589 1146 1688 1172 antea
1705 1141 2012 1174 recte·c011stit11ta
2035 1141 2157 1175 fuisset

1142 1188 1394 1242 ¹philosophia
1428 1191 1472 1222 ah
1504 1189 1694 1223 Aristotele
1730 1197 1763 1224 et
1792 1188 2060 1236 Theophrasto,
2094 1205 2158 1226 cur

1141 1247 1143 1278 l,
1169 1254 1243 1274 eam
1259 1248 1436 1275 mutarent
1462 1241 1692 1285 posteriores,
1721 1239 1918 1285 Epicurus,
1944 1242 2061 1283 Zeno,
2087 1244 2158 1277 Ar-

1172 1292 1312 1332 cesilas,
1340 1299 1372 1325 et
1390 1292 1468 1330 alii,
1497 1292 1564 1325 nisi
1582 1290 1667 1325 haec
1686 1292 1809 1325 levitas
1826 1293 2051 1334 ingeniorum
2065 1322 2073 1335 ,
2102 1295 2159 1327 in-

1168 1343 1271 1376 citata
1290 1344 1498 1386 ambitione,
1525 1343 1760 1376 aemulatione
1776 1350 1808 1376 et
1825 1343 2043 1390 ᾳιλοιέικίᾳ.
2068 1345 2157 1379 Cum

1142 1410 1145 1441 j
1169 1406 1252 1427 vero
1271 1393 1439 1437 legimus,
1466 1406 1572 1438 quam
1590 1401 1694 1427 tetras
1710 1394 1898 1437 opiniones
1914 1393 2078 1428 horribili
2097 1408 2159 1429 au-

1143 1442 1145 1448 ’
1170 1445 1267 1478 dacia
1286 1446 1328 1478 de
1345 1444 1421 1478 Deo
1450 1445 1660 1488 sparserint,
1688 1443 1977 1479 cohorrescamus
2001 1447 2160 1490 cogitan-

1170 1503 1240 1535 tes,
1263 1508 1332 1541 quo
1353 1496 1517 1529 diabolus
1538 1496 1697 1540 impellat
1715 1504 1870 1537 mentes,
1898 1510 1987 1542 quae
2005 1510 2078 1531 non
2104 1511 2159 1532 re-

1144 1567 1145 1581 :
1171 1554 1302 1591 guntur
1319 1548 1397 1581 luce
1414 1547 1553 1588 divina,
1581 1555 1614 1581 et
1634 1560 1856 1592 opponamus
1875 1550 2094 1589 testimonia,
2123 1551 2159 1583 in

1144 1588 1145 1605 χ
1171 1599 1300 1644 quibus
1323 1611 1358 1632 se
1382 1598 1478 1632 Deus
1498 1599 1679 1643 patefecit,
1713 1606 1745 1632 et
1769 1600 1859 1633 veris
1891 1602 2074 1634 sententiis
2100 1614 2159 1644 pe.-

1144 1690 1146 1710 Ι
1171 1658 1265 1684 ctora
1285 1650 1505 1691 muniamus,
1534 1662 1607 1683 non
1625 1650 1739 1683 solum
1758 1658 1876 1684 contra
1897 1650 2090 1695 Epicureos
2104 1653 2161 1685 su-

1144 1713 1147 1774 λ
1172 1713 1287 1741 rores,
1320 1702 1378 1734 sed
1411 1702 1513 1734 etiam
1547 1708 1669 1735 contra
1693 1701 1800 1735 stoica
1829 1703 1952 1735 deliria
1979 1711 2010 1736 et
2035 1706 2160 1736 acade-

1144 1779 1147 1803 l
1170 1754 1299 1786 micam
1327 1750 1462 1798 ἐποχὴν
1493 1764 1554 1785 seu
1586 1753 1864 1791 dubitationem,
1900 1761 1932 1787 et
1959 1755 2103 1787 accendi
2128 1762 2159 1788 et

1172 1804 1373 1838 confirmari
1396 1805 1432 1837 in
1458 1803 1562 1836 nobis
1586 1816 1703 1836 veram
1729 1804 1947 1846 agnitionem
1973 1805 2039 1838 Dei
2062 1814 2159 1850 peta-

1172 1867 1261 1889 mus.
1315 1854 1420 1889 Extat
1445 1855 1606 1898 dialogus
1627 1854 1778 1888 Luciani
1805 1856 1848 1888 de
1873 1856 1994 1897 sectis,
2026 1857 2064 1889 in
2089 1870 2158 1902 quo

1173 1907 1347 1951 disputat,
1371 1907 1466 1939 unde
1484 1913 1573 1939 secta
1599 1913 1725 1940 tenens
1748 1907 2003 1950 possessionem
2028 1909 2159 1941 verita-

1174 1959 1238 1998 tis,
1266 1957 1407 2001 agnosci
1427 1957 1550 2001 possit,
1579 1957 1678 1991 Sitne
1705 1957 1878 1990 indicium
1904 1959 2012 1991 barba
2038 1966 2071 1992 et
2095 1960 2160 1992 tri-

1173 2010 1268 2042 sticia
1289 2009 1426 2049 vultus,
1451 2021 1488 2042 ac
1505 2009 1597 2042 ludit
1618 2009 1678 2041 ille
1695 2020 1758 2042 suo
1776 2021 1885 2044 more.
1924 2009 1991 2044 Sed
2012 2023 2159 2055 respon-

1173 2061 1223 2093 sio
1243 2067 1334 2094 recte
1352 2060 1525 2094 institutis
1541 2060 1653 2093 facilis
1676 2067 1736 2093 est.
1791 2059 1854 2093 Illa
1882 2062 1974 2093 enim
2001 2060 2159 2106 philoso-

1145 2109 1147 2155 ξ
1174 2110 1255 2156 phia
1282 2124 1362 2144 vera
1389 2118 1456 2152 est,
1492 2123 1581 2156 quae
1605 2112 1747 2144 orditur
1778 2124 1794 2143 a
1818 2112 2003 2156 principiis
2033 2120 2156 2146 natura

1173 2164 1284 2203 notis,
1313 2170 1346 2197 et
1371 2163 1514 2196 materia
1539 2162 1902 2201 demonstrationum,
1931 2170 1964 2196 et
1989 2164 2071 2196 inde
2097 2166 2157 2197 de-

1174 2214 1448 2248 monstrationes
1479 2214 1606 2247 ordine
1641 2214 1779 2247 extruit.
1840 2213 1941 2247 Hanc
1976 2212 2158 2260 κριτήρια,

1174 2279 1262 2312 quae
1280 2278 1384 2310 supra
1402 2266 1572 2306 recensui,
1600 2278 1716 2299 veram
1735 2272 1766 2298 et
1783 2265 1916 2298 firmam
1937 2278 2008 2298 esse
2024 2274 2156 2300 testan-

1174 2325 1241 2353 tur.
1295 2316 1341 2351 Et
1364 2329 1444 2350 vera
1466 2324 1549 2350 sunt
1576 2318 1718 2357 eadem,
1744 2316 1949 2361 ubicunque
1970 2325 2062 2351 recte
2086 2325 2158 2351 tra-

1174 2371 1326 2409 duntur,
1355 2369 1427 2401 six-e
1443 2370 1534 2412 apud
1554 2368 1803 2410 Aristotelem,
1826 2368 1898 2399 sive
1925 2370 2016 2412 apud
2036 2368 2157 2403 Plato-

1175 2433 1266 2454 nem.
1322 2419 1389 2454 Sed
1412 2432 1546 2452 errores
1563 2426 1646 2452 sunt
1664 2418 1773 2458 varii,
1800 2424 1837 2450 ut
1857 2431 1934 2451 cnm
1955 2420 2021 2453 iter
2037 2421 2156 2466 aliquo

1174 2472 1338 2511 facimus,
1367 2483 1436 2503 una
1456 2472 1498 2503 ad
1518 2482 1592 2502 eam
1610 2476 1738 2502 metam
1756 2476 1847 2502 recta
1874 2470 1929 2503 via
1958 2478 2024 2510 est,
2049 2484 2066 2504 a
2089 2485 2156 2518 qua

1175 2524 1411 2561 discedentes,
1439 2522 1499 2554 alii
1518 2521 1618 2554 aliter
1637 2521 1815 2554 aberrant.
1869 2520 1936 2555 Sed
1954 2524 2158 2557 accedamus

1175 2576 1215 2608 ad
1237 2574 1435 2608 doctrinam
1451 2574 1494 2605 de
1508 2572 1594 2606 locis
1611 2572 1813 2608 dialecticis,

1143 1478 1145 1495 A

1144 1499 1145 1513 l

1144 1518 1145 1532 l

1145 2263 1148 2317 l

1146 2354 1148 2387 ι

819 2675 906 2710 Vult
933 2689 997 2711 nos
1025 2685 1120 2711 certo
1146 2682 1149 2714 j

1661 2728 1710 2761 42
