2379 2948
136 76 153 109 1
160 73 233 111 425

129 159 298 194 siculum:
327 159 497 205 Lapidem
516 173 620 206 quem
639 161 919 206 reprobaverunt
938 161 1128 195 aedifican-
1154 170 1157 178 ⁷

131 218 200 252 tes,
230 209 287 244 hic
305 212 413 245 factus
433 219 485 246 est
502 212 539 244 in
556 219 660 256 caput
677 213 810 255 anguli.
863 211 1026 246 Eundem
1048 224 1128 245 ver-

131 273 208 295 sum
230 269 262 296 et
281 262 406 295 Petrus
425 263 468 295 de
487 260 629 296 Christo
650 263 743 297 citat.

235 320 354 364 Quare
383 333 457 354 non
484 322 632 355 dubium
659 330 728 363 est,
762 320 858 355 hunc
882 321 1062 355 Psalmum
1088 322 1125 355 in

131 383 191 405 ore
215 372 322 404 fuisse
348 372 434 416 piis,
462 378 631 417 tanquam
651 373 878 411 vaticinium,
904 374 948 406 de
963 373 1126 406 afflictio-

130 422 256 461 nibus,
295 428 329 455 et
353 423 396 454 de
423 423 679 465 glorificatione
699 422 853 463 Christi,
889 430 923 456 et
947 424 990 456 de
1015 435 1124 467 regno

130 472 216 506 eius.
271 471 443 506 Fortassis
462 480 495 506 et
510 471 632 507 Esaias
651 472 735 507 hinc
753 474 877 508 sumsit
895 474 1027 508 dictum
1046 476 1123 510 28.:

129 520 220 556 Ecce
252 535 382 567 ponam
414 524 453 555 in
476 523 564 557 Sion
593 524 746 567 lapidem
773 525 942 565 electum,
977 526 1123 568 angula-

129 585 220 615 rem3
250 575 345 619 quod
365 581 397 608 et
414 573 546 608 Paulus
561 576 605 608 ad
620 573 795 620 Ephesios
811 575 968 609 imitatus
988 583 1049 609 est.

231 640 307 676 Etsi
332 643 439 686 igitur
458 650 572 687 potest
590 643 750 678 Psalmus
767 644 977 688 generaliter
993 646 1037 678 ad
1054 644 1121 678 Ec-

130 693 291 734 clesiam,
319 700 352 727 et
368 694 506 736 singula
526 696 684 728 membra
706 696 979 730 accommodari.
1032 695 1120 729 Nam

129 751 201 778 tota
229 742 384 777 Ecclesia
416 752 596 778 exercetur
625 746 898 786 afflictionibus,
933 752 966 779 et
999 757 1120 779 rursus

129 794 307 839 experitur
325 795 438 828 varias
454 803 487 829 et
503 797 684 829 mirandas
701 797 928 830 liberationes
940 824 948 837 ,
976 804 1014 830 ut
1031 797 1119 829 cele-

127 846 207 880 bret
229 845 365 884 Deum,
395 853 426 879 et
452 847 519 880 late
543 854 681 891 spargat
703 846 958 890 Evangelium,
986 854 1020 880 et
1043 854 1120 880 tan-

128 897 208 930 dem
236 908 381 940 prorsus
406 909 425 930 a
448 904 560 931 morte
584 898 815 938 liberabitur,
843 905 959 931 tamen
985 898 1120 942 princi-

126 947 254 991 paliter
270 948 313 980 ad
332 947 500 981 Messiam
518 949 839 982 accommodandus
857 955 916 982 est.

228 1012 474 1058 Reprehendit
491 1012 667 1058 Propheta
692 1015 789 1058 vulgi
805 1015 1028 1059 opinionem,
1056 1016 1117 1060 qui

125 1063 296 1098 RIessiam
313 1065 539 1099 somniabant
555 1066 640 1109 ipsis
655 1066 843 1110 imperium
861 1066 1006 1106 mundi,
1035 1079 1117 1110 opes
1143 1083 1144 1086 ¹

123 1122 158 1149 et
182 1116 380 1159 voluptates
404 1116 594 1150 allaturum
620 1128 701 1149 esse.
755 1116 866 1150 Docet
890 1117 998 1160 igitur
1013 1118 1117 1160 longe

122 1166 227 1200 aliter
247 1167 290 1199 de
312 1178 421 1210 regno
448 1166 600 1200 Messiae
623 1167 848 1200 sentiendum
875 1180 960 1201 esse:
990 1176 1115 1201 ventu-

123 1229 203 1251 rum
235 1217 420 1258 videlicet,
455 1225 494 1251 ut
519 1230 580 1251 sua
603 1225 716 1251 morte
739 1219 854 1252 deleat
880 1226 1059 1263 peccatum
1085 1225 1116 1251 et

121 1275 294 1309 mortem,
323 1274 355 1302 et
379 1269 577 1302 defecturos
602 1280 673 1302 esse
697 1270 741 1302 ab
765 1270 862 1313 ipso,
890 1270 1067 1313 principes
1084 1276 1117 1304 et

121 1318 305 1363 pontifices
337 1320 458 1364 populi
490 1319 722 1360 Iudaeorum,
757 1327 789 1353 et
814 1327 929 1353 tamen
953 1332 1031 1353 eum
1057 1332 1116 1353 su-

119 1376 239 1414 perata
263 1376 396 1411 morte,
432 1371 668 1410 revicturum,
696 1377 943 1412 regnaturum,
973 1377 1006 1404 et
1031 1371 1115 1403 novi

120 1420 271 1454 aedificii
286 1426 465 1460 autorem,
489 1432 527 1453 ac
545 1420 629 1453 novi
648 1421 772 1464 populi
788 1421 914 1453 ducem
931 1421 1017 1454 fore.
1070 1420 1115 1454 Et

120 1468 228 1504 huius
240 1470 390 1504 Messiae
407 1471 535 1505 similia
552 1482 624 1504 esse
639 1472 816 1511 membra,
842 1468 909 1504 hoc
927 1478 994 1512 est,
1023 1470 1113 1505 San-

121 1529 196 1555 ctos
211 1522 255 1554 ab
271 1522 374 1555 initio
390 1521 516 1554 mundi
532 1533 642 1566 usque
657 1523 700 1554 ad
718 1522 890 1555 iudicium
907 1529 1112 1556 extremum.

121 1571 261 1606 Horum
288 1573 370 1605 odio
390 1573 514 1605 ardent
532 1572 684 1612 diaboli,
712 1579 745 1606 et
764 1573 864 1615 impii
882 1573 1064 1616 pontifices
1081 1579 1113 1606 et

119 1623 316 1668 principes,
350 1623 411 1668 qui
443 1623 593 1667 cupiunt
615 1623 770 1656 deletum
792 1621 1046 1666 Evangelium,
1081 1630 1113 1656 et

119 1686 221 1708 veros
239 1672 306 1707 Dei
330 1674 453 1708 cultus.
507 1672 554 1707 Et
580 1681 696 1707 tamen
721 1681 905 1707 servantur
928 1674 1038 1719 aliqui
1062 1674 1112 1717 pii

118 1725 295 1763 ministri,
324 1732 357 1759 et
382 1725 580 1763 auditores,
609 1725 743 1757 defensi
766 1732 799 1759 et
816 1725 928 1758 adiuti
944 1737 962 1758 a
978 1724 1113 1768 Lapitle
1137 1736 1139 1769 g

119 1775 296 1820 Angulari
309 1804 317 1816 ‚
345 1776 509 1809 videlicet
526 1788 543 1809 a
561 1774 710 1816 Blessia,
738 1788 755 1809 a
771 1789 840 1821 quo
859 1782 1113 1816 sustentantur,

120 1828 182 1872 qui
208 1834 259 1861 est
285 1828 472 1867 immotus,
509 1834 542 1860 et
569 1827 679 1860 everti
702 1839 775 1859 non
803 1833 926 1871 potest.
987 1826 1112 1860 Sciunt

118 1885 155 1912 et
178 1890 301 1911 omnes
319 1877 461 1921 Sancti,
490 1889 524 1910 se
549 1885 692 1922 propter
716 1878 818 1910 illum
840 1879 985 1917 ducem,
1015 1876 1111 1910 Mes-
1136 1897 1137 1901 =

1136 1945 1137 1950 =
1163 1926 1284 1971 quale,
1320 1939 1424 1971 qnam
1455 1928 1629 1966 arduum,

1135 1969 1137 2008 ἶ
1162 1988 1268 2021 opus,
1290 1989 1391 2020 agere
1408 1978 1536 2020 gratias
1554 1976 1648 2018 Deo,
1676 1974 1742 2010 hoc
1759 1984 1826 2016 est,
1854 1979 1953 2011 fateri
1973 1986 2005 2013 et
2024 1981 2153 2021 testari,

119 1929 225 1969 siam,
258 1930 461 1962 liberandos
485 1940 556 1961 esse
581 1940 599 1961 a
624 1935 764 1972 peccato
786 1935 820 1962 et
842 1935 973 1968 morte,
1002 1934 1033 1961 et
1057 1940 1111 1960 re—

118 1980 275 2013 victuros
305 1991 396 2020 esse,
433 1987 472 2013 ut
503 1980 540 2011 in
570 1986 737 2023 perpetua
762 1980 832 2013 vita
856 1980 1021 2013 fruantur
1045 1978 1109 2012 Dei

119 2038 330 2075 conspectu,
358 2037 391 2064 et
411 2043 490 2063 eum
509 2031 698 2064 celebrent.

224 2088 343 2132 Quare
375 2090 531 2134 primum
563 2086 750 2133 prophetia
775 2095 825 2121 est
848 2088 1028 2128 Psalmus,
1066 2089 1109 2121 de

117 2148 268 2175 venturo
291 2141 354 2174 illo
372 2140 508 2185 Lapide
525 2140 704 2183 angulari,
732 2139 864 2173 victore
881 2140 1022 2180 mortis,
1049 2140 1110 2172 de—

118 2193 202 2225 inde
233 2193 393 2226 doctrina
423 2199 473 2225 est
506 2198 539 2225 et
569 2191 783 2231 consolatio,
820 2202 909 2234 quae
940 2190 1109 2223 membris

119 2243 271 2277 Messiae
300 2242 548 2284 concionatur,
582 2248 620 2275 nt
650 2242 762 2275 sciant
794 2241 861 2274 sibi
894 2241 1025 2274 similes
1051 2253 1109 2274 ae-

119 2306 281 2335 rumnas,
317 2300 349 2327 et
378 2293 529 2326 similem
559 2293 805 2327 liberationem
831 2292 868 2324 in
893 2290 957 2325 hac
981 2293 1051 2326 vita
1076 2299 1106 2325 et

118 2351 197 2390 post
221 2343 313 2378 hanc
337 2345 445 2378 vitam
469 2344 686 2388 propositam
704 2355 786 2378 esse.
839 2342 949 2377 Docet
965 2344 1045 2376 item
1065 2344 1107 2376 de

120 2396 212 2429 veris
238 2396 409 2436 cultibus,
444 2396 487 2428 de
512 2395 597 2436 fide,
631 2396 673 2428 de
697 2407 775 2440 spe,
811 2395 853 2427 de
876 2394 1108 2433 confessione,

119 2447 163 2481 de
187 2446 385 2480 ministerio
402 2444 599 2489 Evangelii.
651 2445 835 2480 Postremo
859 2446 962 2479 etiam
979 2445 1108 2488 gratia-

119 2510 197 2532 rum
213 2497 303 2532 actio
321 2504 388 2538 est,
415 2509 483 2542 qua
499 2497 629 2540 singuli
646 2503 721 2530 tum
737 2497 909 2541 privatam
926 2496 1108 2530 liberatio-

119 2561 222 2588 nem,
250 2556 324 2583 tum
348 2549 525 2593 publicam
542 2547 718 2581 Ecclesiae
740 2547 981 2581 defensionem
1000 2559 1135 2591 agno·
1133 2563 1135 2578 x

121 2607 274 2641 scentes,
309 2600 437 2643 gratias
461 2610 562 2643 agere
583 2597 677 2639 Deo,
712 2599 827 2633 autori
851 2596 979 2632 horum
1003 2594 1134 2633 bene-

120 2651 280 2684 ficiorum
298 2652 439 2685 debent.

173 2704 349 2734 ’ΜηΑΝ-ΓΗ.
382 2704 483 2734 Orza.
514 2703 595 2733 Vor..
619 2702 711 2734 XIII.

736 75 799 111 IX.
855 73 1218 111 COMMENTARII
1254 75 1304 110 IN
1336 74 1579 111 PSALMOS.

2074 88 2091 116 1
2098 86 2171 118 426

1282 160 1442 204 Singuli,
1467 162 1496 195 si
1520 173 1641 195 sumus
1664 163 1820 197 membra
1843 162 2039 204 Ecclesiae,
2068 178 2171 209 expe-

1179 211 1314 245 riemur
1344 213 1481 257 aliquos
1507 213 1643 246 diaboli
1667 225 1822 255 morsus,
1855 215 1989 258 lapsus,
2025 217 2172 251 insidias

1178 262 1388 303 diabolicas,
1423 263 1595 307 supplicia
1621 265 1789 308 corporis.
1843 263 1941 298 Inter
1968 264 2050 299 haec
2077 269 2171 310 peri-

1178 313 1255 346 cula
1290 313 1358 346 fide
1388 326 1451 346 nos
1482 315 1677 357 erigamus,
1713 315 1827 348 innixi
1858 315 1969 359 lapidi
2000 319 2172 360 angulari,

1178 364 1346 398 dicamus.
1399 362 1488 398 Ᾱῗοη
1513 363 1670 403 moriar,
1700 363 1766 398 sed
1789 365 1926 404 vivam,
1955 370 1986 399 et
2005 367 2171 400 narrabo

1178 425 1286 459 opera
1312 412 1487 450 Domini,
1549 414 1730 450 Redditur
1757 417 1822 450 tibi
1845 418 1935 456 vita,
1967 418 2172 452 defenditur

1175 464 1350 507 Ecclesia,
1382 478 1454 499 non
1482 473 1521 500 ut
1550 463 1611 498 has
1645 467 1872 500 admirandas
1899 468 2064 501 victorias
2087 468 2170 502 Filii

1175 514 1261 556 Dei,
1289 517 1504 550 comitentur
1518 517 1555 549 in
1574 517 1678 550 nobis
1695 518 1827 558 ocium,
1855 518 1980 559 luxus,
2006 519 2170 564 volupta-

1175 573 1237 600 tes.
1300 566 1370 601 Sed
1403 574 1443 601 ut
1473 579 1658 601 narremus
1689 580 1795 612 opera
1827 567 1993 609 Domini,
2035 570 2071 602 id
2105 577 2169 610 est,

1175 618 1417 661 praedicemus
1447 624 1480 651 et
1509 618 1709 652 doctrinam
1740 625 1773 652 et
1800 616 1885 652 haec
1909 619 2096 660 beneficia,
2129 632 2167 653 ac

1174 675 1294 701 nostro
1329 669 1487 713 exemplo
1519 669 1608 701 alios
1635 669 1738 702 etiam
1765 669 1957 703 invitemus
1983 677 2016 704 et
2039 671 2167 704 confir-

1146 751 1148 757 ,
1175 731 1322 754 memus.

1274 777 1343 810 Hic
1370 777 1474 810 etiam
1502 777 1695 818 discamus,
1723 790 1792 822 qno
1819 779 1938 812 animo
1957 778 2053 812 Deus
2070 792 2168 813 exer-

1174 835 1247 861 ceat
1265 826 1459 861 Ecclesiam
1477 828 1584 861 tantis
1601 829 1799 870 aerumnis,
1826 830 2008 867 videlicet,
2039 842 2110 862 non
2130 839 2168 865 ut

1174 891 1239 911 nos
1267 879 1411 922 perdat,
1446 880 1506 911 sed
1532 885 1572 911 ut
1596 886 1735 912 revocet
1759 881 1802 912 ad
1828 880 2099 923 poenitentiam,
2130 889 2168 915 ut

1173 930 1209 962 in
1237 927 1293 962 his
1317 929 1569 962 certaminibus
1594 929 1678 961 fides
1702 937 1921 970 exerceatur,
1949 938 1983 964 et
1999 943 2166 974 agnosca-

1172 988 1229 1013 tur
1259 980 1454 1024 praesentia
1490 987 1523 1013 et
1556 981 1712 1023 potentia
1739 979 1825 1021 Dei,
1860 988 1893 1014 et
1923 982 2022 1014 (lucis
2053 983 2166 1016 nostri

1172 1030 1321 1064 Messiae
1345 1031 1381 1063 in
1407 1036 1526 1063 nostra
1554 1031 1770 1065 infirmitate,
1825 1030 1908 1063 Ideo
1927 1032 2059 1076 inquit:
2089 1026 2165 1065 Ca-

1169 1081 1316 1126 stigans
1335 1080 1532 1126 castigavit
1552 1093 1624 1119 me,
1654 1085 1685 1114 et
1700 1080 1812 1114 morli
1829 1093 1901 1115 non
1921 1080 2080 1116 tradidit
2098 1095 2163 1118 me.

1220 1181 1457 1227 Confilemim'
1478 1181 1664 1224 Domino,
1697 1182 1873 1231 quoniam
1901 1183 2036 1225 bonus,

2071 1198 2082 1218 ι
2098 1199 2161 1220 uo-

1273 1247 1375 1268 mam
1395 1235 1433 1267 in
1449 1233 1608 1268 seculum
1629 1211 1882 1268 nii'serzcordia
1900 1246 1987 1270 ems.
2078 1198 2094 1233 l

1219 1301 1335 1335 Dicat
1360 1314 1455 1335 nunc
1473 1300 1619 1341 Israel,
1647 1302 1823 1349 quoniam
1848 1301 1886 1335 in
1910 1302 2068 1336 seculum
2093 1305 2162 1338 mi-

1271 1350 1473 1386 sericordia
1492 1352 1581 1388 eius.

1216 1418 1335 1452 Dicat
1354 1430 1451 1451 nnnc
1468 1417 1617 1451 Domus
1637 1416 1784 1459 Aaron,
1812 1420 1988 1467 quoniam
2007 1420 2044 1454 in
2061 1433 2160 1455 secu-

1269 1468 1367 1509 lum,
1395 1474 1456 1504 etc.

1215 1535 1360 1570 Dicant
1400 1548 1496 1570 nunc
1534 1548 1658 1570 omnes
1687 1537 1753 1584 (sui
1785 1537 1911 1571 liment
1940 1536 2158 1579 Dominum,

1268 1586 1463 1635 quoniam,
1490 1595 1552 1623 etc.

1266 1664 1444 1698 Usitatum
1469 1671 1518 1697 est
1534 1663 1716 1697 exordium
1736 1665 1780 1697 ab
1798 1665 1935 1699 adfectu
1953 1673 1984 1699 et
2001 1669 2156 1710 generali

1163 1715 1355 1758 gratiarum
1380 1715 1536 1754 actione,
1565 1715 1622 1748 cui
1646 1715 1807 1748 subiiciet
1829 1723 1944 1759 postea
1967 1719 2156 1761 expositio-

1165 1778 1244 1798 nem
1269 1767 1344 1799 eius
1362 1766 1522 1799 beneficii
1542 1766 1748 1810 peculiaris,
1775 1767 1818 1798 de
1835 1779 1904 1812 quo
1924 1767 1992 1800 iam
2013 1770 2155 1803 concio-

1137 1819 1138 1826 *
1164 1824 1311 1850 naturus
1329 1823 1390 1852 est.

1266 1875 1426 1909 Primum
1458 1882 1574 1909 autem
1605 1882 1737 1909 attente
1768 1876 2065 1911 considerandum
2091 1887 2153 1919 est,

1659 1934 1691 1960 et
1721 1939 1825 1972 quam
1851 1928 1993 1961 difficile
2019 1929 2063 1962 sit
2086 1927 2153 1963 hoc

1162 2029 1255 2072 qnod
1274 2027 1369 2061 Deus
1393 2029 1437 2062 sit
1454 2029 1587 2069 honus,
1613 2035 1728 2068 curet,
1757 2029 1937 2069 exaudiat,
1967 2030 2060 2065 iuvet
2078 2043 2152 2064 nos.

1165 2079 1302 2112 Deinde
1332 2077 1398 2112 hoc
1430 2080 1571 2123 longius
1604 2086 1698 2112 extra
1725 2086 1948 2122 conspectum
1975 2078 2149 2115 hnmanae

1161 2130 1309 2162 rationis
1347 2130 1501 2174 positum
1541 2137 1608 2168 est,
1653 2141 1840 2172 agnoscere
1870 2131 2147 2165 misericordiam

1160 2180 1223 2214 Dei
1250 2188 1473 2225 perpetuam,
1501 2189 1539 2214 ut
1564 2179 1620 2213 hic
1647 2181 1747 2214 dicit:
1777 2180 1816 2213 ln
1836 2181 1990 2214 seculum
2011 2183 2147 2216 miseri-

1159 2233 1275 2265 cordia
1294 2233 1379 2266 eius.

1262 2292 1341 2325 Non
1366 2291 1459 2324 enim
1477 2297 1614 2323 tantum
1630 2287 1696 2323 hoc
1714 2290 1787 2323 vult
1805 2288 1999 2334 Propheta,
2028 2292 2063 2324 in
2082 2290 2146 2326 hac

1159 2343 1227 2376 vita
1247 2344 1364 2377 Deum
1390 2342 1511 2384 largiri
1534 2342 1645 2381 bona,
1674 2342 1756 2373 dare
1780 2340 1904 2381 vitam,
1932 2343 2146 2377 foecundare

1159 2401 1307 2433 terram,
1334 2399 1373 2426 ut
1398 2393 1516 2435 gignat
1539 2392 1654 2434 fruges
1669 2393 1712 2424 ad
1730 2392 1853 2425 alenda
1872 2404 2035 2436 corpora,
2061 2395 2145 2427 dare

1158 2445 1340 2483 victorias,
1369 2456 1506 2488 pacem,
1534 2449 1567 2476 et
1583 2443 1712 2475 similia
1729 2442 1838 2482 bona,
1865 2443 2016 2477 liberare
2032 2457 2070 2477 ex
2085 2457 2146 2488 pe-

1160 2497 1298 2535 riculis,
1327 2501 1360 2528 et
1383 2495 1566 2527 ostendere
1585 2494 1798 2533 bonitatem,
1826 2494 1929 2525 etiam
1950 2507 2028 2527 cnm
2048 2495 2145 2529 vide-

1159 2555 1216 2581 tur
1233 2546 1440 2591 iliquandiu
1457 2557 1520 2577 nos
1538 2544 1741 2578 deseruisse.
1790 2542 2045 2588 Complectitnr
2062 2544 2145 2580 haec

1159 2596 1354 2642 Propheta,
1381 2597 1438 2629 sed
1459 2596 1642 2639 praecipue
1660 2595 1837 2639 praedicat
1853 2596 1970 2628 illud
1962 2609 2142 2630 inenarra-

1160 2650 1231 2682 bile
1256 2648 1484 2688 beneficium,
1513 2647 1604 2691 quod
1624 2646 1718 2729 138115
1735 2646 1837 2689 elegit
1854 2645 2045 2681 Ecclesiam
2064 2660 2144 2691 per-
