2379 2948
167 94 239 131 701
788 97 832 134 V.

164 179 368 223 categoricis
386 182 687 225 contradictoriis,
714 191 769 218 ut:
804 182 867 218 Sol
886 191 1070 227 movetur,
1095 184 1157 219 Sol

164 243 238 264 non
260 239 433 266 movetur.

586 297 725 338 Regula.

251 349 476 395 Impossibile
494 358 545 385 est
566 352 654 384 duas
675 350 987 392 contradictorias,
1016 353 1052 385 in
1074 353 1154 398 qui-

159 402 227 435 hus
243 413 316 435 non
335 409 386 435 est
402 402 624 445 ambiguitas,
647 401 753 434 simul
771 413 871 434 veras
888 409 949 436 aut
965 403 1071 437 simul
1087 405 1153 436 sal-

159 464 214 486 sas
233 464 324 494 esse,
354 465 462 498 quare
479 464 549 485 una
573 458 670 495 parte
686 452 979 486 contradictionis
1003 462 1152 498 recepta,

158 515 300 538 necesse
317 511 369 537 est
386 504 529 536 alteram
547 502 656 535 reiici.
710 501 806 536 Haec
825 510 876 536 est
900 505 1020 547 regula
1038 506 1152 538 divini

159 561 193 588 et
210 552 358 588 humani
377 554 499 587 iudicii
520 561 660 586 aeterna
677 560 710 586 et
727 553 884 589 immota.
927 555 1047 598 Quare
1066 569 1151 599 pru-

159 607 284 640 denter
300 606 493 639 cavendum
512 611 572 644 est,
595 616 639 637 ne
655 605 890 638 assentiamur
907 608 1149 641 contradicto-

158 657 233 690 riis.
286 656 376 690 Nam
409 655 542 699 pariter
579 655 734 699 recipere
770 657 1041 692 contradictoria
1053 685 1060 699 ‚
1099 666 1150 693 est

158 708 320 741 ordinem
337 706 463 739 mentis
480 706 623 739 divinae
639 707 796 751 turbare,
823 714 854 741 et
874 714 980 742 totam
1002 710 1146 743 univer-

157 759 292 792 sitatem
309 769 426 790 rerum
444 757 662 790 confundere
680 765 712 791 et
731 765 898 792 evertere.

332 845 465 877 Forma
488 854 558 887 per
585 846 957 888 contrapositionem.

255 900 324 935 Hic
349 902 516 935 recitetur
545 908 580 935 et
605 902 710 935 utilis‘
733 903 848 936 forma
874 905 1146 947 argumentandi

152 966 215 999 per
230 952 586 997 contrapositionem,
614 964 692 986 cum
712 953 875 987 videlicet
898 967 937 987 ex
953 955 1146 988 universali

152 1004 360 1039 affirmativa
372 1029 381 1043 ‚
425 1004 587 1037 ducimus
623 1016 684 1047 per
719 1005 987 1039 conversionem
1023 1018 1146 1040 conse-

151 1067 264 1102 quens
286 1055 489 1099 negativum
508 1067 526 1087 a
544 1066 670 1098 genere
688 1057 730 1088 ad
756 1056 925 1100 speciem,
952 1063 1005 1090 ut:

306 1104 439 1139 Omnis
456 1103 565 1139 horno
582 1112 632 1139 est
650 1106 802 1148 animal,

304 1156 401 1200 Ergo
426 1156 596 1202 quicquid
626 1169 700 1190 non
730 1164 780 1191 est
811 1157 963 1199 animal,
999 1170 1072 1191 non
1095 1165 1145 1192 est

355 1207 475 1243 homo.

253 1259 350 1294 Haec
372 1259 621 1304 consequentia
641 1260 730 1293 valet
755 1271 816 1303 per
833 1260 949 1294 locum
975 1272 994 1293 a
1017 1272 1144 1304 genere

149 1312 193 1346 ad
209 1312 372 1355 speciem.
426 1310 497 1344 Sed
512 1322 591 1343 cum
611 1310 660 1343 sic
675 1311 875 1344 contexitur
896 1323 976 1344 cum
998 1312 1143 1344 univer-

148 1363 213 1397 sali
229 1362 438 1395 affirmativa
449 1388 458 1402 ,
486 1361 696 1394 nominatur
711 1363 963 1406 consequentia
981 1374 1042 1405 per
1057 1375 1143 1395 con-

146 1413 430 1458 trapositionem.
483 1410 556 1444 Nec
573 1419 623 1446 est
640 1411 755 1445 inanis
777 1412 900 1457 ludus,
930 1414 991 1446 sed
1012 1414 1142 1446 multae

148 1471 181 1498 et
196 1475 344 1508 magnae
364 1475 418 1496 res
434 1460 501 1495 hoc
517 1463 624 1496 modo
643 1463 859 1497 iudicantur.
914 1463 1020 1498 Rom.
1040 1465 1089 1497 8.:

303 1513 441 1547 Omnes
459 1514 558 1547 electi
576 1521 659 1548 sunt
674 1515 807 1555 vocati,
834 1521 895 1548 aut
914 1522 1098 1557 vocantur,

301 1563 398 1609 Ergo
415 1565 474 1609 qui
492 1577 564 1597 non
584 1572 666 1599 sunt
684 1566 721 1598 in
745 1572 846 1599 coetu
863 1573 1067 1600 vocatorum
1086 1567 1140 1599 vi-

352 1616 470 1656 sibili,
503 1627 567 1648 nec
592 1616 682 1649 fiunt
706 1618 848 1649 tandem
878 1618 1036 1649 membra
1065 1618 1141 1651 eius

353 1673 492 1706 coetus,
520 1678 594 1699 non
610 1673 693 1700 sunt
709 1667 823 1701 electi.
876 1667 948 1700 Nec
965 1668 1051 1701 alibi
1069 1669 1138 1702 ele-

351 1725 489 1752 ctorum
514 1715 670 1750 Ecclesia
699 1719 900 1763 quaerenda
926 1725 996 1758 est,
1033 1732 1139 1764 quam

350 1769 388 1802 in
406 1766 473 1802 hoc
489 1768 622 1801 visibili
640 1775 754 1804 coetu.

250 1821 371 1864 Quare
390 1831 528 1863 semper
543 1819 580 1852 in
597 1827 698 1854 coetu
708 1827 914 1854 vocatorum
931 1821 1040 1866 aliqui
1057 1828 1140 1855 sunt

146 1874 268 1915 electi,
305 1883 394 1918 quae
423 1870 597 1904 sententia
629 1872 672 1904 de
704 1882 830 1915 magna
855 1883 893 1904 re
924 1872 1001 1916 pios
1027 1874 1140 1914 docet,

146 1925 347 1960 consolatur
366 1929 399 1956 et
414 1922 610 1956 confirmat.
667 1919 792 1956 Iohan.
811 1923 862 1956 8.:

299 1972 431 2008 Omnis
450 1973 512 2019 qui
529 1980 579 2006 est
597 1985 635 2006 ex
653 1971 748 2014 Deo,
776 1975 882 2007 verba
900 1972 967 2007 Dei
986 1974 1097 2015 audit,

298 2023 393 2069 Ergo
411 2025 528 2058 omnis
542 2036 616 2058 non
633 2024 780 2058 audiens
799 2037 872 2058 non
889 2032 940 2059 est
958 2037 998 2058 ex
1014 2024 1102 2059 Deo.

228 2073 306 2109 Etsi
321 2083 435 2110 autem
452 2076 511 2108 alii
529 2083 722 2121 quaerunt,
751 2078 930 2121 quomodo
948 2074 1014 2110 hoc
1033 2088 1137 2120 argu-

145 2133 305 2161 mentum
324 2124 458 2160 Christi
481 2127 519 2160 in
537 2127 733 2172 syllogismi
751 2128 902 2161 formam
918 2128 1031 2171 redigi
1055 2140 1137 2172 pos—

145 2179 210 2217 sit,
238 2185 357 2212 tamen
375 2178 504 2211 rectius
529 2184 563 2211 et
584 2178 781 2223 expeditius
806 2186 873 2218 est,
902 2191 973 2212 non
999 2179 1136 2223 illigare

145 2229 372 2276 syllogismo,
409 2229 469 2261 sed
492 2229 627 2270 dicere,
663 2230 951 2275 consequentiam
978 2242 1050 2264 esse
1075 2243 1137 2274 per

146 2278 497 2324 contrapositionem.
533 2280 586 2313 Ita
604 2293 822 2327 consequens
841 2282 1042 2315 doctrinam
1061 2294 1135 2314 arn-

144 2332 339 2377 plissimam
353 2330 497 2373 ⁴tradet,
531 2330 712 2374 videlicet,
748 2332 875 2366 Nullos
902 2345 973 2366 esse
999 2333 1136 2374 electos,

144 2383 207 2429 qui
225 2388 366 2415 manent
384 2381 497 2424 ignari
514 2382 693 2417 doctrinae
710 2384 880 2425 coelestis,
903 2392 962 2418 aut
980 2385 1041 2430 qui
1059 2397 1134 2418 eam

142 2434 317 2478 Epicureo
337 2439 516 2466 contemtu
532 2432 741 2477 despiciunt,
769 2443 828 2470 aut
848 2435 957 2479 impia
976 2436 1132 2480 pertina-

145 2485 197 2519 cia
215 2485 332 2518 delere
349 2490 533 2517 conantur,

437 2570 469 2604 A
495 2571 683 2603 contrario
710 2581 836 2606 sensu.

246 2629 304 2664 Sic
340 2637 486 2663 vocatur
518 2630 644 2662 usitate
680 2630 794 2663 forma
829 2639 1133 2674 argumentorum,

145 2692 224 2715 cum
250 2681 407 2715 subiecto
433 2688 465 2715 et
493 2681 694 2725 praedicato
718 2682 900 2716 adduntur
929 2683 1133 2727 negationes

884 96 1207 134 EROTEMATA
1235 99 1571 141 DIALECTICES.

2127 109 2200 144 702

1183 200 1186 231 ᾗ
1212 186 1249 219 in
1265 187 1374 220 altera
1391 189 1653 233 propositione,
1680 191 1817 226 etiamsi
1835 204 1907 226 non
1926 193 1985 227 fiat
2001 196 2196 236 conversio,

1181 233 1185 290 Ι
1209 244 1243 271 et
1259 238 1352 271 valet
1371 241 1632 285 consequentia,
1655 255 1734 276 cum
1751 244 1946 278 subiectum
1967 251 2000 279 et
2016 246 2196 289 praedica-

1206 295 1282 322 tum
1297 295 1379 322 sunt
1396 291 1493 333 paria
1505 317 1514 330 ,
1542 299 1595 325 ut:

1359 337 1490 373 Omnis
1507 353 1611 384 agens
1629 344 1892 387 poenitentiam,
1915 352 1946 379 et
1965 347 2110 379 credens
2127 347 2195 380 sibi

1411 391 1542 425 remitti
1562 401 1699 436 peccata
1718 403 1860 439 propter
1876 395 2008 431 Filium
2025 396 2110 436 Dei,
2139 410 2195 431 re-

1411 442 1541 486 cipitur
1558 455 1576 475 a
1596 444 1685 484 Deo,

1358 491 1455 536 Ergo
1487 495 1604 527 omnis
1636 507 1709 527 non
1743 507 1848 538 agens
1880 499 2132 540 poenitentiam
2160 507 2192 533 et

1410 556 1485 576 non
1502 546 1666 586 credens,
1694 558 1767 579 non
1784 547 1966 591 recipitur.

1621 627 1772 663 Aliud.

1358 693 1573 741 Ubicunque
1590 696 1662 729 duo
1681 703 1741 729 aut
1756 703 1825 730 tres
1840 699 2040 742 congregati
2058 707 2139 733 sunt
2157 701 2193 733 in

1408 747 1554 780 nomine
1572 759 1669 788 meo,
1697 748 1734 780 in
1751 749 1868 782 medio
1886 762 2008 783 eorum
2027 762 2117 789 sum,

1355 795 1451 841 Ergo
1470 798 1506 831 in
1525 798 1604 831 aliis
1619 800 1971 842 congregationibus,
2001 813 2090 846 quae
2106 801 2194 836 fiunt

1407 849 1483 882 sine
1507 849 1733 883 invocatione
1755 850 1837 883 Filii
1855 849 1940 893 Dei,
1969 864 2042 885 non
2065 859 2115 886 est
2138 864 2193 886 sa-

1407 900 1480 941 lus,
1513 907 1554 934 ut
1585 900 1622 933 in
1652 902 1924 945 congregatione
1955 903 2107 937 Turcica
2133 910 2193 937 aut

1405 948 1574 995 Etlmica,
1749 960 1755 963 '

1354 1000 1501 1035 Necesse
1520 1009 1570 1036 est
1587 1003 1695 1046 igitur
1711 1003 1864 1038 infantes
1876 1002 2053 1039 Ecclesiae
2069 1006 2190 1041 inseri.

1616 1094 1772 1133 Aliud.

1349 1161 1567 1197 Beneficium
1584 1166 1689 1199 datur
1714 1174 1858 1211 propter
1874 1168 2049 1209 officium,
2076 1169 2112 1202 id
2130 1175 2190 1208 est,

1404 1215 1559 1248 officium
1578 1222 1626 1249 est
1643 1229 1744 1250 causa
1763 1219 1898 1260 finalis,
1924 1226 2188 1265 propterquam

1404 1266 1508 1299 datur
1532 1267 1753 1309 heneficium,

1351 1314 1446 1358 Ergo
1475 1329 1549 1349 non
1580 1318 1712 1352 faciens
1737 1319 1911 1362 officium,
1946 1333 2019 1354 non
2050 1321 2189 1356 fruatur

1403 1368 1587 1403 beneficio,

1299 1424 1404 1459 Valet
1428 1426 1537 1469 igitur
1562 1424 1646 1461 haec
1672 1429 1803 1471 forma,
1837 1442 1916 1464 cum
1947 1431 2188 1475 praedicatum

1196 1483 1245 1510 est
1261 1476 1420 1511 definitio
1438 1484 1498 1511 aut
1514 1480 1718 1523 proprium,
1745 1489 1805 1516 aut
1821 1494 1899 1515 cum
1916 1483 2029 1515 causis
2051 1482 2188 1527 proprii

1195 1527 1338 1561 effectus
1362 1534 1584 1570 attexuntur,
1611 1537 1671 1564 aut
1697 1540 1851 1568 econtra.
1900 1533 1969 1567 Sed
1989 1546 2067 1567 cum
2084 1545 2186 1582 prae-

1194 1578 1348 1612 dicatum
1375 1586 1424 1613 est
1448 1590 1579 1622 genus,
1607 1583 1781 1617 utendum
1807 1590 1857 1618 est
1881 1584 1994 1618 forma
2018 1596 2081 1630 per
2101 1596 2187 1618 con-

1195 1630 1482 1674 trapositionem,
1510 1637 1564 1664 ut:

1345 1679 1483 1714 Iniuria
1501 1688 1550 1714 est
1567 1682 1728 1725 offensio,
1751 1697 1841 1730 quae
1860 1686 1897 1719 fit
1915 1686 2090 1726 consulto,
2111 1693 2184 1720 stu-

1398 1732 1458 1765 dio
1477 1733 1654 1775 laedendi,
1674 1747 1746 1776 seu,
1767 1743 1806 1769 ut
1824 1737 1929 1781 vulgo
1947 1737 2082 1776 dicunt,
2105 1737 2184 1771 ani-

1398 1795 1456 1816 mo
1480 1783 1697 1826 iniuriandi,
1724 1798 1797 1819 non
1813 1799 1911 1827 casu,
1936 1799 2010 1820 non
2026 1799 2159 1828 errore,

1345 1831 1440 1876 Ergo
1458 1834 1606 1868 offensio
1629 1848 1701 1869 non
1721 1839 1883 1872 consulto
1901 1839 2011 1880 facta,
2036 1850 2111 1872 non
2134 1845 2185 1872 est

1398 1896 1540 1920 1n1uria.

1296 1941 1366 1977 Sed
1382 1955 1461 1977 cum
1479 1944 1719 1988 praedicatum
1737 1952 1787 1980 est
1804 1947 1966 1982 accidens
1982 1960 2182 1991 commune,

1191 2005 1254 2027 nec
1275 2005 1294 2026 a
1320 1995 1498 2028 contrario
1522 2007 1646 2035 sensu,
1673 2007 1738 2029 nec
1762 2009 1822 2040 per
1845 2000 2183 2044 contrapositionem

1191 2045 1280 2079 valet
1297 2046 1567 2091 consequentia,
1594 2054 1651 2088 ut,
1677 2044 1771 2081 nihil
1795 2047 1960 2085 cohaeret
1976 2063 2054 2085 cum
2075 2051 2180 2086 dicis:

1344 2095 1492 2130 Amicus
1510 2103 1559 2130 est
1577 2098 1771 2140 mutabilis,

1341 2146 1440 2195 Ergo
1458 2160 1531 2180 non
1548 2149 1680 2183 amicus
1700 2161 1774 2183 non
1793 2157 1844 2185 est
1860 2152 2054 2187 mutabilis.

1288 2196 1360 2233 Nec
1378 2199 1439 2232 illa
1457 2196 1662 2234 cohaerent:

1341 2250 1488 2284 Amicus
1505 2257 1555 2284 est
1574 2251 1767 2291 mutabilis,

1340 2300 1437 2345 Ergo
1454 2313 1526 2335 non
1545 2302 1727 2336 mutabilis
1745 2315 1818 2335 non
1836 2310 1886 2337 est
1901 2304 2044 2338 amicus.

1290 2359 1386 2395 Haec
1410 2361 1617 2396 discrimina
1648 2361 1686 2408 in
1710 2363 1926 2405 argumentis
1949 2376 1967 2397 a
1997 2365 2176 2399 contrario

1186 2412 1296 2446 sensit
1325 2413 1550 2446 considerare
1581 2413 1743 2457 prodest,
1782 2419 1821 2446 ut
1849 2414 1911 2447 ubi
1945 2416 2046 2449 firma
2071 2427 2176 2460 argu-

1185 2471 1303 2498 menta
1322 2464 1436 2498 extrui
1456 2464 1609 2508 possint,
1636 2463 1868 2506 intelligatur.

1538 2565 1571 2598 Λ
1597 2564 1820 2609 disparatis.

1288 2632 1474 2675 Disparata
1510 2640 1683 2666 vocantur
1716 2635 1806 2667 duae
1841 2636 1971 2679 species
2004 2637 2172 2678 diversae,

1184 2697 1273 2730 quae
1289 2683 1509 2717 etiamsinon
1527 2680 1659 2718 habent
1673 2686 1885 2720 contrariam
1905 2687 1997 2721 inter
2012 2700 2048 2722 se
2065 2689 2174 2723 actio-
