2379 2948
172 85 244 121 319

275 166 373 200 Alias
396 176 533 199 causam
558 162 746 206 significat,
789 165 830 192 ut
858 158 895 191 iu
917 155 973 190 bis
998 156 1156 190 versibus

179 218 333 261 virgilii:

228 288 324 318 Multa
340 288 418 322 dies,
445 287 600 322 variusque
626 282 709 310 labor
725 281 877 310 mutabilis
894 282 959 309 aevi

229 339 357 369 Rettulit
374 341 403 365 in
420 338 525 363 melius
537 357 544 370 ,
573 335 683 362 multos
700 335 810 361 alterna
827 334 954 360 revisens

230 389 314 419 Lusit
326 413 333 423 ,
362 394 388 415 et
407 389 437 413 iu
453 385 548 413 solido
564 395 662 413 rursus
680 385 802 412 fortuna
821 385 942 412 locavit.

278 451 355 486 Etsi
387 457 502 484 autem
525 449 722 494 promiscue
747 454 920 492 usurpant
942 448 1063 490 poetae
1096 444 1158 477 fati

179 514 209 538 et
228 505 389 537 fortunae
410 513 559 541 nomen,
587 507 704 533 tamen
720 500 810 531 infra
829 498 1019 531 discrimen
1041 502 1158 529 osten—

182 558 314 588 demus.
375 552 472 586 Idem
494 558 637 584 eventus
656 551 785 583 dicitur
802 549 916 581 fatalis
934 555 966 581 et
983 547 1160 579 fortuitus.

278 604 479 641 fortuitus,
506 608 664 646 respectu
682 600 791 633 nostri
812 599 968 639 consilii,
997 597 1079 642 quia
1097 607 1160 628 nos

180 668 317 689 causam
338 666 410 687 non
432 654 604 693 videmus,
632 663 695 684 nec
712 650 985 694 gubernavimus
997 653 1159 680 eventum

181 713 303 739 nostro
337 704 498 738 consilio.

285 756 436 793 Fatalis,
478 754 559 799 quia
592 760 684 787 certa
721 753 870 797 quadam
890 761 1009 789 causa,
1035 748 1161 781 videli-

183 815 253 848 cet,
282 814 342 840 aut
359 805 424 839 Dei
443 805 610 844 consilio,
644 810 704 837 aut
735 802 967 835 inclinatione
993 813 1010 833 a
1038 799 1163 832 sideri-

183 861 249 892 bus
269 864 363 898 orta,
390 856 618 899 gubernatur.
672 853 835 886 Dicemus
857 852 950 885 enim
974 851 1066 883 infra
1082 861 1164 882 cau-

185 921 238 942 sas
256 920 319 952 per
339 907 519 943 accidens,
547 906 588 938 ad
607 905 741 949 aliquas
758 915 820 947 per
838 915 872 935 se
890 914 1008 935 causas
1029 900 1164 934 referri.

287 957 345 992 Sic
371 964 487 990 autem
507 956 619 989 utitur
635 954 842 988 Aristoteles
864 952 1163 997 adpellationibus
1191 956 1192 959 ’

184 1010 361 1043 Fortunae
378 1014 410 1041 et
426 1006 550 1044 Casus,
578 1004 755 1045 hocloco,
782 1011 821 1037 ut
841 1016 959 1036 causas
976 1003 1045 1035 dici
1071 1002 1165 1039 velit,
1191 1012 1193 1038 ᾗ

187 1073 224 1093 ac
249 1060 411 1093 fortunae
436 1069 566 1090 nomen
585 1056 745 1089 attribuit
761 1055 947 1097 agentibus
972 1065 1050 1086 cum
1076 1053 1166 1084 deli-

187 1161 421 1198 comitantur,
447 1164 585 1202 praeter
605 1157 768 1190 intento&
795 1154 922 1188 Casum
942 1166 1024 1187 vero
1043 1152 1169 1187 tribuit

187 1273 304 1294 mensa
325 1261 462 1298 cadens,
487 1260 577 1292 latus
595 1270 666 1290 non
685 1257 801 1290 allidit
817 1256 907 1296 solo,
935 1256 992 1288 sed
1004 1266 1170 1299 procum-

188 1314 238 1346 bit
254 1313 291 1345 in
308 1311 408 1345 basin
420 1337 429 1352 ‚
456 1321 519 1342 nec
536 1308 721 1352 frangitur.

491 1433 589 1475 Quid
612 1437 668 1467 est
682 1435 847 1467 Fortuna
858 1430 875 1464 ?

294 1519 477 1554 Recenseo
509 1517 672 1551 usitatam
701 1516 940 1549 definitionem
972 1513 1064 1557 apud
1091 1510 1173 1545 Ari-

192 1571 386 1606 stotelicos:
413 1569 571 1602 Fortuna
591 1575 639 1601 est
658 1579 758 1600 causa
775 1578 837 1610 per
847 1565 1007 1599 accidens
1022 1564 1057 1595 in
1070 1574 1174 1605 agen-

191 1623 288 1656 tibus
310 1632 390 1654 cum
408 1619 684 1657 deliberatione,
720 1629 870 1661 quorum
887 1616 1040 1648 actiones
1058 1621 1174 1647 tamen

194 1673 254 1706 alii
273 1678 417 1705 eventus
435 1670 658 1708 comitantur,
685 1679 747 1699 nec
766 1666 928 1711 praevisi,
955 1677 1019 1697 nec
1035 1663 1175 1699 intenti,

193 1735 255 1756 seu
277 1722 383 1761 boni,
422 1732 482 1753 seu
508 1720 610 1752 mali:
665 1725 703 1750 ut
726 1718 914 1761 piscatores
938 1715 1070 1748 Milesii
1095 1726 1172 1747 cum

195 1773 448 1817 capiendorum
469 1770 617 1814 piscium
642 1780 743 1801 causa
768 1768 854 1801 retia
880 1768 916 1799 in
942 1778 1037 1798 mare
1063 1764 1172 1798 demi-

195 1825 341 1861 sissent,
368 1833 509 1855 auream
524 1821 698 1864 tripodem
717 1818 905 1862 excipiunt.
960 1816 1029 1849 Hic
1046 1816 1173 1848 volun-

195 1883 246 1908 tas
263 1875 495 1918 piscatorum,
537 1883 595 1904 seu
621 1870 695 1914 ipsa
722 1869 866 1912 piscatio
900 1879 1001 1900 causa
1031 1867 1099 1899 fuit
1120 1866 1174 1897 in-

197 1924 293 1957 venti
309 1923 457 1966 tripodis
469 1949 477 1961 ‚
505 1923 564 1954 sed
580 1933 641 1964 per
658 1920 817 1952 accidens
829 1947 837 1959 ,
865 1919 946 1964 quia
964 1917 1053 1950 alius
1071 1928 1175 1949 even-

198 1983 254 2008 tus
272 1973 430 2012 accessit,
474 1983 538 2004 nec
569 1970 769 2014 praevisus,
815 1981 880 2002 nec
913 1970 1078 2003 intentus.
1131 1965 1176 2000 Et

198 2025 366 2058 usitatum
386 2030 436 2056 est
450 2020 702 2057 Aristotelicis‚
730 2020 946 2053 voluntatem
968 2017 1035 2052 hoc
1059 2019 1176 2058 modo,

200 2087 261 2108 seu
286 2074 478 2110 actionem,
521 2072 577 2105 cui
602 2082 718 2104 comes
741 2077 790 2103 est
815 2070 875 2103 ille
899 2082 972 2102 non
998 2069 1177 2112 praevisus

203 2131 368 2164 eventus,
395 2135 518 2156 vocare
537 2133 673 2155 causam
694 2133 755 2164 per
771 2121 949 2162 accidens,
978 2132 1067 2164 quae
1090 2119 1178 2152 For-

201 2184 286 2209 tuna
303 2174 520 2207 nominatur.
573 2171 695 2204 Fossio
720 2171 877 2204 instituta
905 2171 946 2202 ad
972 2171 1178 2214 plantandas

203 2227 300 2267 vites,
325 2236 426 2258 causa
444 2232 494 2257 est
510 2222 646 2255 inventi
662 2219 828 2260 thesauri,
851 2222 908 2254 sed
931 2233 991 2264 per
1008 2221 1179 2259 accidens,

204 2277 285 2321 quia
304 2276 362 2309 ille
383 2288 455 2308 nou
473 2274 653 2318 praevisus
670 2279 815 2305 eventus
831 2271 982 2305 accessit.

207 2439 251 2459 an
270 2433 417 2466 tantum,
444 2426 524 2470 quia
542 2432 625 2458 tunc
642 2423 825 2467 piscatoria
842 2423 941 2455 navis
958 2434 1038 2455 casu
1054 2422 1091 2454 in
1103 2435 1180 2454 eum

208 2478 324 2510 locum
342 2476 491 2519 impulsa
508 2482 576 2514 est,
608 2475 670 2507 ubi
687 2475 799 2519 tripus
815 2474 907 2506 inter
923 2484 1046 2505 arenas
1061 2473 1181 2505 volve-
1208 2476 1210 2480 ⁴

208 2526 333 2560 batur'?
359 2524 447 2558 Cum
460 2525 658 2570 Polycrates
676 2525 712 2557 in
729 2532 850 2558 ventre
861 2523 964 2567 piscis
981 2523 1102 2556 donati
1120 2535 1183 2556 an-

209 2578 333 2611 nulum
351 2576 522 2608 abiectum
540 2576 685 2618 reperit,
720 2587 820 2608 causa
844 2586 907 2618 per
931 2574 1091 2607 accidens
1118 2574 1184 2606 fuit

209 2626 355 2673 piscatio
375 2626 435 2658 illa
449 2653 457 2665 ‚
482 2632 513 2658 et
531 2626 625 2669 quod
643 2633 762 2669 captus
784 2626 887 2670 piscis
910 2625 954 2658 ad
976 2623 1185 2670 Polycraten

410 77 616 116 SCRIPTA
650 76 725 112 PH.
751 72 869 109 MEL.
896 70 964 106 AD
989 69 1116 106 HIST.
1143 67 1287 106 PROF.
1315 66 1382 103 ET
1408 65 1604 102 PHILOS.
1633 66 1954 105 SPECTANTIA.

1182 159 1185 169 ¹
1209 154 1378 188 adfertur.

1184 205 1431 254 ¹gubernante
1472 204 1631 236 dicerent
1667 201 1911 245 Democritus,
1945 203 2123 249 Epicurus
2165 212 2200 238 et

1183 274 1184 288 ι
1212 255 1313 288 multi
1342 252 1504 299 Physici,
1549 254 1839 298 disputarentque
1866 255 1948 287 satis
1973 267 2045 288 esse
2072 256 2201 288 referre

1185 427 1186 431 =
1213 413 1313 440 cutus
1338 412 1407 446 est,

1194 1175 1195 1186 ¹
1226 1162 1377 1195 Veneris
1393 1163 1534 1197 dicitur.

189 1211 373 1254 agentibus
397 1210 474 1242 sine
492 1208 764 1241 deliberatione:
800 1212 841 1238 ut
864 1218 942 1237 cum
969 1205 1098 1237 vitrum
1127 1204 1168 1235 de
1196 1209 1197 1236 l

1206 2263 1207 2266 Ἰ
1233 2229 1355 2255 tunam
1381 2228 1414 2254 et
1440 2232 1555 2253 casum
1581 2217 1710 2252 habere
1734 2226 1902 2258 eventus,

2125 70 2197 104 ὅτευ

1429 151 1525 185 Haec
1563 152 1720 185 accidere
1748 153 1823 185 sine
1850 154 1923 188 ulla
1951 166 2014 198 per
2037 165 2073 188 se
2098 165 2202 188 causa

1213 303 1299 338 haec
1319 306 1361 337 ad
1383 305 1587 338 temerarios
1603 311 1720 338 motus
1736 305 1960 337 voluntatum
1981 313 2013 339 et
2024 306 2197 339 materiae.

1213 356 1287 388 sine
1305 356 1377 388 ulla
1402 367 1514 390 causa.
1568 354 1635 389 Sed
1661 354 1869 388 Aristoteles
1892 357 2124 388 verecundius
2148 356 2194 389 lo-

1449 418 1521 438 non
1549 406 1633 439 dicit
1666 406 1802 439 nullam
1835 417 1908 438 esse
1940 417 2099 443 causam,
2139 417 2195 439 sec

1213 453 1407 501 ἀόριστον,
1446 457 1635 497 incertam,
1671 464 1703 490 et
1728 456 1832 489 nobis
1858 457 2024 499 ignotam.
2085 455 2195 498 Quae-

1214 514 1298 539 runt
1324 507 1430 548 igitur
1456 507 1514 539 alii
1537 519 1598 550 per
1625 519 1659 539 se
1691 519 1820 540 causas.
1873 506 1968 539 Hinc
1993 506 2196 550 disputatio-

1216 568 1278 589 nes
1297 557 1414 589 variae
1432 559 1474 589 de
1493 558 1562 590 fato
1580 564 1717 591 exortae
1736 565 1829 591 sunt.

1545 665 1643 706 Quid
1661 671 1716 700 est
1733 666 1872 701 Casus?

1319 756 1427 791 Casus
1445 766 1495 792 est
1519 770 1620 792 causa
1649 771 1709 801 per
1733 760 1893 793 accidens
1916 760 1953 792 in
1979 766 2104 793 natura
2132 770 2201 792 non

1218 809 1448 851 intelligente,
1467 810 1522 842 cui
1540 810 1665 842 accidit
1683 816 1828 843 eventus
1845 817 1944 844 motu
1963 810 2127 844 materiae
2142 821 2199 842 va-

1218 861 1394 902 gabundm
1419 860 1567 904 quinon
1584 858 1689 893 habet
1708 866 1836 893 certam
1856 867 1888 893 et
1905 868 2106 904 perpetuam
2121 871 2199 892 cau-

1218 922 1309 950 sam,
1336 917 1375 943 ut
1393 918 1508 944 motus
1524 911 1605 943 vitri
1623 918 1674 944 est
1691 911 1772 943 ferri
1792 912 1969 950 deorsum,
1997 910 2066 943 Hic
2088 915 2202 942 motus

1221 968 1271 994 est
1296 961 1479 993 naturalis.
1534 961 1602 995 Sed
1630 968 1668 995 ut
1691 961 1821 994 vitrum
1846 961 2007 994 subsidat
2030 961 2067 993 in
2091 959 2206 999 basin,

1221 1023 1284 1044 nec
1300 1011 1501 1054 frangatur,
1528 1013 1562 1044 id
1581 1024 1679 1045 casus
1698 1019 1758 1045 est.
1811 1010 1923 1045 Eiecti
1947 1024 1985 1044 ex
2011 1023 2118 1044 manu
2143 1010 2207 1044 tali

1192 1089 1194 1097 ⁴
1222 1069 1321 1094 motu
1339 1062 1492 1094 naturali
1516 1063 1677 1096 feruntur
1708 1064 1892 1100 deorsum,
1930 1063 1988 1095 sed
2010 1062 2069 1095 alii
2086 1067 2209 1101 ruunt,

184 1111 384 1149 beratione,
426 1119 577 1153 quorum
613 1107 767 1138 actiones
793 1112 910 1137 tamen
935 1104 996 1137 alii
1021 1109 1168 1136 eventus
1193 1106 1195 1134 i

1226 1113 1346 1151 aliter,
1385 1118 1417 1144 et
1444 1125 1522 1145 cum
1551 1125 1673 1146 omnes
1698 1113 1919 1146 dissimiliter
1942 1115 2072 1146 cadunt
2097 1112 2209 1145 iactus

1586 1162 1681 1196 Haec
1699 1164 1852 1196 talorum
1872 1163 2041 1207 proiectio
2059 1169 2110 1196 est
2126 1173 2209 1195 cau-

1224 1226 1258 1247 sa
1278 1225 1339 1257 per
1356 1214 1517 1246 accidens
1536 1213 1686 1246 Venerei
1705 1214 1826 1247 iactus-

1326 1263 1399 1296 Nec
1425 1271 1477 1297 est
1502 1265 1539 1296 in
1566 1265 1684 1308 parvis
1709 1263 1938 1307 corporibus,
1981 1269 2040 1296 aut
2064 1261 2211 1295 ludicris

1225 1314 1383 1347 motibus
1403 1326 1504 1347 causa
1531 1327 1594 1358 per
1624 1327 1659 1347 se
1690 1315 1902 1358 quaerenda.
1963 1312 2081 1346 Multa
2114 1313 2210 1345 varie

1226 1371 1337 1397 ruunt
1353 1364 1426 1396 sine
1443 1365 1515 1396 ulla
1531 1376 1593 1407 per
1613 1375 1648 1396 se
1665 1375 1778 1398 causa.
1829 1362 1898 1397 Sed
1918 1373 2044 1405 magna
2062 1374 2209 1406 corpora

1228 1415 1425 1458 plerunque
1443 1411 1575 1447 habent
1595 1426 1656 1457 per
1670 1425 1705 1446 se
1720 1424 1851 1453 causas,
1874 1420 1913 1447 ut
1932 1413 1970 1445 in
1988 1414 2069 1446 ae‘re
2083 1424 2210 1456 magna

1228 1464 1337 1497 moles
1358 1461 1551 1504 halituum,
1580 1464 1643 1497 etsi
1661 1464 1736 1496 sine
1762 1475 1863 1497 causa
1886 1470 1978 1497 certa
2003 1463 2145 1496 videtur
2167 1464 2210 1496 ad

1227 1527 1338 1548 unum
1364 1515 1517 1559 aliquem
1554 1515 1670 1547 locum
1694 1514 1811 1554 volui,
1847 1520 1964 1548 tamen
1991 1525 2092 1557 saepe
2119 1520 2212 1547 certa

1229 1577 1328 1597 causa
1347 1572 1414 1603 est,
1446 1572 1485 1597 ut
1512 1564 1674 1605 Saturni,
1708 1564 1857 1604 Blartis,
1894 1564 2083 1604 Blercurii‚
2127 1576 2213 1597 con—

1230 1626 1366 1658 gressus
1383 1613 1530 1648 attrahit
1553 1616 1595 1647 ad
1623 1627 1657 1648 se
1679 1615 1861 1648 materiam
1888 1614 2065 1649 Cometae.
2119 1614 2210 1648 Cum

1229 1666 1353 1704 Luna,
1391 1665 1490 1698 Mars
1526 1673 1557 1698 et
1579 1665 1778 1698 Mercurius
1795 1665 1831 1697 in
1857 1665 2044 1698 latitudIne
2069 1671 2210 1708 septen-

1229 1715 1373 1749 trionali
1391 1716 1618 1759 conveniunt,
1648 1716 1953 1760 cientaquilones‚
1988 1716 2026 1747 in
2041 1715 2210 1748 meridia-

1229 1779 1273 1799 na
1316 1766 1404 1798 cient
1438 1773 1585 1800 austros.
1659 1765 1811 1799 Possunt
1848 1763 1916 1799 hoc
1946 1766 2052 1799 modo
2082 1778 2146 1810 per
2173 1777 2209 1799 se

1230 1828 1351 1850 causae
1371 1817 1491 1861 quaeri
1510 1818 1552 1849 de
1569 1817 1728 1849 moribus
1746 1828 1954 1859 magnorum
1971 1828 2157 1860 corporum
2172 1817 2211 1849 in

1229 1874 1374 1907 natura,
1417 1880 1505 1912 quae
1539 1868 1683 1900 aliunde
1716 1867 1905 1909 gubernari
1936 1874 2211 1899 consentaneum

1230 1925 1291 1953 est.
1342 1917 1495 1950 Ludicra
1529 1929 1628 1960 saepe
1659 1918 1794 1950 nullam
1830 1915 1961 1949 habent
1985 1928 2047 1960 per
2069 1928 2105 1949 se
2128 1928 2212 1950 cau-

1230 1981 1303 2002 sam
1317 1995 1325 2008 ,
1353 1974 1386 2000 et
1401 1969 1500 2013 siqua
1518 1966 1661 2007 babent,
1689 1978 1854 2012 quaerere
1870 1979 1944 2000 eam
1961 1967 2078 2000 inanis
2093 1967 2210 2000 curio-

1231 2020 1312 2053 sitas
1329 2025 1389 2053 est.

1335 2068 1541 2102 Aristoteles
1566 2069 1609 2101 ab
1636 2068 1821 2101 eventibus
1844 2067 2014 2101 discernit
2037 2075 2211 2108 naturam,

1232 2121 1411 2153 fortunam
1437 2126 1469 2151 et
1485 2130 1614 2153 casum.
1669 2117 1856 2157 Naturam,
1882 2118 1947 2157 ait,
1981 2126 2041 2152 aut
2063 2130 2210 2162 semper,

1233 2178 1291 2204 aut
1309 2171 1506 2214 plerunque
1522 2169 1653 2201 similes
1677 2169 1820 2201 effectus
1848 2180 1978 2211 parere.
2041 2168 2109 2202 Sed
2135 2170 2210 2202 sor-

1948 2226 1987 2253 ut
2009 2219 2135 2252 usitate
2160 2219 2212 2252 lo-

1206 2292 1207 2305 ÷
1235 2279 1393 2317 quuntur
1406 2299 1414 2310 ,
1443 2278 1536 2304 extra
1552 2282 1687 2314 semper
1703 2277 1735 2303 et
1753 2271 1967 2314 frequenter.
2011 2268 2092 2302 Non
2110 2281 2210 2313 prae-

305 2325 373 2359 Sed
399 2324 456 2358 hic
484 2331 598 2357 manet
622 2323 795 2368 quaestio:
833 2321 934 2356 Unde
956 2319 1013 2354 hic
1037 2328 1181 2354 eventus
1234 2323 1446 2356 tereundum
1475 2329 1524 2355 est
1548 2319 1615 2353 hoc
1642 2321 1849 2359 discrimen,
1890 2320 1953 2354 etsi
1977 2332 1995 2353 a
2018 2319 2211 2363 posteriore

206 2383 354 2419 regatur,
380 2377 474 2409 unde
491 2375 640 2413 accedat,
669 2373 765 2407 nulla
784 2385 828 2406 ne
844 2383 943 2405 causa
954 2373 1181 2415 gubernante,
1236 2379 1413 2416 sumptum
1433 2379 1493 2405 est.
1536 2370 1628 2404 Illud
1647 2383 1666 2403 a
1689 2371 1805 2415 priore
1830 2371 1999 2410 sumitur,
2033 2371 2128 2414 quod
2146 2381 2210 2403 na-

1236 2430 1312 2456 tura
1337 2423 1374 2454 in
1391 2423 1555 2460 omnibus
1577 2423 1784 2464 corporibus
1807 2421 1968 2455 ordinata
1991 2427 2039 2453 est
2063 2421 2107 2453 ad
2135 2431 2210 2453 cer·

1236 2481 1290 2506 tos
1316 2473 1476 2510 effectus,
1505 2479 1542 2505 ut
1558 2472 1594 2504 in
1612 2471 1774 2505 Balsamo
1791 2473 1843 2505 vis
1859 2472 1902 2504 ad
1919 2472 2115 2504 sanandum
2134 2470 2214 2504 vul-

1209 2567 1210 2573 *
1236 2535 1322 2561 nuS,
1364 2524 1401 2555 in
1426 2523 1554 2567 Pipere
1585 2524 1629 2555 ad
1661 2522 1934 2556 calefaciendum
1965 2521 2211 2554 ventriculum.

1238 2573 1440 2618 Plerunque
1457 2574 1566 2616 igitur
1580 2574 1793 2617 respondent
1807 2578 1964 2606 eventuS.
2005 2571 2052 2605 At
2068 2572 2213 2604 fortuna

1238 2632 1270 2657 et
1287 2636 1403 2663 casus,
1431 2631 1603 2669 quantum
1627 2625 1670 2657 ad
1697 2629 1858 2657 nostrum
1881 2622 2052 2656 iudicium
2078 2621 2213 2658 attinet,
