2379 2948
195 123 267 158 423
421 118 630 157 semen
658 118 731 152 PH.
759 113 873 150 MEL.
902 113 968 149 An
993 112 1120 148 Hisr.
1149 108 1292 148 paor.
1317 109 1383 145 Er
1412 108 1603 147 puteos,
1636 110 1956 149 SPECTANTIA.
2134 113 2208 149 424

201 210 309 242 iubet.
371 206 556 241 Suasoriae
587 203 762 236 orationes
787 202 911 234 iubent
933 201 1067 245 aliquid
1095 199 1180 239 fieri,

202 268 240 294 ut
257 260 283 292 si
303 259 381 303 quis
398 259 539 290 suadeat
555 254 682 297 suscipi
701 253 832 286 bellum
845 252 1048 286 Turcicum.
1075 250 1179 283 Tales

202 318 282 344 sunt
300 316 329 341 et
348 307 477 341 Psalmi
495 305 631 348 generis
651 304 892 344 deliberativi,
918 303 978 348 qui
1001 302 1056 334 vel
1080 313 1180 344 prae-

201 368 295 404 cepta
316 360 416 394 dant,
446 357 498 388 vel
522 355 767 395 consolantur,
794 355 849 387 vel
866 355 1117 397 deprecantur,
1142 349 1179 383 hi

202 417 324 455 petunt
346 407 478 451 aliquid
503 406 588 438 fieri.
641 405 774 438 Verum
799 405 934 448 generis
959 405 1180 436 demonstra-

202 461 264 494 tivi
285 459 361 491 finis
379 464 429 490 est
445 457 617 500 cognitio,
644 464 682 490 ut
699 468 777 489 cum
797 455 1037 489 Alexandrum
1057 453 1180 486 lauda-

202 522 296 548 mus,
325 516 357 542 et
381 519 434 540 res
458 508 531 540 eius
556 507 750 551 sapienter,
781 507 918 539 fortiter
946 518 984 538 ac
1009 503 1180 536 foeliciter

201 568 329 602 gestas,
363 569 565 597 narramus,
609 565 745 590 tantum
778 559 942 590 docemus
971 555 1178 588 auditorem.

200 610 275 645 Etsi
294 611 386 643 enim
406 609 559 652 exempla
580 608 786 641 imitationis
802 619 903 640 causa
920 610 1181 649 proponuntur,

199 671 317 696 tamen
336 661 372 693 in
393 660 454 693 tali
472 660 630 692 oratione
651 656 743 690 nihil
760 664 875 701 aperte
896 657 1112 700 postulamus
1137 655 1180 687 ab

200 712 443 750 audientibus,
471 710 538 742 nisi
558 716 594 742 ut
611 707 715 741 liuius
733 709 799 740 viri
815 708 1040 751 sapientiam,
1068 706 1181 739 virtu-

199 772 268 798 tem
290 774 328 795 ac
345 761 568 794 foelicitatem
588 759 870 802 contemplentur
887 766 991 802 atque
1002 757 1181 790 admiren-

201 822 269 848 tur.
325 811 375 846 lta
392 811 526 854 generis
545 809 743 842 didascalici
764 809 843 841 finis
864 816 913 841 est
937 807 1100 852 proprius
1123 819 1181 840 co-

201 864 331 907 gnitio,
365 869 403 895 ut
428 862 455 894 si
481 861 559 905 quis
584 862 722 900 doceat,
759 860 843 904 quid
870 859 914 892 sit
936 857 1181 902 Evangelium,

200 914 378 960 quomodo
401 922 657 956 consequamur
678 918 717 944 ut
741 909 837 943 Deus
866 916 1003 953 reputet
1029 921 1067 942 ac
1099 921 1181 953 pro-

200 964 345 998 nunciet
363 975 426 996 nos
442 963 564 1002 iustos,
592 962 677 1006 quid
695 962 739 994 sit
755 962 849 999 fides,
877 958 934 993 hic
951 960 1079 993 dicenti
1099 972 1181 1003 pro-

200 1016 297 1060 prius
314 1014 392 1047 finis
410 1013 609 1057 propositus
626 1019 694 1052 est,
723 1019 760 1045 ut
778 1012 956 1044 auditores
972 1013 1103 1051 doceat,
1130 1017 1181 1043 et-

199 1067 226 1099 si
246 1064 399 1108 cognitio
425 1071 540 1107 postea
566 1064 608 1095 ad
635 1075 735 1096 usum
761 1062 942 1095 transferri
967 1068 1098 1105 potest,
1125 1061 1180 1093 di-

200 1128 337 1149 versum
368 1122 485 1147 tamen
516 1113 685 1146 orationis
711 1124 818 1155 genus
843 1119 910 1153 est,
945 1114 1039 1156 quod
1068 1113 1180 1152 docet,

198 1169 242 1199 ab
266 1167 347 1206 illo,
379 1166 471 1210 quod
497 1165 624 1196 deinde
649 1164 845 1196 doctrinam
871 1164 915 1195 ad
939 1175 1039 1196 usum
1067 1169 1180 1195 trans·

198 1217 281 1250 ferri
304 1217 411 1249 iubet.
465 1214 592 1247 Graeci
621 1215 658 1246 in
684 1214 844 1247 omnium
870 1214 1043 1247 librorum
1070 1213 1180 1246 initiis

199 1273 393 1313 quaerunt,
422 1278 509 1310 quae
536 1266 581 1299 sit
606 1264 721 1309 operis
744 1264 912 1305 intentio,
948 1277 1008 1297 seu
1034 1264 1113 1309 quis
1137 1264 1181 1296 sit

198 1319 349 1362 scopus,
376 1324 415 1350 ut
430 1317 494 1360 ipsi
512 1316 720 1361 loquuntur.
773 1314 870 1348 Idem
889 1322 996 1358 agunt
1013 1313 1181 1355 rhetores,

199 1382 277 1403 cum
294 1369 337 1401 de
357 1379 481 1411 genere
498 1378 617 1399 causae
634 1373 826 1411 quaerunt,
849 1378 938 1410 quae
954 1367 997 1399 sit
1011 1365 1182 1398 orationis

199 1420 380 1461 voluntas,
407 1417 491 1462 quid
509 1417 681 1460 postulet,
708 1415 835 1450 Utrum
861 1416 1016 1458 cognitio
1043 1416 1086 1449 sit
1103 1416 1181 1448 finis

200 1469 390 1508 orationis,
418 1479 461 1500 an
478 1473 612 1510 praeter
627 1466 864 1510 cognitionem
874 1467 1016 1511 ,aliquid
1034 1466 1108 1499 fieri
1126 1467 1181 1498 iu—

201 1522 292 1555 beat.
341 1518 435 1552 Haec
453 1518 490 1550 in
505 1518 663 1551 oratione
684 1517 880 1561 perspicere
898 1524 1000 1562 atque
1019 1517 1181 1550 animad—

201 1578 336 1604 vertere
365 1569 514 1601 maxime
546 1569 705 1612 prodest,
741 1574 780 1600 ut
804 1568 1060 1610 intelligamus,
1093 1579 1182 1611 quae

200 1622 304 1655 nobis
329 1632 368 1653 ex
394 1619 553 1652 oratione
577 1619 711 1652 utilitas
741 1619 970 1661 exspectanda
1004 1618 1058 1651 sit.
1110 1617 1181 1650 Nec

199 1672 299 1717 prius
315 1670 499 1715 acquiescit
515 1670 652 1702 animus
670 1668 841 1702 auditoris
859 1680 930 1701 non
950 1668 1060 1712 stulti,
1077 1680 1181 1712 qnam

200 1724 303 1755 finem
323 1721 475 1765 aliquem
492 1720 662 1753 orationis
678 1719 796 1752 animo
813 1719 1042 1762 prospexerit.
1086 1718 1182 1752 Haec

201 1774 278 1806 ideo
303 1772 464 1816 pluribus
497 1771 594 1803 verbi
629 1770 721 1808 dixi,
754 1775 792 1802 ut
824 1771 1064 1809 ostenderem,
1098 1767 1181 1802 haec

201 1830 380 1868 praecepta
398 1822 589 1864 plurimum
609 1822 651 1853 ad
669 1821 854 1853 formanda
875 1821 1102 1865 acuendaque
1126 1821 1181 1853 in-

201 1874 292 1907 dicia
325 1873 494 1905 conferre.
557 1870 741 1904 Caeterum
775 1871 1012 1904 adolescentes
1048 1877 1082 1904 et
1116 1869 1181 1904 hoc

201 1923 371 1957 monendi
395 1929 494 1959 sunt,
531 1921 708 1955 interdum
740 1933 867 1966 genera
900 1934 1083 1955 causarum
1116 1922 1181 1954 mi-

202 1974 300 2007 sceri.
343 1972 555 2016 Quanquam
576 1972 668 2004 euim
687 1973 967 2018 unumquodque
985 1973 1182 2015 negocium,

202 2026 244 2058 ad
262 2036 373 2058 unum
392 2023 535 2067 aliquod
555 2033 663 2065 genus
682 2033 804 2054 causae
829 2022 1071 2066 principaliter
1093 2024 1182 2057 refe—

201 2076 351 2109 rendum
368 2080 437 2112 est,
464 2079 581 2105 tamen
601 2084 701 2116 saepe
725 2072 820 2105 aliud
844 2083 970 2115 genus,
1002 2073 1136 2118 aliquid
1164 2086 1180 2107 a

203 2127 288 2160 locis
313 2124 457 2158 alterins
488 2123 624 2166 generis
656 2129 855 2162 mutuatur,
888 2130 927 2156 ut
955 2135 1017 2167 pro
1040 2122 1182 2165 Archia,

203 2187 402 2222 quanquam
421 2181 492 2207 tota
511 2174 623 2207 oratio
642 2173 883 2217 principaliter
900 2175 940 2206 ad
961 2185 1070 2216 genus
1087 2175 1182 2208 iudi-

204 2228 289 2260 ciale
306 2225 475 2270 pertinet,
503 2225 612 2257 multa
630 2232 747 2258 tamen
765 2224 871 2257 sumit
886 2223 1007 2258 Cicero
1030 2237 1070 2258 ex
1097 2226 1183 2259 locis

204 2278 338 2320 generis
367 2275 654 2315 demonstrativi,
688 2275 772 2307 dum
802 2286 873 2307 non
899 2276 941 2307 de
966 2288 1021 2315 re,
1056 2277 1115 2309 sed
1140 2277 1182 2310 de

206 2339 351 2372 persona
376 2327 479 2366 dicit,
514 2326 612 2359 cuius
637 2325 758 2357 laudes
785 2325 819 2357 in
850 2326 979 2359 iudicio
1002 2326 1183 2370 dignitatis

207 2379 332 2419 exponi
356 2378 531 2420 proderat.
593 2374 640 2409 Et
663 2373 917 2409 Demosthenes
943 2377 978 2409 in
1001 2378 1182 2411 suadendo

207 2428 316 2461 multa
334 2428 438 2460 sumit
454 2439 493 2459 ex
509 2426 785 2460 demonstrativo
809 2438 951 2469 genere,
979 2429 1063 2460 dum
1083 2428 1183 2462 inve-

210 2476 306 2511 hitur
324 2478 358 2509 in
377 2475 580 2521 Philippum
599 2476 842 2511 Macedonem.

453 2562 511 2594 De
534 2572 668 2607 genere
695 2561 936 2597 didascalico.

307 2627 345 2662 Si
364 2626 441 2672 quis
461 2628 502 2658 de
518 2625 582 2659 hoc
600 2639 724 2669 genere
742 2629 900 2672 longiora
919 2636 1097 2674 praecepta
1120 2631 1182 2662 de-

208 2680 335 2712 siderat
347 2705 356 2719 ,
382 2678 412 2710 is
428 2678 470 2711 ad
488 2677 700 2711 dialecticam
720 2681 854 2720 redeat,
882 2692 970 2724 quae
987 2680 1059 2713 sola
1076 2681 1182 2715 tradit

1231 197 1380 241 perfecte
1402 196 1550 229 docendi
1575 196 1761 231 rationem.
1813 197 1901 231 Nam
1925 200 2104 233 dialectica
2129 211 2211 243 pro-

1231 248 1305 291 prie
1334 259 1389 280 ars
1415 255 1463 280 est
1487 254 1577 280 recte
1608 248 1770 283 docendi.
1831 248 1984 282 Maxima
2005 258 2121 284 autem
2152 250 2213 290 vis,

1232 299 1380 330 maxima
1402 298 1535 331 utilitas
1563 305 1612 331 est
1646 296 1750 331 huius
1780 299 1927 341 generis.
1981 300 2089 345 Saeiepe
2117 300 2212 333 enim

1233 347 1392 381 homines
1416 350 1458 381 de
1484 349 1674 391 religione,
1710 350 1752 382 de
1780 349 1872 388 iure,
1909 350 1952 382 de
1976 353 2073 384 omni
2098 351 2212 384 officio

1232 399 1381 432 docendi
1405 407 1504 441 sunt,
1544 400 1604 431 ubi
1628 399 1703 432 sine
1723 397 1787 433 hac
1808 400 1944 433 ratione
1973 402 2125 444 patelieri
2158 412 2212 433 res

1231 461 1304 482 non
1321 457 1466 494 queunt.
1518 449 1570 483 Ac
1589 462 1632 483 ne
1648 451 1780 483 discere
1796 451 1937 495 quidem
1955 451 2042 495 ipsi,
2068 458 2100 485 et
2121 459 2213 485 recte

1232 501 1415 544 complecti
1433 500 1550 534 animo
1572 513 1625 534 res
1644 501 1804 534 difficiles
1829 508 1860 535 et
1884 501 2064 536 intricatas
2091 513 2213 545 possu-

1232 562 1329 590 mus,
1351 551 1418 595 nisi
1443 549 1533 584 hanc
1558 549 1762 585 methodum
1787 564 1994 597 sequamur,
2023 565 2110 599 quae
2137 563 2214 596 per—-

1231 601 1343 633 facilis
1366 609 1433 640 est,
1467 602 1577 646 siquis
1600 603 1812 636 mediocrem
1837 603 2124 638 exercitationem
2149 604 2214 635 ad·

1232 649 1399 684 hibuerit.

1335 701 1429 735 Sunt
1446 708 1561 735 autem
1580 702 1801 747 quaestiones
1820 705 1988 748 dupliceS.
2031 703 2214 747 Quaedam

1233 759 1314 785 sunt
1338 752 1531 796 simplices,
1566 761 1603 786 nt
1628 765 1706 786 cum
1731 755 1774 786 de
1805 767 1874 788 una
1906 768 1989 788 voce
2013 755 2211 801 quaeritur:

1234 802 1331 845 Quid
1350 804 1395 836 sit
1411 804 1532 839 virtus.
1578 802 1674 846 Quid
1691 804 1734 837 sit
1753 806 1978 848 poenitentia.
2033 805 2215 848 Quaedam

1234 854 1439 887 coniunctae
1463 861 1561 895 sunt,
1588 862 1644 895 ut,
1669 867 1747 887 cum
1774 856 1966 900 propositio
1990 857 2106 901 aliqua
2131 866 2216 888 con-

1233 905 1404 937 firmanda
1441 912 1500 938 aut
1536 905 1751 938 confutanda
1794 915 1861 947 est,
1906 914 1965 951 ut,
2011 913 2216 952 oporteatne

1234 953 1477 989 Christianum
1496 956 1646 989 abiicere
1664 968 1742 989 suas
1760 957 1954 991 facultates-

1334 1006 1419 1040 Loci
1437 1007 1606 1050 simplicis
1625 1008 1839 1052 quaestionis
1854 1015 1943 1042 suut.

1386 1058 1481 1101 Quid
1501 1058 1559 1091 sit.

1386 1108 1486 1151 Quae
1502 1108 1572 1142 sint
1590 1115 1703 1152 partes
1723 1108 1776 1142 vel
1794 1110 1937 1153 species.

1388 1159 1487 1201 Quae
1504 1170 1636 1192 causae.

1387 1210 1460 1252 Qui
1476 1210 1627 1242 effectus.

1386 1262 1485 1302 Quae
1503 1267 1648 1303 cognata
1666 1268 1698 1294 et
1717 1260 1919 1304 pugnantia.

1336 1310 1384 1343 Hi
1402 1312 1469 1344 loci
1485 1312 1693 1344 consulendi
1711 1320 1808 1350 sunt,
1838 1324 1917 1344 curn
1942 1312 2068 1344 docere
2087 1311 2129 1343 de
2153 1311 2219 1343 ali-

1234 1373 1302 1406 qua
1328 1374 1365 1394 re
1389 1359 1550 1394 homines
1573 1361 1746 1395 volumus.
1800 1360 1845 1396 Et
1870 1361 2120 1395 assuefaciendi
2138 1367 2220 1394 sunt

1234 1412 1360 1449 animi,
1388 1419 1427 1445 ut
1443 1424 1672 1456 quaecunque
1690 1424 1742 1445 res
1762 1413 1938 1456 proposita
1954 1412 2071 1450 fuerit,
2098 1411 2217 1444 statim

1235 1463 1272 1495 in
1290 1461 1353 1495 hos
1372 1463 1467 1496 locos
1482 1463 1698 1502 intueantur,
1725 1463 1786 1507 qui
1802 1464 2006 1503 admonent,
2032 1462 2095 1495 ubi
2112 1473 2220 1506 quae-

1234 1514 1343 1546 renda
1362 1513 1406 1546 sit
1423 1513 1578 1552 materia,
1605 1519 1664 1545 aut
1683 1520 1773 1546 certe
1791 1514 1874 1557 quid
1893 1525 1933 1545 ex
1949 1525 2076 1556 magno
2094 1524 2218 1545 acervo

1236 1564 1447 1606 eligendum,
1464 1571 1498 1597 et
1514 1575 1583 1608 quo
1602 1563 1729 1595 ordine
1744 1564 2030 1596 distribuendum
2046 1564 2101 1598 sit.
2128 1561 2218 1595 Nam

1235 1614 1303 1647 loci
1320 1614 1554 1654 inventionis,
1581 1620 1656 1646 turn
1675 1615 1767 1657 apud
1786 1614 2006 1654 dialecticos,
2032 1621 2107 1647 tum
2125 1614 2219 1657 apud

1235 1662 1412 1703 rhetores,
1453 1677 1525 1697 non
1553 1671 1622 1698 tam
1652 1666 1857 1698 conducunt
1889 1666 1930 1697 ad
1965 1665 2218 1698 inveniendam

1236 1715 1437 1755 materiam,
1463 1727 1568 1760 quam
1595 1715 1639 1748 ad
1667 1715 1882 1758 eligendam,
1916 1722 2098 1760 postquam
2123 1726 2220 1748 acer-

1235 1778 1300 1799 vus
1325 1766 1452 1810 aliquis
1475 1778 1613 1806 rerum,
1640 1766 1695 1798 vel
1721 1778 1759 1799 ex
1786 1767 1853 1799 alia
1877 1773 1968 1807 arte,
1996 1767 2049 1799 vel
2073 1777 2113 1799 ex
2135 1765 2219 1810 ipsis

1235 1817 1384 1860 negotiis
1406 1817 1544 1851 oblatus
1560 1816 1675 1850 fuerit.

1335 1866 1455 1900 Prima
1472 1868 1508 1900 in
1526 1868 1625 1900 omni
1642 1879 1678 1899 re
1699 1868 1856 1901 definitio
1875 1879 1947 1901 esse
1965 1868 2078 1903 debet.
2115 1866 2216 1900 Hanc

1236 1919 1333 1951 iubet
1351 1930 1517 1962 quaerere
1535 1919 1649 1957 locus,
1676 1918 1762 1962 quid
1780 1918 1835 1952 sit.
1887 1918 1955 1952 Sed
1975 1919 2154 1952 interdum
2173 1919 2216 1950 de

1235 1968 1471 2013 appellatione
1488 1969 1586 2013 prius
1611 1969 1827 2012 disputatur,
1855 1975 1888 2002 et
1904 1969 2149 2003 constituenda
2167 1975 2218 2002 est

1235 2019 1442 2063 significatio
1462 2019 1643 2058 vocabuli,
1669 2025 1803 2052 constat
1818 2019 1911 2052 enim
1939 2019 2218 2053 innumerabiles

1234 2081 1307 2104 esse
1323 2067 1548 2117 λογομαχίας
1564 2076 1595 2103 et
1612 2069 1704 2102 rix-ss
1720 2071 1763 2102 de
1781 2070 1971 2106 vocabulis,
2026 2070 2133 2105 Initio
2151 2070 2217 2114 igi-

1235 2129 1312 2159 tur,
1339 2132 1383 2154 ne
1402 2120 1610 2163 ambiguitas
1626 2121 1797 2153 sermonis
1814 2133 1968 2154 errorem
1986 2122 2109 2166 pariat,
2125 2129 2218 2156 certa

1235 2172 1397 2205 vocabuli
1415 2171 1622 2215 significatio
1640 2172 1883 2205 constituenda
1903 2179 1961 2206 est.

1338 2221 1389 2256 Ac
1407 2224 1609 2267 praesertim
1635 2221 1671 2253 in
1691 2222 1990 2266 disputationibus
2009 2220 2216 2268 theologicis

1236 2275 1454 2307 observanda
1477 2280 1526 2307 est
1551 2271 1687 2316 phrasis
1710 2285 1886 2306 sacrarum
1904 2275 2105 2314 literarum,
2133 2275 2213 2319 quia

1235 2325 1356 2358 multis
1375 2325 1509 2359 utimur
1524 2323 1684 2358 Ebraicis
1700 2324 1835 2367 figuris,
1864 2337 1965 2370 quae,
1989 2326 2017 2358 si
2034 2337 2106 2358 non
2123 2332 2214 2359 recte

1236 2377 1448 2413 reddantur,
1476 2375 1578 2408 multi
1603 2387 1737 2408 errores
1755 2383 1970 2420 sequuntur,
1999 2382 2035 2409 ut
2051 2374 2213 2418 Pelagius

1235 2428 1381 2469 gratiam
1405 2426 1621 2469 intelligebat
1645 2432 1781 2459 tantum
1815 2427 2021 2459 beneficium
2055 2433 2213 2460 ostensae

1236 2477 1322 2523 legis
1339 2479 1381 2510 ad
1400 2477 1591 2510 doctrinae.
1646 2478 1692 2509 At
1717 2476 1848 2510 Paulus
1873 2477 1976 2520 longe
2004 2476 2170 2512 discernit
2193 2490 2212 2511 a

1234 2528 1308 2571 lege
1324 2528 1481 2571 gratiam.
1537 2527 1644 2561 Vocat
1668 2528 1762 2560 enim
1787 2527 1930 2571 gratiam
1955 2528 2213 2561 reconciliatio-

1235 2591 1335 2619 nem,
1362 2576 1428 2611 hoc
1454 2586 1521 2618 est,
1549 2579 1790 2612 remissionem
1812 2584 2032 2621 peccatorum
2060 2586 2093 2612 et
2114 2590 2211 2612 acce·

1234 2629 1425 2673 ptationem
1444 2630 1620 2670 divinam,
1645 2641 1723 2662 cum
1740 2640 1806 2673 qua
1821 2628 2006 2661 coniuncta
2030 2635 2079 2662 est
2101 2629 2212 2662 dona-

1234 2681 1283 2714 tio
1301 2679 1454 2725 Spiritus
1471 2681 1592 2715 sancti.
1646 2679 1764 2722 Quare
1780 2677 1940 2722 Pelagius
1958 2679 2108 2723 turpiter
2134 2691 2212 2713 cor-
