2379 2948
194 96 240 132 55

297 178 375 215 Etsi
392 185 508 214 autem
525 179 702 218 existimo,
729 176 873 210 arterias
888 175 961 210 dici
983 176 1027 210 ab
1044 172 1181 222 ἇρτάω,

199 232 293 279 quod
310 231 522 264 firmiuscule
547 234 743 272 compactae
766 234 866 268 sunt,
893 234 927 261 et
943 239 1049 260 venas
1065 239 1181 260 secum

200 283 441 327 suspendunt,
474 292 556 314 nam
577 280 762 312 adiunctae
786 278 884 311 venis
909 285 1122 322 sparguntur
1145 278 1181 310 in

201 342 315 368 totum
340 343 482 376 corpus:
514 338 631 364 tamen
655 335 689 362 et
712 326 803 361 hanc
829 329 1076 386 etymologiam
1092 328 1182 361 reci-

200 392 315 418 temus
343 395 383 416 ex
407 381 521 415 officio
549 379 677 413 fictam.
729 378 899 413 Scribunt
915 379 1009 412 enim
1034 379 1102 411 dici
1127 390 1183 411 ar-

203 435 347 474 teriam,
373 433 416 465 ab
433 429 502 476 ἀὴρ
520 437 553 463 81
566 432 688 475 τηρῶ,
716 430 815 475 quasi
839 431 1019 463 custodem
1039 429 1130 463 aeris
1152 434 1183 461 et

203 485 356 529 spiritus.
410 479 522 515 Aorta
550 480 720 523 significat
742 480 972 514 Macedonica
996 485 1183 513 consuetu-

203 536 286 567 dine
303 532 484 576 vaginam,
511 531 605 564 unde
621 538 764 575 propter
780 531 1048 564 similitudinem
1071 536 1184 562 trans-

202 586 271 618 lata
297 590 348 616 est
369 582 560 627 adpellatio
584 583 627 614 ad
654 579 748 615 hunc
772 581 980 614 arteriarum
1008 588 1185 619 truncum,

200 641 401 679 propterea,
436 633 531 678 quod
556 632 601 665 sit
626 632 756 665 canalis
784 632 966 676 aliquanto
987 631 1121 663 firmior
1152 636 1185 662 et

203 685 368 725 densior,
395 695 500 728 quam
527 694 656 723 venae,
683 689 718 716 et
743 689 782 716 ut
807 682 854 715 ita
880 682 1013 721 dicam,
1038 680 1184 723 vaginae

202 735 341 769 similis.
395 733 553 767 Galenus
576 733 710 778 inquit,
739 733 963 766 Aristotelem
990 729 1095 764 huius
1121 732 1184 763 ad-

201 785 404 844 pellationis
420 792 578 819 autorem
594 795 677 819 esse.
728 782 833 827 Apud
852 781 1045 816 Homerum
1063 779 1146 826 Od)
1150 792 1184 813 5-

202 847 279 869 5838
304 848 325 880 ρ
359 836 396 868 111
421 834 657 878 descriptione
690 845 792 876 perae
819 845 948 866 nomen
973 839 1022 866 est
1046 829 1184 878 ἇοοτὴρ

202 898 266 930 pro
285 886 434 926 circulo,
462 897 480 919 a
497 897 566 930 quo
590 885 766 928 pendebat
785 896 876 929 pera.

302 952 486 987 Scinditur
516 958 632 986 autem
661 958 758 985 aorta
790 950 974 995 paululum
1005 956 1099 984 extra
1126 960 1186 982 cor
1210 965 1211 974 ¹

201 1010 361 1048 porrecta
386 1003 422 1036 in
455 1004 543 1036 duos
569 1003 718 1045 grandes
744 1013 879 1042 ramos,
915 1013 1066 1046 quorum
1098 1000 1186 1033 alter

201 1054 401 1094 adscendit,
429 1060 468 1086 ut
492 1053 655 1097 spiritum
679 1052 819 1084 vitalem
846 1052 1087 1095 superioribus
1105 1062 1185 1094 par·
1210 1077 1211 1086 ,

202 1106 298 1138 1111115
319 1104 477 1148 corporis
500 1100 669 1142 advehat,
693 1102 781 1135 alter
802 1102 981 1134 descendit
1003 1102 1185 1146 aliquanto

203 1155 382 1197 grandior.

203 1217 278 1238 cum
296 1205 424 1250 quibus
448 1203 552 1237 simul
577 1215 639 1247 per
662 1214 788 1246 corpus
812 1210 1035 1246 sparguntur.

201 1256 295 1288 euim
318 1262 398 1289 sunt
417 1255 565 1288 arteriae
581 1254 694 1294 solae,
722 1265 794 1285 non
812 1253 998 1286 adiunctae
1016 1253 1125 1288 venis.

303 1322 355 1355 Ac
371 1322 567 1355 iucundum
586 1327 635 1353 est
654 1320 876 1352 considerare
899 1331 1108 1354 consensum
1125 1332 1184 1353 ve-

202 1385 328 1406 narum
363 1379 396 1404 et
425 1371 655 1408 arteriarum,
689 1375 722 1402 et
753 1377 874 1401 mutua
908 1371 1033 1402 officia.
1094 1370 1183 1402 Nam

203 1423 349 1456 arteriae
373 1421 473 1454 venis
496 1419 672 1454 adiunctis
698 1431 759 1462 per
788 1418 1054 1461 angustissimos
1080 1430 1184 1463 poros

202 1485 241 1506 38
266 1479 401 1506 meatus
416 1471 624 1515 impertiunt
648 1470 832 1513 spiritum,
860 1469 919 1513 qui
954 1469 1070 1502 calore
1094 1470 1185 1503 vita-

201 1524 227 1556 li
260 1523 466 1566 sanguinem
503 1521 687 1561 exuscitat,
721 1520 903 1564 percoquit
933 1526 966 1553 et
989 1526 1183 1554 conservat.

200 1573 340 1608 Rursus
379 1573 483 1606 etiarn
521 1572 670 1606 arteriae
711 1568 882 1604 hauriunt
922 1570 1183 1615 aliquantulum

202 1623 383 1667 sanguinis
401 1635 441 1656 ex
460 1623 574 1662 venis,
601 1634 670 1667 quo
691 1620 850 1661 vehitur,
876 1620 1011 1663 rigatur
1029 1627 1088 1654 81
1079 1632 1185 1664 auge*

202 1682 260 1708 tur
281 1674 436 1718 5ρ1111115.
493 1672 576 1706 Ideo
602 1673 719 1717 inquit
737 1648 910 1705 Galerius:
947 1668 1185 1705 Σ11α1εσῖό-

204 1737 346 1759 κων-ται
368 1721 438 1768 μὲν
460 1721 522 1758 καὶ
545 1720 713 1769 ἀρτηριαι
736 1723 816 1760 ταῖς
843 1719 956 1767 φλεψὶ
983 1720 1076 1755 καθ’
1099 1720 1185 1756 ὅλον

204 1774 242 1810 τὸ
267 1777 385 1819 σῶμα.
440 1773 581 1807 Ι11115118
597 1780 713 1807 31118111
729 1773 926 1816 exemplum
943 1772 1046 1804 nobis
1063 1772 1099 1804 in
1122 1770 1185 1805 hac

201 1826 353 1869 imagine
368 1824 589 1869 propositum
607 1830 657 1857 est
674 1829 817 1856 mutuae
841 1822 1186 1864 communicationis,

201 1878 278 1911 51118
295 1888 361 1921 qua
382 1875 583 1909 conservari
600 1881 724 1908 natura
740 1885 813 1907 non
830 1879 955 1917 potest.

302 1942 385 1976 Dixi
400 1941 607 1976 brevissime
631 1941 674 1973 de
697 1947 805 1974 aorta.
858 1937 987 1973 Oritur
1010 1947 1126 1973 31118111
1144 1952 1185 1974 ex

202 1994 344 2027 sinistro
364 1992 562 2026 ventriculo
579 1991 695 2024 cordis
713 1998 746 2024 et
763 1991 851 2023 alius
871 1990 1012 2027 canalis,
1041 1991 1101 2035 qui
1121 2003 1186 2024 no-

201 2045 358 2078 minatur
375 2042 514 2077 Arteria
541 2052 691 2082 venosa,
719 2048 750 2074 et
775 2040 970 2084 porrigitur
993 2041 1028 2073 in
1044 2042 1186 2084 pulmo-

201 2107 293 2130 nem.
347 2093 476 2128 Differt
493 2099 609 2126 autem
624 2104 697 2125 non
716 2092 829 2125 solum
850 2092 956 2134 figura
969 2118 977 2131 ,
1004 2093 1063 2124 sed
1082 2092 1185 2126 etiam

205 2158 268 2179 usu
294 2157 312 2178 a
336 2156 425 2178 vena
459 2143 634 2182 arteriali,
668 2143 712 2175 de
736 2154 802 2187 qua
832 2153 937 2186 supra
964 2142 1097 2175 dictum
1123 2150 1183 2176 est.

203 2196 292 2229 Nam
317 2205 406 2228 vena
429 2194 602 2228 arterialis
624 2205 662 2227 ex
687 2194 808 2226 dextro
827 2192 1024 2225 ventriculo
1043 2194 1186 2236 sangui-

205 2258 283 2279 nem
318 2243 412 2279 vehit
447 2246 484 2278 in
516 2245 721 2289 pulmonem
751 2243 934 2277 nutriendi
963 2244 1038 2277 eius
1071 2256 1184 2278 causa.

204 2296 272 2330 Sed
298 2294 355 2328 hie
378 2296 508 2329 canalis
534 2295 668 2328 sinistri
693 2292 839 2328 thalami
866 2306 905 2327 ex
931 2294 1099 2337 pulmone
1123 2296 1185 2327 ad-

205 2348 270 2380 fert
290 2350 403 2380 aerem
420 2345 650 2388 refrigerandi
664 2345 780 2378 cordis
797 2356 909 2378 causa.
948 2343 1073 2378 Adfert
1091 2346 1184 2378 enim

205 2394 342 2430 trachea
365 2399 480 2429 aerem
512 2397 550 2429 in
571 2396 776 2440 pulmonem
808 2402 841 2429 et
867 2396 1003 2428 iunctos
1032 2396 1186 2429 ramulos

206 2447 352 2480 arteriae
371 2458 537 2487 venosae,
564 2447 624 2491 qui
644 2447 800 2490 angustis
824 2446 967 2479 orificiis
991 2449 1104 2479 aerem
1127 2459 1185 2479 ex-

207 2498 358 2541 cipiunt,
385 2503 423 2530 ut
447 2498 489 2529 ad
513 2509 573 2529 cor
591 2498 840 2531 transmittant.
892 2495 1031 2530 Rursus
1046 2511 1062 2529 a
1082 2499 1185 2531 corde

205 2545 323 2581 evehit
339 2544 423 2580 haec
439 2547 563 2579 arteria
582 2548 695 2580 fumos
713 2555 745 2581 et
763 2550 879 2581 ae'rem
895 2547 1001 2580 nimis
1022 2548 1186 2589 calidum,

206 2599 268 2632 etsi
293 2608 363 2631 una
394 2594 536 2630 advehit
562 2598 722 2640 pulmoni
753 2599 895 2642 spiritus
927 2605 960 2632 et
988 2599 1182 2632 arterialem

205 2648 430 2693 sanguinem,
458 2648 500 2681 ad
520 2648 792 2681 calefaciendum
816 2649 1033 2692 pulmonem.

433 90 642 130 SCRIPTA
670 92 746 128 PH.
774 88 890 126 MEL.
920 87 986 124 AD
1010 88 1137 125 HtsT.
1163 87 1308 128 PROF.
1333 88 1400 126 ΕΤ
1428 89 1619 128 PHILOS.
1648 89 1969 130 SPECTANTIA.

1209 833 1211 838 ¹
1235 813 1298 846 Ubl
1318 826 1400 847 cava
1426 826 1513 848 Nessa
1536 815 1742 858 sangninem
1769 828 1806 848 111
1824 827 1884 848 (101⁸
1907 815 2075 849 lnfundlt.

1209 1579 1210 1582 ,
1236 1550 1380 1596 possint.

2165 92 2215 130 56

1334 174 1392 210 Ad
1421 173 1516 209 hunc
1540 187 1643 210 11511111
1670 183 1702 211 81
1729 177 1839 220 figura
1862 178 2125 213 accommodata
2153 185 2215 212 est.

1233 225 1314 260 Non
1331 227 1423 259 enim
1440 227 1587 270 perinde
1603 228 1709 261 densa
1728 234 1800 269 est,
1826 234 1866 262 ut
1887 236 2042 263 coeterae
2058 229 2218 267 arteriae,

1234 278 1295 309 sed
1316 283 1452 310 constat
1474 289 1544 310 una
1570 278 1707 319 tunica,
1734 285 1773 312 ut
1796 279 1898 312 facile
1915 280 2057 313 dilatari
2076 287 2110 313 et
2132 291 2217 313 con-

1235 327 1359 370 stringi
1390 327 1517 371 possit,
1558 329 1601 361 ad
1635 326 1871 363 exhalandum
1910 335 1943 363 et
1973 330 2218 374 recipiendum

1234 380 1368 417 aerem,
1395 384 1571 421 praeterea
1587 385 1627 412 ut
1642 379 1744 412 facile
1759 381 1885 413 exudet
1902 380 2109 423 sanguinem
2123 378 2217 413 hali-

1234 434 1394 469 tuosum,
1421 440 1508 461 neve
1523 429 1657 462 duricie
1678 429 1848 473 impediat
1870 437 2004 464 motum
2027 430 2219 474 pulmonis.

1236 476 1391 522 Ideoque
1411 479 1592 513 nominata
1616 486 1666 513 est
1699 481 1827 514 arteria
1850 492 1990 516 venosa.
2043 479 2108 514 Est
2122 480 2219 513 enirn

1235 529 1376 561 condita
1403 531 1587 574 praecipue
1612 530 1702 563 ae'ris
1725 537 1757 565 et
1774 531 1917 575 spiritus
1935 529 2087 564 vehendi
2107 538 2233 570 causas

1235 585 1268 612 et
1286 585 1403 612 tamen
1420 579 1528 622 figura
1546 580 1706 615 imitatur
1721 582 1950 625 gracilitatem
1967 593 2149 617 venarum.

1337 643 1441 679 Aliae
1464 653 1547 680 sunt
1574 647 1731 681 minutae
1755 648 1946 692 particulae
1971 649 2106 690 cordis,
2133 658 2220 693 qua—

1236 708 1316 729 rum
1331 697 1516 730 fabricatio
1535 704 1654 731 tamen
1675 709 1793 731 causas
1808 696 1925 734 habet.

1337 761 1527 797 Auriculae
1545 765 1635 797 duae
1650 764 1789 798 additae
1803 771 1895 798 sunt.
1949 763 2072 799 Altera
2089 762 2222 804 dextra,

2128 813 2222 848 Huic

1236 865 1369 898 orificio
1395 865 1515 898 addita
1539 873 1589 899 est
1600 840 1834 905 ²³membrana,
1858 878 1957 914 quae
1983 867 2081 900 sinus
2102 871 2136 899 et
2158 877 2222 898 an-

1235 915 1365 949 fractus
1391 912 1506 950 habet.

2058 1017 2159 1051 Sicut
2182 1017 2220 1049 in

1237 1073 1308 1100 tota
1334 1064 1498 1100 machina
1526 1065 1673 1101 humani
1703 1068 1863 1112 corporis
1889 1069 2005 1112 opifex
2035 1067 2143 1106 cavit,
2178 1079 2222 1100 ne

889 1153 896 1159 ,
1210 1142 1212 1162 :
1237 1117 1354 1151 subito
1371 1129 1517 1160 magnae
1536 1119 1645 1152 moles
1668 1119 1978 1160 transfundantur,
2005 1119 2064 1151 sed
2089 1118 2222 1162 ubique

443 1152 647 1187 Occurrunt
671 1159 785 1185 autem
810 1164 915 1185 ramis
938 1164 1047 1185 venae
1072 1163 1186 1192 cavae,
1210 1165 1211 1169 ¹

1089 1201 1185 1236 Raro
1210 1198 1211 1210 ³

1210 1234 1211 1245 1
1236 1219 1318 1253 facit
1335 1226 1502 1264 tanquam
1517 1219 1778 1255 instillationes.
2126 1241 2145 1268 ι,

1236 1168 1516 1202 moderationem
1544 1176 1576 1202 et
1601 1170 1837 1202 contationem
1864 1176 1975 1208 amat,
2004 1176 2036 1202 et
2051 1169 2220 1213 paulatim

1338 1285 1490 1319 Sinistra
1519 1298 1601 1319 vero
1629 1287 1787 1320 auricula
1809 1286 1974 1319 adiuncta
2000 1293 2050 1319 est
2075 1285 2221 1318 arteriae

1237 1348 1405 1377 venosae,
1432 1343 1471 1370 ut
1492 1338 1692 1370 eumantius
1711 1336 1769 1367 fiat
1788 1335 1880 1367 aeris
1899 1335 2100 1371 transfusio.

1337 1389 1420 1424 Dixi
1438 1391 1645 1424 brevissime
1665 1392 1708 1424 de
1723 1391 1902 1425 auriculis.

1336 1448 1487 1494 Reliqua
1504 1456 1585 1482 sunt
1602 1447 1771 1488 hostiola,
1798 1450 1963 1483 omnibus
1979 1450 2097 1484 addita
2117 1463 2223 1485 cana-

1236 1500 1348 1538 libus,
1381 1501 1468 1533 adeo
1494 1500 1618 1541 exilia,
1654 1507 1693 1533 ut
1717 1500 1906 1534 difficulter
1934 1501 2045 1533 oculis
2070 1502 2222 1536 iudicari

1435 1550 1598 1593 Quatuor
1623 1551 1777 1591 canales,
1802 1563 1890 1595 quos
1915 1551 2094 1590 recensui,
2121 1553 2221 1586 vide-

1236 1603 1318 1635 licet
1334 1599 1428 1634 Cava
1446 1612 1551 1641 vena,
1574 1608 1607 1635 et
1622 1613 1710 1634 vena
1725 1600 1911 1635 Arterialis
1931 1602 1969 1634 in
1993 1602 2115 1636 dextro
2135 1616 2222 1636 ven-

1236 1651 1377 1687 triculo.
1430 1650 1567 1685 Deinde
1594 1652 1631 1684 in
1655 1652 1797 1685 sinistro
1822 1652 1933 1686 Aorta
1957 1660 1989 1687 et
2005 1653 2146 1687 Arteria
2162 1667 2221 1687 ve-

1235 1714 1331 1743 nosa,
1355 1702 1568 1735 tenuissimis
1586 1703 1761 1745 pelliculis
1776 1703 1989 1736 clauduntur
2005 1710 2038 1737 et
2055 1705 2222 1748 aperiun-

1235 1760 1312 1793 tur,
1340 1760 1373 1785 et
1399 1752 1542 1797 quidem
1568 1753 1717 1795 singulis
1744 1753 1888 1797 propria
1912 1760 1995 1787 511111
2015 1751 2221 1789 huiusmodi

1236 1803 1411 1847 opercula.
1450 1801 1525 1835 Hae
1542 1803 1725 1846 pelliculae
1741 1803 1853 1837 dictae
1865 1801 2109 1851 τριγλώχινες,
2138 1807 2220 1850 quia

1236 1854 1368 1886 similes
1387 1859 1468 1886 sunt
1492 1853 1629 1897 cuspidi
1646 1851 1790 1887 habenti
1810 1862 1878 1888 tres
1900 1855 2043 1898 pinnas,
2071 1867 2144 1888 non
2162 1868 2220 1889 so-

1237 1904 1309 1938 lum
1334 1901 1429 1937 hunc
1453 1915 1555 1937 usum
1584 1901 1733 1945 habent,
1767 1912 1806 1938 ut
1827 1902 2058 1948 prohibeant,
2093 1918 2138 1939 ne
2162 1907 2220 1940 ni-

1235 1956 1345 1988 mium
1368 1955 1495 1987 influat
1521 1961 1581 1987 aut
1603 1954 1740 1995 effluat,
1766 1955 1823 1987 sed
1848 1954 1952 1988 etiam
1982 1967 2113 1999 organa
2135 1965 2220 1992 sunt

1235 2005 1465 2040 attractionis.
1540 2004 1609 2038 lam
1633 2011 1733 2039 motu
1757 2005 1873 2038 cordis
1900 2013 2037 2047 tensae,
2065 2009 2218 2042 tendunt

1236 2064 1267 2091 et
1293 2057 1387 2101 ipsae
1410 2055 1586 2089 canalium
1611 2055 1766 2096 tunicas,
1794 2062 1833 2089 ut
1859 2057 2086 2100 sanguinem,
2113 2059 2219 2104 spiri—

1235 2114 1324 2148 tum,
1351 2114 1383 2140 et
1401 2109 1535 2147 aerem,
1560 2118 1665 2151 quem
1682 2107 1851 2144 continet,
1881 2107 2023 2150 pellant.

1336 2173 1515 2208 Hactenus
1539 2174 1582 2206 de
1608 2173 1766 2206 aedificio
1792 2173 1907 2207 cordis
1927 2186 2036 2218 pauca
2054 2175 2218 2213 diximus.

1210 2237 1211 2258 ;
1234 2225 1338 2260 Nunc
1355 2225 1624 2258 considerentur
1640 2224 1774 2258 utilitas
1792 2231 1824 2257 et
1841 2231 1970 2258 motus.

1337 2292 1455 2326 Prima
1482 2298 1515 2324 et
1540 2302 1673 2324 summa
1698 2290 1831 2325 utilitas
1858 2297 1926 2332 est,
1959 2293 2054 2337 quod
2079 2293 2216 2338 reliquo

1236 2343 1375 2388 corpori
1391 2344 1470 2376 sons
1487 2349 1518 2375 et
1536 2341 1678 2374 initium
1697 2348 1747 2375 est
1770 2342 1861 2375 vitae
1884 2349 1916 2376 et
1934 2343 2059 2377 caloris
2077 2344 2216 2386 vivifici,

1235 2396 1308 2428 sive
1324 2392 1408 2427 haec
1424 2394 1617 2432 discernas,
1645 2391 1717 2425 sive
1734 2392 1826 2425 idem
1847 2404 1919 2426 esse
1936 2393 2040 2429 dicas.
2076 2392 2216 2429 Deinde

1236 2445 1397 2490 spiritum
1416 2451 1448 2478 et
1471 2441 1565 2476 hunc
1580 2442 1758 2475 vivificum
1783 2443 1934 2476 calorem
1957 2445 1993 2476 in
2010 2450 2121 2478 totum
2139 2457 2218 2478 cor-

1236 2509 1301 2540 pus
1331 2495 1471 2539 spargit.
1531 2492 1614 2526 Ideo
1654 2493 1771 2538 inquit
1802 2494 2027 2528 Aristoteles:
2068 2494 2217 2540 Ᾰάρδιά

1236 2545 1334 2581 ἐστὶν
1349 2543 1443 2591 ἀρχὴ
1459 2542 1547 2589 βίου
1563 2546 1653 2578 πᾶσι
1666 2543 1811 2588 μέρεσι,
1838 2542 1899 2578 καὶ
1912 2542 2108 2588 μεταδιδοῖ
2124 2546 2214 2592 θερ-

1233 2595 1375 2642 μασίαν
1391 2592 1570 2641 βιωτικὴν
1584 2597 1671 2629 πᾶσι
1681 2620 1691 2636 ‚
1716 2593 1778 2629 καὶ
1793 2596 1940 2639 πνεῦμα
1955 2597 2008 2641 τῷ
2025 2593 2215 2644 ἐγκεφάλῳ

1234 2646 1295 2683 καὶ
1318 2642 1439 2693 ἥπατι,

1560 914 1602 949 111
1628 914 1691 949 hos
1712 916 1888 961 spargitur
1908 917 2026 962 aliqua
2043 927 2123 961 pars
2139 926 2222 948 san·
2270 956 2281 961 Ι

1210 998 1211 1003 ,
1236 966 1370 1009 guinis,
1396 978 1502 1010 quam
1529 979 1590 1000 cor
1616 967 1775 1011 proxime
1801 965 1936 1008 haurit,
1963 979 2007 1000 ne
2030 964 2222 1000 vehemen-

1210 1028 1211 1036 ¹
1236 1017 1326 1050 tiore
1348 1017 1556 1050 attractione
1580 1029 1662 1050 cava
1696 1029 1786 1050 vena
1809 1025 2004 1062 rumpatur.
