2379 2948
210 110 288 145 799

317 191 369 227 De
386 189 520 224 unitate
536 184 706 220 essentiae
722 180 789 216 Dei
801 180 887 226 Cap.
904 180 963 216 43.

316 242 370 278 De
386 247 510 274 natura
526 235 646 269 divina
660 234 698 266 in
713 232 843 267 Messia
860 232 944 277 Cap.
964 231 998 266 9.
1050 230 1202 265 Vocabi-

219 307 278 334 tur
293 303 425 329 nomeu
444 289 517 322 eius
532 285 629 320 Deus
648 285 768 326 fortis,
795 284 896 318 Pater
912 283 1141 318 aeternitatis.

321 344 373 378 De
390 339 527 385 Spiritu
543 344 662 371 sancto
678 334 761 380 Cap.
777 334 837 372 44.
889 334 1079 369 Effundam
1098 332 1204 377 spiri—

220 408 294 435 tum
314 404 430 427 meum
448 400 553 434 super
570 399 688 422 semen
709 393 823 422 tuum.

322 444 374 478 De
401 449 525 476 natura
550 437 704 473 humana
727 438 765 470 in
781 437 911 472 Messia
927 435 1012 480 Cap.
1028 434 1062 471 7.
1114 432 1205 467 Ecce

220 500 319 541 virgo
354 491 546 537 concipiet,
585 497 619 524 et
656 489 768 534 pariet
796 489 920 523 filium.
983 487 1080 520 Idem
1110 486 1207 518 locus

221 554 367 585 testatur
385 551 533 578 matrem
550 552 622 586 esse
638 540 824 583 virginem.

322 595 462 632 Deinde
476 594 519 627 de
537 599 649 626 morte
664 590 832 631 Messiae,
859 597 893 624 et
916 590 1044 629 causis,
1072 599 1134 621 cur
1149 586 1208 619 fiat

222 650 375 685 victima.
438 644 525 679 Item
550 644 592 676 de
616 641 871 676 resurrectione
895 640 1124 674 concionatur
1152 644 1208 672 to-

221 711 297 737 tum
318 699 431 742 Caput
451 694 512 730 53.

324 748 462 784 Deinde
473 747 516 779 de
526 742 681 778 Ecclesia
697 743 841 777 collecta
859 754 898 774 ex
910 740 1048 775 ludaeis
1064 746 1096 773 et
1108 737 1209 773 Gen-

222 804 339 842 tibus,
366 807 399 833 et
415 796 529 843 qualis
549 801 666 829 coetus
685 794 729 827 sit
744 792 919 832 Ecclesia,
948 798 982 826 et
999 792 1095 837 quod
1118 801 1209 824 sem—

225 866 288 898 per
310 860 474 884 mansura
492 847 555 887 sit,
586 852 795 889 repetuntur
817 843 1002 877 conciones
1027 842 1065 875 in
1090 841 1211 875 multis

223 903 407 947 Capitibus
424 898 484 933 54.
501 904 533 931 et
549 894 610 931 55.
664 895 750 929 Item
768 893 829 930 59.
845 900 878 928 et
894 894 955 929 60.

327 951 414 986 Item
431 951 474 982 de
488 946 668 982 beneficiis
685 945 835 980 Messiae
847 972 856 986 ,
885 952 917 979 et
937 946 980 978 de
1004 943 1211 978 remissione

224 1011 445 1051 peccatorum
464 998 548 1043 Cap.
565 998 626 1033 61.

327 1053 380 1089 De
397 1049 620 1085 restitutione
637 1047 728 1081 vitae
746 1054 907 1081 aeternae
926 1046 1010 1090 Cap.
1029 1045 1091 1081 25.

327 1104 379 1138 De
395 1100 562 1147 praemiis
578 1106 609 1132 et
628 1098 751 1143 poenis
769 1098 921 1131 aeternis
937 1096 1022 1141 Cap.
1041 1096 1102 1132 66.

326 1152 565 1190 Utilissimum
584 1156 635 1184 est
649 1156 764 1183 autem
783 1149 984 1182 meminisse
1011 1149 1047 1181 in
1065 1145 1213 1190 singulis

225 1204 437 1242 testimoniis
460 1203 535 1246 ipsa
557 1197 754 1244 Prophetae
773 1200 898 1240 verba,
932 1200 969 1232 in
987 1199 1115 1244 quibus
1140 1209 1215 1230 am-

226 1257 383 1304 plissima
401 1252 562 1288 doctrina
581 1251 802 1291 continetur,
823 1263 928 1296 quam
946 1262 1042 1284 nunc
1058 1249 1095 1282 iu
1107 1248 1214 1282 Prae-

225 1310 357 1343 fatione
378 1303 563 1349 complecti
585 1301 692 1335 nimis
715 1302 860 1344 longum
886 1308 985 1334 esset.
1040 1299 1110 1334 Sed
1136 1310 1214 1332 cum

229 1361 273 1394 ad
292 1357 431 1400 singula
448 1354 650 1393 veniemus,
678 1353 840 1385 addenda
859 1352 926 1385 erit
943 1351 1125 1395 expositio.

330 1407 435 1441 Nunc
453 1404 561 1437 recito
577 1401 671 1436 hanc
689 1402 980 1440 admonitionem,
1005 1407 1044 1434 ut
1061 1406 1216 1433 recentes

229 1461 393 1495 Lectores
415 1456 545 1495 sciant,
576 1453 722 1486 eandem
742 1463 814 1484 esse
833 1463 953 1485 vocem
976 1462 1077 1484 verae
1093 1448 1216 1484 Eccle-

231 1512 300 1545 siae
317 1508 476 1542 omnium
495 1505 711 1543 seculorum,
741 1509 773 1535 et
795 1503 887 1535 idem
904 1500 1136 1544 Evangelium
1150 1527 1158 1540 ,
1185 1507 1216 1533 et

232 1570 424 1604 congruere
441 1566 562 1589 vocem
577 1551 836 1598 Prophetarum
854 1564 933 1585 cum
952 1564 1036 1585 voce
1054 1551 1137 1584 Filii
1149 1550 1217 1584 Dei

231 1620 264 1646 et
281 1609 550 1654 Apostolorum,
577 1604 647 1637 nisi
673 1603 768 1648 quod
795 1600 993 1646 Prophetae
1009 1603 1052 1634 de
1069 1608 1218 1634 venturo

230 1661 361 1697 Messia
380 1657 650 1694 concionantur,
678 1653 843 1698 Apostoli
863 1654 907 1685 de
925 1650 1096 1687 exhibito,
1130 1650 1218 1684 Cae-

232 1721 305 1748 tera
321 1716 403 1745 sunt
423 1708 554 1741 eadem.

336 1759 465 1795 Intexit
481 1764 596 1791 autem
612 1754 777 1789 vaticinia
794 1755 837 1788 de
857 1753 1026 1797 imperiis,
1052 1760 1102 1792 ut,
1132 1753 1221 1785 sicut

235 1825 340 1858 supra
354 1810 449 1852 dixi,
477 1807 753 1842 consolationem
779 1804 869 1838 hanc
893 1811 1093 1844 teneamus,
1119 1815 1221 1836 man-

234 1875 353 1899 suram
380 1873 452 1894 esse
468 1858 680 1898 Ecclesiam,
708 1857 812 1890 etiam
842 1855 1028 1889 ruentibus
1051 1854 1221 1898 imperiis,

236 1923 270 1950 et
283 1923 441 1958 expresse
457 1910 565 1944 trium
590 1905 874 1941 monarchiarum
891 1906 1108 1940 mentionem
1129 1905 1223 1945 facit,

236 1963 494 2010 Babylonicae,
522 1958 680 1992 Persicae
704 1964 737 1991 et
762 1957 928 1991 Graecae.
982 1955 1028 1990 Et
1053 1955 1224 2001 praedicit

238 2013 448 2061 Babyloniis
464 2018 497 2045 et
516 2009 668 2055 Assyriis
683 2009 823 2051 regibus
840 2008 997 2045 exitium,
1026 2015 1058 2041 et
1075 2006 1223 2051 imperio

238 2066 415 2113 potituros
434 2074 505 2096 esse
521 2059 648 2094 Medos
666 2066 698 2092 et
714 2058 848 2092 Persas.
890 2058 1032 2092 Deinde
1054 2057 1224 2091 Macedo—

239 2129 318 2158 nas,
345 2125 434 2161 quos
457 2111 619 2146 nominat
638 2107 771 2144 Cithim
797 2116 830 2143 et
846 2109 1022 2150 Graecos,
1047 2120 1135 2154 quos
1158 2120 1225 2141 no-

239 2169 351 2203 minat
370 2163 568 2202 Dodanim,
595 2161 630 2194 id
649 2167 716 2201 est,
742 2159 943 2193 Dodoneos.

343 2215 458 2251 Series
493 2220 610 2247 autem
649 2209 935 2245 monarchiarum
973 2210 1010 2243 in
1040 2207 1227 2254 Prophetis

242 2271 322 2303 ideo
354 2267 539 2304 recitatur,
577 2270 617 2297 ut
645 2269 781 2306 tempus
810 2268 942 2295 certum
972 2261 1228 2304 significaretur

244 2322 416 2354 adventus
442 2315 610 2355 Messiae,
643 2312 831 2358 praeterire
865 2312 958 2345 enim
991 2309 1054 2344 has
1085 2323 1227 2344 monar-

245 2369 339 2403 chias
361 2366 634 2413 Babylonicam,
665 2363 840 2397 Persicam
865 2369 898 2396 et
922 2361 1093 2396 Graecam
1123 2374 1228 2406 opor-

245 2421 332 2458 tuit,
360 2426 479 2463 postea
504 2423 674 2449 venturus
699 2421 771 2447 erat
787 2413 946 2447 Messias.
998 2411 1045 2446 Et
1067 2414 1228 2446 consola-

246 2471 296 2504 tio
318 2469 528 2514 proponitur
557 2465 816 2500 infirmissimae
845 2464 962 2508 genti,
997 2464 1089 2497 inter
1115 2471 1229 2498 tantas

247 2521 368 2554 ruinas
400 2519 633 2552 maximorum
665 2516 894 2560 imperiorum
922 2526 1124 2548 mansuram
1157 2526 1229 2548 esse

247 2571 406 2615 politiam
430 2568 543 2608 Mosi,
578 2575 611 2602 et
641 2568 756 2601 sedem
781 2564 957 2600 Ecclesiae
983 2577 1022 2599 ac
1051 2565 1230 2599 doctrinae

246 2628 375 2655 certam
399 2620 473 2652 fore
503 2619 540 2650 in
563 2617 668 2660 Iuda,
704 2618 816 2652 donec
838 2616 985 2651 Messias
1018 2616 1092 2661 ipse
1124 2617 1161 2650 in
1191 2628 1230 2650 eo

247 2671 378 2717 templo
401 2668 678 2704 concionaretur.

800 94 925 130 PHIL.
954 92 1073 131 MEL.
1099 92 1310 130 SCRIPTA
1337 91 1638 128 EXEGETICA.

2160 95 2235 132 800

1353 179 1451 214 Haec
1475 178 1669 213 consolatio
1694 189 1799 223 quam
1818 185 1914 221 grata
1937 181 2044 215 fuerit
2066 181 2153 225 piis,
2181 182 2238 214 in-

1254 230 1411 275 telligere
1426 241 1612 274 possumus
1629 241 1668 263 ex
1685 236 1804 262 nostra
1821 229 2046 263 solicitudine
2064 233 2107 265 de
2125 239 2239 276 poste-

1255 283 1368 317 ritate.
1431 281 1569 316 Scimus
1598 291 1799 314 mansuram
1832 292 1903 313 esse
1935 279 2145 324 Ecclesiam,
2179 285 2239 317 sed

1256 332 1320 366 ubi
1343 343 1508 366 mansura
1531 332 1592 373 sit,
1619 331 1794 375 angimur.
1849 331 1981 365 Tribus
2004 330 2089 365 luda
2112 333 2240 368 sciebat

1257 384 1295 416 in
1312 395 1373 417 sua
1389 383 1603 427 posteritate,
1628 390 1661 416 et
1679 383 1715 415 in
1733 379 1799 415 hoc
1817 383 1891 426 ipso
1911 382 2067 426 vestigio,
2089 382 2126 415 in
2140 382 2242 425 Zion,

1257 445 1460 467 mansuram
1482 445 1577 475 esse,
1612 433 1748 467 etiamsi
1781 433 2050 467 intervenerunt
2076 434 2181 468 exilia
2210 441 2244 468 et

1258 486 1389 520 multae
1405 485 1529 518 clades.

1361 534 1454 569 Sunt
1476 543 1592 569 autem
1617 535 1701 568 anni
1727 547 1745 568 a
1765 541 1878 569 morte
1896 532 2008 569 Oziae
2023 536 2066 569 ad
2093 536 2245 570 natalem

1259 583 1395 620 Christi
1411 586 1496 626 776,
1522 587 1564 618 ad
1585 587 1875 620 resurrectionem
1897 598 1979 620 vero
1995 586 2081 619 anni
2099 585 2183 628 809,
2207 598 2246 620 ac

1261 648 1430 670 numerus
1445 636 1657 679 significatus
1676 644 1726 670 est
1743 635 1865 681 Capite
1881 650 1976 671 nono
1997 638 2033 670 in
2056 637 2168 671 literis
2183 649 2248 671 vo-

1262 688 1378 722 cabuli
1396 684 1593 720 Lemarbeh
1610 685 1837 723 hammisrah.

1363 737 1554 783 Postquam
1596 745 1713 772 autem
1755 738 1798 771 de
1837 739 1997 773 doctrina
2042 737 2247 784 prophetica

1262 790 1396 824 dictum
1412 796 1480 830 est,
1504 789 1573 822 iam
1594 796 1626 823 et
1644 790 1920 824 accommodatio
1936 791 1977 823 ad
1998 791 2145 824 virtutes
2163 802 2248 824 con-

1262 841 1447 874 sideretur.
1499 839 1676 883 Fungitur
1692 852 1839 874 munere
1856 839 2072 885 Prophetae,
2100 842 2159 875 sed
2174 853 2249 875 ma—

1263 892 1387 925 nifesta
1404 903 1487 924 voce
1505 890 1571 924 Dei
1589 898 1742 925 vocatus.
1793 889 1840 924 Et
1858 890 1952 924 Deus
1968 899 2070 926 ornat
2085 904 2164 926 eum
2180 892 2248 925 mi-

1264 943 1413 983 raculis,
1443 949 1482 975 ut
1501 948 1617 975 extent
1633 942 1833 975 testimonia
1853 943 2047 976 vocationis
2069 950 2101 976 et
2118 944 2250 977 doctri-

1265 1005 1341 1026 nae.
1395 992 1490 1026 Hinc
1505 993 1712 1026 discendum
1731 999 1800 1034 est,
1827 1005 1871 1025 ne
1892 994 1935 1026 ad
1959 993 2250 1036 gubernationem

1267 1045 1343 1078 sine
1361 1043 1545 1077 vocatione
1560 1044 1775 1078 accedamus.

1366 1094 1505 1128 Deinde
1520 1094 1613 1128 lucet
1630 1095 1714 1127 fides
1728 1094 1765 1126 in
1784 1106 1865 1127 vera
1883 1094 2117 1136 invocatione,
2142 1095 2180 1128 in
2197 1107 2253 1128 re-

1267 1143 1504 1191 prehensione
1535 1145 1703 1178 falsorum
1738 1145 1917 1186 cultuum,
1950 1146 1988 1179 in
2017 1146 2253 1180 illustratione

1267 1197 1467 1237 doctrinae,
1495 1196 1532 1228 in
1552 1196 1710 1229 consiliis
1727 1196 2014 1239 gubernationis,
2041 1197 2078 1229 in
2096 1204 2254 1241 expecta-

1268 1249 1364 1282 tione
1379 1247 1503 1280 auxilii
1521 1247 1654 1288 divini,
1680 1247 1718 1280 in
1735 1244 1977 1290 prohibitione
1993 1248 2196 1289 foederum,
2222 1255 2255 1282 et

1269 1296 1561 1343 reprehendenda
1582 1297 1936 1345 nolvnpccyqtcooiqu,
1963 1310 2051 1343 quae
2073 1299 2255 1333 oriebatur

1269 1361 1308 1382 ex
1326 1348 1534 1382 diffidentia.
1590 1347 1683 1391 Quia
1710 1349 1804 1381 enim
1824 1360 1920 1390 reges
1944 1356 2043 1383 erant
2068 1349 2191 1393 impii,
2221 1356 2256 1383 et

1269 1399 1353 1432 solis
1376 1397 1541 1431 humanis
1564 1398 1721 1431 consiliis
1747 1399 1885 1431 munire
1909 1410 1944 1431 se
1963 1399 2149 1439 volebant,
2176 1400 2255 1433 ideo

1270 1448 1400 1494 passim
1429 1448 1692 1487 discurrebant,
1727 1460 1823 1482 nunc
1851 1450 1895 1482 ab
1920 1448 2125 1496 Aegyptiis,
2159 1462 2256 1484 nunc

1270 1501 1313 1533 ab
1342 1499 1498 1543 Assyriis
1531 1499 1699 1543 petebant
1729 1499 1919 1539 auxilium,
1953 1512 1971 1533 a
1996 1497 2125 1545 quibus
2156 1501 2257 1534 salle-

1271 1551 1411 1584 bantur.

1373 1597 1426 1633 Ac
1441 1599 1623 1632 dissimilis
1637 1605 1688 1632 est
1703 1599 1912 1642 gubernatio
1938 1598 2142 1645 prophetica
2159 1613 2177 1634 a
2194 1613 2258 1646 gu-

1272 1650 1481 1684 bernatione
1510 1648 1693 1683 Ciceronis
1726 1657 1786 1683 aut
1814 1649 2076 1687 Themistoclis.
2135 1651 2259 1686 Cicero

1273 1708 1409 1735 tantum
1426 1698 1582 1733 humana
1607 1700 1755 1733 consilia
1781 1702 1960 1746 sequitur,
1986 1709 2019 1736 et
2037 1703 2173 1748 quaerit
2190 1701 2259 1737 hu-

1272 1763 1376 1784 mana
1393 1751 1579 1795 praesidia.
1632 1751 1679 1784 At
1696 1749 1872 1795 Propheta
1898 1760 2014 1787 manet
2037 1754 2128 1787 intra
2152 1760 2260 1788 metas

1275 1803 1523 1835 mandatorum
1541 1801 1765 1842 divinorum,
1793 1810 1825 1836 et
1851 1803 1962 1837 exitus
1979 1803 2055 1837 Deo
2081 1816 2260 1838 commen-

1275 1854 1335 1887 dat
1351 1859 1384 1886 et
1401 1852 1468 1885 fide
1486 1858 1640 1896 expectat
1658 1865 1676 1886 a
1696 1851 1771 1886 Deo
1795 1855 1976 1890 auxilium.
2019 1854 2180 1901 Cumque
2197 1857 2260 1889 ad-

1275 1904 1320 1937 sit
1338 1902 1434 1938 Deus
1458 1903 1496 1936 in
1519 1903 1580 1937 tali
1604 1904 1876 1947 gubernatione,
1905 1912 2050 1938 eventus
2073 1913 2155 1940 sunt
2180 1906 2260 1939 seli-

1275 1967 1341 1988 ces.
1392 1953 1469 1987 Hoc
1486 1954 1675 1987 discrimen
1691 1956 1863 1995 ostendit,
1891 1955 2055 2000 inquiens
2077 1955 2162 2002 Cap,
2181 1957 2259 1994 30,:

1278 2004 1320 2039 In
1336 2005 1477 2039 silentio
1494 2011 1526 2038 et
1544 2016 1603 2048 spe
1620 2005 1685 2038 erit
1701 2005 1871 2038 fortitudo
1891 2014 2014 2040 vestra.

1368 2055 1550 2089 Praeterea
1568 2055 1605 2088 in
1622 2067 1723 2089 cruce
1739 2056 1959 2090 tolerantiam
1980 2065 2012 2091 et
2029 2060 2260 2094 constantiam

1278 2105 1508 2140 consessionis
1527 2113 1559 2140 et
1575 2112 1727 2151 praestat
1744 2104 1919 2151 Propheta
1931 2135 1940 2148 ,
1963 2115 1995 2142 et
2015 2110 2196 2154 praecipit,
2223 2118 2262 2146 ut

1277 2156 1361 2202 Cap.
1377 2155 1437 2192 51.
1454 2157 1588 2202 inquit:
1615 2156 1667 2190 Ne
1682 2156 1802 2191 timete
1822 2159 1951 2202 probra
1970 2157 2168 2196 hominum.

1380 2208 1591 2242 Praemonet
1613 2208 1716 2242 etiam
1740 2209 1979 2251 posteritatem
1998 2211 2041 2244 de
2064 2212 2192 2246 futuris
2209 2219 2262 2246 te-

1280 2259 1399 2293 nebris
1415 2259 1451 2291 in
1466 2258 1633 2299 Ecclesia,
1661 2265 1692 2291 et
1710 2266 1799 2299 orat,
1827 2272 1871 2293 ne
1885 2260 1944 2294 lux
1962 2262 2143 2296 doctrinae
2161 2275 2261 2308 pror-

1280 2322 1337 2344 sus
1354 2310 1590 2352 extinguatur,
1616 2316 1655 2343 ut
1671 2308 1755 2354 Cap.
1768 2311 1829 2346 29.
1846 2318 1879 2344 et
1892 2310 1976 2356 Cap.
1989 2312 2067 2348 64.:
2103 2311 2150 2348 Et
2168 2326 2262 2347 nunc

1280 2361 1433 2396 Domine
1449 2359 1551 2394 Pater
1567 2367 1687 2394 noster
1701 2372 1736 2394 es
1752 2368 1803 2402 tu,
1830 2373 1894 2395 nos
1910 2374 1994 2397 vero
2013 2364 2137 2397 lutum.
2171 2363 2261 2398 Ecce

1282 2413 1434 2457 respice,
1461 2412 1614 2455 populus
1630 2418 1710 2444 tuus
1729 2424 1850 2446 omnes
1865 2425 1941 2447 nos.

1368 2462 1547 2496 Hactenus
1563 2469 1743 2508 utcunque
1760 2465 1903 2507 exposui
1921 2472 2164 2508 argumentum
2180 2467 2262 2500 uni-

1283 2514 1373 2547 versi
1392 2513 1506 2557 operis
1522 2512 1663 2553 Esaiae,
1690 2520 1729 2547 ut
1750 2527 1838 2559 quae
1860 2515 1903 2548 sit
1921 2515 2125 2558 principalis
2153 2524 2262 2551 mate-

1281 2565 1334 2598 ria
1350 2571 1383 2597 et
1399 2564 1540 2608 propria
1557 2561 1773 2607 Prophetae,
1800 2577 1836 2598 ac
1853 2565 2082 2599 discernenda
2104 2578 2122 2600 a
2146 2565 2262 2610 philo-

1284 2613 1437 2659 sophicis
1463 2612 1790 2653 adhortationibus,
1823 2616 2073 2650 consideretur.
2125 2617 2263 2653 Deinde

1251 2662 1257 2705 Ξ
1284 2678 1366 2700 vero
1385 2666 1511 2699 addam
1533 2666 1752 2709 singulorum
1767 2664 1929 2709 Capitum
1948 2676 2162 2711 argumenta.
