2379 2948
233 112 307 146 903

233 208 316 230 vero
340 194 602 229 excruciabatur
624 190 835 224 Iudaeorum
867 195 941 222 tum
966 186 1216 223 imbecillitate,

234 254 310 281 tum
343 243 645 290 perversitatibus,
678 252 830 286 quorum
859 239 963 273 multi
987 240 1057 273 iam
1081 237 1216 270 nullam

817 102 942 137 PHIL.
970 99 1086 137 MEL.
1115 97 1324 136 SCRIPTA
1351 94 1654 133 EXEGETICA.

2177 95 2252 131 904

1369 183 1443 217 Alii
1467 182 1568 216 aliter
1593 182 1637 215 de
1660 181 1832 216 sententia
1856 179 1962 215 huius
1985 182 2106 226 capitis
2130 183 2252 226 dispu-

1270 240 1363 275 tant,
1391 235 1449 267 sed
1467 233 1584 266 iudico
1603 231 1693 266 hanc
1710 244 1781 266 esse
1798 232 2092 276 simplicissimam
2110 245 2252 266 enarra-

236 309 331 342 spem
349 308 419 329 esse
436 293 669 327 restituendae
685 292 802 330 urbis,
831 298 864 324 et
883 291 1009 324 frustra
1027 289 1094 322 sibi
1112 287 1217 320 verba
1241 291 1245 340 ἱ
1270 286 1415 320 tionem.
1455 283 1581 318 Adfuit
1597 291 1711 317 autem
1729 284 1824 316 bono
1842 283 1978 326 Angelo
1997 283 2066 315 dux
2084 281 2252 323 Michael,

236 349 314 381 dari
336 359 354 379 3
379 342 564 388 Prophetis
585 343 760 378 dicebant.
795 341 869 375 Alii
893 342 955 375 etsi
982 353 1053 373 non
1076 348 1219 383 prorsus

237 396 480 441 desperatione
514 395 784 436 frangebantur,
826 404 943 426 tamen
980 389 1222 424 dehortatores

237 455 337 482 erant
353 447 441 487 suis,
467 458 511 478 ne
529 451 757 489 properarent
776 443 888 476 redire
908 443 944 475 in
964 442 1110 486 patriam
1125 467 1134 479 ,
1162 439 1221 471 sed

238 500 408 532 iubebant
439 497 611 540 expectari
645 502 802 538 tempora
829 493 1095 538 tranquilliora,
1130 489 1223 522 ride—

238 551 323 583 bant
339 548 526 582 stulticiam
545 558 684 586 eorum,
711 545 770 590 qui
790 545 922 578 incerta
945 555 1004 588 spe
1021 542 1125 581 moti,
1153 547 1222 573 sta-

238 601 301 634 tim
319 612 359 633 ex
376 596 550 632 Chaldaea
568 598 804 630 discesserant.

340 659 390 692 Ut
416 658 522 701 igitur
549 657 649 689 initia
677 656 816 688 fuerant
840 654 996 688 laeticiae
1028 653 1148 697 plena,
1177 651 1223 684 ita

240 722 336 744 nunc
373 709 456 742 boni
493 714 574 740 sunt
618 707 653 739 in
690 707 804 743 luctu,
846 705 1026 749 squalore,
1064 702 1224 736 tristicia.

238 760 393 795 Econtra
417 771 499 792 vero
524 769 602 801 pars
624 756 853 794 Iudaeorum,
880 767 968 799 quae
988 766 1089 787 suum
1108 753 1223 786 ocium

239 811 416 854 relligioni
434 809 666 847 anteferebat,
693 805 811 839 fremit
839 805 1081 847 indignatione
1098 805 1224 837 distra-

241 860 293 895 hit
310 861 507 894 voluntates
526 870 691 897 suorum,
718 857 900 900 perturbat
918 856 1042 891 bonos.

341 920 463 953 Habes
479 917 653 950 Ecclesiae
680 915 887 957 imaginem,
916 927 1021 959 quam
1038 913 1133 948 Deus
1151 915 1224 948 vult

241 979 273 1006 et
291 970 442 1004 exerceri
457 967 727 1007 afflictionibus,
754 974 786 1000 et
802 966 869 998 fide
894 973 1073 1009 expectare
1097 966 1225 998 libera-

241 1023 364 1057 tiones.
418 1018 463 1053 Et
485 1031 562 1052 cum
587 1018 731 1057 liberat,
766 1023 881 1049 tamen
904 1023 1050 1049 eventus
1073 1028 1145 1049 non
1171 1028 1225 1048 re-

241 1073 418 1118 spondent
450 1069 578 1103 nostris
609 1067 832 1102 coniecturis.
893 1066 980 1100 Cum
1010 1065 1094 1112 Cyri
1119 1068 1226 1099 bene-

240 1123 358 1158 ficium
378 1121 585 1164 impeditum
604 1125 701 1157 esset,
731 1125 847 1161 postea
864 1117 971 1160 magis
990 1117 1145 1161 conspici
1164 1129 1224 1160 po-

240 1175 320 1213 tuit,
348 1185 366 1206 3
383 1172 458 1206 Deo
477 1170 667 1214 gubernari
684 1167 774 1202 hanc
792 1168 1050 1206 liberationem,
1080 1180 1158 1201 cum
1177 1175 1226 1201 tot

240 1224 493 1268 impedimenta
520 1221 744 1261 incidissent,
772 1232 859 1265 quae
879 1217 1045 1252 humanis
1069 1219 1227 1252 consiliis

241 1275 319 1309 tolli
334 1286 407 1308 non
425 1279 597 1318 poterant.

343 1350 441 1383 Nova
458 1348 567 1391 igitur
583 1346 672 1379 visio
690 1343 874 1379 exhibetur
889 1345 955 1377 iam
973 1344 1129 1384 Danieli,
1154 1355 1226 1377 non

241 1402 355 1436 solum
378 1407 418 1433 ut
440 1400 513 1443 ipse
537 1405 569 1431 et
585 1397 711 1430 caeteri
734 1396 785 1439 pii
801 1396 837 1428 in
856 1393 923 1428 hoc
942 1395 1115 1439 praesenti
1132 1395 1227 1441 peri-

243 1453 321 1486 culo
340 1451 611 1488 confirmentur,
638 1448 697 1480 sed
717 1447 817 1479 etiam
830 1473 837 1486 ,
865 1452 902 1479 ut
921 1446 1103 1489 posteritas
1126 1457 1225 1488 prae-

240 1511 428 1536 moneatur
441 1501 482 1533 de
500 1499 695 1544 praecipuis
711 1497 968 1530 mutationibus
986 1496 1228 1539 imperiorum,

242 1561 275 1587 et
292 1554 335 1586 de
351 1553 393 1584 iis
410 1550 677 1588 calamitatibus,
698 1559 785 1593 quae
798 1546 945 1580 Iudaeae
961 1547 1226 1588 impendebant,

242 1604 352 1647 Saepe
369 1609 484 1635 autem
503 1602 570 1634 iam
590 1599 722 1632 dictum
739 1604 807 1637 est,
835 1609 942 1642 quare
959 1597 1045 1630 utile
1062 1597 1106 1630 sit
1126 1608 1225 1639 prae-

242 1653 380 1688 moneri
398 1653 486 1697 pios.
537 1649 687 1683 Discunt
706 1649 816 1680 vitare
840 1659 960 1680 causas
978 1647 1227 1687 calamitatum,

241 1705 403 1738 videlicet
420 1715 457 1735 ea
475 1701 601 1735 scelera
613 1727 621 1739 ,
651 1699 779 1744 quibus
797 1698 922 1731 caeteri
941 1704 1121 1730 accersunt
1144 1710 1227 1741 poe-

240 1767 320 1795 nas,
347 1764 553 1799 praeparare
570 1751 722 1788 animos,
752 1761 796 1781 ne
810 1749 846 1781 in
864 1749 935 1792 ipsa
955 1748 1149 1781 calamitate
1165 1750 1227 1780 ad-

243 1807 439 1840 sentiantur
464 1803 600 1847 impiis,
629 1807 808 1845 expectare
832 1799 1098 1839 liberationem,
1128 1811 1226 1841 prae-

241 1857 380 1896 sertim,
407 1867 485 1890 cum
510 1853 707 1895 intelligent
733 1851 826 1883 clara
851 1862 934 1883 voce
950 1849 1014 1881 Dei
1038 1850 1227 1892 promissos

244 1919 314 1940 esse
333 1908 441 1939 laetos
458 1905 569 1937 exitus
586 1901 712 1935 horum
736 1901 979 1934 certaminum.
1027 1900 1094 1933 Sed
1117 1901 1158 1933 de
1172 1898 1226 1933 his

242 1957 454 1991 utilitatibus
490 1955 581 1987 infra
617 1964 736 1986 rursus
772 1952 962 1984 (licendum
992 1951 1070 1984 erit.
1125 1950 1226 1984 Nunc

241 2009 395 2042 breviter
412 2005 516 2039 huius
532 2004 653 2048 capitis
679 2003 883 2047 praecipuos
900 2003 994 2035 locos
1013 2013 1226 2045 percurram.

337 2067 493 2109 Angelus
512 2065 590 2108 pius
608 2069 726 2095 narrat
738 2061 877 2094 Danieli
897 2072 931 2093 se
947 2060 1129 2093 dimicasse
1147 2072 1226 2094 cum

242 2118 400 2163 principe
417 2116 601 2149 Persarum
614 2138 623 2152 ,
652 2113 686 2145 id
707 2119 774 2152 est,
802 2123 880 2144 cum
897 2111 1040 2144 diabolo
1059 2112 1226 2145 moliente

242 2169 487 2212 dissipationes
505 2165 604 2208 regni
622 2163 763 2197 Persici.
805 2160 881 2195 Etsi
900 2162 993 2194 enim
1012 2162 1227 2204 ignoramus,

242 2220 419 2265 quomodo
443 2223 600 2261 pugnent
623 2215 715 2247 inter
739 2225 774 2245 se
798 2212 884 2245 boni
907 2219 939 2245 et
964 2212 1046 2244 mali
1072 2212 1227 2256 spiritus,

242 2279 358 2304 tamen
378 2268 566 2302 certamina
585 2277 656 2299 esse
673 2276 745 2297 non
764 2264 912 2297 dubium
931 2269 990 2303 est,
1015 2262 1087 2295 sive
1103 2263 1225 2306 dispu-

243 2321 375 2354 tatione
397 2321 505 2359 fiunt,
541 2318 613 2351 sive
634 2316 712 2349 aliis
738 2314 862 2349 modis.
916 2311 978 2346 Ait
1002 2324 1083 2356 ergo
1111 2314 1225 2346 bonus

243 2371 399 2414 Angelus
419 2381 615 2414 repressum
633 2379 652 2400 3
670 2379 704 2399 se
721 2378 792 2399 esse
813 2364 942 2398 malum
964 2363 1137 2407 spiritum,
1165 2365 1224 2408 qui

245 2422 442 2457 Cambvsen
472 2421 634 2453 iuvenem
665 2425 698 2451 et
728 2417 860 2449 aulicos
893 2414 1021 2458 impios
1048 2414 1226 2455 incitabat,

244 2472 299 2503 vel
317 2461 561 2504 ad‘delendam
588 2475 725 2513 gentem
743 2466 940 2505 Iudaicam,
969 2465 1023 2498 vel
1047 2466 1089 2498 ad
1116 2464 1226 2498 inter-

243 2521 430 2554 ficiendum
454 2521 656 2561 Danielem,
684 2519 739 2551 vel
764 2519 807 2551 ad
832 2517 918 2550 alias
939 2527 993 2549 res
1018 2516 1126 2548 malas
1150 2523 1226 2549 ten-

243 2573 378 2611 tandas,
394 2583 482 2615 quae
497 2584 607 2604 novos
624 2576 737 2603 motus
754 2569 791 2601 in
808 2579 913 2611 regno
931 2568 1100 2600 allaturae
1115 2573 1226 2606 erant,

245 2623 332 2655 sicut
360 2622 535 2655 interdum
567 2622 641 2654 leve
670 2627 842 2659 erratum,
880 2619 973 2663 quod
1007 2617 1109 2651 initio
1141 2629 1226 2650 con-

245 2672 433 2710 temnitur,
461 2678 579 2716 postea
600 2671 776 2714 ingentem
794 2670 934 2704 ruinam
953 2665 1071 2704 trahit.

1275 348 1378 381 quem
1405 347 1483 368 cum
1509 332 1566 368 bic
1591 342 1624 368 et
1646 334 1738 367 infra
1762 340 1861 367 vocet
1884 335 2008 366 ducem
2034 333 2155 377 populi
2170 331 2254 374 Dei,

1276 386 1433 429 intelligo
1459 397 1531 418 esse
1557 386 1671 429 ipsum
1697 384 1829 418 Filium
1854 383 1920 417 Dei
1942 381 2071 431 λόγον,
2096 390 2135 417 ut
2157 395 2175 416 a
2197 382 2255 416 Io-

1276 435 1393 470 hanne
1416 437 1630 471 nominatur,
1683 434 1789 469 Hunc
1812 436 1935 468 ducem
1956 442 1989 469 et
2006 446 2109 478 supra
2135 433 2256 468 scribit

1277 488 1441 520 interesse
1465 487 1641 531 colloquio
1659 487 1695 519 in
1713 487 1824 530 capite
1847 493 1990 526 octavo,
2018 486 2081 518 ubi
2100 483 2257 527 Angelus

1276 540 1320 571 ab
1338 538 1398 570 illo
1418 536 1571 570 Domino
1588 538 1675 581 petit
1696 537 2019 581 interpretationem
2038 536 2193 569 visionis.

1379 586 1511 621 Adesse
1534 599 1613 620 eum
1636 595 1670 621 et
1684 588 1721 620 in
1738 586 1803 621 hoc
1821 587 2018 632 colloquio,
2044 599 2082 620 ac
2100 585 2258 619 Danielis

1278 639 1376 672 labra
1399 638 1588 681 attingere,
1621 645 1654 671 et
1679 646 1939 672 consternatum
1970 649 2125 671 recreare
2151 649 2258 680 appa-

1277 697 1341 725 ret.
1394 688 1541 732 Semper
1558 688 1651 721 enim
1675 690 1825 722 adfuisse
1841 688 1973 722 Filium
1989 688 2053 722 Dei
2071 688 2259 729 Ecclesiae,

1279 752 1423 784 eamque
1442 739 1639 772 defendisse
1656 746 1776 772 contra
1801 740 1955 773 furorem
1974 739 2107 772 diaboli
2125 745 2257 772 certum
2291 756 2298 762 -

1279 798 1338 824 est.
1392 790 1475 823 Ideo
1509 787 1686 822 Iohannes
1715 790 1846 834 inquit:
1887 788 2020 824 Omnia
2051 802 2112 833 per
2143 789 2259 833 ipsum

1278 843 1368 875 facta
1393 848 1484 874 sunt.
1538 839 1713 885 Loquitur
1740 841 1832 873 enim
1858 853 1929 873 non
1957 848 2091 874 tantum
2112 841 2154 873 de
2175 851 2260 873 con-

1279 893 1413 926 ditione
1429 903 1567 929 rerum,
1595 892 1655 924 sed
1673 891 1775 924 etiam
1794 892 1837 924 de
1855 892 2015 934 gloriosis
2038 890 2260 924 liberationi-

1280 944 1345 976 bus
1362 941 1548 976 Ecclesiae.
1603 941 1707 975 Texit
1730 942 1900 986 populum
1925 942 1960 974 iu
1987 942 2073 975 mari
2094 942 2201 974 rubro
2227 948 2261 975 et

1280 994 1318 1026 in
1344 995 1496 1034 deserto,
1530 993 1687 1026 defendit
1714 991 1831 1031 Iosue,
1861 992 2086 1033 Gedeonem,
2114 991 2261 1025 Samue-

1280 1045 1368 1085 lem,
1396 1044 1585 1081 Davidem,
1614 1042 1751 1084 Etiam,
1773 1042 1964 1085 Elisaeum,
1989 1050 2022 1077 et
2038 1043 2125 1077 alios
2143 1043 2263 1077 fideles

1280 1096 1530 1139 gubernatores
1548 1094 1601 1127 sui
1619 1094 1753 1138 populi.

1381 1144 1465 1178 Ideo
1482 1145 1599 1189 inquit
1616 1143 1737 1177 Iacob:
1766 1144 1956 1179 Benedicat
1976 1143 2031 1178 his
2049 1145 2166 1189 pueris
2183 1144 2262 1179 An-

1280 1197 1392 1240 gelus,
1428 1195 1489 1241 qui
1511 1208 1568 1228 me
1591 1195 1719 1239 eripuit
1744 1208 1783 1229 ex
1806 1196 1972 1230 omnibus
1996 1197 2106 1232 malis,
2167 1196 2263 1230 Haec

1281 1248 1386 1280 verba
1404 1247 1619 1280 conveniunt
1636 1248 1678 1279 ad
1697 1247 1831 1280 Filium
1847 1246 1930 1286 Dei,
1959 1247 2020 1292 qui
2037 1259 2119 1280 vere
2136 1248 2263 1282 liberat

1281 1299 1324 1331 ab
1340 1298 1506 1331 omnibus
1524 1298 1635 1338 malis,
1662 1297 1825 1330 videlicet
1841 1310 1858 1330 3
1875 1305 2026 1341 peccato,
2054 1299 2097 1330 ab
2114 1298 2166 1331 ira
2184 1297 2261 1339 Dei,

1281 1361 1298 1382 a
1324 1355 1436 1381 morte
1460 1354 1617 1388 aeterna,
1644 1348 1688 1380 ab
1713 1348 1852 1381 insidiis
1868 1348 2010 1383 diaboli.
2063 1347 2144 1381 Non
2166 1349 2261 1381 enirn

1280 1400 1354 1431 sine
1372 1410 1473 1431 causa
1493 1398 1703 1430 nominatim
1723 1398 1873 1439 dicitur,
1900 1399 1944 1432 ab
1968 1399 2132 1432 omnibus
2150 1399 2262 1433 malis.

1280 1449 1375 1482 Haec
1399 1449 1508 1492 gloria
1535 1461 1607 1481 non
1636 1455 1749 1492 potest
1779 1449 1889 1482 tribui
1917 1450 2088 1482 ministris
2119 1450 2263 1492 angelis,

1280 1500 1340 1545 qui
1359 1500 1493 1532 etiamsi
1513 1506 1699 1543 protegunt
1717 1511 1863 1545 corpora
1881 1501 2040 1543 piorum,
2065 1507 2182 1533 tamen
2198 1512 2263 1533 nec

1282 1556 1458 1594 peccatum
1474 1561 1537 1582 nec
1555 1556 1729 1582 aeternam
1749 1557 1896 1582 mortem
1915 1551 2038 1584 tollere
2054 1558 2212 1594 possunt.

1382 1600 1565 1634 Discamus
1590 1600 1697 1643 igitur
1719 1601 1893 1633 admoniti
1917 1599 1971 1634 his
1996 1602 2100 1642 locis,
2130 1601 2263 1634 Filium

1280 1651 1345 1685 Dei
1361 1647 1483 1697 λόγον,
1507 1651 1658 1684 adfuisse
1674 1649 1850 1684 Ecclesiae
1865 1652 1946 1685 inde
1963 1664 2073 1697 usque
2089 1653 2132 1684 ab
2149 1652 2263 1688 initio.

1280 1701 1424 1735 Erimus
1446 1703 1539 1734 enim
1563 1702 1689 1734 melius
1711 1702 1840 1735 muniti
1858 1704 2024 1737 adversus
2043 1702 2263 1736 Samosateni

1279 1753 1425 1793 furores,
1453 1766 1531 1785 cum
1549 1752 1779 1795 cogitabimus
1796 1751 1880 1786 haec
1899 1754 2095 1787 testimonia
2112 1755 2154 1787 de
2171 1753 2264 1787 Filio

1279 1802 1364 1842 Dei,
1393 1804 1496 1836 etiam
1514 1811 1700 1848 antequam
1720 1815 1754 1836 se
1775 1804 1811 1836 in
1831 1816 1934 1838 carne.
1950 1804 2118 1844 ostendit,
2146 1805 2264 1848 opitu-

1280 1854 1349 1887 lato
1383 1855 1561 1898 patribus,
1594 1861 1625 1887 et
1651 1867 1729 1887 cum
1754 1855 1803 1887 eis
1824 1855 2008 1889 collocuto.
2067 1854 2205 1888 Deinde
2230 1861 2264 1888 et

1279 1902 1346 1938 hoc
1371 1912 1580 1944 statuemus,
1613 1917 1708 1938 nunc
1732 1917 1871 1950 quoque
1895 1907 2012 1939 adesse
2038 1917 2115 1938 eum
2140 1903 2264 1938 Eccle—

1280 1955 1368 1994 siae,
1396 1956 1562 1998 opitulari
1586 1956 1671 1999 piis,
1700 1956 1872 1999 depellere
1892 1956 2092 1996 diabolum,
2123 1963 2155 1989 et
2172 1956 2262 1989 sicut

1280 2006 1316 2038 in
1332 2005 1490 2050 Epistola
1512 2004 1679 2039 Iohannis
1697 2007 1844 2046 dicitur,
1870 2007 2047 2040 destruere
2065 2019 2169 2050 opera
2186 2007 2263 2040 dia-

1280 2057 1364 2090 boli.
1418 2054 1664 2090 Accendamur
1680 2069 1780 2100 ergo,
1805 2063 1844 2090 ut
1860 2058 1903 2090 ab
1922 2070 1960 2090 eo
1978 2065 2136 2101 petamus
2155 2064 2187 2091 et
2204 2069 2263 2090 ex—

1280 2114 1456 2151 pectemus
1489 2108 1659 2140 auxilium
1692 2109 1858 2140 adversus
1889 2109 2071 2141 diabolum
2103 2108 2262 2153 undique

1279 2165 1492 2202 grassantem
1507 2166 1539 2191 et
1563 2165 1750 2191 conantem
1767 2158 1936 2202 dissipare
1960 2166 1993 2192 et
2009 2160 2123 2192 delere
2140 2157 2262 2192 Eccle-

1278 2210 1365 2242 siam
1382 2210 1489 2242 armis
1506 2208 1684 2249 Turcicis‚
1717 2221 1836 2252 regum
1862 2217 1893 2243 et
1918 2210 2123 2253 pontificum
2150 2209 2263 2252 negli-

1279 2260 1393 2303 gentia
1418 2260 1455 2292 in
1481 2259 1641 2292 fovendis
1671 2257 1857 2300 Ecclesiis,
1893 2261 2011 2304 pravis
2034 2260 2183 2303 ingeniis
2206 2260 2263 2292 in-

1279 2310 1521 2351 flammandis,
1548 2317 1587 2344 ut
1606 2317 1724 2344 serant
1742 2317 1802 2344 aut
1826 2312 2034 2345 confirment
2056 2311 2161 2344 falsas
2184 2310 2261 2354 opi-

1279 2362 1413 2396 niones.

1380 2412 1449 2446 Sed
1486 2423 1666 2445 recensere
1706 2424 1828 2446 omnes
1864 2420 1954 2446 artes
1989 2411 2122 2445 diaboli
2156 2423 2260 2445 nemo

1278 2469 1401 2508 potest.
1470 2461 1640 2506 Exempla
1680 2464 1796 2507 potius
1833 2464 2032 2507 cogitemus.
2088 2461 2262 2495 Universa

1278 2513 1401 2557 mundi
1421 2510 1565 2546 historia
1585 2515 1756 2554 ostendit,
1782 2527 1887 2559 quam
1910 2514 1954 2547 sit
1978 2524 2055 2545 acer
2071 2510 2180 2547 hostis
2195 2511 2262 2546 Dei

1278 2572 1310 2599 et
1329 2564 1464 2607 generis
1481 2561 1639 2600 humani.
1688 2564 1796 2597 Vides
1814 2578 1851 2597 ex
1871 2570 2001 2608 quanto
2017 2563 2154 2605 fastigio
2172 2562 2263 2597 Sau-

1278 2616 1345 2648 lem
1364 2615 1569 2655 detraxerit,
1597 2616 1699 2660 quale
1716 2616 1846 2648 bellum
1865 2614 1994 2647 Davidi
2018 2613 2196 2654 intulerit,
2223 2619 2262 2647 ut

1279 2667 1392 2710 ipsum
1409 2677 1478 2699 una
1497 2673 1633 2710 raperet
1648 2666 1685 2698 in
1703 2665 1858 2705 exitium,
1884 2677 1962 2698 cum
1979 2664 2066 2698 alios
2082 2672 2152 2699 tam
2168 2664 2262 2698 mul-
