<?xml version="1.0" encoding="UTF-8"?>
<!DOCTYPE html PUBLIC "-//W3C//DTD XHTML 1.0 Transitional//EN"
    "http://www.w3.org/TR/xhtml1/DTD/xhtml1-transitional.dtd">
<html xmlns="http://www.w3.org/1999/xhtml" xml:lang="en" lang="en">
 <head>
  <title>
</title>
<meta http-equiv="Content-Type" content="text/html;charset=utf-8" />
  <meta name='ocr-system' content='tesseract 3.04.00' />
  <meta name='ocr-capabilities' content='ocr_page ocr_carea ocr_par ocr_line ocrx_word'/>
</head>
<body>
  <div class='ocr_page' id='page_1' title='image "./operaquaesupersu13melauoft_0342.png"; bbox 0 0 2379 2948; ppageno 0'>
   <div class='ocr_carea' id='block_1_1' title="bbox 241 97 2261 143">
    <p class='ocr_par' dir='ltr' id='par_1_1' title="bbox 241 97 2261 143">
     <span class='ocr_line' id='line_1_1' title="bbox 241 97 2261 143; baseline -0.001 -1"><span class='ocrx_word' id='word_1_1' title='bbox 241 105 315 143; x_wconf 87' lang='grc'>659</span> <span class='ocrx_word' id='word_1_2' title='bbox 469 103 679 141; x_wconf 78' lang='lat' dir='ltr'>SCRIPTA</span> <span class='ocrx_word' id='word_1_3' title='bbox 706 103 780 138; x_wconf 86' lang='lat' dir='ltr'>PH.</span> <span class='ocrx_word' id='word_1_4' title='bbox 807 99 922 138; x_wconf 86' lang='lat' dir='ltr'><strong>MEL.</strong></span> <span class='ocrx_word' id='word_1_5' title='bbox 949 99 1017 136; x_wconf 82' lang='lat' dir='ltr'>AD</span> <span class='ocrx_word' id='word_1_6' title='bbox 1042 99 1169 136; x_wconf 89' lang='lat' dir='ltr'><strong>HIST.</strong></span> <span class='ocrx_word' id='word_1_7' title='bbox 1196 97 1340 138; x_wconf 79' lang='lat' dir='ltr'>PROF.</span> <span class='ocrx_word' id='word_1_8' title='bbox 1364 98 1431 135; x_wconf 89' lang='lat' dir='ltr'>ET</span> <span class='ocrx_word' id='word_1_9' title='bbox 1458 98 1649 137; x_wconf 86' lang='lat' dir='ltr'><strong>PHILOS.</strong></span> <span class='ocrx_word' id='word_1_10' title='bbox 1682 98 2002 139; x_wconf 89' lang='lat' dir='ltr'>SPECTANTIA.</span> <span class='ocrx_word' id='word_1_11' title='bbox 2185 102 2261 139; x_wconf 88' lang='grc'>660</span> 
     </span>
    </p>
   </div>
   <div class='ocr_carea' id='block_1_2' title="bbox 444 183 2262 331">
    <p class='ocr_par' dir='ltr' id='par_1_2' title="bbox 444 183 2262 331">
     <span class='ocr_line' id='line_1_2' title="bbox 612 183 2262 233; baseline 0.003 -17"><span class='ocrx_word' id='word_1_12' title='bbox 612 189 674 228; x_wconf 72' lang='lat' dir='ltr'>De</span> <span class='ocrx_word' id='word_1_13' title='bbox 704 187 850 230; x_wconf 64' lang='lat' dir='ltr'>Locis⁸</span> <span class='ocrx_word' id='word_1_14' title='bbox 1280 184 1430 219; x_wconf 88' lang='lat' dir='ltr'>stissime</span> <span class='ocrx_word' id='word_1_15' title='bbox 1454 183 1522 218; x_wconf 87' lang='lat' dir='ltr'>hoc</span> <span class='ocrx_word' id='word_1_16' title='bbox 1538 185 1616 218; x_wconf 93' lang='lat' dir='ltr'>loco</span> <span class='ocrx_word' id='word_1_17' title='bbox 1633 196 1716 218; x_wconf 91' lang='lat' dir='ltr'>usus</span> <span class='ocrx_word' id='word_1_18' title='bbox 1731 191 1801 226; x_wconf 90' lang='lat' dir='ltr'>est,</span> <span class='ocrx_word' id='word_1_19' title='bbox 1825 185 1930 220; x_wconf 91' lang='lat' dir='ltr'>simul</span> <span class='ocrx_word' id='word_1_20' title='bbox 1944 188 2074 221; x_wconf 89' lang='lat' dir='ltr'>multos</span> <span class='ocrx_word' id='word_1_21' title='bbox 2090 194 2262 233; x_wconf 81' lang='lat' dir='ltr'><strong>martyres</strong></span> 
     </span>
     <span class='ocr_line' id='line_1_3' title="bbox 1281 235 2262 282; baseline 0.004 -14"><span class='ocrx_word' id='word_1_22' title='bbox 1281 236 1447 277; x_wconf 90' lang='lat' dir='ltr'>laudans,</span> <span class='ocrx_word' id='word_1_23' title='bbox 1474 242 1507 270; x_wconf 83' lang='lat' dir='ltr'>et</span> <span class='ocrx_word' id='word_1_24' title='bbox 1526 247 1605 269; x_wconf 87' lang='lat' dir='ltr'>cum</span> <span class='ocrx_word' id='word_1_25' title='bbox 1627 235 1794 269; x_wconf 81' lang='lat' dir='ltr'>usitatum</span> <span class='ocrx_word' id='word_1_26' title='bbox 1821 236 1865 269; x_wconf 86' lang='lat' dir='ltr'>sit</span> <span class='ocrx_word' id='word_1_27' title='bbox 1890 236 2060 279; x_wconf 59' lang='lat' dir='ltr'>initiolde</span> <span class='ocrx_word' id='word_1_28' title='bbox 2077 239 2189 282; x_wconf 89' lang='lat' dir='ltr'>patria</span> <span class='ocrx_word' id='word_1_29' title='bbox 2205 238 2262 271; x_wconf 88' lang='lat' dir='ltr'>di-</span> 
     </span>
     <span class='ocr_line' id='line_1_4' title="bbox 444 277 2262 331; baseline 0.003 -15"><span class='ocrx_word' id='word_1_30' title='bbox 444 279 539 322; x_wconf 82' lang='lat' dir='ltr'>Quid</span> <span class='ocrx_word' id='word_1_31' title='bbox 566 284 624 314; x_wconf 73' lang='lat' dir='ltr'>est</span> <span class='ocrx_word' id='word_1_32' title='bbox 649 280 750 314; x_wconf 71' lang='lat' dir='ltr'>locus</span> <span class='ocrx_word' id='word_1_33' title='bbox 777 277 1024 314; x_wconf 63' lang='lat' dir='ltr'>dialecticus?</span> <span class='ocrx_word' id='word_1_34' title='bbox 1281 298 1375 327; x_wconf 87' lang='lat' dir='ltr'>cere,</span> <span class='ocrx_word' id='word_1_35' title='bbox 1402 286 1539 331; x_wconf 90' lang='lat' dir='ltr'>inquit,</span> <span class='ocrx_word' id='word_1_36' title='bbox 1567 298 1625 320; x_wconf 92' lang='lat' dir='ltr'>eos</span> <span class='ocrx_word' id='word_1_37' title='bbox 1649 298 1757 319; x_wconf 89' lang='lat' dir='ltr'>unam</span> <span class='ocrx_word' id='word_1_38' title='bbox 1781 283 1910 319; x_wconf 83' lang='lat' dir='ltr'>habere</span> <span class='ocrx_word' id='word_1_39' title='bbox 1934 288 2083 331; x_wconf 85' lang='lat' dir='ltr'>patriam</span> <span class='ocrx_word' id='word_1_40' title='bbox 2100 289 2262 322; x_wconf 89' lang='lat' dir='ltr'>omnium</span> 
     </span>
    </p>
   </div>
   <div class='ocr_carea' id='block_1_3' title="bbox 1281 335 2262 383">
    <p class='ocr_par' dir='ltr' id='par_1_3' title="bbox 1281 335 2262 383">
     <span class='ocr_line' id='line_1_5' title="bbox 1281 335 2262 383; baseline 0.002 -13"><span class='ocrx_word' id='word_1_41' title='bbox 1281 337 1569 376; x_wconf 78' lang='lat' dir='ltr'>laudatissimam,</span> <span class='ocrx_word' id='word_1_42' title='bbox 1595 335 1801 377; x_wconf 81' lang='lat' dir='ltr'><strong>Ecclesiam,</strong></span> <span class='ocrx_word' id='word_1_43' title='bbox 1827 337 1927 370; x_wconf 91' lang='lat' dir='ltr'>cuius</span> <span class='ocrx_word' id='word_1_44' title='bbox 1943 337 2056 372; x_wconf 87' lang='lat' dir='ltr'>civem</span> <span class='ocrx_word' id='word_1_45' title='bbox 2072 349 2144 372; x_wconf 88' lang='lat' dir='ltr'>esse</span> <span class='ocrx_word' id='word_1_46' title='bbox 2161 350 2262 383; x_wconf 85' lang='lat' dir='ltr'>prae·</span> 
     </span>
    </p>
   </div>
   <div class='ocr_carea' id='block_1_4' title="bbox 348 346 1558 432">
    <p class='ocr_par' dir='ltr' id='par_1_4' title="bbox 348 346 1558 432">
     <span class='ocr_line' id='line_1_6' title="bbox 348 346 1228 391; baseline -0.006 -8"><span class='ocrx_word' id='word_1_47' title='bbox 348 350 463 383; x_wconf 89' lang='lat' dir='ltr'>Locus</span> <span class='ocrx_word' id='word_1_48' title='bbox 490 348 692 382; x_wconf 88' lang='lat' dir='ltr'>dialecticus</span> <span class='ocrx_word' id='word_1_49' title='bbox 723 355 773 382; x_wconf 89' lang='lat' dir='ltr'>est</span> <span class='ocrx_word' id='word_1_50' title='bbox 795 349 894 382; x_wconf 90' lang='lat' dir='ltr'>sedes</span> <span class='ocrx_word' id='word_1_51' title='bbox 918 346 1134 391; x_wconf 85' lang='lat' dir='ltr'>argumenti,</span> <span class='ocrx_word' id='word_1_52' title='bbox 1168 357 1228 378; x_wconf 91' lang='lat' dir='ltr'>seu</span> 
     </span>
     <span class='ocr_line' id='line_1_7' title="bbox 1282 388 1558 432; baseline 0.007 -12"><span class='ocrx_word' id='word_1_53' title='bbox 1282 388 1383 432; x_wconf 91' lang='lat' dir='ltr'>cipua</span> <span class='ocrx_word' id='word_1_54' title='bbox 1400 388 1476 421; x_wconf 92' lang='lat' dir='ltr'>laus</span> <span class='ocrx_word' id='word_1_55' title='bbox 1495 394 1558 423; x_wconf 85' lang='lat' dir='ltr'>est.</span> 
     </span>
    </p>
   </div>
   <div class='ocr_carea' id='block_1_5' title="bbox 247 397 1229 648">
    <p class='ocr_par' dir='ltr' id='par_1_5' title="bbox 247 397 1229 648">
     <span class='ocr_line' id='line_1_8' title="bbox 249 397 1229 444; baseline -0.004 -11"><span class='ocrx_word' id='word_1_56' title='bbox 249 401 354 433; x_wconf 80' lang='lat' dir='ltr'>index</span> <span class='ocrx_word' id='word_1_57' title='bbox 367 426 375 439; x_wconf 94' lang='lat'>‚</span> <span class='ocrx_word' id='word_1_58' title='bbox 402 407 603 433; x_wconf 88' lang='lat' dir='ltr'>monstrans</span> <span class='ocrx_word' id='word_1_59' title='bbox 619 411 658 432; x_wconf 89' lang='lat' dir='ltr'>ex</span> <span class='ocrx_word' id='word_1_60' title='bbox 675 412 745 444; x_wconf 90' lang='lat' dir='ltr'>quo</span> <span class='ocrx_word' id='word_1_61' title='bbox 763 400 861 433; x_wconf 90' lang='lat' dir='ltr'>fonte</span> <span class='ocrx_word' id='word_1_62' title='bbox 880 399 1089 433; x_wconf 89' lang='lat' dir='ltr'>sumendum</span> <span class='ocrx_word' id='word_1_63' title='bbox 1111 397 1155 430; x_wconf 91' lang='lat' dir='ltr'>sit</span> <span class='ocrx_word' id='word_1_64' title='bbox 1172 408 1229 429; x_wconf 87' lang='lat' dir='ltr'>ar·-</span> 
     </span>
     <span class='ocr_line' id='line_1_9' title="bbox 248 448 1229 495; baseline -0.005 -11"><span class='ocrx_word' id='word_1_65' title='bbox 248 457 471 494; x_wconf 84' lang='lat' dir='ltr'>gumcntum,</span> <span class='ocrx_word' id='word_1_66' title='bbox 505 462 574 495; x_wconf 93' lang='lat' dir='ltr'>quo</span> <span class='ocrx_word' id='word_1_67' title='bbox 601 450 841 483; x_wconf 88' lang='lat' dir='ltr'>confirmanda</span> <span class='ocrx_word' id='word_1_68' title='bbox 865 457 913 483; x_wconf 91' lang='lat' dir='ltr'>est</span> <span class='ocrx_word' id='word_1_69' title='bbox 937 448 1151 493; x_wconf 83' lang='lat' dir='ltr'>propositio,</span> <span class='ocrx_word' id='word_1_70' title='bbox 1185 448 1229 479; x_wconf 88' lang='lat' dir='ltr'>de</span> 
     </span>
     <span class='ocr_line' id='line_1_10' title="bbox 248 498 1228 546; baseline -0.004 -12"><span class='ocrx_word' id='word_1_71' title='bbox 248 513 316 546; x_wconf 90' lang='lat' dir='ltr'>qua</span> <span class='ocrx_word' id='word_1_72' title='bbox 337 501 497 542; x_wconf 79' lang='lat' dir='ltr'><strong>dubitas,</strong></span> <span class='ocrx_word' id='word_1_73' title='bbox 523 508 581 542; x_wconf 91' lang='lat' dir='ltr'>ut,</span> <span class='ocrx_word' id='word_1_74' title='bbox 607 501 635 533; x_wconf 92' lang='lat' dir='ltr'>si</span> <span class='ocrx_word' id='word_1_75' title='bbox 656 498 760 534; x_wconf 88' lang='lat' dir='ltr'>huius</span> <span class='ocrx_word' id='word_1_76' title='bbox 776 501 1027 544; x_wconf 77' lang='lat' dir='ltr'>propositionis</span> <span class='ocrx_word' id='word_1_77' title='bbox 1045 498 1228 532; x_wconf 85' lang='lat' dir='ltr'>confirma-</span> 
     </span>
     <span class='ocr_line' id='line_1_11' title="bbox 247 548 1229 597; baseline -0.005 -12"><span class='ocrx_word' id='word_1_78' title='bbox 247 552 380 586; x_wconf 84' lang='lat' dir='ltr'>tionem</span> <span class='ocrx_word' id='word_1_79' title='bbox 406 563 567 597; x_wconf 81' lang='lat' dir='ltr'>quaeras:</span> <span class='ocrx_word' id='word_1_80' title='bbox 595 550 720 584; x_wconf 85' lang='lat' dir='ltr'>Gloria</span> <span class='ocrx_word' id='word_1_81' title='bbox 749 558 800 584; x_wconf 87' lang='lat' dir='ltr'>est</span> <span class='ocrx_word' id='word_1_82' title='bbox 823 551 1036 594; x_wconf 80' lang='lat' dir='ltr'>appetenda,</span> <span class='ocrx_word' id='word_1_83' title='bbox 1061 550 1140 582; x_wconf 91' lang='lat' dir='ltr'>sons</span> <span class='ocrx_word' id='word_1_84' title='bbox 1164 548 1229 581; x_wconf 85' lang='lat' dir='ltr'>ali-</span> 
     </span>
     <span class='ocr_line' id='line_1_12' title="bbox 248 599 1216 648; baseline -0.003 -12"><span class='ocrx_word' id='word_1_85' title='bbox 248 602 327 648; x_wconf 90' lang='lat' dir='ltr'>quis</span> <span class='ocrx_word' id='word_1_86' title='bbox 344 603 595 636; x_wconf 88' lang='lat' dir='ltr'>monstrandus</span> <span class='ocrx_word' id='word_1_87' title='bbox 610 608 679 645; x_wconf 89' lang='lat' dir='ltr'>est,</span> <span class='ocrx_word' id='word_1_88' title='bbox 706 602 800 635; x_wconf 91' lang='lat' dir='ltr'>unde</span> <span class='ocrx_word' id='word_1_89' title='bbox 816 601 967 635; x_wconf 82' lang='lat' dir='ltr'>sumitur</span> <span class='ocrx_word' id='word_1_90' title='bbox 983 599 1216 634; x_wconf 83' lang='lat' dir='ltr'>confirmatio.</span> 
     </span>
    </p>
   </div>
   <div class='ocr_carea' id='block_1_6' title="bbox 1703 474 1837 507">
    <p class='ocr_par' dir='ltr' id='par_1_6' title="bbox 1703 474 1837 507">
     <span class='ocr_line' id='line_1_13' title="bbox 1703 474 1837 507; baseline -0.007 0"><span class='ocrx_word' id='word_1_91' title='bbox 1703 474 1837 507; x_wconf 76' lang='lat' dir='ltr'>Sexus.</span> 
     </span>
    </p>
   </div>
   <div class='ocr_carea' id='block_1_7' title="bbox 249 536 2266 732">
    <p class='ocr_par' dir='ltr' id='par_1_7' title="bbox 249 536 2266 732">
     <span class='ocr_line' id='line_1_14' title="bbox 1384 536 2265 582; baseline 0 -9"><span class='ocrx_word' id='word_1_92' title='bbox 1384 537 1539 582; x_wconf 88' lang='lat' dir='ltr'>Regula,</span> <span class='ocrx_word' id='word_1_93' title='bbox 1574 536 1654 572; x_wconf 87' lang='lat' dir='ltr'>Alia</span> <span class='ocrx_word' id='word_1_94' title='bbox 1685 539 1880 572; x_wconf 87' lang='lat' dir='ltr'>masculino</span> <span class='ocrx_word' id='word_1_95' title='bbox 1903 539 2019 578; x_wconf 86' lang='lat' dir='ltr'>sexui,</span> <span class='ocrx_word' id='word_1_96' title='bbox 2050 539 2119 573; x_wconf 92' lang='lat' dir='ltr'>alia</span> <span class='ocrx_word' id='word_1_97' title='bbox 2139 539 2265 573; x_wconf 87' lang='lat' dir='ltr'>foemi-</span> 
     </span>
     <span class='ocr_line' id='line_1_15' title="bbox 1282 587 2266 632; baseline 0.003 -11"><span class='ocrx_word' id='word_1_98' title='bbox 1282 589 1369 622; x_wconf 91' lang='lat' dir='ltr'>nino</span> <span class='ocrx_word' id='word_1_99' title='bbox 1397 595 1614 632; x_wconf 89' lang='lat' dir='ltr'>congruunt,</span> <span class='ocrx_word' id='word_1_100' title='bbox 1646 595 1701 628; x_wconf 87' lang='lat' dir='ltr'>ut,</span> <span class='ocrx_word' id='word_1_101' title='bbox 1738 587 1972 623; x_wconf 83' lang='lat' dir='ltr'>Telemachus</span> <span class='ocrx_word' id='word_1_102' title='bbox 1997 602 2070 623; x_wconf 94' lang='lat' dir='ltr'>non</span> <span class='ocrx_word' id='word_1_103' title='bbox 2092 590 2168 624; x_wconf 82' lang='lat' dir='ltr'>vult</span> <span class='ocrx_word' id='word_1_104' title='bbox 2189 602 2266 624; x_wconf 90' lang='lat' dir='ltr'>ma-</span> 
     </span>
     <span class='ocr_line' id='line_1_16' title="bbox 1282 638 2266 686; baseline 0.001 -13"><span class='ocrx_word' id='word_1_105' title='bbox 1282 646 1372 673; x_wconf 88' lang='lat' dir='ltr'>trem</span> <span class='ocrx_word' id='word_1_106' title='bbox 1394 639 1432 672; x_wconf 92' lang='lat' dir='ltr'>in</span> <span class='ocrx_word' id='word_1_107' title='bbox 1454 639 1622 673; x_wconf 88' lang='lat' dir='ltr'>concione</span> <span class='ocrx_word' id='word_1_108' title='bbox 1640 651 1800 682; x_wconf 89' lang='lat' dir='ltr'>manere,</span> <span class='ocrx_word' id='word_1_109' title='bbox 1827 640 2007 686; x_wconf 86' lang='lat' dir='ltr'>inquiens:</span> <span class='ocrx_word' id='word_1_110' title='bbox 2036 638 2163 676; x_wconf 84' lang='lat' dir='ltr'>Oratio</span> <span class='ocrx_word' id='word_1_111' title='bbox 2180 640 2266 675; x_wconf 89' lang='lat' dir='ltr'>viris</span> 
     </span>
     <span class='ocr_line' id='line_1_17' title="bbox 249 682 1459 732; baseline -0.002 -10"><span class='ocrx_word' id='word_1_112' title='bbox 249 689 353 729; x_wconf 79' lang='lat' dir='ltr'>Quae</span> <span class='ocrx_word' id='word_1_113' title='bbox 373 692 426 722; x_wconf 78' lang='lat' dir='ltr'>esi</span> <span class='ocrx_word' id='word_1_114' title='bbox 447 690 572 732; x_wconf 78' lang='lat' dir='ltr'>prima</span> <span class='ocrx_word' id='word_1_115' title='bbox 591 687 722 721; x_wconf 75' lang='lat' dir='ltr'>divisio</span> <span class='ocrx_word' id='word_1_116' title='bbox 739 687 900 720; x_wconf 83' lang='lat' dir='ltr'>locorum</span> <span class='ocrx_word' id='word_1_117' title='bbox 918 682 1229 720; x_wconf 71' lang='lat' dir='ltr'>dialecticorum?</span> <span class='ocrx_word' id='word_1_118' title='bbox 1283 702 1386 724; x_wconf 75' lang='lat' dir='ltr'>curae</span> <span class='ocrx_word' id='word_1_119' title='bbox 1406 690 1459 723; x_wconf 78' lang='lat' dir='ltr'>sit.</span> 
     </span>
    </p>
   </div>
   <div class='ocr_carea' id='block_1_8' title="bbox 348 752 1869 810">
    <p class='ocr_par' dir='ltr' id='par_1_8' title="bbox 348 752 1869 810">
     <span class='ocr_line' id='line_1_18' title="bbox 348 752 1869 810; baseline -0.002 -23"><span class='ocrx_word' id='word_1_120' title='bbox 348 753 436 787; x_wconf 87' lang='lat' dir='ltr'>Loci</span> <span class='ocrx_word' id='word_1_121' title='bbox 453 753 513 787; x_wconf 90' lang='lat' dir='ltr'>alii</span> <span class='ocrx_word' id='word_1_122' title='bbox 530 759 611 786; x_wconf 91' lang='lat' dir='ltr'>sunt</span> <span class='ocrx_word' id='word_1_123' title='bbox 628 763 876 797; x_wconf 85' lang='lat' dir='ltr'>personarum,</span> <span class='ocrx_word' id='word_1_124' title='bbox 904 752 964 785; x_wconf 88' lang='lat' dir='ltr'>alii</span> <span class='ocrx_word' id='word_1_125' title='bbox 981 763 1110 788; x_wconf 88' lang='lat' dir='ltr'>rerum.</span> <span class='ocrx_word' id='word_1_126' title='bbox 1675 777 1869 810; x_wconf 53' lang='lat' dir='ltr'><strong><em>Parentes.</em></strong></span> 
     </span>
    </p>
   </div>
   <div class='ocr_carea' id='block_1_9' title="bbox 1282 840 2266 938">
    <p class='ocr_par' dir='ltr' id='par_1_9' title="bbox 1282 840 2266 938">
     <span class='ocr_line' id='line_1_19' title="bbox 1384 840 2266 887; baseline 0 -11"><span class='ocrx_word' id='word_1_127' title='bbox 1384 841 1540 885; x_wconf 86' lang='lat' dir='ltr'>Regula,</span> <span class='ocrx_word' id='word_1_128' title='bbox 1564 840 1616 875; x_wconf 90' lang='lat' dir='ltr'>De</span> <span class='ocrx_word' id='word_1_129' title='bbox 1640 843 1732 875; x_wconf 87' lang='lat' dir='ltr'>natis</span> <span class='ocrx_word' id='word_1_130' title='bbox 1750 842 1925 876; x_wconf 90' lang='lat' dir='ltr'>iudicatur</span> <span class='ocrx_word' id='word_1_131' title='bbox 1941 854 1979 875; x_wconf 85' lang='lat' dir='ltr'>ex</span> <span class='ocrx_word' id='word_1_132' title='bbox 1997 849 2181 887; x_wconf 90' lang='lat' dir='ltr'>parentum</span> <span class='ocrx_word' id='word_1_133' title='bbox 2200 854 2266 876; x_wconf 91' lang='lat' dir='ltr'>na-</span> 
     </span>
     <span class='ocr_line' id='line_1_20' title="bbox 1282 893 2266 938; baseline 0 -11"><span class='ocrx_word' id='word_1_134' title='bbox 1282 893 1369 928; x_wconf 91' lang='lat' dir='ltr'>turis</span> <span class='ocrx_word' id='word_1_135' title='bbox 1384 899 1417 926; x_wconf 91' lang='lat' dir='ltr'>et</span> <span class='ocrx_word' id='word_1_136' title='bbox 1431 893 1609 932; x_wconf 89' lang='lat' dir='ltr'>moribus,</span> <span class='ocrx_word' id='word_1_137' title='bbox 1631 893 1713 936; x_wconf 87' lang='lat' dir='ltr'>quia</span> <span class='ocrx_word' id='word_1_138' title='bbox 1731 905 1831 937; x_wconf 86' lang='lat' dir='ltr'>saepe</span> <span class='ocrx_word' id='word_1_139' title='bbox 1849 893 1966 938; x_wconf 90' lang='lat' dir='ltr'>aliqua</span> <span class='ocrx_word' id='word_1_140' title='bbox 1984 893 2177 927; x_wconf 86' lang='lat' dir='ltr'>similitudo</span> <span class='ocrx_word' id='word_1_141' title='bbox 2189 919 2198 935; x_wconf 91' lang='lat'>,</span> <span class='ocrx_word' id='word_1_142' title='bbox 2225 899 2266 927; x_wconf 84' lang='lat' dir='ltr'>ut</span> 
     </span>
    </p>
   </div>
   <div class='ocr_carea' id='block_1_10' title="bbox 246 943 2265 1112">
    <p class='ocr_par' dir='ltr' id='par_1_10' title="bbox 246 943 2265 1112">
     <span class='ocr_line' id='line_1_21' title="bbox 347 943 2265 989; baseline -0.001 -11"><span class='ocrx_word' id='word_1_143' title='bbox 347 945 433 978; x_wconf 92' lang='lat' dir='ltr'>Loci</span> <span class='ocrx_word' id='word_1_144' title='bbox 448 956 677 989; x_wconf 87' lang='lat' dir='ltr'>personarum</span> <span class='ocrx_word' id='word_1_145' title='bbox 693 952 849 985; x_wconf 88' lang='lat' dir='ltr'>monent,</span> <span class='ocrx_word' id='word_1_146' title='bbox 871 957 959 989; x_wconf 89' lang='lat' dir='ltr'>quae</span> <span class='ocrx_word' id='word_1_147' title='bbox 974 945 1228 978; x_wconf 86' lang='lat' dir='ltr'>consideranda</span> <span class='ocrx_word' id='word_1_148' title='bbox 1255 966 1257 972; x_wconf 45' lang='grc' dir='ltr'><em>ι</em></span> <span class='ocrx_word' id='word_1_149' title='bbox 1282 955 1488 988; x_wconf 88' lang='lat' dir='ltr'>corporum,</span> <span class='ocrx_word' id='word_1_150' title='bbox 1515 943 1563 976; x_wconf 91' lang='lat' dir='ltr'>ita</span> <span class='ocrx_word' id='word_1_151' title='bbox 1578 943 1801 985; x_wconf 88' lang='lat' dir='ltr'>ingeniorum</span> <span class='ocrx_word' id='word_1_152' title='bbox 1816 944 1854 976; x_wconf 86' lang='lat' dir='ltr'>in</span> <span class='ocrx_word' id='word_1_153' title='bbox 1871 944 2027 977; x_wconf 86' lang='lat' dir='ltr'>sobolem</span> <span class='ocrx_word' id='word_1_154' title='bbox 2043 951 2265 988; x_wconf 86' lang='lat' dir='ltr'>propagatur,</span> 
     </span>
     <span class='ocr_line' id='line_1_22' title="bbox 246 973 2264 1078; baseline -0 -48"><span class='ocrx_word' id='word_1_155' title='bbox 246 997 316 1031; x_wconf 90' lang='lat' dir='ltr'>sint</span> <span class='ocrx_word' id='word_1_156' title='bbox 337 997 463 1029; x_wconf 90' lang='lat' dir='ltr'>ordine</span> <span class='ocrx_word' id='word_1_157' title='bbox 484 996 520 1029; x_wconf 95' lang='lat' dir='ltr'>in</span> <span class='ocrx_word' id='word_1_158' title='bbox 547 996 716 1040; x_wconf 81' lang='lat' dir='ltr'>personis,</span> <span class='ocrx_word' id='word_1_159' title='bbox 773 994 850 1028; x_wconf 83' lang='lat' dir='ltr'>Etsi</span> <span class='ocrx_word' id='word_1_160' title='bbox 874 1002 989 1029; x_wconf 89' lang='lat' dir='ltr'>autem</span> <span class='ocrx_word' id='word_1_161' title='bbox 1009 996 1046 1027; x_wconf 89' lang='lat' dir='ltr'>in</span> <span class='ocrx_word' id='word_1_162' title='bbox 1070 995 1228 1028; x_wconf 85' lang='lat' dir='ltr'>dialecti-</span> <span class='ocrx_word' id='word_1_163' title='bbox 1253 973 1258 1078; x_wconf 50' lang='lat' dir='ltr'>t</span> <span class='ocrx_word' id='word_1_164' title='bbox 1282 1002 1314 1028; x_wconf 91' lang='lat' dir='ltr'>et</span> <span class='ocrx_word' id='word_1_165' title='bbox 1332 995 1483 1027; x_wconf 83' lang='lat' dir='ltr'>multum</span> <span class='ocrx_word' id='word_1_166' title='bbox 1501 993 1688 1036; x_wconf 89' lang='lat' dir='ltr'>disciplina</span> <span class='ocrx_word' id='word_1_167' title='bbox 1706 1001 1739 1028; x_wconf 91' lang='lat' dir='ltr'>et</span> <span class='ocrx_word' id='word_1_168' title='bbox 1756 995 1912 1038; x_wconf 79' lang='lat' dir='ltr'>exempla</span> <span class='ocrx_word' id='word_1_169' title='bbox 1929 994 2120 1028; x_wconf 88' lang='lat' dir='ltr'>domestica</span> <span class='ocrx_word' id='word_1_170' title='bbox 2136 995 2264 1030; x_wconf 85' lang='lat' dir='ltr'>valent.</span> 
     </span>
     <span class='ocr_line' id='line_1_23' title="bbox 1254 1086 1256 1112; baseline 0 0"><span class='ocrx_word' id='word_1_171' title='bbox 1254 1086 1256 1112; x_wconf 90' lang='grc' dir='ltr'>Ι</span> 
     </span>
    </p>
   </div>
   <div class='ocr_carea' id='block_1_11' title="bbox 527 862 946 915">
    <p class='ocr_par' dir='ltr' id='par_1_11' title="bbox 527 862 946 915">
     <span class='ocr_line' id='line_1_24' title="bbox 527 862 946 915; baseline 0 -13"><span class='ocrx_word' id='word_1_172' title='bbox 527 862 635 903; x_wconf 85' lang='lat' dir='ltr'>Loci</span> <span class='ocrx_word' id='word_1_173' title='bbox 659 874 946 915; x_wconf 83' lang='lat' dir='ltr'>personarum.</span> 
     </span>
    </p>
   </div>
   <div class='ocr_carea' id='block_1_12' title="bbox 241 1044 2265 1951">
    <p class='ocr_par' dir='ltr' id='par_1_12' title="bbox 247 1044 1632 1090">
     <span class='ocr_line' id='line_1_25' title="bbox 247 1044 1632 1090; baseline -0.003 -10"><span class='ocrx_word' id='word_1_174' title='bbox 247 1048 295 1080; x_wconf 89' lang='lat' dir='ltr'>cis</span> <span class='ocrx_word' id='word_1_175' title='bbox 310 1047 441 1080; x_wconf 88' lang='lat' dir='ltr'>libellis</span> <span class='ocrx_word' id='word_1_176' title='bbox 457 1048 529 1079; x_wconf 87' lang='lat' dir='ltr'>fere</span> <span class='ocrx_word' id='word_1_177' title='bbox 544 1046 719 1079; x_wconf 86' lang='lat' dir='ltr'>omittitur</span> <span class='ocrx_word' id='word_1_178' title='bbox 733 1044 862 1079; x_wconf 87' lang='lat' dir='ltr'>horum</span> <span class='ocrx_word' id='word_1_179' title='bbox 878 1046 1106 1086; x_wconf 79' lang='lat' dir='ltr'>enumera110‚</span> <span class='ocrx_word' id='word_1_180' title='bbox 1133 1047 1227 1090; x_wconf 92' lang='lat' dir='ltr'>quod</span> <span class='ocrx_word' id='word_1_181' title='bbox 1282 1045 1366 1079; x_wconf 88' lang='lat' dir='ltr'>Ideo</span> <span class='ocrx_word' id='word_1_182' title='bbox 1382 1044 1553 1078; x_wconf 84' lang='lat' dir='ltr'>Horatius</span> <span class='ocrx_word' id='word_1_183' title='bbox 1570 1044 1632 1077; x_wconf 93' lang='lat' dir='ltr'>ait:</span> 
     </span>
    </p>

    <p class='ocr_par' dir='ltr' id='par_1_13' title="bbox 243 1097 1986 1242">
     <span class='ocr_line' id='line_1_26' title="bbox 245 1097 1986 1137; baseline -0.001 -7"><span class='ocrx_word' id='word_1_184' title='bbox 245 1098 381 1132; x_wconf 91' lang='lat' dir='ltr'>includi</span> <span class='ocrx_word' id='word_1_185' title='bbox 414 1097 451 1129; x_wconf 91' lang='lat' dir='ltr'>in</span> <span class='ocrx_word' id='word_1_186' title='bbox 479 1098 566 1130; x_wconf 91' lang='lat' dir='ltr'>alios</span> <span class='ocrx_word' id='word_1_187' title='bbox 590 1097 704 1137; x_wconf 89' lang='lat' dir='ltr'>locos,</span> <span class='ocrx_word' id='word_1_188' title='bbox 745 1108 947 1134; x_wconf 82' lang='lat' dir='ltr'>causarum,</span> <span class='ocrx_word' id='word_1_189' title='bbox 988 1108 1227 1129; x_wconf 83' lang='lat' dir='ltr'>connexorum</span> <span class='ocrx_word' id='word_1_190' title='bbox 1433 1098 1537 1127; x_wconf 85' lang='lat' dir='ltr'>Fortes</span> <span class='ocrx_word' id='word_1_191' title='bbox 1554 1104 1689 1127; x_wconf 82' lang='lat' dir='ltr'>creantur</span> <span class='ocrx_word' id='word_1_192' title='bbox 1703 1099 1832 1128; x_wconf 78' lang='lat' dir='ltr'>fortibus</span> <span class='ocrx_word' id='word_1_193' title='bbox 1847 1100 1986 1136; x_wconf 81' lang='lat' dir='ltr'>ethonis,</span> 
     </span>
     <span class='ocr_line' id='line_1_27' title="bbox 246 1147 1228 1190; baseline -0.003 -8"><span class='ocrx_word' id='word_1_194' title='bbox 246 1155 279 1182; x_wconf 83' lang='lat' dir='ltr'>et</span> <span class='ocrx_word' id='word_1_195' title='bbox 303 1148 644 1181; x_wconf 81' lang='lat' dir='ltr'>circumstantiarum</span> <span class='ocrx_word' id='word_1_196' title='bbox 659 1173 668 1187; x_wconf 86' lang='lat'>,</span> <span class='ocrx_word' id='word_1_197' title='bbox 694 1147 817 1180; x_wconf 89' lang='lat' dir='ltr'>subtili</span> <span class='ocrx_word' id='word_1_198' title='bbox 839 1147 975 1180; x_wconf 80' lang='lat' dir='ltr'>ratione</span> <span class='ocrx_word' id='word_1_199' title='bbox 999 1147 1148 1190; x_wconf 88' lang='lat' dir='ltr'>possint:</span> <span class='ocrx_word' id='word_1_200' title='bbox 1176 1154 1228 1180; x_wconf 90' lang='lat' dir='ltr'>ta-</span> 
     </span>
     <span class='ocr_line' id='line_1_28' title="bbox 243 1196 1938 1242; baseline -0.001 -11"><span class='ocrx_word' id='word_1_201' title='bbox 243 1210 326 1231; x_wconf 87' lang='lat' dir='ltr'>men</span> <span class='ocrx_word' id='word_1_202' title='bbox 349 1196 407 1231; x_wconf 87' lang='lat' dir='ltr'>hic</span> <span class='ocrx_word' id='word_1_203' title='bbox 426 1198 580 1231; x_wconf 69' lang='lat' dir='ltr'>breviter</span> <span class='ocrx_word' id='word_1_204' title='bbox 597 1209 654 1230; x_wconf 90' lang='lat' dir='ltr'>eos</span> <span class='ocrx_word' id='word_1_205' title='bbox 671 1198 843 1237; x_wconf 83' lang='lat' dir='ltr'>recitabo,</span> <span class='ocrx_word' id='word_1_206' title='bbox 870 1198 951 1242; x_wconf 89' lang='lat' dir='ltr'>quia</span> <span class='ocrx_word' id='word_1_207' title='bbox 970 1209 1070 1241; x_wconf 89' lang='lat' dir='ltr'>saepe</span> <span class='ocrx_word' id='word_1_208' title='bbox 1089 1198 1131 1230; x_wconf 90' lang='lat' dir='ltr'>de</span> <span class='ocrx_word' id='word_1_209' title='bbox 1148 1209 1228 1241; x_wconf 92' lang='lat' dir='ltr'>per-</span> <span class='ocrx_word' id='word_1_210' title='bbox 1432 1198 1558 1237; x_wconf 86' lang='lat' dir='ltr'>Virtus,</span> <span class='ocrx_word' id='word_1_211' title='bbox 1584 1210 1638 1229; x_wconf 86' lang='lat' dir='ltr'>nec</span> <span class='ocrx_word' id='word_1_212' title='bbox 1654 1201 1806 1229; x_wconf 83' lang='lat' dir='ltr'>imbellem</span> <span class='ocrx_word' id='word_1_213' title='bbox 1824 1201 1938 1230; x_wconf 83' lang='lat' dir='ltr'>feroces</span> 
     </span>
    </p>

    <p class='ocr_par' dir='ltr' id='par_1_14' title="bbox 243 1248 1961 1291">
     <span class='ocr_line' id='line_1_29' title="bbox 243 1248 1961 1291; baseline -0.001 -9"><span class='ocrx_word' id='word_1_214' title='bbox 243 1249 339 1283; x_wconf 88' lang='lat' dir='ltr'>sonis</span> <span class='ocrx_word' id='word_1_215' title='bbox 354 1249 544 1282; x_wconf 88' lang='lat' dir='ltr'>dicendum</span> <span class='ocrx_word' id='word_1_216' title='bbox 561 1255 628 1289; x_wconf 86' lang='lat' dir='ltr'>est,</span> <span class='ocrx_word' id='word_1_217' title='bbox 657 1255 690 1282; x_wconf 89' lang='lat' dir='ltr'>et</span> <span class='ocrx_word' id='word_1_218' title='bbox 707 1260 784 1281; x_wconf 89' lang='lat' dir='ltr'>cum</span> <span class='ocrx_word' id='word_1_219' title='bbox 803 1248 917 1281; x_wconf 91' lang='lat' dir='ltr'>obiter</span> <span class='ocrx_word' id='word_1_220' title='bbox 932 1248 1134 1282; x_wconf 87' lang='lat' dir='ltr'>intexantur</span> <span class='ocrx_word' id='word_1_221' title='bbox 1151 1248 1228 1280; x_wconf 93' lang='lat' dir='ltr'>aliis</span> <span class='ocrx_word' id='word_1_222' title='bbox 1430 1249 1631 1289; x_wconf 80' lang='lat' dir='ltr'>Progenerant</span> <span class='ocrx_word' id='word_1_223' title='bbox 1649 1253 1766 1291; x_wconf 80' lang='lat' dir='ltr'>aquilae</span> <span class='ocrx_word' id='word_1_224' title='bbox 1781 1253 1961 1280; x_wconf 78' lang='lat' dir='ltr'>columbam.</span> 
     </span>
    </p>

    <p class='ocr_par' dir='ltr' id='par_1_15' title="bbox 242 1293 2265 1444">
     <span class='ocr_line' id='line_1_30' title="bbox 242 1293 2265 1346; baseline 0 -13"><span class='ocrx_word' id='word_1_225' title='bbox 242 1300 398 1333; x_wconf 90' lang='lat' dir='ltr'>materiis</span> <span class='ocrx_word' id='word_1_226' title='bbox 430 1300 609 1332; x_wconf 89' lang='lat' dir='ltr'>interdum</span> <span class='ocrx_word' id='word_1_227' title='bbox 642 1305 845 1342; x_wconf 84' lang='lat' dir='ltr'>argumenta</span> <span class='ocrx_word' id='word_1_228' title='bbox 879 1310 898 1331; x_wconf 93' lang='lat' dir='ltr'>a</span> <span class='ocrx_word' id='word_1_229' title='bbox 922 1299 1082 1343; x_wconf 89' lang='lat' dir='ltr'>personis</span> <span class='ocrx_word' id='word_1_230' title='bbox 1109 1299 1226 1342; x_wconf 79' lang='lat' dir='ltr'>ducta,</span> <span class='ocrx_word' id='word_1_231' title='bbox 1278 1295 1325 1331; x_wconf 90' lang='lat' dir='ltr'>Et</span> <span class='ocrx_word' id='word_1_232' title='bbox 1342 1298 1557 1331; x_wconf 86' lang='lat' dir='ltr'>contrarium</span> <span class='ocrx_word' id='word_1_233' title='bbox 1575 1298 1683 1340; x_wconf 85' lang='lat' dir='ltr'>illud,</span> <span class='ocrx_word' id='word_1_234' title='bbox 1706 1301 1825 1333; x_wconf 83' lang='grc' dir='ltr'><em>κακοῦ</em></span> <span class='ocrx_word' id='word_1_235' title='bbox 1841 1295 1999 1346; x_wconf 80' lang='grc' dir='ltr'><strong><em>κόρακος</em></strong></span> <span class='ocrx_word' id='word_1_236' title='bbox 2012 1295 2130 1334; x_wconf 77' lang='grc' dir='ltr'><em>κακὸν</em></span> <span class='ocrx_word' id='word_1_237' title='bbox 2147 1293 2234 1335; x_wconf 77' lang='grc' dir='ltr'><em>ὦον.</em></span> <span class='ocrx_word' id='word_1_238' title='bbox 2262 1342 2265 1345; x_wconf 18' lang='lat' dir='ltr'>y</span> 
     </span>
     <span class='ocr_line' id='line_1_31' title="bbox 243 1347 1836 1394; baseline -0.001 -11"><span class='ocrx_word' id='word_1_239' title='bbox 243 1351 369 1384; x_wconf 89' lang='lat' dir='ltr'>seriem</span> <span class='ocrx_word' id='word_1_240' title='bbox 396 1350 434 1382; x_wconf 87' lang='lat' dir='ltr'>in</span> <span class='ocrx_word' id='word_1_241' title='bbox 458 1356 646 1394; x_wconf 86' lang='lat' dir='ltr'>conspectu</span> <span class='ocrx_word' id='word_1_242' title='bbox 669 1347 799 1383; x_wconf 90' lang='lat' dir='ltr'>habere</span> <span class='ocrx_word' id='word_1_243' title='bbox 817 1349 904 1382; x_wconf 90' lang='lat' dir='ltr'>utile</span> <span class='ocrx_word' id='word_1_244' title='bbox 923 1356 992 1393; x_wconf 83' lang='lat' dir='ltr'>est,</span> <span class='ocrx_word' id='word_1_245' title='bbox 1020 1349 1224 1393; x_wconf 87' lang='lat' dir='ltr'>praesertim</span> <span class='ocrx_word' id='word_1_246' title='bbox 1828 1385 1836 1392; x_wconf 50' lang='lat'><strong>·</strong></span> 
     </span>
     <span class='ocr_line' id='line_1_32' title="bbox 244 1382 1870 1444; baseline -0.002 -10"><span class='ocrx_word' id='word_1_247' title='bbox 244 1413 323 1435; x_wconf 88' lang='lat' dir='ltr'>cum</span> <span class='ocrx_word' id='word_1_248' title='bbox 339 1400 471 1433; x_wconf 91' lang='lat' dir='ltr'>Psalmi</span> <span class='ocrx_word' id='word_1_249' title='bbox 496 1401 607 1444; x_wconf 89' lang='lat' dir='ltr'>aliqui</span> <span class='ocrx_word' id='word_1_250' title='bbox 626 1401 812 1444; x_wconf 88' lang='lat' dir='ltr'>praecipue</span> <span class='ocrx_word' id='word_1_251' title='bbox 830 1400 901 1432; x_wconf 90' lang='lat' dir='ltr'>sint</span> <span class='ocrx_word' id='word_1_252' title='bbox 917 1412 1146 1443; x_wconf 86' lang='lat' dir='ltr'>personarum</span> <span class='ocrx_word' id='word_1_253' title='bbox 1164 1400 1226 1432; x_wconf 87' lang='lat' dir='ltr'>de—</span> <span class='ocrx_word' id='word_1_254' title='bbox 1670 1382 1870 1418; x_wconf 60' lang='lat' dir='ltr'>Educatw·</span> 
     </span>
    </p>

    <p class='ocr_par' dir='ltr' id='par_1_16' title="bbox 241 1448 2262 1951">
     <span class='ocr_line' id='line_1_33' title="bbox 243 1448 2262 1495; baseline 0 -11"><span class='ocrx_word' id='word_1_255' title='bbox 243 1451 470 1495; x_wconf 86' lang='lat' dir='ltr'>scriptiones,</span> <span class='ocrx_word' id='word_1_256' title='bbox 497 1458 535 1484; x_wconf 90' lang='lat' dir='ltr'>ut</span> <span class='ocrx_word' id='word_1_257' title='bbox 552 1450 726 1484; x_wconf 89' lang='lat' dir='ltr'>Psalmns:</span> <span class='ocrx_word' id='word_1_258' title='bbox 758 1449 852 1484; x_wconf 82' lang='lat' dir='ltr'>Dixit</span> <span class='ocrx_word' id='word_1_259' title='bbox 868 1449 1056 1485; x_wconf 89' lang='lat' dir='ltr'>Dominus.</span> <span class='ocrx_word' id='word_1_260' title='bbox 1109 1449 1150 1482; x_wconf 90' lang='lat' dir='ltr'>In</span> <span class='ocrx_word' id='word_1_261' title='bbox 1173 1457 1225 1483; x_wconf 86' lang='lat' dir='ltr'>ta-</span> <span class='ocrx_word' id='word_1_262' title='bbox 1378 1448 1534 1493; x_wconf 78' lang='lat' dir='ltr'>Regula,</span> <span class='ocrx_word' id='word_1_263' title='bbox 1561 1449 1691 1493; x_wconf 84' lang='lat' dir='ltr'>Magna</span> <span class='ocrx_word' id='word_1_264' title='bbox 1716 1450 1769 1482; x_wconf 88' lang='lat' dir='ltr'>vis</span> <span class='ocrx_word' id='word_1_265' title='bbox 1785 1457 1835 1483; x_wconf 89' lang='lat' dir='ltr'>est</span> <span class='ocrx_word' id='word_1_266' title='bbox 1853 1449 2059 1493; x_wconf 87' lang='lat' dir='ltr'>disciplinae</span> <span class='ocrx_word' id='word_1_267' title='bbox 2075 1457 2109 1485; x_wconf 88' lang='lat' dir='ltr'>et</span> <span class='ocrx_word' id='word_1_268' title='bbox 2125 1451 2262 1485; x_wconf 87' lang='lat' dir='ltr'>studio-</span> 
     </span>
     <span class='ocr_line' id='line_1_34' title="bbox 243 1500 2261 1544; baseline 0 -10"><span class='ocrx_word' id='word_1_269' title='bbox 243 1502 338 1535; x_wconf 93' lang='lat' dir='ltr'>libus</span> <span class='ocrx_word' id='word_1_270' title='bbox 368 1501 632 1535; x_wconf 88' lang='lat' dir='ltr'>narrationibus</span> <span class='ocrx_word' id='word_1_271' title='bbox 662 1501 818 1534; x_wconf 89' lang='lat' dir='ltr'>membra</span> <span class='ocrx_word' id='word_1_272' title='bbox 849 1501 1072 1534; x_wconf 87' lang='lat' dir='ltr'>considerare</span> <span class='ocrx_word' id='word_1_273' title='bbox 1099 1501 1224 1534; x_wconf 86' lang='lat' dir='ltr'>ordine</span> <span class='ocrx_word' id='word_1_274' title='bbox 1277 1512 1374 1541; x_wconf 85' lang='lat' dir='ltr'>rum,</span> <span class='ocrx_word' id='word_1_275' title='bbox 1402 1507 1440 1534; x_wconf 90' lang='lat' dir='ltr'>ut</span> <span class='ocrx_word' id='word_1_276' title='bbox 1465 1501 1570 1544; x_wconf 84' lang='lat' dir='ltr'>vulgo</span> <span class='ocrx_word' id='word_1_277' title='bbox 1594 1501 1740 1534; x_wconf 87' lang='lat' dir='ltr'>dicitur:</span> <span class='ocrx_word' id='word_1_278' title='bbox 1769 1500 1894 1534; x_wconf 89' lang='lat' dir='ltr'>Studia</span> <span class='ocrx_word' id='word_1_279' title='bbox 1919 1501 2049 1534; x_wconf 90' lang='lat' dir='ltr'>abeunt</span> <span class='ocrx_word' id='word_1_280' title='bbox 2072 1501 2110 1533; x_wconf 91' lang='lat' dir='ltr'>in</span> <span class='ocrx_word' id='word_1_281' title='bbox 2133 1514 2261 1538; x_wconf 85' lang='lat' dir='ltr'>mores.</span> 
     </span>
     <span class='ocr_line' id='line_1_35' title="bbox 243 1549 2262 1596; baseline 0 -10"><span class='ocrx_word' id='word_1_282' title='bbox 243 1553 410 1596; x_wconf 87' lang='lat' dir='ltr'>disposita</span> <span class='ocrx_word' id='word_1_283' title='bbox 442 1552 529 1585; x_wconf 89' lang='lat' dir='ltr'>utile</span> <span class='ocrx_word' id='word_1_284' title='bbox 560 1559 619 1586; x_wconf 88' lang='lat' dir='ltr'>est.</span> <span class='ocrx_word' id='word_1_285' title='bbox 689 1551 731 1584; x_wconf 91' lang='lat' dir='ltr'>In</span> <span class='ocrx_word' id='word_1_286' title='bbox 753 1549 937 1585; x_wconf 86' lang='lat' dir='ltr'>rhetoricis</span> <span class='ocrx_word' id='word_1_287' title='bbox 963 1549 1047 1586; x_wconf 86' lang='lat' dir='ltr'>haec</span> <span class='ocrx_word' id='word_1_288' title='bbox 1071 1563 1152 1594; x_wconf 83' lang='lat' dir='ltr'>pars</span> <span class='ocrx_word' id='word_1_289' title='bbox 1179 1552 1223 1585; x_wconf 82' lang='lat' dir='ltr'>ad</span> <span class='ocrx_word' id='word_1_290' title='bbox 1249 1561 1251 1583; x_wconf 70' lang='grc' dir='ltr'>ι’</span> <span class='ocrx_word' id='word_1_291' title='bbox 1276 1549 1339 1584; x_wconf 83' lang='lat' dir='ltr'>Et:</span> <span class='ocrx_word' id='word_1_292' title='bbox 1373 1549 1600 1584; x_wconf 90' lang='lat' dir='ltr'>Consuetudo</span> <span class='ocrx_word' id='word_1_293' title='bbox 1629 1558 1680 1584; x_wconf 89' lang='lat' dir='ltr'>est</span> <span class='ocrx_word' id='word_1_294' title='bbox 1708 1551 1816 1584; x_wconf 87' lang='lat' dir='ltr'>altera</span> <span class='ocrx_word' id='word_1_295' title='bbox 1847 1557 1983 1586; x_wconf 90' lang='lat' dir='ltr'>natura.</span> <span class='ocrx_word' id='word_1_296' title='bbox 2051 1549 2104 1584; x_wconf 88' lang='lat' dir='ltr'>De</span> <span class='ocrx_word' id='word_1_297' title='bbox 2135 1553 2262 1586; x_wconf 85' lang='lat' dir='ltr'>studiis</span> 
     </span>
     <span class='ocr_line' id='line_1_36' title="bbox 242 1586 2262 1648; baseline 0 -12"><span class='ocrx_word' id='word_1_298' title='bbox 242 1614 351 1646; x_wconf 85' lang='lat' dir='ltr'>genus</span> <span class='ocrx_word' id='word_1_299' title='bbox 384 1603 699 1636; x_wconf 72' lang='lat' dir='ltr'>demonstrativum</span> <span class='ocrx_word' id='word_1_300' title='bbox 731 1602 901 1645; x_wconf 85' lang='lat' dir='ltr'>pertinet,</span> <span class='ocrx_word' id='word_1_301' title='bbox 938 1603 1033 1646; x_wconf 90' lang='lat' dir='ltr'>quod</span> <span class='ocrx_word' id='word_1_302' title='bbox 1067 1603 1224 1636; x_wconf 90' lang='lat' dir='ltr'>continet</span> <span class='ocrx_word' id='word_1_303' title='bbox 1248 1586 1252 1622; x_wconf 67' lang='grc' dir='ltr'>Ι</span> <span class='ocrx_word' id='word_1_304' title='bbox 1276 1602 1473 1644; x_wconf 84' lang='lat' dir='ltr'>exemplum</span> <span class='ocrx_word' id='word_1_305' title='bbox 1497 1608 1590 1635; x_wconf 83' lang='lat' dir='ltr'>extat</span> <span class='ocrx_word' id='word_1_306' title='bbox 1614 1613 1678 1645; x_wconf 92' lang='lat' dir='ltr'>pro</span> <span class='ocrx_word' id='word_1_307' title='bbox 1701 1600 1874 1640; x_wconf 83' lang='lat' dir='ltr'>Murena,</span> <span class='ocrx_word' id='word_1_308' title='bbox 1901 1601 1965 1634; x_wconf 92' lang='lat' dir='ltr'>ubi</span> <span class='ocrx_word' id='word_1_309' title='bbox 1987 1600 2110 1636; x_wconf 89' lang='lat' dir='ltr'>Cicero</span> <span class='ocrx_word' id='word_1_310' title='bbox 2133 1602 2262 1648; x_wconf 88' lang='lat' dir='ltr'>inquit,</span> 
     </span>
     <span class='ocr_line' id='line_1_37' title="bbox 242 1651 2260 1697; baseline -0 -10"><span class='ocrx_word' id='word_1_311' title='bbox 242 1654 464 1687; x_wconf 88' lang='lat' dir='ltr'>laudationes</span> <span class='ocrx_word' id='word_1_312' title='bbox 494 1660 525 1687; x_wconf 88' lang='lat' dir='ltr'>et</span> <span class='ocrx_word' id='word_1_313' title='bbox 556 1653 830 1696; x_wconf 85' lang='lat' dir='ltr'>vituperationes</span> <span class='ocrx_word' id='word_1_314' title='bbox 854 1664 1102 1696; x_wconf 82' lang='lat' dir='ltr'>personarum,</span> <span class='ocrx_word' id='word_1_315' title='bbox 1137 1665 1223 1697; x_wconf 90' lang='lat' dir='ltr'>qua-</span> <span class='ocrx_word' id='word_1_316' title='bbox 1276 1651 1447 1685; x_wconf 92' lang='lat' dir='ltr'>Catonem</span> <span class='ocrx_word' id='word_1_317' title='bbox 1478 1652 1657 1685; x_wconf 85' lang='lat' dir='ltr'>duriorem</span> <span class='ocrx_word' id='word_1_318' title='bbox 1687 1657 1721 1685; x_wconf 90' lang='lat' dir='ltr'>et</span> <span class='ocrx_word' id='word_1_319' title='bbox 1744 1651 1946 1695; x_wconf 85' lang='lat' dir='ltr'>rigidiorem</span> <span class='ocrx_word' id='word_1_320' title='bbox 1970 1653 2101 1688; x_wconf 81' lang='lat' dir='ltr'>factum</span> <span class='ocrx_word' id='word_1_321' title='bbox 2122 1664 2196 1687; x_wconf 83' lang='lat' dir='ltr'>esse</span> <span class='ocrx_word' id='word_1_322' title='bbox 2219 1665 2260 1687; x_wconf 85' lang='lat' dir='ltr'>ex</span> 
     </span>
     <span class='ocr_line' id='line_1_38' title="bbox 241 1702 1574 1951; baseline -0.002 -213"><span class='ocrx_word' id='word_1_323' title='bbox 241 1716 320 1738; x_wconf 86' lang='lat' dir='ltr'>rum</span> <span class='ocrx_word' id='word_1_324' title='bbox 346 1704 481 1748; x_wconf 88' lang='lat' dir='ltr'>aliquas</span> <span class='ocrx_word' id='word_1_325' title='bbox 503 1716 700 1748; x_wconf 86' lang='lat' dir='ltr'>proponere</span> <span class='ocrx_word' id='word_1_326' title='bbox 719 1704 934 1737; x_wconf 84' lang='lat' dir='ltr'>discentibus</span> <span class='ocrx_word' id='word_1_327' title='bbox 951 1703 1038 1736; x_wconf 92' lang='lat' dir='ltr'>utile</span> <span class='ocrx_word' id='word_1_328' title='bbox 1055 1711 1123 1743; x_wconf 87' lang='lat' dir='ltr'>est,</span> <span class='ocrx_word' id='word_1_329' title='bbox 1150 1716 1223 1737; x_wconf 89' lang='lat' dir='ltr'>non</span> <span class='ocrx_word' id='word_1_330' title='bbox 1246 1716 1253 1951; x_wconf 55' lang='grc' dir='ltr'><strong><em>ζ</em></strong></span> <span class='ocrx_word' id='word_1_331' title='bbox 1276 1702 1383 1736; x_wconf 88' lang='lat' dir='ltr'>stoica</span> <span class='ocrx_word' id='word_1_332' title='bbox 1402 1703 1574 1739; x_wconf 87' lang='lat' dir='ltr'>doctrina.</span> 
     </span>
    </p>
   </div>
   <div class='ocr_carea' id='block_1_13' title="bbox 1434 1147 2054 1190">
    <p class='ocr_par' dir='ltr' id='par_1_17' title="bbox 1434 1147 2054 1190">
     <span class='ocr_line' id='line_1_39' title="bbox 1434 1147 2054 1190; baseline 0.003 -13"><span class='ocrx_word' id='word_1_333' title='bbox 1434 1147 1487 1177; x_wconf 84' lang='lat' dir='ltr'>Est</span> <span class='ocrx_word' id='word_1_334' title='bbox 1503 1151 1535 1177; x_wconf 89' lang='lat' dir='ltr'>in</span> <span class='ocrx_word' id='word_1_335' title='bbox 1552 1151 1701 1186; x_wconf 74' lang='lat' dir='ltr'>iuvencis,</span> <span class='ocrx_word' id='word_1_336' title='bbox 1731 1156 1772 1178; x_wconf 87' lang='lat' dir='ltr'>est</span> <span class='ocrx_word' id='word_1_337' title='bbox 1786 1152 1818 1178; x_wconf 87' lang='lat' dir='ltr'>in</span> <span class='ocrx_word' id='word_1_338' title='bbox 1835 1151 1919 1190; x_wconf 81' lang='lat' dir='ltr'>equis</span> <span class='ocrx_word' id='word_1_339' title='bbox 1934 1157 2054 1189; x_wconf 83' lang='lat' dir='ltr'>patrum</span> 
     </span>
    </p>
   </div>
   <div class='ocr_carea' id='block_1_14' title="bbox 241 1752 1224 2051">
    <p class='ocr_par' dir='ltr' id='par_1_18' title="bbox 241 1752 1224 2051">
     <span class='ocr_line' id='line_1_40' title="bbox 242 1752 1223 1799; baseline -0.001 -11"><span class='ocrx_word' id='word_1_340' title='bbox 242 1755 373 1794; x_wconf 88' lang='lat' dir='ltr'>solum,</span> <span class='ocrx_word' id='word_1_341' title='bbox 399 1755 480 1799; x_wconf 90' lang='lat' dir='ltr'>quia</span> <span class='ocrx_word' id='word_1_342' title='bbox 499 1755 547 1787; x_wconf 92' lang='lat' dir='ltr'>ibi</span> <span class='ocrx_word' id='word_1_343' title='bbox 566 1755 720 1798; x_wconf 81' lang='lat' dir='ltr'>exempla</span> <span class='ocrx_word' id='word_1_344' title='bbox 739 1752 868 1786; x_wconf 86' lang='lat' dir='ltr'>horum</span> <span class='ocrx_word' id='word_1_345' title='bbox 886 1754 1044 1786; x_wconf 91' lang='lat' dir='ltr'>locorum</span> <span class='ocrx_word' id='word_1_346' title='bbox 1062 1761 1223 1795; x_wconf 87' lang='lat' dir='ltr'>cernunt,</span> 
     </span>
     <span class='ocr_line' id='line_1_41' title="bbox 242 1804 1223 1850; baseline -0.002 -11"><span class='ocrx_word' id='word_1_347' title='bbox 242 1807 300 1839; x_wconf 92' lang='lat' dir='ltr'>sed</span> <span class='ocrx_word' id='word_1_348' title='bbox 319 1805 441 1845; x_wconf 85' lang='lat' dir='ltr'>etiam,</span> <span class='ocrx_word' id='word_1_349' title='bbox 468 1806 549 1850; x_wconf 91' lang='lat' dir='ltr'>quia</span> <span class='ocrx_word' id='word_1_350' title='bbox 565 1806 723 1838; x_wconf 86' lang='lat' dir='ltr'>moribus</span> <span class='ocrx_word' id='word_1_351' title='bbox 740 1806 880 1848; x_wconf 87' lang='lat' dir='ltr'>prodest</span> <span class='ocrx_word' id='word_1_352' title='bbox 898 1804 1028 1837; x_wconf 87' lang='lat' dir='ltr'>intueri</span> <span class='ocrx_word' id='word_1_353' title='bbox 1044 1805 1223 1850; x_wconf 81' lang='lat' dir='ltr'>imagines,</span> 
     </span>
     <span class='ocr_line' id='line_1_42' title="bbox 241 1856 1223 1900; baseline 0.001 -12"><span class='ocrx_word' id='word_1_354' title='bbox 241 1857 279 1888; x_wconf 91' lang='lat' dir='ltr'>in</span> <span class='ocrx_word' id='word_1_355' title='bbox 308 1856 437 1900; x_wconf 87' lang='lat' dir='ltr'>quibus</span> <span class='ocrx_word' id='word_1_356' title='bbox 467 1868 554 1900; x_wconf 87' lang='lat' dir='ltr'>quae</span> <span class='ocrx_word' id='word_1_357' title='bbox 586 1856 630 1889; x_wconf 88' lang='lat' dir='ltr'>sit</span> <span class='ocrx_word' id='word_1_358' title='bbox 659 1856 832 1889; x_wconf 66' lang='lat' dir='ltr'>virtutum</span> <span class='ocrx_word' id='word_1_359' title='bbox 855 1862 1001 1896; x_wconf 88' lang='lat' dir='ltr'>natura,</span> <span class='ocrx_word' id='word_1_360' title='bbox 1036 1856 1223 1890; x_wconf 82' lang='lat' dir='ltr'>cernimus,</span> 
     </span>
     <span class='ocr_line' id='line_1_43' title="bbox 242 1905 1224 1951; baseline -0.001 -11"><span class='ocrx_word' id='word_1_361' title='bbox 242 1906 296 1940; x_wconf 93' lang='lat' dir='ltr'>Ita</span> <span class='ocrx_word' id='word_1_362' title='bbox 327 1907 491 1951; x_wconf 80' lang='lat' dir='ltr'>legantur</span> <span class='ocrx_word' id='word_1_363' title='bbox 516 1907 607 1939; x_wconf 84' lang='lat' dir='ltr'>vitae</span> <span class='ocrx_word' id='word_1_364' title='bbox 632 1907 770 1951; x_wconf 88' lang='lat' dir='ltr'>aliquae</span> <span class='ocrx_word' id='word_1_365' title='bbox 793 1906 956 1938; x_wconf 86' lang='lat' dir='ltr'>recitatae</span> <span class='ocrx_word' id='word_1_366' title='bbox 978 1918 996 1939; x_wconf 88' lang='lat' dir='ltr'>a</span> <span class='ocrx_word' id='word_1_367' title='bbox 1020 1905 1224 1947; x_wconf 84' lang='lat' dir='ltr'>Plutarcho,</span> 
     </span>
     <span class='ocr_line' id='line_1_44' title="bbox 241 1954 1224 2000; baseline 0.002 -11"><span class='ocrx_word' id='word_1_368' title='bbox 241 1955 419 1999; x_wconf 78' lang='lat' dir='ltr'>Evagoras</span> <span class='ocrx_word' id='word_1_369' title='bbox 449 1955 627 1994; x_wconf 83' lang='lat' dir='ltr'>Isocratis,</span> <span class='ocrx_word' id='word_1_370' title='bbox 665 1957 735 1990; x_wconf 67' lang='lat' dir='ltr'>vita</span> <span class='ocrx_word' id='word_1_371' title='bbox 766 1956 955 2000; x_wconf 90' lang='lat' dir='ltr'>Pomponii</span> <span class='ocrx_word' id='word_1_372' title='bbox 989 1954 1117 1996; x_wconf 87' lang='lat' dir='ltr'>Attici,</span> <span class='ocrx_word' id='word_1_373' title='bbox 1152 1958 1224 1991; x_wconf 63' lang='lat' dir='ltr'>vita</span> 
     </span>
     <span class='ocr_line' id='line_1_45' title="bbox 241 2005 1172 2051; baseline 0 -10"><span class='ocrx_word' id='word_1_374' title='bbox 241 2006 461 2048; x_wconf 86' lang='lat' dir='ltr'>Aristotelis,</span> <span class='ocrx_word' id='word_1_375' title='bbox 486 2007 557 2040; x_wconf 84' lang='lat' dir='ltr'>vita</span> <span class='ocrx_word' id='word_1_376' title='bbox 572 2006 714 2048; x_wconf 84' lang='lat' dir='ltr'>Basilii,</span> <span class='ocrx_word' id='word_1_377' title='bbox 737 2005 940 2049; x_wconf 87' lang='lat' dir='ltr'>Ambrosii,</span> <span class='ocrx_word' id='word_1_378' title='bbox 967 2005 1172 2051; x_wconf 85' lang='lat' dir='ltr'>Augustini.</span> 
     </span>
    </p>
   </div>
   <div class='ocr_carea' id='block_1_15' title="bbox 1703 1791 1836 1823">
    <p class='ocr_par' dir='ltr' id='par_1_19' title="bbox 1703 1791 1836 1823">
     <span class='ocr_line' id='line_1_46' title="bbox 1703 1791 1836 1823; baseline 0 -1"><span class='ocrx_word' id='word_1_379' title='bbox 1703 1791 1836 1823; x_wconf 73' lang='lat' dir='ltr'>DIore-s.</span> 
     </span>
    </p>
   </div>
   <div class='ocr_carea' id='block_1_16' title="bbox 1275 1854 2259 2194">
    <p class='ocr_par' dir='ltr' id='par_1_20' title="bbox 1275 1854 2259 2194">
     <span class='ocr_line' id='line_1_47' title="bbox 1377 1854 2259 1900; baseline 0.001 -11"><span class='ocrx_word' id='word_1_380' title='bbox 1377 1854 1533 1899; x_wconf 86' lang='lat' dir='ltr'>Regula,</span> <span class='ocrx_word' id='word_1_381' title='bbox 1561 1854 1652 1889; x_wconf 75' lang='lat' dir='ltr'>Vera</span> <span class='ocrx_word' id='word_1_382' title='bbox 1673 1863 1707 1889; x_wconf 90' lang='lat' dir='ltr'>et</span> <span class='ocrx_word' id='word_1_383' title='bbox 1728 1867 1863 1889; x_wconf 87' lang='lat' dir='ltr'>summa</span> <span class='ocrx_word' id='word_1_384' title='bbox 1880 1855 1955 1888; x_wconf 90' lang='lat' dir='ltr'>laus</span> <span class='ocrx_word' id='word_1_385' title='bbox 1970 1861 2030 1889; x_wconf 90' lang='lat' dir='ltr'>aut</span> <span class='ocrx_word' id='word_1_386' title='bbox 2049 1855 2259 1900; x_wconf 89' lang='lat' dir='ltr'>vituperatio</span> 
     </span>
     <span class='ocr_line' id='line_1_48' title="bbox 1277 1904 2259 1951; baseline 0.001 -12"><span class='ocrx_word' id='word_1_387' title='bbox 1277 1912 1327 1939; x_wconf 90' lang='lat' dir='ltr'>est</span> <span class='ocrx_word' id='word_1_388' title='bbox 1355 1918 1511 1948; x_wconf 89' lang='lat' dir='ltr'>morum,</span> <span class='ocrx_word' id='word_1_389' title='bbox 1547 1907 1628 1951; x_wconf 89' lang='lat' dir='ltr'>quia</span> <span class='ocrx_word' id='word_1_390' title='bbox 1656 1904 1845 1940; x_wconf 87' lang='lat' dir='ltr'>honestum</span> <span class='ocrx_word' id='word_1_391' title='bbox 1873 1917 2031 1938; x_wconf 88' lang='lat' dir='ltr'>summus</span> <span class='ocrx_word' id='word_1_392' title='bbox 2056 1907 2184 1948; x_wconf 86' lang='lat' dir='ltr'>gradus</span> <span class='ocrx_word' id='word_1_393' title='bbox 2207 1913 2259 1941; x_wconf 84' lang='lat' dir='ltr'>est</span> 
     </span>
     <span class='ocr_line' id='line_1_49' title="bbox 1276 1954 2257 2000; baseline 0 -10"><span class='ocrx_word' id='word_1_394' title='bbox 1276 1959 1464 1992; x_wconf 85' lang='lat' dir='ltr'>bonorum.</span> <span class='ocrx_word' id='word_1_395' title='bbox 1519 1956 1602 1990; x_wconf 89' lang='lat' dir='ltr'>ldeo</span> <span class='ocrx_word' id='word_1_396' title='bbox 1619 1955 1742 1990; x_wconf 90' lang='lat' dir='ltr'>Cicero</span> <span class='ocrx_word' id='word_1_397' title='bbox 1763 1955 1919 1990; x_wconf 76' lang='lat' dir='ltr'>victoriis</span> <span class='ocrx_word' id='word_1_398' title='bbox 1940 1962 1974 1988; x_wconf 88' lang='lat' dir='ltr'>et</span> <span class='ocrx_word' id='word_1_399' title='bbox 1990 1954 2180 2000; x_wconf 87' lang='lat' dir='ltr'>triumphis</span> <span class='ocrx_word' id='word_1_400' title='bbox 2196 1955 2257 1990; x_wconf 92' lang='lat' dir='ltr'>Iu-</span> 
     </span>
     <span class='ocr_line' id='line_1_50' title="bbox 1276 2006 2259 2051; baseline 0 -10"><span class='ocrx_word' id='word_1_401' title='bbox 1276 2009 1316 2041; x_wconf 92' lang='lat' dir='ltr'>lii</span> <span class='ocrx_word' id='word_1_402' title='bbox 1340 2006 1498 2041; x_wconf 89' lang='lat' dir='ltr'>Caesaris</span> <span class='ocrx_word' id='word_1_403' title='bbox 1521 2008 1670 2040; x_wconf 83' lang='lat' dir='ltr'>antefert</span> <span class='ocrx_word' id='word_1_404' title='bbox 1693 2008 1766 2040; x_wconf 93' lang='lat' dir='ltr'>eius</span> <span class='ocrx_word' id='word_1_405' title='bbox 1793 2006 2031 2047; x_wconf 89' lang='lat' dir='ltr'>clementiam,</span> <span class='ocrx_word' id='word_1_406' title='bbox 2065 2008 2160 2051; x_wconf 92' lang='lat' dir='ltr'>quod</span> <span class='ocrx_word' id='word_1_407' title='bbox 2184 2019 2259 2041; x_wconf 90' lang='lat' dir='ltr'>ser-</span> 
     </span>
     <span class='ocr_line' id='line_1_51' title="bbox 1276 2055 2259 2097; baseline -0.001 -5"><span class='ocrx_word' id='word_1_408' title='bbox 1276 2065 1334 2092; x_wconf 85' lang='lat' dir='ltr'>vet</span> <span class='ocrx_word' id='word_1_409' title='bbox 1355 2059 1466 2091; x_wconf 84' lang='lat' dir='ltr'>victos</span> <span class='ocrx_word' id='word_1_410' title='bbox 1491 2059 1594 2093; x_wconf 83' lang='lat' dir='ltr'>cives.</span> <span class='ocrx_word' id='word_1_411' title='bbox 1650 2056 1699 2091; x_wconf 86' lang='lat' dir='ltr'>Et</span> <span class='ocrx_word' id='word_1_412' title='bbox 1721 2057 1845 2090; x_wconf 88' lang='lat' dir='ltr'>Peleus</span> <span class='ocrx_word' id='word_1_413' title='bbox 1866 2057 2048 2090; x_wconf 87' lang='lat' dir='ltr'>dimittens</span> <span class='ocrx_word' id='word_1_414' title='bbox 2070 2055 2259 2097; x_wconf 87' lang='lat' dir='ltr'>Achillem,</span> 
     </span>
     <span class='ocr_line' id='line_1_52' title="bbox 1276 2107 2258 2154; baseline -0.001 -11"><span class='ocrx_word' id='word_1_415' title='bbox 1276 2109 1409 2154; x_wconf 87' lang='lat' dir='ltr'>inquit:</span> <span class='ocrx_word' id='word_1_416' title='bbox 1436 2108 1630 2143; x_wconf 73' lang='lat' dir='ltr'>Victoriam</span> <span class='ocrx_word' id='word_1_417' title='bbox 1653 2107 1728 2142; x_wconf 90' lang='lat' dir='ltr'>Deo</span> <span class='ocrx_word' id='word_1_418' title='bbox 1752 2108 1995 2150; x_wconf 88' lang='lat' dir='ltr'>commendes,</span> <span class='ocrx_word' id='word_1_419' title='bbox 2021 2108 2081 2142; x_wconf 90' lang='lat' dir='ltr'>sed</span> <span class='ocrx_word' id='word_1_420' title='bbox 2103 2114 2141 2142; x_wconf 91' lang='lat' dir='ltr'>tu</span> <span class='ocrx_word' id='word_1_421' title='bbox 2166 2108 2258 2142; x_wconf 84' lang='lat' dir='ltr'>iram</span> 
     </span>
     <span class='ocr_line' id='line_1_53' title="bbox 1275 2162 1422 2194; baseline -0.014 0"><span class='ocrx_word' id='word_1_422' title='bbox 1275 2162 1422 2194; x_wconf 87' lang='lat' dir='ltr'>frenato.</span> 
     </span>
    </p>
   </div>
   <div class='ocr_carea' id='block_1_17' title="bbox 658 2095 806 2127">
    <p class='ocr_par' dir='ltr' id='par_1_21' title="bbox 658 2095 806 2127">
     <span class='ocr_line' id='line_1_54' title="bbox 658 2095 806 2127; baseline 0 -1"><span class='ocrx_word' id='word_1_423' title='bbox 658 2095 806 2127; x_wconf 80' lang='lat' dir='ltr'>Patria.</span> 
     </span>
    </p>
   </div>
   <div class='ocr_carea' id='block_1_18' title="bbox 242 2159 1225 2254">
    <p class='ocr_par' dir='ltr' id='par_1_22' title="bbox 242 2159 1225 2254">
     <span class='ocr_line' id='line_1_55' title="bbox 345 2159 1225 2204; baseline 0.001 -11"><span class='ocrx_word' id='word_1_424' title='bbox 345 2159 442 2203; x_wconf 87' lang='lat' dir='ltr'>Quid</span> <span class='ocrx_word' id='word_1_425' title='bbox 466 2171 630 2193; x_wconf 85' lang='lat' dir='ltr'>vocemus</span> <span class='ocrx_word' id='word_1_426' title='bbox 653 2160 820 2204; x_wconf 81' lang='lat' dir='ltr'>patriam,</span> <span class='ocrx_word' id='word_1_427' title='bbox 854 2172 926 2193; x_wconf 89' lang='lat' dir='ltr'>non</span> <span class='ocrx_word' id='word_1_428' title='bbox 949 2161 1137 2194; x_wconf 88' lang='lat' dir='ltr'>obscurum</span> <span class='ocrx_word' id='word_1_429' title='bbox 1163 2169 1225 2202; x_wconf 88' lang='lat' dir='ltr'>est,</span> 
     </span>
     <span class='ocr_line' id='line_1_56' title="bbox 242 2210 1224 2254; baseline -0.001 -8"><span class='ocrx_word' id='word_1_430' title='bbox 242 2218 273 2246; x_wconf 89' lang='lat' dir='ltr'>et</span> <span class='ocrx_word' id='word_1_431' title='bbox 294 2212 438 2254; x_wconf 85' lang='lat' dir='ltr'>longum</span> <span class='ocrx_word' id='word_1_432' title='bbox 458 2218 546 2245; x_wconf 88' lang='lat' dir='ltr'>esset</span> <span class='ocrx_word' id='word_1_433' title='bbox 563 2212 692 2244; x_wconf 88' lang='lat' dir='ltr'>addere</span> <span class='ocrx_word' id='word_1_434' title='bbox 710 2211 944 2244; x_wconf 87' lang='lat' dir='ltr'>definitiones.</span> <span class='ocrx_word' id='word_1_435' title='bbox 999 2210 1081 2244; x_wconf 88' lang='lat' dir='ltr'>Ideo</span> <span class='ocrx_word' id='word_1_436' title='bbox 1096 2212 1134 2244; x_wconf 88' lang='lat' dir='ltr'>in</span> <span class='ocrx_word' id='word_1_437' title='bbox 1151 2213 1224 2245; x_wconf 91' lang='lat' dir='ltr'>sin-</span> 
     </span>
    </p>
   </div>
   <div class='ocr_carea' id='block_1_19' title="bbox 241 2262 2257 2358">
    <p class='ocr_par' dir='ltr' id='par_1_23' title="bbox 241 2262 2257 2358">
     <span class='ocr_line' id='line_1_57' title="bbox 241 2262 1223 2306; baseline 0.001 -11"><span class='ocrx_word' id='word_1_438' title='bbox 241 2263 331 2306; x_wconf 87' lang='lat' dir='ltr'>gulis</span> <span class='ocrx_word' id='word_1_439' title='bbox 368 2269 506 2296; x_wconf 87' lang='lat' dir='ltr'>tantum</span> <span class='ocrx_word' id='word_1_440' title='bbox 544 2262 698 2296; x_wconf 89' lang='lat' dir='ltr'>recitabo</span> <span class='ocrx_word' id='word_1_441' title='bbox 735 2262 856 2296; x_wconf 90' lang='lat' dir='ltr'>titulos</span> <span class='ocrx_word' id='word_1_442' title='bbox 894 2268 927 2295; x_wconf 89' lang='lat' dir='ltr'>et</span> <span class='ocrx_word' id='word_1_443' title='bbox 959 2262 1115 2305; x_wconf 78' lang='lat' dir='ltr'>regulam</span> <span class='ocrx_word' id='word_1_444' title='bbox 1145 2275 1223 2296; x_wconf 90' lang='lat' dir='ltr'>cum</span> 
     </span>
     <span class='ocr_line' id='line_1_58' title="bbox 241 2309 2257 2358; baseline -0.002 -12"><span class='ocrx_word' id='word_1_445' title='bbox 241 2313 409 2358; x_wconf 83' lang='lat' dir='ltr'>exemplo.</span> <span class='ocrx_word' id='word_1_446' title='bbox 1377 2310 1532 2354; x_wconf 84' lang='lat' dir='ltr'>Regula,</span> <span class='ocrx_word' id='word_1_447' title='bbox 1559 2310 1650 2344; x_wconf 88' lang='lat' dir='ltr'>Cum</span> <span class='ocrx_word' id='word_1_448' title='bbox 1667 2310 1761 2344; x_wconf 79' lang='lat' dir='ltr'>Deus</span> <span class='ocrx_word' id='word_1_449' title='bbox 1784 2309 1945 2344; x_wconf 88' lang='lat' dir='ltr'>homines</span> <span class='ocrx_word' id='word_1_450' title='bbox 1969 2310 2062 2343; x_wconf 90' lang='lat' dir='ltr'>inter</span> <span class='ocrx_word' id='word_1_451' title='bbox 2083 2321 2119 2342; x_wconf 90' lang='lat' dir='ltr'>se</span> <span class='ocrx_word' id='word_1_452' title='bbox 2132 2309 2257 2342; x_wconf 85' lang='lat' dir='ltr'>devin-</span> 
     </span>
    </p>
   </div>
   <div class='ocr_carea' id='block_1_20' title="bbox 237 2359 2255 2716">
    <p class='ocr_par' dir='ltr' id='par_1_24' title="bbox 1277 2359 2255 2404">
     <span class='ocr_line' id='line_1_59' title="bbox 1277 2359 2255 2404; baseline -0.001 -10"><span class='ocrx_word' id='word_1_453' title='bbox 1277 2362 1365 2396; x_wconf 74' lang='lat' dir='ltr'>xerit</span> <span class='ocrx_word' id='word_1_454' title='bbox 1393 2362 1525 2394; x_wconf 85' lang='lat' dir='ltr'>mutuis</span> <span class='ocrx_word' id='word_1_455' title='bbox 1550 2361 1691 2402; x_wconf 84' lang='lat' dir='ltr'>officiis,</span> <span class='ocrx_word' id='word_1_456' title='bbox 1720 2369 1752 2395; x_wconf 90' lang='lat' dir='ltr'>et</span> <span class='ocrx_word' id='word_1_457' title='bbox 1777 2359 1905 2395; x_wconf 88' lang='lat' dir='ltr'>horum</span> <span class='ocrx_word' id='word_1_458' title='bbox 1929 2372 2054 2404; x_wconf 84' lang='lat' dir='ltr'>magna</span> <span class='ocrx_word' id='word_1_459' title='bbox 2079 2360 2124 2392; x_wconf 90' lang='lat' dir='ltr'>sit</span> <span class='ocrx_word' id='word_1_460' title='bbox 2142 2360 2255 2393; x_wconf 87' lang='lat' dir='ltr'>varie-</span> 
     </span>
    </p>

    <p class='ocr_par' dir='ltr' id='par_1_25' title="bbox 657 2399 2255 2455">
     <span class='ocr_line' id='line_1_60' title="bbox 657 2399 2255 2455; baseline 0 -11"><span class='ocrx_word' id='word_1_461' title='bbox 657 2399 811 2444; x_wconf 62' lang='lat' dir='ltr'>Refflda·</span> <span class='ocrx_word' id='word_1_462' title='bbox 1277 2420 1344 2454; x_wconf 79' lang='lat' dir='ltr'>tas,</span> <span class='ocrx_word' id='word_1_463' title='bbox 1379 2413 1569 2445; x_wconf 87' lang='lat' dir='ltr'>laudantur</span> <span class='ocrx_word' id='word_1_464' title='bbox 1596 2412 1688 2445; x_wconf 86' lang='lat' dir='ltr'>vitae</span> <span class='ocrx_word' id='word_1_465' title='bbox 1714 2424 1839 2455; x_wconf 81' lang='lat' dir='ltr'>genera</span> <span class='ocrx_word' id='word_1_466' title='bbox 1868 2424 1886 2445; x_wconf 92' lang='lat' dir='ltr'>a</span> <span class='ocrx_word' id='word_1_467' title='bbox 1910 2410 1985 2445; x_wconf 92' lang='lat' dir='ltr'>Deo</span> <span class='ocrx_word' id='word_1_468' title='bbox 2008 2409 2185 2450; x_wconf 86' lang='lat' dir='ltr'>ordinata,</span> <span class='ocrx_word' id='word_1_469' title='bbox 2221 2417 2255 2444; x_wconf 86' lang='lat' dir='ltr'>et</span> 
     </span>
    </p>

    <p class='ocr_par' dir='ltr' id='par_1_26' title="bbox 342 2460 2253 2521">
     <span class='ocr_line' id='line_1_61' title="bbox 342 2460 2253 2521; baseline -0.002 -23"><span class='ocrx_word' id='word_1_470' title='bbox 342 2466 458 2499; x_wconf 86' lang='lat' dir='ltr'>Patria</span> <span class='ocrx_word' id='word_1_471' title='bbox 482 2465 572 2498; x_wconf 89' lang='lat' dir='ltr'>bene</span> <span class='ocrx_word' id='word_1_472' title='bbox 595 2472 729 2498; x_wconf 89' lang='lat' dir='ltr'>morata</span> <span class='ocrx_word' id='word_1_473' title='bbox 754 2471 855 2508; x_wconf 86' lang='lat' dir='ltr'>auget</span> <span class='ocrx_word' id='word_1_474' title='bbox 877 2465 1000 2505; x_wconf 86' lang='lat' dir='ltr'>decus,</span> <span class='ocrx_word' id='word_1_475' title='bbox 1033 2464 1114 2509; x_wconf 90' lang='lat' dir='ltr'>quia</span> <span class='ocrx_word' id='word_1_476' title='bbox 1139 2476 1223 2497; x_wconf 84' lang='lat' dir='ltr'>con·</span> <span class='ocrx_word' id='word_1_477' title='bbox 1247 2484 1250 2521; x_wconf 70' lang='grc' dir='ltr'>Ι</span> <span class='ocrx_word' id='word_1_478' title='bbox 1275 2463 1439 2497; x_wconf 84' lang='lat' dir='ltr'>salutaria</span> <span class='ocrx_word' id='word_1_479' title='bbox 1470 2460 1626 2495; x_wconf 89' lang='lat' dir='ltr'>humano</span> <span class='ocrx_word' id='word_1_480' title='bbox 1657 2464 1774 2506; x_wconf 82' lang='lat' dir='ltr'>generi</span> <span class='ocrx_word' id='word_1_481' title='bbox 1802 2470 1836 2496; x_wconf 90' lang='lat' dir='ltr'>et</span> <span class='ocrx_word' id='word_1_482' title='bbox 1859 2463 1945 2496; x_wconf 85' lang='lat' dir='ltr'>aliae</span> <span class='ocrx_word' id='word_1_483' title='bbox 1969 2461 2140 2499; x_wconf 82' lang='lat' dir='ltr'>actiones,</span> <span class='ocrx_word' id='word_1_484' title='bbox 2174 2461 2253 2494; x_wconf 88' lang='lat' dir='ltr'>aliis</span> 
     </span>
    </p>

    <p class='ocr_par' dir='ltr' id='par_1_27' title="bbox 241 2507 2254 2558">
     <span class='ocr_line' id='line_1_62' title="bbox 241 2507 2254 2558; baseline -0.002 -10"><span class='ocrx_word' id='word_1_485' title='bbox 241 2523 445 2549; x_wconf 84' lang='lat' dir='ltr'>sentaneurn</span> <span class='ocrx_word' id='word_1_486' title='bbox 484 2523 536 2549; x_wconf 85' lang='lat' dir='ltr'>est</span> <span class='ocrx_word' id='word_1_487' title='bbox 574 2516 622 2549; x_wconf 91' lang='lat' dir='ltr'>ibi</span> <span class='ocrx_word' id='word_1_488' title='bbox 662 2517 844 2549; x_wconf 85' lang='lat' dir='ltr'>meliorem</span> <span class='ocrx_word' id='word_1_489' title='bbox 884 2528 956 2548; x_wconf 89' lang='lat' dir='ltr'>esse</span> <span class='ocrx_word' id='word_1_490' title='bbox 985 2515 1222 2558; x_wconf 87' lang='lat' dir='ltr'>disciplinam.</span> <span class='ocrx_word' id='word_1_491' title='bbox 1247 2523 1249 2546; x_wconf 76' lang='lat' dir='ltr'>i</span> <span class='ocrx_word' id='word_1_492' title='bbox 1276 2514 1462 2557; x_wconf 86' lang='lat' dir='ltr'>generibus</span> <span class='ocrx_word' id='word_1_493' title='bbox 1490 2521 1700 2556; x_wconf 82' lang='lat' dir='ltr'>congruunt.</span> <span class='ocrx_word' id='word_1_494' title='bbox 1769 2512 1816 2547; x_wconf 87' lang='lat' dir='ltr'>Et</span> <span class='ocrx_word' id='word_1_495' title='bbox 1841 2507 2182 2558; x_wconf 68' lang='grc' dir='ltr'><em>πολυπραγμοσύνη</em></span> <span class='ocrx_word' id='word_1_496' title='bbox 2204 2512 2254 2544; x_wconf 87' lang='lat' dir='ltr'>ir-</span> 
     </span>
    </p>

    <p class='ocr_par' dir='ltr' id='par_1_28' title="bbox 240 2550 2253 2616">
     <span class='ocr_line' id='line_1_63' title="bbox 240 2550 2253 2616; baseline -0.002 -16"><span class='ocrx_word' id='word_1_497' title='bbox 240 2565 394 2600; x_wconf 88' lang='lat' dir='ltr'>Econtra</span> <span class='ocrx_word' id='word_1_498' title='bbox 426 2566 537 2609; x_wconf 85' lang='lat' dir='ltr'>patria</span> <span class='ocrx_word' id='word_1_499' title='bbox 567 2567 658 2599; x_wconf 85' lang='lat' dir='ltr'>male</span> <span class='ocrx_word' id='word_1_500' title='bbox 689 2574 823 2600; x_wconf 77' lang='lat' dir='ltr'>morata</span> <span class='ocrx_word' id='word_1_501' title='bbox 855 2567 1022 2600; x_wconf 89' lang='lat' dir='ltr'>obiicitur</span> <span class='ocrx_word' id='word_1_502' title='bbox 1053 2573 1219 2611; x_wconf 79' lang='lat' dir='ltr'>tanquam</span> <span class='ocrx_word' id='word_1_503' title='bbox 1244 2550 1249 2616; x_wconf 58' lang='grc'>1</span> <span class='ocrx_word' id='word_1_504' title='bbox 1273 2577 1378 2598; x_wconf 92' lang='lat' dir='ltr'>ruens</span> <span class='ocrx_word' id='word_1_505' title='bbox 1402 2564 1438 2596; x_wconf 93' lang='lat' dir='ltr'>in</span> <span class='ocrx_word' id='word_1_506' title='bbox 1464 2564 1570 2597; x_wconf 86' lang='lat' dir='ltr'>alieni</span> <span class='ocrx_word' id='word_1_507' title='bbox 1593 2565 1728 2607; x_wconf 87' lang='lat' dir='ltr'>generis</span> <span class='ocrx_word' id='word_1_508' title='bbox 1753 2564 1884 2603; x_wconf 80' lang='lat' dir='ltr'>officia,</span> <span class='ocrx_word' id='word_1_509' title='bbox 1917 2562 2172 2606; x_wconf 79' lang='lat' dir='ltr'>vituperatione</span> <span class='ocrx_word' id='word_1_510' title='bbox 2197 2562 2253 2595; x_wconf 89' lang='lat' dir='ltr'>di-</span> 
     </span>
    </p>

    <p class='ocr_par' dir='ltr' id='par_1_29' title="bbox 237 2612 2252 2716">
     <span class='ocr_line' id='line_1_64' title="bbox 240 2612 2252 2663; baseline -0.002 -13"><span class='ocrx_word' id='word_1_511' title='bbox 240 2618 430 2662; x_wconf 86' lang='lat' dir='ltr'>probrum‚</span> <span class='ocrx_word' id='word_1_512' title='bbox 465 2623 503 2648; x_wconf 90' lang='lat' dir='ltr'>ut</span> <span class='ocrx_word' id='word_1_513' title='bbox 525 2619 615 2659; x_wconf 85' lang='lat' dir='ltr'>apud</span> <span class='ocrx_word' id='word_1_514' title='bbox 644 2616 794 2650; x_wconf 83' lang='lat' dir='ltr'>Paulum</span> <span class='ocrx_word' id='word_1_515' title='bbox 816 2619 943 2663; x_wconf 71' lang='grc' dir='ltr'><em>κρῆτες</em></span> <span class='ocrx_word' id='word_1_516' title='bbox 968 2614 1023 2651; x_wconf 72' lang='grc' dir='ltr'>ἀεὶ</span> <span class='ocrx_word' id='word_1_517' title='bbox 1045 2614 1216 2663; x_wconf 77' lang='grc' dir='ltr'><strong><em>ψευσταὶ,</em></strong></span> <span class='ocrx_word' id='word_1_518' title='bbox 1243 2618 1247 2644; x_wconf 71' lang='lat' dir='ltr'>l</span> <span class='ocrx_word' id='word_1_519' title='bbox 1272 2627 1339 2659; x_wconf 82' lang='lat' dir='ltr'>gna</span> <span class='ocrx_word' id='word_1_520' title='bbox 1371 2621 1439 2656; x_wconf 86' lang='lat' dir='ltr'>est,</span> <span class='ocrx_word' id='word_1_521' title='bbox 1474 2622 1528 2648; x_wconf 89' lang='lat' dir='ltr'>ut:</span> <span class='ocrx_word' id='word_1_522' title='bbox 1564 2614 1689 2649; x_wconf 89' lang='lat' dir='ltr'>Petrus</span> <span class='ocrx_word' id='word_1_523' title='bbox 1719 2622 1769 2650; x_wconf 90' lang='lat' dir='ltr'>est</span> <span class='ocrx_word' id='word_1_524' title='bbox 1794 2613 2006 2658; x_wconf 84' lang='lat' dir='ltr'>Apostolus,</span> <span class='ocrx_word' id='word_1_525' title='bbox 2039 2624 2114 2646; x_wconf 91' lang='lat' dir='ltr'>non</span> <span class='ocrx_word' id='word_1_526' title='bbox 2144 2612 2252 2656; x_wconf 87' lang='lat' dir='ltr'>igitur</span> 
     </span>
     <span class='ocr_line' id='line_1_65' title="bbox 237 2650 1606 2716; baseline -0.002 -14"><span class='ocrx_word' id='word_1_527' title='bbox 237 2666 332 2703; x_wconf 81' lang='grc' dir='ltr'><em>κατὰ</em></span> <span class='ocrx_word' id='word_1_528' title='bbox 363 2665 500 2713; x_wconf 66' lang='grc' dir='ltr'><em>θηρία,</em></span> <span class='ocrx_word' id='word_1_529' title='bbox 535 2666 706 2714; x_wconf 66' lang='grc' dir='ltr'>γαστέρες</span> <span class='ocrx_word' id='word_1_530' title='bbox 736 2666 860 2716; x_wconf 71' lang='grc' dir='ltr'><em>ἀργαὶ.</em></span> <span class='ocrx_word' id='word_1_531' title='bbox 921 2668 1075 2703; x_wconf 83' lang='lat' dir='ltr'>Basilius</span> <span class='ocrx_word' id='word_1_532' title='bbox 1106 2680 1215 2702; x_wconf 85' lang='lat' dir='ltr'>venu-</span> <span class='ocrx_word' id='word_1_533' title='bbox 1239 2650 1245 2702; x_wconf 73' lang='lat' dir='ltr'>i</span> <span class='ocrx_word' id='word_1_534' title='bbox 1270 2667 1461 2711; x_wconf 87' lang='lat' dir='ltr'>praelietur</span> <span class='ocrx_word' id='word_1_535' title='bbox 1477 2666 1606 2710; x_wconf 85' lang='lat' dir='ltr'>gladio.</span> 
     </span>
    </p>
   </div>
   <div class='ocr_carea' id='block_1_21' title="bbox 1634 2245 1902 2291">
    <p class='ocr_par' dir='ltr' id='par_1_30' title="bbox 1634 2245 1902 2291">
     <span class='ocr_line' id='line_1_66' title="bbox 1634 2245 1902 2291; baseline 0.004 -13"><span class='ocrx_word' id='word_1_536' title='bbox 1634 2245 1746 2279; x_wconf 77' lang='lat' dir='ltr'>Vitae</span> <span class='ocrx_word' id='word_1_537' title='bbox 1771 2255 1902 2291; x_wconf 65' lang='lat' dir='ltr'>genus.</span> 
     </span>
    </p>
   </div>
   <div class='ocr_carea' id='block_1_22' title="bbox 1247 2393 1252 2480">
    <p class='ocr_par' dir='ltr' id='par_1_31' title="bbox 1247 2393 1252 2480">
     <span class='ocr_line' id='line_1_67' title="bbox 1247 2393 1252 2480; baseline 0 468"><span class='ocrx_word' id='word_1_538' title='bbox 1247 2393 1252 2480; x_wconf 95' lang='lat' dir='ltr'> </span> 
     </span>
    </p>
   </div>
  </div>
 </body>
</html>
