2379 2948
129 105 199 141 501

127 189 268 222 riodum
297 196 421 233 sponte
451 195 648 234 sequuntur
678 189 827 221 numeri.
889 186 957 220 Pro
982 184 1113 219 Archia

127 246 266 284 poterat
283 237 406 274 Cicero
427 240 636 284 simpliciter
661 239 792 271 dicere:
822 237 941 271 Debeo
962 234 1114 270 Archiae

128 291 279 325 reddere
295 292 443 334 gratiam
461 303 501 324 ex
518 288 581 323 hac
598 289 760 322 facultate
771 288 923 323 dicendi.
946 288 1015 322 Sed
1035 288 1114 321 vide

130 342 309 387 quomodo
328 342 526 381 ornaverit,
547 347 711 373 extenuat
728 339 819 372 vires
842 351 939 379 suas,
973 339 1000 371 si
1028 339 1113 383 quid

129 399 180 426 est
205 393 340 436 ingenii
365 394 458 438 quod
486 390 619 428 sentio,
660 402 765 435 quam
793 390 839 424 sit
862 390 1026 433 exiguum
1052 396 1115 423 etc.

128 443 267 477 Deinde
284 445 435 489 partitur
452 441 652 475 facultatem
672 441 708 473 in
723 441 789 475 tria
809 442 977 482 membra,
1005 441 1041 473 in
1059 441 1115 473 in-

129 496 272 539 genium
286 520 294 534 ,
322 493 625 534 exercitationem,
652 500 685 526 et
702 492 910 526 doctrinam.
954 492 1042 526 Nam
1060 489 1116 525 his

129 547 243 580 tribus
261 547 363 579 rebus
382 552 472 579 artes
496 543 736 577 continentur.
793 543 884 576 lllud
907 544 991 577 sciet
1011 544 1114 576 ctiam

128 597 304 636 imitator,
337 596 432 641 quod
457 595 584 628 modus
608 595 646 628 in
676 596 839 628 ornando
874 595 1116 628 observandus

129 648 183 682 sit.
242 645 343 680 Nihil
368 647 462 680 enim
490 646 648 679 odiosius
674 653 725 680 est
754 646 854 678 inani
881 646 1117 679 ostentatione

128 705 292 739 ornatus,
320 698 381 743 qui
398 709 582 742 nunquam
601 698 704 731 debet
722 697 837 730 videri
862 698 977 730 ociose
1001 708 1116 729 accer-

127 751 231 790 situs,
259 750 318 783 sed
335 750 377 783 ad
397 749 646 784 illustrandam
665 760 816 789 causam,
842 748 1037 781 necessario
1055 748 1116 780 ad-

128 799 262 834 hibitus
277 812 360 836 esse.

229 873 325 908 Haec
343 875 371 907 si
388 874 536 907 studiosi
560 874 595 906 in
623 874 772 907 lectione
789 871 970 906 Ciceronis
997 873 1117 905 obser-

128 927 282 968 vabunt,
309 937 387 959 meo
419 926 564 970 quidem
597 925 728 958 iudicio
760 925 887 957 rectius
918 924 1118 967 intelligent

127 984 285 1011 autorem
305 977 490 1021 optimum,
509 984 542 1010 et
560 976 706 1010 virtutes
724 988 845 1009 omnes
861 975 1006 1019 propius
1025 975 1118 1018 aspi-

128 1029 230 1062 cient.
284 1028 406 1073 Neque
422 1040 504 1061 vero
527 1026 613 1061 haec
632 1028 765 1061 utilitas
783 1027 904 1070 exigua
927 1027 1115 1059 iudicanda

128 1086 200 1123 est,
228 1079 331 1113 etiam
350 1080 378 1111 si
396 1091 467 1112 non
487 1079 651 1123 procedat
670 1078 833 1112 imitatio.
887 1075 933 1110 Et
952 1084 1068 1110 tamen
1089 1077 1115 1108 si

129 1131 264 1164 conniti
289 1131 408 1164 volent
431 1130 505 1171 isti,
534 1130 594 1175 qui
619 1130 834 1162 adiuvantur
850 1141 866 1162 a
888 1135 1034 1170 natura,
1062 1128 1118 1160 in-

128 1182 284 1215 tellectas
315 1182 482 1222 virtutes,
521 1182 637 1226 aliqua
671 1193 710 1213 ex
743 1187 839 1224 parte
864 1180 1028 1223 effingere
1054 1192 1116 1223 po-

128 1239 258 1268 terunt.
303 1232 410 1275 Quod
423 1233 451 1265 si
467 1230 552 1266 haec
569 1232 752 1275 diligentia
770 1231 1007 1274 componendi
1027 1228 1117 1263 nihil

128 1284 198 1317 nisi
218 1284 388 1327 puerilem
407 1284 679 1316 ostentationem
698 1282 831 1324 ingenii
855 1280 1016 1321 liaberet,
1044 1294 1116 1314 non

129 1340 233 1373 esset,
262 1344 323 1365 cur
346 1333 452 1364 huius
475 1335 582 1374 partis
608 1334 843 1366 imitationem
871 1333 973 1365 valde
1000 1332 1118 1377 requi-

127 1385 274 1417 rendam
295 1389 466 1426 putarem.
521 1381 588 1415 Sed
608 1394 686 1413 cum
710 1382 879 1413 maximas
902 1384 1025 1414 afferat
1048 1381 1117 1413 nti-

128 1436 259 1475 litates,
287 1434 391 1477 digna
409 1431 497 1466 mihi
515 1444 569 1465 res
587 1433 746 1470 videtur,
772 1432 807 1464 in
829 1444 896 1477 qua
915 1431 1019 1476 siqui
1044 1445 1115 1464 non

129 1486 371 1520 destituuntur
388 1485 519 1528 ingenii
538 1484 692 1524 viribus,
720 1484 913 1516 elaborem.
950 1482 1007 1517 Fit
1023 1484 1116 1515 enim

130 1537 243 1570 oratio
264 1537 372 1579 magis
384 1536 559 1575 dilucida,
587 1536 615 1568 si
639 1543 718 1579 apte
743 1532 954 1567 cohaereant
976 1541 1117 1567 senteu-

131 1589 217 1627 tiae,
243 1588 270 1621 si
290 1599 362 1620 non
382 1587 630 1630 relinquantur
649 1586 849 1630 imperfecta
868 1586 1037 1626 membra,
1059 1593 1118 1619 aut

131 1647 354 1683 argumenta,
389 1638 415 1670 si
440 1644 556 1671 extent
581 1644 684 1683 atque
707 1637 887 1670 emineant
910 1637 967 1670 ille
994 1645 1118 1680 partes,

131 1702 217 1736 quas
236 1690 422 1734 praecipue
447 1688 599 1732 conspici
626 1689 789 1732 prodest,
816 1688 845 1720 si
867 1688 945 1732 quis
973 1695 1119 1721 ornatus

131 1741 229 1787 quasi
251 1741 395 1774 vestitus
413 1739 615 1779 accesserit,
644 1740 672 1771 si
690 1739 880 1771 mediocria
910 1739 980 1772 sint
1003 1740 1118 1783 perio—

132 1795 258 1826 dorum
277 1791 408 1836 spacia,
436 1791 556 1823 sinon
580 1790 651 1823 sint
678 1790 865 1833 dissipatae
892 1790 1032 1834 periodi
1054 1790 1119 1835 hy—

131 1843 299 1888 perbatis.
342 1841 571 1875 Verissimum
599 1842 693 1873 enim
718 1841 806 1874 illud
826 1848 894 1880 est,
921 1843 1015 1885 quod
1034 1841 1119 1874 scri-

131 1893 338 1934 bitCicero‚
359 1905 477 1926 veram
497 1892 647 1937 speciem
665 1904 703 1924 ac
723 1889 1025 1936 pulchritudinem
1042 1904 1120 1925 cum

133 1946 285 1980 utilitate
303 1945 528 1978 coniunctam
549 1955 631 1982 esse,
657 1944 756 1976 cuius
769 1944 819 1976 rei
836 1950 910 1977 tum
930 1944 966 1975 in
985 1951 1122 1983 natura,

133 2005 209 2030 tum
234 1997 271 2029 in
296 1997 423 2029 artium
449 1995 637 2040 operibus,
664 1995 886 2039 maximeque
910 1995 946 2027 in
972 1995 1119 2027 aedificii

135 2048 274 2081 infinita
292 2047 449 2091 exempla
467 2046 605 2080 ostendi
624 2053 780 2090 possunt.

238 2124 325 2156 Nam
343 2124 400 2156 illa
422 2124 457 2156 in
476 2123 643 2156 aedificiis
661 2129 738 2167 apta
759 2123 912 2167 partium
938 2123 1121 2166 proportio

138 2187 210 2208 non
228 2175 344 2207 minus
360 2173 465 2208 habet
482 2175 665 2215 utilitatis,
693 2186 798 2219 quam
814 2174 961 2208 decoris.
1003 2173 1122 2217 Quare

138 2226 409 2259 existimandum
429 2233 478 2260 est
497 2233 529 2260 et
551 2223 643 2259 hanc
668 2223 892 2259 harmoniam
919 2225 1122 2259 collocatio-

138 2279 193 2311 nis
213 2277 390 2316 oratione,
415 2289 486 2310 non
506 2277 619 2310 solum
640 2284 782 2321 propter
799 2283 1035 2317 venustatem,
1062 2278 1120 2309 sed

138 2329 242 2363 etiam
280 2334 422 2371 propter
459 2335 585 2361 certam
620 2329 808 2361 utilitatem
841 2329 1122 2362 animadversam

139 2392 223 2414 esse.
278 2378 388 2422 quue
408 2390 446 2410 ex
467 2391 506 2411 eo
525 2379 677 2422 intelligi
703 2386 815 2423 potest
842 2380 937 2424 quod
963 2380 1123 2413 videmus

138 2430 302 2465 homines
320 2430 528 2473 prudentes,
552 2431 608 2462 sed
636 2431 740 2463 rudes
764 2428 890 2464 harum
920 2438 1122 2465 nostrarum

138 2483 286 2522 artium,
320 2492 456 2514 summa
484 2479 666 2522 diligentia
692 2493 903 2526 componere
931 2489 965 2515 et
990 2489 1124 2516 struere

141 2533 350 2573 orationem,
375 2532 436 2577 qui
453 2532 486 2564 id
503 2531 701 2564 faciendum
719 2539 855 2575 putant,
871 2546 943 2566 non
961 2534 1126 2578 volupta-

140 2585 185 2619 tis
199 2612 206 2625 ‚
235 2585 294 2617 sed
311 2583 528 2616 necessitatis
542 2593 662 2622 causa,
688 2582 863 2625 videlicet,
889 2585 1021 2630 nequid
1040 2597 1124 2618 con-

141 2636 234 2674 fuse,
262 2635 395 2680 nequid
418 2634 584 2673 obscure,
619 2633 748 2676 nequid
775 2634 1039 2679 intempestive,
1068 2643 1128 2669 aut

767 102 829 137 lv.
874 99 1149 136 ELEMENTA
1179 99 1512 137 RHETORICES.

2081 105 2155 140 502

1170 187 1358 230 pendentia
1379 188 1548 222 membra.
1603 186 1763 233 Denique
1787 200 1858 221 non
1883 190 1997 222 solum
2023 191 2156 234 perspi-

1168 237 1324 275 cuitatis,
1349 239 1405 270 sed
1426 239 1530 271 etiam
1551 238 1733 281 dignitatis
1760 239 1931 276 rationem
1956 238 2154 274 habendam

1168 300 1240 321 esse
1261 288 1293 320 in
1312 289 1499 321 scribendo
1520 290 1689 325 sentiunt.

1271 365 1387 409 Atque
1414 362 1449 396 hi
1474 364 1600 407 partim
1632 377 1698 399 usu
1731 375 1992 410 cognoverunt,
2027 367 2155 411 partim

1169 416 1244 448 sine
1268 415 1447 455 doctrina,
1480 415 1512 446 vi
1541 414 1671 457 ingenii
1697 418 1931 460 perspiciunt,
1960 419 1996 450 in
2021 419 2156 461 magnis

1169 473 1202 500 et
1223 467 1388 510 gravibus
1417 465 1548 506 causis,
1582 467 1779 499 orationem
1807 470 2024 512 perspicuam
2058 477 2089 503 et
2118 470 2154 502 in

1170 530 1238 563 qua
1255 517 1392 563 aliquid
1408 517 1590 559 dignitatis
1607 517 1651 550 sit
1676 517 1823 561 requiri.
1875 521 1981 562 Quod
2007 533 2084 552 cnm
2107 521 2154 554 ita

1171 570 1233 609 sit,
1261 581 1412 614 cumque
1433 575 1558 601 natura
1580 568 1683 601 ducat
1709 565 1872 600 homines
1897 572 2086 613 prudentes
2110 573 2154 604 ad

1171 621 1454 664 componendam
1481 619 1697 658 orationem,
1733 619 1832 652 decet
1860 621 2016 653 eruditos
2044 623 2154 663 perfe-

1172 678 1266 704 ctum
1289 672 1434 716 aliquod
1470 670 1669 713 exemplum
1703 670 1948 703 collocationis
1979 684 2155 715 quaerere,

1171 723 1212 754 ad
1232 723 1325 767 quod
1345 734 1378 754 se
1397 722 1432 754 in
1451 721 1610 754 facienda
1627 721 1824 753 orationem
1845 722 2010 755 reserant.
2036 721 2156 766 'l'urpe

1172 780 1221 806 est
1238 774 1331 805 enim
1350 773 1508 813 eruditis,
1530 783 1644 817 neque
1664 771 1734 803 vim
1754 769 1858 805 huius
1879 772 1929 805 rei
1948 772 2157 817 intelligere,

1172 836 1286 868 neque
1311 825 1483 857 rationem
1509 824 1708 868 requirere,
1753 835 1832 855 cum
1866 821 1991 856 harum
2028 825 2157 857 artium

1172 878 1277 907 rudes
1293 875 1519 919 perspiciant,
1547 882 1579 908 et
1599 881 1728 919 quanta
1748 873 1800 907 vis
1818 874 1861 906 sit
1879 874 2158 919 compositionis,

1172 933 1204 959 et
1220 927 1377 960 iudicent
1394 938 1447 959 res
1460 936 1602 968 magnas
1618 926 1693 957 sine
1713 922 1775 957 hac
1792 925 1973 967 diligentia
1994 926 2160 969 explicari

1173 990 1244 1010 non
1263 990 1373 1021 posse.
1411 976 1506 1010 7Mira
1526 984 1641 1010 autem
1659 976 1793 1019 ingenii
1809 976 1937 1008 fiducia
1954 983 2013 1016 est,
2041 977 2077 1008 in
2096 974 2159 1008 liac

1174 1037 1269 1072 parte
1289 1030 1391 1072 longe
1409 1027 1617 1061 difficillima
1647 1027 1833 1070 repudiare
1851 1028 2027 1071 exempla,
2055 1035 2158 1072 atque

1173 1080 1349 1123 aspernari
1388 1079 1645 1118 imitationem,
1686 1090 1765 1110 cum
1798 1078 1835 1110 in
1862 1078 1941 1111 aliis
1966 1078 2159 1111 levioribus

1172 1131 1308 1164 artibus
1337 1128 1499 1163 homines
1523 1130 1598 1161 sine
1628 1129 1796 1172 exemplis
1829 1136 1933 1174 atque
1960 1129 2158 1162 imitatione

1174 1195 1296 1226 parum
1332 1182 1524 1225 proficiant.
1585 1178 1633 1213 Et
1657 1179 1761 1222 vulgo
1784 1179 1831 1212 ita
1858 1180 1926 1212 dici
1944 1181 2051 1213 solet:
2081 1179 2158 1213 Sibi

1172 1246 1336 1278 quenque
1355 1233 1545 1276 pessimum
1564 1243 1636 1263 esse
1652 1231 1871 1273 magistrum,
1898 1232 1993 1275 quod
2014 1243 2084 1263 non
2103 1243 2160 1263 so-

1174 1285 1246 1316 lum
1273 1284 1308 1316 in
1336 1284 1488 1321 artibus,
1518 1283 1575 1314 sed
1605 1282 1641 1313 in
1667 1281 1825 1314 moribus
1848 1288 1880 1314 et
1906 1282 1941 1313 in
1964 1282 2061 1314 omni
2091 1282 2159 1314 vita

1173 1335 1359 1367 cernimus.
1416 1333 1505 1365 Cum
1523 1334 1632 1373 igitur
1649 1330 1733 1362 haec
1748 1344 1803 1362 ars
1827 1332 1901 1363 sine
1923 1333 2081 1374 exemplo
2109 1339 2160 1364 at-

1173 1395 1239 1428 que
1258 1382 1454 1415 imitatione
1475 1382 1590 1425 perfici
1608 1393 1680 1413 non
1702 1381 1829 1424 possit,
1857 1389 1889 1414 et
1916 1381 2008 1414 inter
2031 1383 2160 1424 prritos

1173 1441 1308 1467 constet
1327 1433 1613 1477 perfectissimam
1633 1444 1704 1464 esse
1723 1432 1907 1464 Ciceronis
1933 1433 2161 1476 compositio-

1173 1497 1273 1525 nem,
1302 1485 1478 1529 praeclare
1505 1485 1616 1516 facere
1641 1483 1821 1516 iudicandi
1847 1490 1946 1523 sunt,
1979 1483 2038 1528 qui
2066 1481 2161 1516 hunc

1173 1543 1331 1569 autorem
1350 1536 1416 1568 sibi
1434 1541 1659 1579 proponunt,
1688 1541 1726 1567 ut
1743 1546 1820 1567 cum
1839 1534 1924 1566 alias
1948 1535 2022 1567 eius
2049 1535 2162 1568 virtu-

1174 1595 1241 1626 tes,
1271 1594 1344 1620 tum
1363 1588 1467 1621 etiam
1487 1586 1755 1619 collocationem
1779 1585 1957 1628 effingant.

1276 1663 1366 1697 Cum
1391 1665 1484 1696 enim
1507 1664 1654 1696 omnino
1679 1663 1796 1707 aliqua
1830 1663 2027 1695 collocandi
2060 1669 2162 1707 atquc

1174 1716 1325 1749 ornandi
1343 1716 1431 1748 ratio
1452 1715 1645 1748 necessaria
1663 1715 1724 1753 sit,
1752 1714 1787 1746 id
1813 1716 1906 1757 quod
1932 1714 2163 1757 experiuntur

1174 1769 1211 1799 in
1245 1768 1381 1810 magnis
1413 1767 1526 1799 causis
1559 1766 1662 1798 etiam
1688 1764 1864 1803 illiterati,
1898 1764 2085 1807 prudentia
2113 1771 2162 1797 est

1175 1819 1372 1862 exemplum
1391 1818 1516 1860 eligere
1534 1817 1721 1860 optimum.
1775 1814 1864 1848 Nam
1885 1822 1915 1848 et
1935 1813 2058 1848 Cicero
2083 1827 2165 1858 pro-

1175 1876 1292 1913 pterea
1318 1869 1458 1901 videtur
1482 1868 1608 1901 melius
1633 1866 1870 1910 composuisse
1896 1878 2001 1910 quam
2025 1867 2164 1903 caeteri,

1176 1921 1256 1964 quia
1275 1920 1482 1952 excellentes
1501 1919 1647 1951 artifices
1667 1917 1823 1950 imitatus
1842 1923 1902 1951 est.
1947 1916 2095 1950 Secutus
2114 1925 2163 1950 est

1176 1971 1270 2003 enim
1289 1970 1487 2013 exemplum
1514 1969 1689 2007 lsocratis,
1716 1981 1793 2001 cum
1814 1968 1873 2000 alii
1901 1968 2055 2001 contenti
2084 1969 2162 2001 vul-

1176 2022 1248 2065 gari
1269 2022 1421 2066 quadam
1439 2021 1552 2053 forma
1572 2020 1763 2059 orationis,
1791 2016 1882 2051 nihil
1908 2019 2032 2051 melius
2057 2031 2163 2063 quae-

1177 2080 1314 2112 rerent,
1350 2079 1410 2105 aut
1435 2072 1634 2115 perfectius.
1688 2070 1809 2115 Neque
1833 2070 1876 2102 ab
1904 2068 1967 2102 hac
1991 2071 2162 2102 sententia

1177 2137 1216 2157 eo
1243 2124 1399 2156 deducor
1421 2124 1517 2167 quod
1540 2122 1657 2165 magni
1687 2122 1865 2155 extiterint
1893 2129 2066 2160 oratores,
2101 2121 2161 2164 qui

1176 2187 1248 2209 non
1265 2181 1541 2219 composuerunt
1565 2186 1661 2206 more
1678 2172 1871 2206 Ciceronis.
1924 2171 2044 2214 Neque
2069 2171 2162 2203 enim

1176 2226 1301 2259 similis
1327 2233 1376 2259 est
1393 2225 1517 2271 Lysiae
1541 2224 1751 2268 compositio
1769 2222 2031 2256 Ciceronianae.
2085 2220 2161 2265 Ego

1177 2290 1258 2311 vero
1285 2289 1358 2311 non
1383 2277 1508 2319 ignoro
1538 2275 1727 2309 dissimiles
1751 2285 1823 2306 esse
1854 2274 1890 2305 in
1916 2274 2161 2315 componendo

1176 2340 1322 2372 magnos
1344 2335 1499 2361 autores.
1560 2326 1612 2359 Ac
1637 2339 1680 2359 ne
1704 2324 1827 2358 Cicero
1858 2324 2001 2368 quidem
2038 2324 2164 2356 eodem

1176 2382 1282 2413 modo
1301 2380 1482 2422 componit
1500 2378 1630 2411 omnia.
1685 2375 1816 2408 Verum
1835 2372 1900 2407 hoc
1917 2372 2049 2407 liabent
2067 2386 2162 2407 com-

1177 2444 1284 2465 mune
1310 2431 1518 2464 excellentes
1546 2428 1693 2461 artifices
1721 2438 1863 2465 omneS,
1899 2428 1992 2470 quod
2022 2432 2162 2459 senten-

1177 2484 1243 2517 tias
1266 2483 1393 2516 ordine
1411 2481 1648 2518 distribuunt,
1673 2477 1806 2511 etiamsi
1830 2477 1994 2519 periodos
2014 2488 2086 2509 non
2104 2489 2163 2509 eo-

1178 2536 1256 2568 dem
1275 2534 1380 2566 modo
1402 2533 1546 2565 faciunt.
1602 2528 1739 2562 Deinde
1758 2529 1851 2573 quod
1871 2527 1987 2572 aliqua
2005 2528 2161 2560 membra

1179 2585 1296 2618 verbis
1316 2583 1532 2616 illuminant.
1586 2578 1632 2613 Et
1649 2578 1713 2613 hac
1730 2579 1766 2611 in
1785 2591 1821 2612 re
1840 2579 2025 2623 praecipue
2052 2579 2163 2613 excel-

1179 2637 1257 2669 lunt
1281 2633 1338 2673 hi,
1373 2634 1433 2678 qui
1459 2639 1632 2665 vocantur
1658 2630 1785 2670 Attici,
1813 2631 1907 2675 quod
1939 2630 2095 2663 efficiunt
2127 2636 2169 2663 ut

144 2687 257 2720 alieno
286 2686 363 2719 loco
389 2686 528 2726 dicant,
564 2695 678 2728 nequa
705 2684 908 2729 relinquant
939 2687 1063 2720 mutila
1095 2693 1128 2719 et
1152 2683 1159 2706 l
1180 2694 1258 2730 apte
1283 2683 1492 2718 cohaereant
1513 2683 1723 2720 sententiae,
1752 2682 1886 2715 etiamsi
1914 2681 2069 2725 periodis
2093 2693 2166 2716 non

1669 2734 1750 2767 52*
