2379 2948
227 115 274 151 51
469 109 678 152 SCRIPTA
702 111 779 148 PH.
804 108 922 147 MEL.
944 105 1012 144 AD
1038 104 1165 145 HIST.
1191 102 1338 142 PROF.
1363 103 1430 142 ET
1455 104 1648 143 PHILOS.
1672 105 1992 148 SPECTANTIA.
2184 108 2235 147 52

539 200 734 236 lnvolucra
753 194 890 242 foetus.

331 273 418 308 Tria
432 280 515 308 sunt
529 274 711 307 involucra
728 270 852 306 foetus.
890 267 1095 304 Extremum
1107 294 1117 309 ,
1141 263 1206 312 χό-

230 337 324 371 ριον,
345 325 458 359 simile
473 324 608 363 fasciae,
626 322 799 365 attingens
814 320 972 366 proxime
989 319 1206 363 superficiem

230 387 351 408 cavam
368 374 540 413 matricis,
565 379 598 406 et
614 372 789 416 excipiens
810 371 942 404 orificia
959 381 1128 403 venarum
1146 380 1207 402 seu

229 421 495 469 κοτυληδόνας,
530 434 619 467 quae
645 420 918 466 adprehendunt
942 419 1032 454 hanc
1054 419 1208 459 fasciam,

230 476 268 508 in
281 487 383 520 quam
400 480 432 507 et
448 485 467 506 a
483 474 579 507 foetu
594 473 707 507 tendit
723 471 893 521 οὐραγὸς,
921 472 957 505 id
974 477 1037 511 est,
1063 476 1207 508 meatus,

230 526 290 570 qui
312 526 354 558 ab
379 523 524 557 infantis
547 524 716 557 umbilico
741 524 873 564 oritur,
906 535 968 566 per
991 533 1094 566 quem
1123 527 1207 554 tunc

228 576 341 608 foetus
356 574 473 609 alitur.
519 573 570 608 Ita
586 574 698 617 prima
714 574 818 607 fascia
834 571 1078 618 prehensionis
1093 577 1126 604 et
1139 583 1208 604 nu-

227 624 382 658 tritionis
400 635 502 658 causa
519 624 661 658 condita
678 631 739 658 est.

317 690 437 724 Media
453 690 557 723 fascia
574 690 780 724 nominatur
795 686 1064 733 cillawroetdhg,
1091 687 1127 720 id
1145 693 1207 728 est,

230 741 356 775 similis
390 741 585 782 fardmini,
619 741 778 778 condita,
810 747 849 773 ut
882 740 1021 772 urinam
1050 738 1207 782 excipiat,

228 803 318 837 quae
333 791 456 835 primis
471 791 648 824 mensibus
662 803 724 835 per
738 787 901 837 οὐραγὸν
918 789 1123 830 effunditur,
1143 800 1208 832 po-

228 842 366 876 stremis
389 854 471 874 vero
500 842 679 875 mensibus
706 853 768 885 per
789 841 933 883 virgam.
995 839 1089 882 Quia
1111 838 1206 871 enim

227 894 342 925 foetus
362 892 522 925 nondum
539 892 646 925 alitur
658 903 720 936 per
737 903 776 925 os
791 898 823 925 et
840 887 1089 934 oesophagum,
1114 901 1208 922 non-

229 944 314 976 dum
330 942 419 976 fiunt
438 943 630 985 egestiones
649 954 690 975 ex
704 954 772 975 ano
785 966 792 979 ,
825 943 883 974 sed
910 952 988 973 cum
1012 941 1071 973 fiat
1091 940 1207 973 nutri-

228 992 337 1026 menti
362 993 571 1026 transvectio
591 1004 653 1037 per
678 989 861 1039 οὐραγὸν,
889 990 1043 1034 primum
1067 990 1151 1023 inde
1174 996 1207 1023 et

227 1043 450 1087 superfluitas
475 1043 599 1076 urinae
621 1044 727 1076 modo
757 1042 907 1081 exultat,
942 1047 1060 1084 postea
1088 1047 1121 1074 et
1145 1051 1208 1083 per

226 1094 359 1135 virgam
376 1093 558 1127 emittitur.
599 1092 652 1126 Ne
668 1099 784 1125 autem
801 1092 901 1124 rodat
919 1098 950 1125 et
966 1091 1092 1124 laceret
1108 1097 1207 1124 tene-

226 1156 300 1176 ram
319 1150 431 1176 cutem
446 1144 482 1175 in
500 1144 607 1183 foetu,
634 1140 690 1175 hic
706 1153 857 1174 secessus
874 1142 1057 1175 ordinatus
1073 1147 1132 1174 est.
1160 1138 1207 1174 Et

227 1194 356 1236 tegitur
371 1194 484 1226 foetus
501 1193 601 1226 tertia
617 1192 720 1236 pelle,
742 1203 829 1236 quae
845 1198 895 1225 est
911 1191 1070 1236 proxima
1086 1190 1207 1232 foetui‚

227 1255 315 1288 quae
334 1244 563 1277 nominantur
581 1240 740 1286 Agnina,
766 1240 935 1286 ἀμνεῖος,
959 1243 1041 1286 quia
1057 1242 1207 1275 tenerri-

226 1306 283 1327 ma
308 1300 367 1326 est.
418 1293 501 1326 Non
522 1293 630 1336 igitur
645 1292 783 1333 attingit
804 1292 907 1325 urina
925 1293 1058 1325 foetum
1077 1299 1205 1326 tectum

224 1344 330 1377 fascia
347 1343 492 1386 agnina,
517 1343 578 1376 sed
593 1342 630 1374 in
648 1341 799 1374 mediam
816 1342 943 1386 pellem
958 1343 1163 1377 effunditur.

327 1417 507 1451 Hactenus
535 1417 677 1450 recitata
700 1423 751 1450 est
774 1416 961 1460 descriptio
986 1416 1099 1449 infimi
1123 1427 1208 1449 ven-

227 1469 301 1510 tris,
329 1468 390 1513 qui
406 1468 562 1502 continet
578 1478 708 1509 organa
721 1467 862 1511 propria
879 1467 1085 1500 nutritionis
1101 1473 1134 1500 et
1150 1479 1208 1510 ge-

227 1519 444 1559 nerationis,
471 1530 559 1563 quae
583 1524 666 1551 sunt
692 1517 788 1551 velut
811 1517 1035 1551 oeconomica
1065 1528 1145 1562 pars
1170 1517 1208 1550 in

226 1568 382 1604 homine.
434 1568 537 1602 Nunc
563 1568 718 1601 dicemus
742 1568 785 1601 de
807 1568 885 1601 aliis
916 1568 1092 1612 partibus,
1121 1579 1209 1613 quae

227 1626 309 1653 sunt
332 1620 448 1653 fontes
473 1619 670 1659 actionum,
702 1630 791 1663 quae
811 1617 920 1661 magis
944 1618 1106 1662 propriae
1126 1625 1209 1652 sunt

227 1668 404 1711 hominis,
437 1669 601 1703 videlicet
631 1669 903 1713 cogitationum,
935 1675 1051 1703 motus
1080 1675 1113 1703 et
1145 1669 1209 1702 ad-

224 1721 391 1754 sectuum.

326 1786 538 1821 Nominatur
568 1793 684 1820 autem
714 1792 836 1819 venter
867 1786 1002 1820 medius
1027 1786 1086 1820 illa
1118 1799 1208 1831 pars,

228 1850 316 1883 quae
339 1838 433 1871 intra
462 1834 641 1871 thoracem
665 1836 880 1876 continetur,
915 1837 1099 1870 continens
1124 1836 1208 1878 Cor,

228 1888 456 1928 Pulmonem,
483 1897 612 1929 organa
634 1887 875 1930 respirationis
898 1893 932 1920 et
956 1888 1060 1921 vocis.
1111 1886 1208 1921 Haec

228 1949 309 1982 pars
327 1937 426 1983 quasi
443 1937 602 1970 involuta
620 1943 670 1970 est
686 1937 875 1979 panniculo
892 1949 951 1969 seu
974 1938 1120 1978 lacerto,
1145 1939 1208 1983 qui

228 1988 483 2032 adpellationes
510 1987 672 2030 antiquas
694 1984 800 2020 habet
823 1987 970 2030 multas,
1004 1989 1209 2022 nominatur

228 2040 323 2072 enim
342 2050 460 2082 graece
476 2034 698 2084 dtdtppapqtta
713 2043 746 2072 et
762 2034 907 2083 φρένες,
936 2038 1043 2070 latine
1061 2038 1207 2082 Septum

228 2096 465 2123 transversum
487 2095 517 2121 et
536 2087 756 2122 Praecordia.
805 2085 850 2120 Et
868 2087 967 2121 Plato
991 2088 1123 2132 inquit:
1150 2089 1208 2122 Si·-

229 2147 287 2173 cut
310 2140 347 2172 in
370 2139 537 2172 aedificiis
560 2139 744 2171 distinctae
768 2138 910 2171 fuerunt
934 2138 1121 2171 interstitio
1143 2136 1207 2172 ha-

228 2190 417 2224 bitationes
432 2189 589 2222 virorum
613 2196 645 2222 et
670 2188 877 2226 mulierum,
904 2189 949 2222 ita
976 2187 1105 2234 ᾳρέιές
1126 2196 1208 2224 sunt

230 2241 455 2274 interstitium
473 2240 565 2272 inter
583 2245 714 2282 partem
737 2239 1023 2281 praestantiorem
1049 2250 1109 2272 seu
1131 2251 1206 2272 ma-

229 2291 280 2334 gis
297 2291 452 2331 virilem,
477 2296 510 2323 et
534 2289 677 2323 alteram
700 2289 921 2329 inferiorern,
949 2301 1037 2334 quae
1055 2296 1105 2322 est
1128 2296 1206 2323 tan-

231 2354 334 2385 quam
360 2341 488 2375 culina.
523 2338 738 2373 Enarratum
757 2346 807 2372 cst
825 2346 857 2372 et
874 2351 978 2382 supra
996 2340 1205 2373 vocabulum

228 2389 376 2437 φρένες,
402 2391 464 2424 ubi
485 2397 519 2424 et
532 2389 678 2423 Homeri
697 2390 827 2423 dictum
845 2391 887 2422 de
904 2389 1057 2435 Cyclope
1081 2390 1205 2423 recita-

227 2448 303 2475 tum
325 2448 385 2474 est.
438 2440 519 2474 Ideo
543 2438 600 2474 hic
624 2440 747 2474 omitto
771 2440 967 2483 longiorem
984 2441 1026 2473 de
1052 2452 1091 2473 eo
1109 2452 1205 2474 com-

224 2491 527 2526 memorationem.

316 2557 382 2593 Est
398 2559 504 2603 igitur
518 2553 740 2605 διάφραγμα
753 2557 947 2592 substantia
963 2568 1098 2598 carnea,
1114 2558 1203 2591 dua-

225 2610 290 2643 bus
304 2616 463 2643 contexta
480 2609 705 2649 membranis,
732 2609 835 2642 dorso
849 2608 939 2642 circa
955 2608 1202 2641 duodecimum

1256 192 1385 226 teriore
1407 204 1518 239 usque
1548 193 1592 227 ad
1617 192 1877 236 cartilaginem,
1911 207 2000 240 quae
2030 195 2237 230 nominatur

1257 240 1458 290 ξιφοειὸὴς,
1483 244 1546 278 ubi
1563 243 1698 277 ossibus
1717 245 1866 288 pectoris
1880 244 1918 277 in
1934 245 2006 279 imo
2024 247 2203 290 alligatur.

1357 301 1544 336 Foramina
1561 301 1628 336 tria
1640 299 1757 337 habet.
1790 301 1909 336 Unum
1925 303 1963 335 in
1980 304 2101 338 dextro
2119 305 2239 345 latere,

1257 363 1327 396 quo
1352 352 1558 386 transmittit
1580 363 1706 386 venam
1736 364 1874 393 cavam,
1907 354 2001 387 unde
2027 355 2168 398 sanguis
2196 355 2240 388 ad

1258 414 1318 435 cor
1340 400 1591 436 transvehitur.

1361 452 1564 486 Secundum
1580 453 1740 485 foramen
1756 452 1937 497 aliquanto
1954 453 2102 486 inferius
2118 453 2239 494 altero,

1258 501 1296 534 in
1312 503 1420 536 latere
1437 503 1579 536 sinistro
1605 503 1812 537 transmittit
1834 501 2071 548 oesophagum
2090 504 2134 537 ad
2152 515 2240 536 ven·

1259 552 1437 588 triculum.

1361 602 1523 636 Tertium
1547 615 1630 636 vero
1650 603 1806 636 vicinum
1824 603 2033 638 duodecimo
2054 605 2241 650 spondylo,

1258 653 1499 686 transmittens
1522 664 1659 686 ramum
1688 659 1807 687 aortae
1830 655 2098 690 descendentem
2122 662 2155 689 et
2180 666 2240 689 ve-

1259 715 1358 743 nam,
1379 700 1530 750 ἄζυγον.

1362 751 1539 787 Utilitates
1554 753 1684 787 multae
1701 759 1795 787 sunt.
1848 752 2041 799 Praecipua
2057 762 2118 797 est,
2145 757 2241 801 quod

1258 802 1378 836 munit
1398 803 1476 837 illas
1501 815 1685 847 generosas
1708 809 1833 848 partes.
1885 803 2027 844 Altera,
2053 806 2148 850 quod
2165 817 2242 839 mo-

1259 859 1316 886 vet
1338 851 1536 895 thoracem,
1562 855 1713 899 ideoque
1738 854 1936 887 musculosa
1961 855 2155 890 substantia
2181 862 2242 897 est,

1259 909 1292 936 et
1315 910 1413 937 motu
1436 902 1589 938 thoracis
1616 905 1713 939 iuvat
1732 905 2011 948 respirationem.
2063 905 2120 940 Fit
2144 905 2240 940 enim

1259 954 1418 987 attractio
1437 955 1547 998 aeris,
1575 968 1654 989 cum
1672 955 1831 1000 superior
1848 967 1927 999 pars
1946 956 2095 1000 pectoris
2114 957 2240 990 dilata-

1258 1011 1335 1044 tur,
1361 1005 1450 1038 facta
1468 1006 1706 1040 contractione
1725 1003 2000 1049 diaphragmatis
2024 1017 2144 1040 versus
2156 1018 2241 1040 cen-

1259 1060 1363 1087 trum.
1415 1054 1554 1089 Rursus
1572 1057 1610 1089 fit
1628 1056 1785 1101 expulsio
1797 1083 1806 1097 ,
1832 1068 1911 1089 cum
1931 1068 1949 1089 a
1967 1063 2088 1090 centro
2105 1057 2241 1091 laxatur

1259 1102 1499 1149 diaphragma.
1553 1106 1695 1146 Tertia,
1722 1113 1762 1141 ut
1786 1118 1849 1140 suo
1870 1113 1970 1141 motu
1985 1106 2083 1142 iuvet
2103 1108 2242 1141 intesti-

1259 1166 1305 1188 na
1323 1156 1367 1188 ad
1386 1157 1637 1200 expulsionem.

1361 1205 1495 1240 Mirum
1521 1215 1571 1241 est
1588 1208 1682 1252 quod
1706 1214 1827 1241 narrat
1849 1206 2006 1247 Plinius,
2033 1207 2243 1252 gladiatores

1260 1254 1522 1300 diaphragmate
1540 1259 1722 1292 vulnerato
1740 1264 1898 1291 mortuos
1916 1270 1988 1291 esse
2012 1259 2098 1293 risu.
2138 1258 2242 1292 Ideo-

1260 1319 1328 1351 que
1344 1306 1569 1351 diaphragma
1589 1310 1705 1341 sedem
1721 1319 1794 1340 esse
1812 1308 1902 1338 risus
1917 1307 2119 1342 arbitratur.
2147 1307 2242 1350 Quia

1260 1357 1354 1389 enim
1382 1359 1532 1390 multum
1558 1357 1663 1388 habet
1686 1367 1895 1395 nervorum,
1925 1356 2081 1391 titillatio
2102 1357 2168 1391 ciet
2190 1358 2240 1391 ibi

1260 1416 1400 1437 sensum
1426 1405 1607 1441 acriorem.
1658 1403 1722 1439 Est
1747 1405 1840 1438 enim
1865 1405 1956 1440 risus
1983 1407 2141 1442 dilatatio
2165 1415 2240 1443 orta

1261 1467 1299 1488 ex
1317 1455 1450 1488 acriore
1467 1467 1570 1490 sensu
1585 1468 1786 1490 nervorum.

1312 1558 1370 1592 De
1384 1560 1594 1593 Panniculo
1611 1561 1672 1604 qui
1693 1561 1907 1593 nominatur
1924 1558 2189 1595 Mediastinus.

1362 1625 1476 1658 Antea
1493 1626 1535 1658 de
1549 1622 1811 1669 diaphragmate
1827 1625 1898 1658 dixi
1909 1652 1918 1666 ,
1943 1626 2038 1670 quod
2056 1632 2089 1659 et
2103 1626 2241 1669 magni-

1261 1674 1384 1708 tudine
1399 1682 1433 1708 et
1449 1687 1514 1708 usu
1537 1676 1765 1720 conspicuum
1781 1682 1842 1716 est,
1869 1676 1950 1721 quia
1967 1682 2103 1720 septum
2119 1682 2169 1710 est
2185 1676 2241 1709 in-

1261 1732 1313 1758 ter
1335 1726 1445 1758 imum
1474 1723 1627 1759 thoracis
1651 1733 1683 1759 et
1701 1726 1869 1759 culinam.
1909 1725 2033 1759 Postea
2050 1726 2240 1760 nominan-

1261 1781 1319 1808 tur
1333 1774 1567 1809 Mediastinus
1582 1782 1614 1809 et
1631 1775 1767 1809 Tunica
1785 1776 1928 1819 cingens
1944 1783 2066 1813 costas.

1363 1833 1432 1867 Sed
1450 1834 1678 1867 mediastinus
1693 1833 1823 1877 gemini
1845 1834 2025 1877 panniculi
2042 1842 2136 1876 sunt,
2163 1847 2241 1869 ver-

1261 1895 1318 1917 sus
1336 1885 1478 1917 dorsum
1494 1885 1659 1928 contigui,
1677 1885 1844 1918 distantes
1856 1896 1938 1917 vero
1951 1885 2118 1918 anteriori
2134 1893 2242 1929 parte,

1260 1935 1426 1967 dividunt
1459 1942 1573 1968 autem
1602 1942 1721 1978 pectus
1751 1935 1944 1967 secundum
1978 1935 2241 1978 longitudinem

1262 1997 1323 2028 per
1343 1985 1497 2018 medium
1527 1986 1565 2017 in
1588 1986 1744 2018 dextram
1764 1991 1796 2018 et
1815 1984 1991 2018 sinistram
2009 1993 2153 2030 partem.
2193 1985 2241 2020 Et

1261 2036 1353 2068 intra
1371 2033 1434 2067 hos
1453 2036 1541 2068 duos
1559 2035 1708 2079 parietes
1733 2042 1814 2069 sunt
1832 2035 1970 2079 capsula
1988 2037 2103 2069 cordis
2120 2044 2152 2070 et
2171 2049 2241 2078 cor,

1261 2093 1293 2119 et
1309 2096 1416 2118 venae
1434 2098 1537 2119 cavae
1554 2086 1673 2118 alveus
1689 2085 1725 2117 in
1741 2086 1900 2119 dextrum
1916 2086 2033 2118 sinum
2050 2087 2164 2119 cordis
2184 2087 2239 2120 in—

1260 2143 1382 2169 sertus·
1439 2135 1615 2169 Dividunt
1645 2143 1680 2169 et
1712 2136 1934 2179 pulmonem,
1968 2143 2006 2168 ut
2032 2137 2169 2178 gemina
2196 2137 2239 2171 sit

1259 2186 1460 2230 spirationis
1482 2187 1600 2230 copia,
1623 2192 1661 2218 ut
1677 2187 1785 2219 altero
1802 2186 1910 2219 latere
1926 2186 2160 2229 languefacto‚
2188 2196 2239 2221 ta-

1259 2249 1339 2270 men
1357 2238 1506 2270 alterum
1526 2238 1569 2270 sit
1589 2237 1625 2269 in
1644 2237 1768 2269 officio.

1360 2287 1581 2320 Vocabulum
1605 2286 1786 2320 rediastini
1811 2298 1930 2320 recens
1962 2294 2023 2321 est.
2076 2287 2145 2322 Pro
2173 2285 2238 2322 hoc

1257 2344 1390 2371 veteres
1418 2338 1692 2370 nominaverunt
1723 2334 1806 2370 haec
1843 2337 2027 2371 interstitia
2056 2335 2238 2384 ὃιαφράτ-

1256 2400 1407 2431 fortas,
1434 2389 1468 2421 id
1486 2395 1548 2430 est,
1573 2388 1794 2421 membranas
1809 2387 2085 2432 intersepienteS.

1256 2491 1315 2525 De
1344 2491 1485 2525 Tunica
1509 2491 1681 2536 cingente
1703 2493 1846 2531 costas,
1880 2499 1993 2534 quam
2011 2491 2235 2525 recentiores

1545 2542 1742 2574 nominant
1760 2541 1946 2574 Pleuram.

1356 2605 1451 2640 Intra
1468 2604 1695 2650 diaphragma
1720 2613 1770 2639 est
1795 2604 2004 2650 panniculus
2020 2611 2131 2638 totum
2153 2603 2235 2640 tho-

224 2660 435 2706 spondylum
455 2659 606 2702 alligata,
633 2660 823 2693 ascendens
839 2665 953 2693 autem
970 2659 1007 2691 in
1024 2665 1121 2703 parte
1137 2670 1201 2692 an-
1253 2669 1366 2691 racem
1389 2664 1525 2701 tegens,
1553 2657 1613 2702 qui
1635 2656 1839 2691 nominatur
1857 2654 1994 2689 Tunica
2011 2655 2153 2700 cingens
2175 2669 2233 2691 co-
