2379 2948
252 81 322 116 911

252 164 428 209 plectitur.
497 164 763 197 Confirmantur
800 175 881 207 ergo
919 166 988 209 pii,
1032 180 1076 200 ne
1111 181 1129 202 a
1163 168 1237 202 Deo

252 216 432 256 deficiant,
476 228 537 247 nec
568 214 736 248 abiiciant
766 212 872 249 huius
899 218 1080 252 doctrinae
1106 221 1239 264 profes-

252 267 400 301 sione-n,

355 316 512 350 Pertinet
541 322 657 349 autem
684 324 858 361 postrema
882 331 961 363 pars
985 317 1091 353 huius
1115 321 1238 362 longae

252 368 432 402 concionis
456 367 558 400 etiam
584 369 627 400 ad
653 366 743 402 hauc
760 369 920 403 ultimam
937 371 1061 403 mundi
1082 378 1239 409 aetatem,

255 427 284 452 et
312 420 352 451 ad
373 416 549 451 Ecclesiae
577 431 781 460 aerumnas,
806 433 891 465 quas
917 421 998 454 tulit
1023 422 1092 453 iam
1118 423 1239 455 multis

252 469 392 503 seculis:
437 470 522 502 dum
555 469 640 503 alibi
672 468 911 505 Blahometica
945 472 1059 504 rabies
1093 480 1240 506 conatur

255 531 398 563 prorsus
431 520 547 553 delere
578 532 706 553 nomen
736 520 819 553 Filii
850 521 936 561 Dei,
971 522 1055 554 alibi
1092 531 1239 565 regnant

253 570 423 614 Episcopi
449 568 588 605 ethnico
609 584 724 611 inore,
752 579 783 604 et
801 572 914 605 studia
933 573 1114 606 doctrinae
1131 575 1239 606 eccle-

251 622 410 655 siasticae
432 622 634 664 negligunt,
661 622 784 655 sinunt
807 623 963 665 extingui
989 623 1101 656 lucem
1120 622 1238 657 Evan-

251 673 332 715 gelii
360 674 402 706 de
430 685 509 704 vera
533 672 757 705 invocatione
783 674 819 705 in
843 674 909 706 fide
929 685 990 707 seu
1009 674 1135 707 fiducia
1155 676 1238 709 Filii

251 723 336 763 Dei,
366 729 591 766 propugnant
614 722 709 755 idola
732 730 769 765 gt
786 724 969 765 libidines,
998 725 1127 758 iniuste
1147 727 1239 759 occi-

251 776 342 807 dunt
369 772 531 806 homines
556 773 761 808 innocentes
778 782 921 819 propter
939 787 1039 808 verae
1058 777 1238 810 doctrinae

251 824 516 869 professionem.

353 884 536 916 Accedunt
563 883 704 917 interim
729 890 762 917 et
787 885 852 917 alia
872 886 980 918 multa
999 887 1107 926 mala,
1133 887 1235 920 etiam

250 936 287 967 in
310 935 351 967 iis
376 934 479 975 locis,
503 934 566 966 ubi
590 941 639 967 est
656 935 838 968 emendata
856 936 1034 977 doctrina,
1064 938 1238 981 principes

250 985 410 1029 impediti
443 985 659 1027 negligenter
684 992 828 1018 tuentur
856 987 1101 1028 disciplinam,
1137 989 1236 1031 pauci

249 1043 331 1069 sunt
365 1035 523 1068 munifici
556 1035 591 1067 in
624 1036 760 1068 alendis
785 1034 971 1079 Evangelii
1007 1039 1177 1071 ministris
1206 1045 1237 1071 et

249 1086 410 1119 fovendis
457 1086 581 1119 studiis
618 1087 812 1120 literarum.
894 1086 1089 1122 Confirmat
1131 1090 1238 1131 igitur

251 1134 410 1181 ἀναρχία
436 1137 666 1180 petulantiam
694 1138 883 1178 malornm,
912 1146 945 1171 et
970 1140 1140 1180 neglectio
1158 1141 1237 1173 lite-

249 1200 369 1221 rarum
405 1199 514 1220 novas
545 1188 707 1221 tenebras
733 1195 764 1221 et
791 1200 917 1222 novam
944 1190 1140 1223 barbariem
1168 1192 1236 1223 mi—

249 1245 364 1273 natur.

350 1296 445 1331 Haec
460 1298 552 1330 mala
569 1298 617 1341 pii
634 1298 878 1340 considerent,
903 1306 942 1333 ut
957 1300 1111 1344 primum
1127 1313 1143 1333 a
1161 1300 1235 1334 Deo

251 1355 390 1392 petant,
427 1354 467 1381 ut
498 1348 571 1391 ipse
605 1361 702 1382 suam
736 1348 928 1383 Ecclesiam
962 1358 1093 1391 servet,
1132 1359 1236 1394 regat,

249 1400 366 1432 foveat
390 1405 422 1431 et
443 1406 575 1441 augeat.
635 1398 772 1432 Deinde
796 1401 824 1433 si
849 1401 909 1445 qui
938 1408 1084 1444 possunt
1108 1402 1235 1446 aliqui-

249 1451 316 1483 bus
339 1449 548 1482 vulneribus
578 1450 730 1491 mederi,
765 1451 974 1485 annitantur
1000 1464 1062 1496 pro
1089 1464 1148 1485 sna
1173 1466 1234 1485 vo-

250 1500 405 1538 catione,
441 1512 484 1532 ne
518 1500 669 1533 defuisse
698 1513 755 1534 eos
779 1502 893 1534 officio
918 1514 982 1535 suo
1009 1500 1171 1536 Christus
1198 1504 1233 1535 in

249 1551 374 1584 ultimo
401 1550 534 1583 iudicio
560 1558 713 1584 accuset:
742 1550 906 1589 Esurivi,
934 1560 968 1585 et
995 1565 1065 1585 non
1093 1554 1235 1597 pavistis

249 1614 304 1634 me
328 1608 389 1634 etc.
443 1599 575 1642 Aulae,
609 1599 736 1634 Curiae
761 1609 881 1645 regant
905 1603 1147 1647 disciplinam,
1181 1605 1234 1637 fo-

249 1659 352 1685 veant
383 1653 557 1685 docentes.
618 1650 763 1686 Eruditi
795 1665 869 1685 non
900 1653 1083 1688 fastidiant
1111 1667 1234 1698 operas

248 1710 308 1736 aut
329 1703 525 1736 doctrinam
549 1700 736 1738 Ecclesiae.
796 1703 886 1736 Nam
912 1705 1061 1737 maxime
1087 1707 1233 1748 dignum

248 1761 297 1787 est
324 1752 467 1786 homine
495 1751 728 1797 philosopho,
757 1766 924 1798 quaerere
950 1767 1066 1788 veram
1092 1757 1134 1789 de
1158 1756 1233 1789 Deo

248 1804 445 1837 doctrinam
471 1810 503 1836 et
529 1804 704 1837 celebrare
730 1804 856 1840 Deum.
922 1806 1104 1839 Adiuvent
1130 1808 1235 1850 igitur

249 1855 364 1888 studia
380 1852 584 1896 Evangelii,
612 1862 645 1887 et
670 1857 896 1888 concordiam
919 1857 1099 1890 doctrinae
1121 1870 1234 1895 verae,

249 1907 399 1950 quadam
417 1905 658 1938 moderatione
676 1913 706 1939 et
723 1904 945 1950 philosophia
961 1908 1153 1941 necessaria
1168 1909 1234 1952 piis

249 1955 561 1999 gubernatoribus,
594 1956 778 1990 retineant.
847 1957 916 1991 Sed
944 1955 1027 1990 haec
1055 1959 1144 1991 inira
1171 1972 1233 1992 suo

248 2007 325 2039 loco
355 2006 481 2039 iterum
513 2006 661 2038 dicenda
695 2014 809 2043 erunt.
862 2008 964 2041 Nunc
997 2010 1039 2042 ad
1069 2008 1234 2044 historias

248 2058 372 2096 redeo,
397 2068 486 2101 quae
503 2053 559 2089 hic
579 2058 780 2090 recitantur.

348 2140 508 2174 Primum
542 2142 748 2175 observetur
779 2142 1019 2176 testimonium
1046 2145 1088 2177 de
1113 2142 1231 2187 Ange-

248 2193 362 2225 lorum
390 2191 555 2225 excubiis.
622 2191 751 2226 Narrat
773 2190 931 2235 Angelus
954 2206 988 2227 se
1014 2194 1095 2227 inde
1122 2207 1233 2240 usque

248 2244 291 2276 ah
325 2242 426 2275 initio
459 2242 609 2276 adfuisse
634 2242 742 2276 Dario
766 2243 894 2284 Medo,
928 2251 966 2277 nt
991 2245 1174 2279 adiuvaret
1201 2254 1232 2279 et

248 2294 420 2327 stabiliret
444 2293 517 2326 eius
541 2305 698 2336 regnum.
751 2294 924 2328 Fortassis
948 2295 1105 2338 placidus
1130 2308 1231 2329 senex

246 2345 330 2383 suit,
357 2352 492 2387 spretus
516 2357 535 2377 a
558 2345 778 2388 principibus
799 2357 838 2378 ac
855 2345 1001 2386 vicinis,
1027 2353 1066 2379 ut
1083 2347 1156 2379 fieri
1176 2359 1231 2380 so-

247 2395 305 2429 let.
358 2393 463 2427 Hunc
486 2401 602 2427 tamen
625 2396 786 2429 defendit
803 2397 881 2440 pius
897 2396 1073 2440 Angelus,
1097 2398 1231 2431 adiuvit

248 2445 285 2477 in
301 2444 450 2488 praeliis,
477 2446 687 2488 gubernavit
705 2447 919 2491 periculosos
938 2454 1092 2483 eventus.
1143 2448 1229 2481 Suc-

248 2506 361 2528 cessus
392 2502 506 2529 autem
540 2497 718 2541 prosperi,
760 2498 962 2542 praesertim
996 2511 1074 2531 cum
1105 2511 1229 2541 magna

246 2545 390 2578 suerunt
413 2547 584 2588 pericula,
613 2548 710 2591 signa
732 2555 814 2582 sunt
830 2549 943 2582 divini
960 2549 1092 2584 auxilii.
1147 2548 1228 2583 Ideo

246 2602 377 2629 metum
402 2595 579 2630 incutiunt
602 2596 761 2632 hostibus
783 2606 843 2633 aut
864 2599 1005 2634 invidis.
1066 2598 1112 2633 Et
1136 2602 1226 2642 apud

246 2647 359 2680 bonos
389 2653 517 2689 augent
547 2649 746 2693 principum
776 2650 1018 2684 reverentiam.
1074 2650 1119 2685 Ut
1139 2649 1227 2684 Eze-

844 80 970 115 PHIL.
1000 80 1113 118 MEL.
1141 82 1353 118 SCRIPTA
1380 83 1677 124 EXEGETICA.

1265 202 1268 233 ἱ

1256 2299 1259 2316 t

1253 2318 1258 2502 J

2201 96 2275 132 912

1291 170 1390 206 chiae
1404 180 1437 207 et
1447 171 1571 206 Esaiae
1589 175 1739 219 populus
1753 176 2017 221 obtemperabat
2029 180 2165 214 obsessa
2178 183 2278 222 urbe,

1291 223 1354 256 etsi
1379 236 1433 257 res
1456 231 1528 257 erat
1554 225 1589 257 in
1616 237 1751 258 summa
1776 228 2030 271 desperatione.
2099 230 2165 264 Sed
2192 233 2278 266 boni

1291 274 1495 309 iudicabant
1509 276 1579 317 regi
1597 277 1768 310 divinitus
1783 279 1929 311 consilia
1944 285 1977 311 et
1991 280 2132 322 negocia
2149 280 2278 316 horum

1291 325 1503 369 principum.
1575 325 1757 361 Discamus
1786 328 1893 371 igitur
1914 336 1946 362 et
1970 342 2035 362 nos
2060 327 2278 375 Angelorum

1290 377 1461 419 praesidia
1479 384 1511 411 et
1529 385 1644 420 petere
1657 405 1665 419 ,
1693 386 1726 413 et
1745 380 1871 423 pietate
1889 380 2052 415 retinere.

1394 443 1509 476 Mirae
1543 451 1634 478 artes
1666 457 1761 478 nunc
1791 453 1998 480 exercentur
2032 447 2069 479 in
2100 447 2207 488 auliS,
2247 455 2280 483 et

1290 494 1400 527 multa
1441 502 1524 528 sunt
1559 496 1704 529 consilia
1736 497 1903 530 insidiosa
1935 496 1997 531 καὶ
2031 497 2280 543 πλεονεκτικοὶ,

1291 541 1381 577 hanc
1399 552 1495 588 putat
1511 558 1583 578 esse
1600 547 1777 590 politicam
1794 548 2015 591 sapientiam.
2057 549 2126 582 Sed
2143 549 2279 584 discant

1292 595 1340 638 pii
1366 596 1617 638 gubernatores
1642 609 1714 630 non
1739 610 1839 642 posse
1865 599 2009 631 retineri
2034 599 2180 643 imperia
2205 600 2279 633 sine

1291 647 1422 679 anxilio
1447 646 1524 679 Dei.
1593 646 1713 689 Quare
1744 647 1826 682 huic
1849 650 2114 693 obtemperent,
2149 651 2280 685 saciant

1292 697 1403 730 officia
1421 698 1634 738 necessaria,
1658 706 1689 731 et
1707 700 1812 732 aDeo
1830 707 2010 743 expectent
2027 701 2280 742 defensionem,

1291 749 1379 781 sicut
1397 749 1564 792 scriptum
1584 756 1648 782 est:
1679 748 1750 791 Qui
1769 752 1827 783 dat
1843 751 1989 784 salutem
2008 752 2158 794 regibus,
2207 751 2278 785 Nec

1292 806 1461 843 quaerant
1483 800 1589 831 infida
1608 801 1798 842 praesidia,
1826 812 1888 834 nec
1906 802 2147 835 incertissimis
2163 809 2197 836 et
2212 803 2279 835 fal-

1292 850 1472 882 lacissimis
1503 847 1688 882 hominum
1723 852 1963 884 voluntatibus
1996 853 2174 894 nitantur,
2215 865 2278 886 nec

1291 900 1484 934 moliantur
1508 896 1826 946 πλέοιέκῖὴματα,
1858 914 1921 935 nec
1943 903 2124 946 implicent
2146 915 2181 936 se
2205 916 2278 937 non

1292 951 1493 984 necessariis
1512 953 1625 984 rebus.

1392 1034 1515 1068 Postea
1547 1035 1670 1079 incipit
1700 1036 1884 1069 vaticinari
1909 1037 2066 1080 Angelus
2096 1038 2138 1070 de
2170 1049 2277 1081 regno

1292 1085 1448 1118 Persico:
1487 1084 1664 1127 Stabunt,
1700 1087 1835 1132 inquit,
1871 1084 1992 1121 adhuc
2016 1092 2086 1121 tres
2116 1099 2214 1132 reges
2239 1087 2277 1120 in

1290 1133 1431 1170 Persia.
1485 1137 1556 1169 Hic
1573 1137 1757 1180 insigniter
1773 1135 2040 1172 hallucinantur
2059 1139 2189 1179 ludaei,
2217 1139 2279 1184 qui

1292 1195 1415 1232 putant
1433 1194 1569 1221 tantum
1588 1195 1657 1221 tres
1674 1189 1780 1221 fuisse
1798 1201 1892 1232 reges
1904 1189 2101 1230 Persarum,
2123 1196 2156 1223 et
2172 1190 2278 1223 amit-

1291 1246 1368 1272 tunt
1393 1251 1505 1271 annos
1528 1251 1567 1271 ex
1589 1239 1678 1271 serie
1703 1247 1901 1283 temporum
1927 1241 2045 1284 plures
2068 1251 2171 1285 qnam
2195 1252 2277 1272 cen-

1290 1297 1376 1323 tum.
1430 1288 1582 1323 Possunt
1610 1297 1725 1322 autem
1750 1291 1931 1334 perspicue
1949 1291 2093 1324 refutari
2113 1303 2174 1334 per
2189 1291 2277 1323 scri-

1290 1348 1424 1384 ptores,
1466 1341 1526 1385 qui
1562 1340 1709 1383 singulis
1743 1342 1884 1384 regibus
1917 1341 2066 1375 Persicis
2098 1341 2276 1374 coaetanei

1287 1392 1442 1425 fuerunt.

1391 1449 1458 1483 Sed
1489 1449 1646 1492 Angelus
1684 1449 1812 1483 diserte
1844 1449 1978 1494 inquit:
2021 1449 2173 1484 Stabunt
2204 1457 2275 1483 tres

1287 1512 1393 1543 reges.
1445 1500 1642 1542 Singularis
1673 1507 1724 1533 est
1756 1497 1931 1542 emphasis
1966 1500 2002 1532 in
2038 1501 2145 1534 verbo
2176 1500 2276 1534 Stare

1288 1553 1379 1593 apud
1414 1548 1619 1593 Prophetas
1682 1549 1770 1582 Nam
1803 1557 1893 1583 stare
1925 1562 2070 1593 regnum
2104 1550 2276 1593 significat

1288 1602 1431 1640 florere,
1458 1602 1610 1634 retinere
1629 1601 1821 1644 potentiam
1841 1602 2000 1634 nondum
2019 1601 2236 1634 inclinatam.

1388 1669 1524 1703 Usitata
1550 1668 1770 1701 enumeratio
1797 1674 1848 1701 est
1874 1675 1954 1712 post
1977 1667 2130 1713 Cyrum,
2165 1668 2275 1702 Cam-

1288 1722 1407 1765 bysen,
1429 1719 1590 1760 Darium,
1613 1730 1794 1751 recensere
1811 1725 1975 1763 quartum
1985 1719 2139 1752 Xerxen.
2181 1719 2274 1753 Nam

1288 1771 1411 1813 Magos
1437 1771 1588 1803 inserere
1611 1769 1858 1813 suppositicios
1883 1781 1979 1813 reges
2002 1771 2193 1803 absurdum
2212 1778 2274 1806 est.

1288 1822 1426 1855 Floruit
1455 1828 1570 1854 autem
1596 1818 1682 1853 haec
1707 1817 1911 1853 monarchia
1936 1821 2082 1861 virtute,
2116 1821 2273 1855 victoriis

1287 1880 1319 1906 et
1345 1873 1519 1916 potentia,
1546 1872 1695 1904 maxime
1721 1871 1785 1903 sub
1809 1871 1922 1904 tribus
1946 1871 2017 1904 illis
2040 1871 2161 1915 primis
2180 1872 2273 1915 regi—

1287 1925 1364 1957 bus.
1417 1922 1548 1956 Xerxes
1574 1934 1656 1954 vero
1679 1922 1811 1955 bellum
1836 1922 1956 1955 intulit
1973 1920 2119 1954 Graecis
2143 1922 2178 1954 in
2198 1921 2272 1955 Eu-

1286 1987 1391 2018 ropa,
1419 1974 1481 2006 ubi
1507 1985 1585 2006 cum
1610 1973 1722 2005 victus
1746 1979 1850 2013 esset,
1878 1973 2034 2017 quassari
2055 1970 2272 2014 monarchia,

1286 2032 1319 2058 et
1341 2025 1524 2069 aliquanto
1552 2030 1629 2067 post
1652 2035 1753 2056 ruere
1778 2023 1902 2066 coepit.
1957 2020 2008 2055 Ac
2029 2023 2163 2056 reditus
2179 2023 2271 2056 Xer-

1285 2076 1336 2109 xis
1352 2076 1389 2108 in
1402 2074 1520 2108 Asiam
1539 2086 1611 2107 non
1630 2074 1742 2106 solum
1760 2073 1857 2106 clade
1874 2073 2062 2114 exercitus,
2088 2074 2148 2106 sed
2166 2074 2270 2107 etiam

1286 2126 1449 2159 foeditate
1480 2137 1637 2165 morum,
1672 2124 1801 2156 incesta
1832 2124 1981 2157 libidine
2010 2131 2041 2158 et
2065 2124 2270 2159 crudelitate

1285 2177 1410 2210 Xerxis
1442 2176 1588 2219 insignis
1620 2175 1696 2207 suit.
1759 2173 1885 2208 Statim
1917 2175 2011 2208 enim
2046 2181 2123 2219 post
2152 2175 2268 2218 sugam

1285 2240 1400 2260 amare
1416 2227 1528 2271 coepit
1545 2226 1661 2259 fratris
1679 2225 1874 2269 coniugem.
1927 2225 2049 2259 Postea
2065 2237 2143 2259 cum
2159 2226 2268 2259 filiam

1257 2284 1259 2294 ¹
1283 2279 1400 2312 fratris
1423 2287 1485 2310 suo
1512 2277 1584 2309 filio
1608 2276 1779 2316 dedisset,
1813 2276 1938 2309 exarsit
1962 2283 1995 2309 et
2016 2274 2122 2309 huius
2143 2276 2269 2310 iuven-

1283 2330 1379 2362 culae
1397 2340 1526 2362 amore.
1574 2326 1657 2360 Post
1674 2324 1764 2359 hanc
1780 2327 1945 2360 incestam
1966 2327 2268 2367 consuetudinem,

1282 2392 1360 2413 cum
1385 2379 1451 2412 alia
1479 2378 1668 2422 parricidia
1693 2385 1807 2411 secuta
1833 2384 1933 2417 sunt,
1961 2384 2036 2411 tum
2060 2389 2142 2410 vero
2160 2377 2266 2410 etiam

1282 2432 1403 2464 caedes
1427 2429 1557 2462 fratris.
1611 2428 1772 2462 Tandem
1797 2435 1828 2463 et
1852 2429 1926 2473 ipse
1941 2427 2073 2461 Xerxes
2095 2427 2139 2460 ab
2157 2425 2265 2461 Arta-

1279 2483 1372 2514 bano
1392 2481 1594 2513 intersectus
1614 2486 1675 2513 est.

1382 2547 1478 2580 Haec
1501 2546 1656 2591 exempla
1675 2558 1714 2580 eo
1735 2546 1855 2581 recito,
1898 2544 2056 2578 Primum
2075 2552 2113 2578 ut
2131 2558 2263 2590 poenae

1280 2611 1343 2633 nos
1367 2600 1599 2637 admoneant,
1626 2604 1664 2631 ut
1685 2597 1855 2631 iudicium
1877 2602 1910 2629 et
1935 2595 2023 2628 iram
2046 2594 2113 2629 Dei
2138 2597 2262 2632 timea-

1280 2663 1374 2689 mus,
1410 2650 1471 2695 qui
1505 2649 1673 2682 libidines
1705 2659 1821 2681 severe
1854 2646 1967 2690 punit.
2030 2645 2187 2689 Deinde,
2221 2654 2262 2682 ut
