2379 2948
222 119 294 156 571

335 201 498 236 Sciamus
523 201 627 235 etiam
647 197 772 232 harum
797 209 915 230 rernm
945 198 1140 232 doctrinam
1163 198 1218 231 vi-

231 261 286 288 tae
319 251 509 286 hominum
542 249 768 283 necessariam
794 259 884 288 esse,
919 255 950 282 et
974 247 1088 282 Deum
1116 249 1216 289 velle,

232 311 272 338 ut
289 303 399 347 aliqui
423 313 500 334 eam
519 300 752 334 considerent.
811 298 901 331 Nam
929 311 1007 332 cum
1029 300 1064 331 in
1085 299 1215 331 divinis

233 354 334 388 libris
351 352 508 390 dicatur,
534 352 644 383 Deum
667 349 857 383 instituisse
881 361 1020 382 cursum
1038 349 1151 389 Solis,
1178 356 1215 383 ut

234 414 367 438 annum
394 401 541 440 efficiat,
575 411 712 433 necesse
746 407 796 433 est
831 407 923 433 certe
949 401 1110 433 accedere
1139 399 1217 432 ani-

236 450 534 489 madversionem,
576 462 638 484 seu
689 450 1006 484 considerationem
1050 450 1217 494 aliquam,

237 503 319 547 quia
337 514 412 537 non
437 502 662 536 considerans
677 501 814 544 ignorat
830 501 913 533 anni
931 506 1038 533 metas
1063 507 1122 533 aut
1139 511 1218 543 spa-

236 554 346 589 cium.
396 553 497 588 Sicut
516 552 708 597 pecudibus
726 552 843 595 ignota
863 557 945 584 sunt
964 550 1051 583 anui
1069 551 1194 594 spacia.

359 675 417 710 De
446 676 641 717 Tempore,
667 671 762 705 Aevo
791 674 826 704 et
853 670 1106 704 Aeternitate.

342 757 563 792 Vocabulum
578 753 743 798 temporis
766 752 973 795 generaliter
993 753 1086 786 sumi
1109 759 1221 797 potest

243 822 307 855 pro
325 808 564 850 cuiuscunque
592 804 643 837 rei
667 803 875 843 duratione,
909 804 970 836 sed
992 815 1070 836 curn
1096 804 1139 836 ab
1163 815 1219 835 ae-

241 860 403 896 ternitate
419 855 647 894 discernitur,
674 854 844 896 significat
864 854 1085 887 durationem
1102 865 1219 886 rerum

241 908 479 947 mutabilium,
500 917 588 950 quae
608 904 781 947 incipiunt
799 911 831 937 et
854 904 1030 939 desinunt.
1082 902 1219 937 Aevum

241 959 411 1003 significat
430 956 653 990 durationem
680 966 800 987 eorum
825 966 912 998 quae
937 960 1124 997 ceperunt,
1160 954 1219 986 sed

242 1022 314 1043 non
332 1009 517 1047 desinunt,
542 1012 581 1039 ut
598 1004 744 1047 Angelis
770 1015 893 1037 aevum
916 1004 1095 1039 tribuitur.
1149 1004 1221 1036 Ae-

242 1060 440 1094 ternitatem
457 1056 531 1090 Deo
550 1055 690 1098 proprie
714 1055 895 1097 tribuunt,
923 1054 982 1099 qui
1001 1067 1064 1087 nec
1088 1055 1220 1099 princi-

241 1111 339 1155 pium
357 1121 419 1142 nec
435 1108 539 1140 finem
562 1104 681 1139 habet.

537 1213 634 1256 Quid
663 1219 718 1248 est
742 1217 894 1248 liz-stans
903 1213 920 1247 ‚9

341 1292 390 1327 Ut
420 1291 513 1324 linea
541 1290 748 1323 continuum
766 1289 934 1333 quiddam
958 1295 1028 1329 est,
1055 1289 1148 1333 quod
1166 1289 1220 1321 in-

241 1343 386 1379 choatur
402 1349 434 1375 et
452 1341 662 1375 terminatur
682 1340 836 1383 punctiS,
864 1351 951 1384 quae
968 1346 1144 1382 geometer
1160 1352 1218 1372 co-

242 1394 407 1438 gitatione
432 1390 613 1425 constituit
637 1389 866 1422 indivisibilia
893 1401 981 1429 esse,
1008 1390 1055 1422 ita
1082 1396 1218 1432 tempus

242 1444 408 1478 continua
430 1440 598 1475 successio
623 1446 688 1478 est,
726 1451 815 1483 quae
839 1437 1027 1472 inchoatur
1044 1445 1076 1472 et
1099 1439 1218 1471 termi-

241 1501 347 1528 natur
365 1497 564 1531 momento,
591 1490 682 1534 quod
705 1495 829 1522 vocant
854 1488 968 1529 Nunc,
995 1500 1054 1522 seu
1071 1487 1218 1529 lustaus,

241 1545 334 1589 quod
360 1543 463 1577 etiam
491 1540 700 1583 cogitatione
731 1539 958 1573 constituitur
988 1539 1216 1574 indivisibile.

242 1593 288 1629 Et
304 1592 370 1627 hoc
394 1592 500 1625 modo
524 1591 689 1624 definitur
717 1588 872 1622 Instans:
908 1589 1047 1622 Instans
1073 1596 1122 1621 est
1149 1596 1217 1621 ter-

241 1645 358 1678 minus
374 1642 539 1686 copulans
555 1647 668 1685 partes
687 1640 863 1682 praeteriti
889 1646 922 1673 et
946 1639 1055 1672 futuri
1080 1647 1215 1682 tempo-

243 1696 302 1730 ris,
339 1693 386 1728 Ut
402 1700 516 1726 autem
535 1697 702 1735 punctum
721 1687 902 1734 physicum
921 1689 1038 1722 differt
1057 1701 1074 1721 a
1088 1696 1216 1733 puncto

241 1742 504 1779 mathematico,
533 1742 578 1776 ita
597 1741 776 1774 sciendum
794 1747 853 1780 est,
880 1739 982 1773 Nunc
999 1751 1058 1771 seu
1081 1739 1216 1772 lustaus

242 1794 427 1840 physicum
444 1792 585 1826 differre
603 1792 646 1824 ab
664 1803 714 1830 eo,
737 1792 832 1834 quod
848 1789 1113 1822 indivisibiliter
1132 1803 1215 1821 cou-

241 1846 423 1879 sideratur.
479 1842 567 1876 Nam
594 1842 726 1874 instans
741 1838 924 1885 physicum
951 1847 999 1873 est
1027 1852 1103 1883 pars
1128 1848 1215 1873 tem-

242 1896 336 1938 poris
353 1904 536 1938 praesens,
563 1903 664 1936 quam
685 1891 796 1923 dividi
817 1903 887 1923 non
907 1891 1131 1934 percipimus.
1177 1889 1214 1922 [n

242 1943 331 1978 hanc
350 1943 558 1976 sententiam
582 1942 746 1974 dixerunt
771 1942 1011 1984 generationes
1037 1948 1068 1974 et
1095 1953 1216 1974 corru-

241 1995 377 2039 ptiones
394 1993 467 2026 fieri
495 1993 531 2025 in
555 1991 710 2027 instanti.

344 2069 384 2102 In
401 2066 456 2101 his
474 2066 770 2111 disputationibus
787 2066 946 2100 rixantur
963 2067 1079 2106 etiam,
1096 2072 1215 2099 utrum

242 2120 449 2155 continuum
473 2130 513 2150 ex
537 2116 814 2149 indivisibilibus
839 2124 1078 2160 componatur.
1133 2115 1216 2148 Ari-

242 2171 380 2205 stoteles
397 2174 489 2201 recte
511 2167 670 2200 defendit
687 2164 828 2211 physice
853 2178 925 2199 non
950 2167 1111 2208 componi
1132 2178 1215 2199 con-

241 2222 379 2255 tinuum
396 2231 435 2252 ex
450 2217 737 2251 indivisibilibus.
790 2215 877 2249 Nam
895 2217 1123 2249 indivisibilia
1143 2230 1213 2249 non

243 2272 451 2312 contingunt
469 2281 503 2302 se
520 2268 685 2306 invicem,
714 2266 761 2299 sic
786 2266 879 2299 enim
908 2267 1030 2300 fierent
1054 2267 1215 2299 divisibi-

242 2322 299 2356 lia.
350 2320 418 2354 Sed
436 2317 498 2352 has
516 2317 666 2361 argutias
683 2317 941 2361 relinquamus,
968 2330 1046 2349 nam
1078 2317 1137 2361 qui
1161 2317 1215 2349 di-

244 2378 327 2405 cunt
356 2370 485 2403 lineam
509 2382 548 2402 ex
580 2367 726 2401 infinitis
760 2368 897 2411 punctis
927 2368 1109 2411 componi,
1143 2379 1214 2399 non

243 2421 437 2465 loquuntur
477 2417 636 2464 physice,
683 2418 741 2451 sed
783 2419 826 2450 de
868 2415 1110 2450 mathematica
1152 2418 1214 2450 ab-

243 2470 445 2507 stractione,
473 2482 560 2514 quae
583 2468 780 2501 considerat
804 2468 938 2512 aliquid
960 2468 995 2500 in
1022 2468 1111 2500 linea
1135 2468 1214 2508 tale,

242 2521 335 2565 quod
354 2532 426 2552 non
446 2520 571 2552 dividit
591 2519 625 2551 in
645 2525 776 2562 partes,
799 2518 888 2552 sicut
908 2519 943 2550 in
962 2519 1214 2557 numeratione,

243 2583 320 2604 cum
351 2571 393 2602 ad
419 2570 587 2602 unitatem
617 2576 758 2603 ventum
790 2576 857 2610 est,
899 2581 971 2603 non
1002 2569 1038 2603 fit
1068 2569 1214 2602 ulterior

243 2621 382 2655 divisio·

460 114 669 151 sempr&
698 113 773 149 pu.
798 110 914 147 MEL.
943 108 1012 145 AD
1039 111 1165 148 msr.
1193 111 1338 154 PROF.
1363 114 1429 152 ET
1457 115 1647 152 meos.
1675 116 1995 158 SPECTANTQ,

2167 120 2242 155 372

1269 201 1365 243 Quid
1389 200 1569 249 differunt
1588 207 1709 238 motus
1729 206 1911 251 reyularis
1936 210 1971 240 et
1993 204 2238 252 irregularis?

1369 278 1582 322 Regularem
1597 286 1742 320 vocant,
1767 280 1828 325 qui
1847 281 1980 325 aequali
2007 288 2160 325 tempore
2186 293 2245 314 ae-

1270 329 1372 373 quale
1391 330 1546 374 spacium
1571 330 1752 370 describit,
1779 337 1817 363 ut
1839 339 1953 364 motus
1978 331 2079 374 primi
2103 332 2246 364 mobilis

1270 390 1405 422 semper
1427 380 1464 412 in
1486 379 1533 415 24
1559 378 1654 412 horis
1684 382 1878 416 conficitur.
1948 379 1999 414 lta
2033 382 2075 412 de
2098 382 2245 424 singulis

1271 429 1416 462 orbibus
1445 431 1650 463 coelestibus
1679 431 1828 465 dicimus
1862 431 1997 464 moveri
2015 431 2169 473 singulos
2186 443 2247 474 per

1272 490 1344 512 sese
1369 480 1607 513 consideratos
1630 482 1773 525 proprio
1797 489 1894 515 motu
1919 482 2140 524 regulariter,
2166 482 2246 525 quia

1272 530 1409 572 corpori
1427 531 1576 574 simplici
1591 533 1755 575 competit
1777 533 1903 566 unicus
1927 531 2096 565 naturalis
2121 538 2248 568 motus,

1273 580 1437 623 proprius
1454 587 1486 612 et
1504 581 1683 623 regularis.
1735 581 1889 616 Econtra
1916 594 1997 616 vero
2022 589 2135 615 motus
2158 581 2248 613 irre-—

1273 629 1403 672 gularis
1420 630 1568 668 dicitur,
1595 631 1655 674 qui
1681 634 1818 676 aequali
1841 641 1997 677 tempore
2019 644 2091 665 non
2118 631 2248 663 descri-

1274 680 1325 712 bit
1347 680 1504 724 aequalia
1537 681 1670 723 spacia,
1711 689 1749 715 ut
1779 684 1942 716 animalia
1972 683 2058 716 alias
2092 681 2250 718 celerius,

1274 731 1358 763 alias
1376 730 1510 764 tardius
1533 738 1731 764 moventur.

1301 839 1446 872 Verane
1469 842 1522 872 est
1548 840 1765 883 propositio:
1794 839 1908 872 Omne
1934 838 2027 883 quod
2054 842 2231 880 orzovetur,

1582 888 1628 922 ab
1654 889 1728 923 αἷὶο
1749 887 1942 923 movetur?

1375 961 1509 996 Multae
1534 964 1773 997 cavillationes
1798 971 1830 998 et
1858 965 1900 998 de
1923 962 1986 997 hac
2011 963 2250 1007 propositione

1274 1012 1486 1055 excogitatae
1503 1021 1600 1047 sunt:
1637 1012 1755 1047 Omne
1775 1016 1870 1059 quod
1896 1021 2076 1053 movetur,
2109 1014 2152 1046 ab
2180 1013 2248 1045 alio

1274 1069 1447 1096 movetur.
1500 1063 1568 1096 Sed
1593 1066 1876 1106 respondendum
1897 1072 1946 1098 est
1962 1064 2133 1105 breviter,
2161 1060 2250 1095 hanc

1274 1113 1548 1156 propositionem
1570 1126 1640 1147 non
1660 1127 1730 1148 esse
1750 1127 1865 1148 veram
1881 1114 2136 1148 universaliter.
2172 1111 2251 1145 Etsi

1275 1164 1367 1196 enim
1385 1164 1628 1205 generationes
1652 1172 1683 1197 et
1707 1166 1951 1209 corruptiones
1975 1177 2047 1197 non
2069 1165 2159 1196 fiunt
2181 1161 2250 1194 nisi

1275 1214 1388 1257 prima
1414 1225 1536 1254 causa,
1561 1214 1597 1247 id
1616 1221 1683 1252 est,
1711 1214 1804 1255 Deo,
1831 1227 1891 1248 seu
1915 1222 1954 1249 ut
1968 1210 2178 1257 Philosophi
2197 1213 2250 1245 lo—

1274 1271 1448 1308 quuntur,
1476 1272 1575 1298 motu
1600 1265 1739 1298 coelesti
1762 1266 1902 1298 fovente
1926 1272 2107 1303 naturam,
2134 1270 2249 1297 tamen

1273 1315 1315 1347 de
1333 1321 1430 1347 motu
1452 1315 1555 1347 locali
1579 1327 1658 1348 vere
1680 1315 1818 1349 dicitur.
1872 1316 1970 1360 Ignis
1993 1326 2055 1359 per
2078 1325 2150 1346 sese
2172 1324 2250 1346 sur-

1273 1376 1348 1397 sum
1367 1365 1490 1404 tendit,
1514 1377 1616 1408 grave
1635 1366 1809 1400 deorsum.
1862 1366 1990 1398 Anima
2007 1364 2162 1406 cogitans
2178 1374 2250 1395 sese

1273 1420 1407 1454 movet,
1434 1415 1534 1447 etiam
1555 1427 1628 1447 non
1646 1422 1737 1447 mota
1755 1416 1798 1447 ab
1822 1416 1969 1449 obiecto.
2023 1414 2129 1454 Item,
2156 1419 2248 1446 recte

1272 1465 1401 1497 dicitur
1418 1465 1572 1508 potentia
1592 1466 1668 1498 loco
1692 1465 1824 1498 motiva
1848 1466 1885 1497 in
1906 1464 2050 1498 animali
2075 1475 2147 1497 sese
2169 1475 2248 1496 mo-

1272 1527 1370 1555 vere,
1398 1522 1462 1548 etc.

1373 1573 1557 1606 Caeterum
1574 1570 1631 1604 hic
1650 1572 1854 1606 discrimina
1877 1572 2131 1606 consideranda
2155 1579 2247 1609 sunt,

1270 1624 1337 1657 alia
1355 1631 1436 1657 sunt
1452 1623 1681 1656 essentialiter
1696 1623 1867 1664 ordinata,
1882 1624 1945 1656 ubi
1962 1635 2033 1657 non
2047 1624 2083 1657 fit
2096 1623 2249 1663 effectus,

1270 1674 1338 1707 nisi
1357 1674 1474 1707 omnia
1492 1680 1712 1713 concurrant,
1738 1680 1776 1707 ut
1794 1676 1830 1706 in
1845 1674 2068 1717 generatione
2083 1671 2249 1713 hominis,

1271 1725 1405 1758 coelum
1417 1749 1426 1762 ,
1454 1731 1570 1768 pater,
1597 1730 1718 1758 mater.

1372 1784 1448 1816 Alia
1469 1795 1542 1815 non
1560 1790 1641 1816 sunt
1660 1782 1890 1816 essentialiter
1916 1782 2098 1825 ordinata,
2121 1788 2159 1815 ut
2176 1783 2246 1814 duo

1271 1835 1350 1879 equi
1375 1832 1552 1867 trahentes
1578 1846 1730 1866 currum.
1793 1831 1860 1865 Hic
1885 1845 1957 1865 non
1981 1840 2031 1866 est
2054 1832 2245 1866 necessaria

1270 1884 1464 1929 copulatio,
1491 1891 1648 1927 utsupra
1668 1885 1709 1916 de
1732 1883 1842 1916 causis
1860 1883 2022 1916 diximus.

1372 1942 1531 1977 Recitavi
1557 1942 1759 1986 praecipuas
1783 1941 1967 1981 materias,
1999 1952 2087 1985 quae
2113 1940 2151 1972 in
2174 1940 2246 1973 ele-

1269 1995 1396 2027 mentis
1413 1991 1575 2038 physicae
1593 1993 1772 2025 doctrinae
1790 1992 1833 2024 ab
1851 1990 2083 2024 Aristotelicis
2098 1991 2246 2023 tradun-

1271 2045 1381 2078 turin
1404 2043 1625 2076 enarratione
1646 2043 1835 2083 librorum,
1863 2054 2012 2086 qnorum
2038 2040 2161 2074 titulus
2179 2047 2244 2074 est:

1271 2097 1314 2129 de
1332 2094 1487 2140 physicis
1505 2093 1831 2128 auscultationibus.

1372 2154 1441 2188 Sed
1460 2160 1565 2187 restat
1590 2159 1762 2197 postrema
1784 2149 1995 2194 disputatio,
2023 2160 2112 2193 quae
2134 2156 2182 2182 est
2209 2150 2242 2181 in

1269 2206 1361 2238 libro
1387 2212 1528 2245 octavo,
1564 2216 1652 2248 quae
1674 2202 1829 2236 continet
1852 2202 1940 2234 duos
1962 2200 2116 2242 insignes
2138 2200 2243 2238 locos,

1269 2257 1329 2301 qui
1347 2267 1567 2301 nequaquam
1585 2261 1664 2288 sunt
1682 2250 1995 2297 praetermittendi.

1370 2313 1474 2346 Prior
1502 2319 1569 2351 est,
1603 2312 1664 2356 qui
1695 2312 1796 2344 docet
1826 2310 1969 2343 unicum
1997 2320 2069 2342 esse
2089 2308 2242 2353 primum

1269 2371 1458 2401 rnotorem,
1487 2368 1687 2401 aeternum,
1715 2361 1872 2394 infinitae
1895 2359 2089 2404 potentiae,
2118 2365 2151 2391 et
2173 2358 2241 2392 im-

1268 2415 1449 2448 mobilem.
1499 2411 1566 2445 Hic
1583 2413 1775 2444 iucundum
1792 2418 1841 2445 est
1857 2411 1975 2444 videre
1990 2410 2099 2452 ipsam
2123 2421 2242 2441 rernm

1268 2473 1429 2498 naturam
1449 2464 1550 2496 nobis
1568 2462 1847 2495 monstratricem
1863 2473 1935 2494 esse
1950 2459 2038 2500 Dei,
2066 2466 2097 2492 et
2114 2460 2239 2492 ducem

1268 2517 1370 2548 nobis
1395 2525 1466 2546 esse
1491 2514 1533 2545 ad
1562 2513 1627 2546 Dei
1652 2513 1877 2555 agnitionem.
1935 2508 1983 2543 Et
2007 2510 2147 2554 quidem
2175 2506 2239 2541 ho-

1268 2574 1363 2600 nesta
1380 2565 1500 2609 opinio
1519 2565 1560 2596 de
1577 2562 1651 2596 Deo
1667 2564 1703 2595 in
1722 2562 1848 2596 nostris
1864 2560 2038 2593 mentibus
2055 2560 2240 2592 confirma-

1267 2623 1323 2649 tur
1340 2615 1394 2649 his
1417 2614 1792 2650 demonstrationibus,
1820 2622 1905 2656 quas
1921 2610 2023 2643 etiam
2040 2610 2114 2643 vult
2133 2609 2238 2652 aspici

1267 2665 1396 2701 Paulus
1414 2666 1449 2698 in
1474 2665 1583 2709 capite
1606 2665 1649 2697 ad
1675 2663 1855 2697 Romanos
1878 2661 2011 2705 primo,
2043 2666 2077 2694 et
2099 2671 2176 2693 cum
2201 2659 2237 2691 in
