2379 2948
151 118 226 154 577
766 118 810 153 V.
870 114 1193 153 EROTEMATA
1228 114 1565 156 DIALECTICES.
2113 123 2187 160 578

254 202 357 245 Quae
373 203 545 246 cognata?
597 202 733 237 Virtuti
749 211 917 247 cognatae
934 208 1018 235 sunt
1031 202 1145 236 bonae
1169 205 1174 224 ¹
1200 202 1326 236 cabulo
1344 204 1399 235 vel
1418 205 1460 237 de
1478 217 1547 238 una
1566 217 1603 238 re
1621 205 1763 240 dicitur.
1815 204 1861 240 Et
1877 208 2104 243 mediocriter
2128 222 2186 244 ex-

152 253 427 295 inclinationes,
460 261 499 288 ut
532 251 686 301 στοργαὶ
715 252 888 299 φυσικαὶ,
927 260 961 286 et
994 253 1144 286 aliarum
1199 253 1338 298 plicatis
1363 251 1417 287 his
1441 256 1708 299 quaestionibus
1735 257 1810 289 fieri
1835 270 1908 290 rem
1940 258 2185 299 illustriorem,

152 305 328 338 virtutum
347 305 480 338 semina
493 332 501 345 ‚
528 311 567 338 ut
584 305 621 337 in
638 304 843 337 Alexandro
864 304 1060 346 singulares
1078 304 1145 336 im-
1200 312 1232 338 et
1251 304 1351 349 quasi
1371 305 1483 337 oculis
1500 307 1648 347 subiici,
1674 308 1899 341 manifestum
1925 316 1983 343 est.
2038 308 2187 345 Prodest

151 362 252 400 petus
270 364 353 390 sunt
372 358 415 389 ad
436 355 696 389 fortitudinem.
742 354 828 388 ltem
845 355 984 388 nomini
1003 355 1145 388 virtutis
1199 355 1307 398 igitur
1334 356 1378 387 ad
1411 352 1506 388 hunc
1537 357 1698 389 ordinem
1727 359 1769 391 ad
1793 356 1854 392 has
1879 367 1987 393 metas
2010 361 2186 395 assuefieri

151 407 298 452 aequale
316 415 367 442 est
386 417 515 440 nomen
535 406 694 438 iusticiae
709 406 932 441 universalis.
981 405 1050 439 Sed
1072 407 1145 439 x-ir-
1169 397 1173 422 ⁵
1199 407 1391 444 discentes,
1420 418 1570 451 quarum
1587 408 1820 441 consideratio
1839 410 1943 443 etiam
1963 412 2123 445 moribus
2148 413 2186 445 in

153 465 207 492 tus
233 458 365 491 dicitur
388 456 543 495 iusticia,
572 468 650 488 cum
677 457 829 490 refertur
852 459 897 490 ad
918 458 1050 500 legem,
1087 457 1142 490 cui
1198 458 1267 490 vita
1297 457 1395 489 utilis
1421 463 1488 496 est,
1524 469 1602 490 cnm
1627 458 1797 502 quidnam
1821 472 1983 503 agamus,
2010 469 2043 495 et
2067 475 2186 496 causas

151 509 270 543 debita
288 507 486 541 obedientia
506 514 712 549 praestatur.
1197 520 1235 541 ac
1253 507 1506 553 consequentia
1522 508 1710 551 diligenter
1726 510 1970 553 prospicimus
2027 513 2110 546 ldeo
2130 515 2185 547 iu-

255 559 354 601 Quae
371 557 588 601 pugnantia?
642 557 737 591 Vitia
755 570 814 590 seu
832 558 1084 602 turpitudines,
1110 566 1143 592 et
1197 559 1360 592 nioribus
1385 559 1495 591 multa
1520 559 1677 603 exempla
1703 559 1740 591 iu
1766 561 1986 604 quotidianis
2015 565 2186 598 exercitiis

150 611 237 644 salsa
254 608 432 642 simulatio
455 608 609 642 virtutis,
1166 596 1170 638 l
1197 616 1465 654 proponantur,
1500 617 1537 643 ut
1555 610 1725 643 vocabula
1745 610 2002 654 poenitentiae,
2030 615 2185 648 toleran-

252 659 329 693 Hoc
354 660 460 692 modo
486 671 548 702 per
575 659 821 704 quaestiones,
855 672 942 705 quas
970 661 1142 701 recensui,
1196 663 1282 702 tiae,
1310 660 1554 704 magistratus,
1583 667 1613 694 et
1635 661 1715 695 alia.

151 711 414 756 procedendum
432 717 500 750 est,
528 711 814 756 quandocunque
833 713 876 745 de
898 712 1051 756 simplici
1076 725 1140 744 vo·
1165 735 1169 749 1

898 948 1071 978 LIBER
1123 946 1441 978 SECUNDUS.

443 1044 509 1084 De
538 1043 850 1095 propositione.
1197 1044 1242 1076 cti
1272 1040 1337 1075 hac
1374 1042 1504 1086 puerili
1535 1042 1696 1075 doctrina
1727 1041 1932 1082 dialectica,
1973 1042 2123 1075 sciamus
2148 1042 2186 1074 in

1195 1094 1363 1127 omnibus
1381 1093 1684 1137 disputationibus
1709 1093 1930 1136 quaerendas
1957 1104 2185 1136 esse-propo-

1195 1146 1340 1178 sitiones
1380 1144 1613 1188 principales,
1659 1143 1788 1176 deinde
1828 1150 1860 1176 et
1894 1150 2184 1186 argumentorum

1194 1197 1364 1230 membra.
1416 1194 1474 1228 Sic
1493 1194 1595 1227 etiam
1613 1206 1678 1227 nos
1696 1194 1732 1226 in
1750 1194 1929 1238 loquendo
1947 1201 1979 1228 et
1995 1194 2184 1227 scribendo

1194 1246 1484 1288 assuefaciamus,
1513 1252 1549 1277 ut
1568 1257 1640 1277 non
1665 1245 1893 1278 offundamus
1917 1247 2080 1288 ambages
2105 1245 2185 1277 aliis

1194 1298 1231 1330 in
1249 1308 1411 1330 sermone
1430 1303 1489 1329 aut
1506 1296 1662 1339 scriptiS‚
1690 1296 1749 1328 sed
1766 1296 1961 1338 dirigamus
1985 1296 2183 1330 orationem

1194 1350 1235 1381 ad
1253 1349 1389 1393 aliquas
1418 1354 1527 1380 certas
1554 1346 1815 1390 propositiones
1843 1354 1876 1379 et
1901 1347 2103 1390 perspicuas
2129 1357 2185 1379 as·-

1194 1399 1440 1432 severationes.
1468 1397 1527 1431 Sic
1544 1409 1616 1429 non
1635 1397 1749 1429 solum
1770 1393 1976 1440 prophana,
2002 1398 2060 1429 sed
2080 1397 2183 1429 etiam

1193 1447 1397 1495 prophetica
1417 1455 1449 1481 et
1466 1448 1657 1491 apostolica
1675 1447 1802 1491 scripta
1826 1448 1999 1490 legamus,
2028 1454 2066 1481 ut
2091 1458 2182 1480 asse-

1193 1501 1392 1534 verationes
1405 1500 1441 1532 in
1457 1499 1516 1539 eis,
1535 1499 1631 1532 velut
1647 1499 1682 1531 in
1703 1498 1861 1531 iudicum
1876 1498 2058 1531 sententiis
2076 1509 2182 1543 quae-

1194 1563 1332 1591 ramus,
1361 1558 1392 1584 et
1408 1551 1683 1590 consideremus,
1711 1549 1797 1594 quid
1814 1561 1851 1582 re
1867 1549 1938 1593 ipsa
1957 1549 2085 1589 dicant,
2108 1560 2182 1581 non

1194 1604 1309 1636 varias
1332 1601 1643 1645 interpretationes
1666 1600 1815 1643 singulis
1851 1600 2009 1633 versibus
2037 1600 2183 1641 affinga-

1194 1667 1293 1694 mus,
1329 1660 1369 1686 ut
1393 1653 1497 1686 multi
1523 1653 1558 1684 in
1584 1652 1728 1696 psalmis
1753 1658 1786 1684 et
1812 1651 1849 1684 in
1877 1649 1988 1683 Paulo
2011 1651 2180 1684 fecerunt.

1194 1705 1381 1740 Caeterum
1409 1704 1446 1736 in
1473 1701 1660 1736 rhetoricis
1683 1702 1838 1735 materiis
1862 1701 2028 1734 suasoriis
2051 1713 2182 1744 propo-

1194 1757 1338 1789 sitiones
1358 1756 1447 1788 fiunt
1462 1754 1671 1798 imperativo
1691 1754 1816 1792 modo,
1843 1759 1899 1785 ut:
1928 1751 2042 1794 Reges
2060 1751 2181 1795 depel-

1194 1809 1255 1841 lite
1282 1806 1473 1840 Turcicum
1500 1804 1725 1837 latrocinium
1753 1815 1772 1836 a
1795 1802 1960 1846 gentibus
1983 1800 2181 1836 Christiani

1195 1858 1362 1891 nominis.
1416 1856 1485 1890 Sed
1502 1854 1687 1888 Dialectici
1713 1855 1910 1899 loquuntur
1935 1854 1978 1886 de
2005 1864 2181 1886 assevera-

1195 1909 1370 1947 tionibus,
1404 1913 1442 1939 ut
1463 1906 1554 1946 dixi,
1587 1913 1620 1939 et
1653 1903 1718 1938 hae
1752 1904 1928 1938 suasoriae
1951 1915 2071 1936 revera
2098 1910 2181 1936 sunt

1194 1959 1438 1994 conclusiones
1457 1957 1558 1990 tales:
1588 1956 1790 1989 Honestum
1809 1962 1841 1989 et
1868 1954 2104 1988 necessarium
2130 1960 2179 1987 est

1191 2010 1320 2056 depelli
1338 2008 1492 2048 TurcaS,
1519 2014 1581 2040 etc.

146 1113 200 1153 Et
234 1125 382 1151 naturae
413 1119 500 1150 ordo
537 1117 689 1161 postulat
721 1117 819 1160 prius
846 1118 889 1149 de
919 1117 1141 1162 simplicibus

149 1169 331 1202 vocabulis
351 1169 439 1207 dici,
464 1176 583 1212 postea
601 1169 643 1200 de
669 1168 946 1211 compositione,
974 1175 1007 1201 et
1031 1168 1141 1201 usita-

146 1228 222 1254 tum
250 1227 317 1261 est,
351 1220 479 1252 mentis
512 1219 624 1252 officia
660 1220 847 1263 praecipua
870 1219 914 1251 ita
941 1231 1141 1259 numerare,

148 1269 482 1315 Apprehensionem
500 1270 735 1313 simplicium,
763 1270 1080 1313 compositionem,
1108 1277 1141 1303 et

148 1322 362 1354 divisionem
376 1348 384 1364 ,
413 1328 444 1354 et
462 1321 769 1355 diiudicationem.
825 1320 954 1353 Parum
975 1322 1069 1354 enini
1086 1321 1139 1353 di-

147 1379 256 1406 staret
277 1370 385 1405 homo
405 1384 422 1404 a
438 1371 569 1411 brutis,
597 1371 624 1403 si
652 1378 789 1403 tantum
815 1372 990 1414 simplicia
1013 1384 1141 1415 appre-

147 1420 331 1464 henderet,
359 1435 422 1455 nec
436 1423 556 1455 lumen
575 1419 719 1454 haberet
737 1421 779 1453 ad
798 1423 1037 1455 connectenda
1055 1423 1140 1456 sirn—

147 1474 253 1518 plicia
281 1480 313 1507 et
346 1473 630 1506 ratiocinandum
667 1481 700 1505 et
735 1473 978 1506 iudicandum.
1049 1472 1139 1507 Cum

150 1532 266 1558 autem
286 1525 324 1557 in
342 1531 466 1557 natura
484 1524 651 1557 rationali
669 1521 736 1556 hoc
760 1524 879 1556 lumen
897 1523 993 1557 Deus
1018 1536 1141 1557 accen-

148 1575 252 1615 derit,
280 1587 376 1608 nunc
393 1576 435 1608 de
453 1574 709 1619 compositione
727 1574 869 1610 dicitur.
909 1574 962 1608 Ac
979 1576 1139 1608 doctrina

148 1628 192 1660 de
228 1626 535 1670 propositionibus
567 1627 760 1658 admodum
795 1627 912 1659 tenuis
937 1634 970 1660 et
994 1627 1141 1671 puerilis

147 1685 214 1716 est,
242 1679 302 1711 sed
321 1684 438 1710 tamen
456 1678 498 1709 ad
518 1677 703 1709 formanda
722 1677 853 1709 iudicia
878 1678 1059 1711 iuniorum
1079 1690 1142 1710 ne-

153 1729 316 1762 cessaria.
362 1727 488 1761 Postea
508 1728 588 1771 plus
605 1727 690 1760 artis
708 1733 756 1760 est
776 1727 813 1759 in
830 1729 992 1762 doctrina
1011 1730 1053 1761 de
1071 1729 1141 1773 syl-

150 1780 325 1822 logismis,
353 1780 390 1811 in
409 1778 610 1811 iudicandis
635 1778 747 1810 causis
774 1785 806 1811 et
831 1780 926 1812 vitiis
950 1780 1142 1813 connexio—

150 1843 256 1874 num,
286 1838 324 1864 ut
342 1830 392 1863 ibi
410 1830 557 1864 dicetur.

424 1914 522 1956 Quid
549 1920 605 1949 est
632 1914 867 1960 Ρνοροεὶίὶο.9

251 1983 455 2030 Propositio
474 1991 523 2017 est
541 1984 654 2017 oratio
672 1984 882 2025 indicativa,
910 1984 1013 2017 unica
1031 1991 1063 2017 et
1083 1984 1138 2016 in-

150 2043 262 2079 tegra,
290 2048 412 2068 verum
433 2042 495 2068 aut
513 2036 640 2068 salsum
660 2035 736 2068 sine
755 2036 985 2079 ambiguitate
1010 2036 1137 2068 verbo-

150 2098 229 2120 rum
247 2087 464 2129 significans,
491 2093 544 2119 ut:
574 2085 636 2120 Sol
656 2094 835 2125 movetur,
863 2085 1064 2120 Alexander
1082 2087 1136 2118 vi·
1160 2092 1164 2115 i

150 2138 199 2170 cit
215 2137 384 2171 exercitus
400 2136 501 2170 Darii
524 2138 614 2180 regis
633 2137 782 2178 Persici,
817 2136 953 2171 Omnes
978 2138 1091 2170 lineae
1115 2150 1133 2170 a

149 2194 270 2221 centro
304 2189 347 2220 ad
381 2188 701 2222 circumferentiam
733 2189 855 2222 circuli
895 2190 1019 2222 ductae
1053 2196 1135 2222 sunt
1290 2187 1408 2221 Prima
1428 2194 1493 2220 est:
1520 2185 1811 2230 Propositionum
1829 2184 1917 2216 aliae
1933 2188 2015 2215 sunt
2038 2187 2176 2223 catego-

151 2238 325 2283 aequales.
381 2238 463 2272 Ideo
490 2247 605 2273 autem
630 2251 770 2273 necesse
793 2248 843 2274 est
874 2241 1134 2284 propositiones
1190 2241 1301 2280 ricae,
1329 2239 1419 2272 aliae
1444 2235 1704 2284 hypotheticae.
1759 2233 1960 2277 Categorica
1986 2239 2037 2265 est
2058 2231 2174 2271 unica,

150 2291 327 2323 orationes
343 2289 548 2323 indicativas
565 2303 656 2331 esse,
683 2292 765 2336 qnia
784 2292 961 2325 orationes
981 2292 1134 2325 aliorum
1190 2291 1356 2335 simplex,
1385 2289 1575 2322 indicativa
1602 2288 1733 2327 oratio,
1760 2297 1848 2329 quae
1875 2283 2059 2328 perspicua
2083 2293 2175 2314 asse-

150 2342 338 2374 modorum
356 2352 430 2373 non
447 2347 528 2373 sunt
543 2343 833 2383 asseverationes,
859 2350 895 2376 ut
912 2343 1135 2378 indicativae.
1190 2342 1370 2376 veratione
1388 2353 1499 2374 unum
1518 2339 1688 2384 quiddam
1705 2337 1864 2375 affirmat,
1891 2341 1951 2368 aut
1971 2339 2093 2376 negat,
2119 2338 2174 2365 ut:

152 2392 224 2425 lam
242 2398 386 2436 propter
404 2388 494 2423 hanc
512 2391 621 2434 ipsam
639 2405 777 2427 causam
799 2395 960 2427 doctrina
985 2395 1028 2427 de
1052 2407 1135 2438 pro-
1190 2394 1252 2428 Sol
1277 2400 1326 2426 est
1351 2392 1465 2425 maior
1489 2398 1601 2432 terra,
1631 2388 1732 2422 Luna
1758 2398 1831 2419 non
1857 2392 1907 2419 est
1930 2385 2044 2417 maior
2069 2390 2174 2417 terra.

151 2443 388 2487 positionibus
409 2442 580 2482 traditur,
601 2444 682 2487 quia
698 2445 733 2477 in
753 2446 912 2478 docendo
933 2458 1072 2479 necesse
1086 2452 1135 2478 est
1189 2442 1427 2491 Hypothetica
1451 2449 1502 2476 est
1527 2440 1658 2480 oratio,
1694 2439 1731 2470 in
1755 2449 1822 2482 qua
1847 2437 1937 2469 duae
1962 2434 2174 2478 categoricae

150 2494 425 2527 asseverationes
447 2493 646 2536 perspicuas
673 2501 706 2527 et
729 2495 846 2529 firmas
873 2497 1035 2541 proponi.
1089 2495 1136 2530 Et
1191 2501 1427 2531 contexuntur
1454 2505 1516 2537 per
1541 2489 1815 2524 Grammaticam
1847 2486 2055 2531 particulam
2089 2496 2174 2517 con-

151 2543 237 2578 haec
253 2545 387 2579 utilitas
407 2551 457 2577 est
476 2544 656 2577 doctrinae
675 2546 718 2577 de
734 2548 1048 2589 propositionibus
1089 2547 1137 2582 Ut
1190 2548 1428 2585 iunctionem,
1467 2555 1530 2576 nec
1559 2547 1610 2574 est
1637 2540 1742 2574 unius
1770 2539 1821 2572 rei
1849 2536 2076 2576 asseveratio,
2119 2542 2172 2568 ut:

152 2596 190 2628 in
205 2593 409 2630 Rhetoricis
426 2595 463 2627 in
481 2595 584 2638 longa
603 2598 841 2631 controversia
865 2606 974 2632 status
997 2600 1135 2644 quaeri·
1191 2599 1229 2633 Si
1266 2596 1398 2635 emisti,
1432 2595 1537 2627 debes
1565 2592 1723 2636 precium
1759 2591 1860 2631 dare,
1902 2588 1940 2623 Si
1966 2588 2086 2621 asinus
2111 2598 2174 2618 vo-

155 2653 231 2690 tur,
264 2647 326 2691 qui
357 2654 407 2680 est
431 2646 626 2690 propositio
654 2647 791 2691 aliquid
816 2649 900 2682 certi
925 2661 1136 2688 asseverans,
1189 2650 1256 2687 lat,
1291 2645 1397 2680 habet
1425 2655 1569 2689 pennas.
1625 2642 1727 2676 Talia
1753 2642 1843 2675 dicta
1873 2652 1945 2673 non
1973 2645 2055 2673 sunt
2081 2648 2173 2670 asse-

153 2704 192 2730 ut
205 2697 296 2731 Milo
316 2698 406 2731 iuste
423 2698 599 2731 interfecit
613 2696 798 2731 Clodium:
830 2699 878 2733 ita
898 2702 1137 2735 commonefa-
1190 2699 1398 2733 verationes.

206 2749 380 2781 MELANTH.
412 2751 514 2782 Ormi.
541 2751 621 2781 VOL.
653 2750 744 2781 XIII.
1620 2745 1667 2778 37

1304 2113 1408 2153 Quae
1421 2114 1511 2144 sunt
1529 2108 1730 2143 divisiones
1744 2105 2065 2153 propositionum?
