2379 2948
129 84 203 117 377
726 83 791 120 111.

525 171 703 205 Primum.

231 232 489 268 Perfectissima
527 246 629 268 causa
664 246 738 267 non
780 232 898 267 estin
933 232 1112 266 infinitum

129 284 258 320 ociosa.
318 284 438 318 Prima
467 296 570 319 causa
599 290 649 318 est
680 283 941 327 perfectissima.
1001 282 1113 326 Igitur

129 346 204 367 non
226 334 293 368 suit
316 335 353 367 in
383 342 454 369 tam
487 335 591 377 longa
624 334 828 367 aeternitate
858 340 952 367 retro
985 334 1112 368 ociosa.

128 383 324 418 Moventur
340 383 403 418 hac
421 385 630 427 cogitatione
648 396 768 417 omnes
785 381 958 423 homines,
975 383 1111 417 etiamsi

128 447 204 467 non
222 442 273 468 est
287 434 550 469 demonstratio.
583 433 761 467 Miramur
785 434 898 472 enirn,
925 434 1011 479 quid
1039 434 1110 466 illis

129 486 279 519 infinitis
296 486 491 518 seculorum
514 484 639 528 spaciis
663 486 772 527 egerit
794 485 908 527 prima
933 496 1054 524 causa,
1081 483 1109 516 si

127 535 196 569 fuit
221 536 311 576 sola,
343 536 371 568 si
393 534 533 567 nullum
565 535 741 568 obiectum
772 535 858 575 fuit,
901 535 990 568 circa
1016 535 1109 579 quod

130 593 284 619 exereret
302 596 398 618 suam
416 584 609 628 potentiam
632 591 692 618 aut
716 585 934 628 sapientiam.
987 584 1032 618 Et
1055 596 1112 617 ac-

129 638 258 669 cedunt
283 635 485 668 dialecticae
508 636 708 679 captiones,
734 636 761 667 si
779 635 839 668 illa
858 635 997 669 infinita
1013 646 1112 667 mens

129 693 182 719 est
209 685 356 723 motrix,
396 696 535 718 necesse
557 692 607 719 est
630 697 767 730 semper
794 692 827 719 et
849 686 981 718 mobile
1006 685 1112 720 simul

128 746 211 771 esse.
264 734 371 773 Item,
399 736 427 768 si
450 742 500 769 est
520 748 640 777 causa,
673 747 811 769 necesse
835 742 886 769 est
907 736 1016 768 simul
1039 746 1111 768 esse

128 785 335 825 subiectum,
354 786 391 818 in
409 798 498 831 quo,
526 794 565 821 ut
590 797 711 828 causa,
739 786 829 819 vires
846 797 924 820 suas
941 786 1061 822 exerit.

507 878 729 915 Responsio.

229 936 444 982 Respondeo
461 938 506 971 ad
525 937 712 970 maiorem:
738 938 989 981 perfectissima
1011 949 1114 971 causa

126 1000 201 1022 non
219 995 270 1021 est
286 989 416 1023 ociosa.
468 987 564 1021 Haec
589 988 786 1032 propositio
804 1001 876 1021 non
902 996 951 1022 est
967 1001 1048 1022 vera
1071 990 1114 1021 de

124 1038 311 1082 agentibus
329 1038 559 1078 voluntariis,
585 1045 624 1072 ut
646 1036 858 1072 architectus
884 1039 988 1072 etiam
1013 1051 1115 1082 prae-

127 1089 362 1122 stantissimus
405 1089 467 1122 diu
508 1095 622 1132 potest
665 1090 879 1133 suspendere
929 1089 1113 1123 actionem.

127 1138 179 1172 Ita
197 1140 240 1171 de
257 1139 371 1182 prima
395 1151 495 1172 causa
516 1137 686 1176 dicimus,
726 1140 846 1172 volens
873 1146 907 1172 ct
934 1140 1114 1172 liberrime

126 1189 287 1222 condidit
304 1190 478 1222 mundum
491 1215 499 1228 ‚
526 1201 601 1221 non
617 1189 742 1223 effudit
762 1190 965 1222 necessitate
981 1190 1113 1233 aliqua.

126 1238 265 1275 Deinde
284 1239 386 1272 nobis
415 1239 452 1271 in
480 1237 639 1271 Ecclesia
662 1240 844 1283 responsio
864 1241 906 1272 de
923 1240 1114 1273 solitudine

126 1288 304 1334 proposita
333 1297 399 1321 est:
431 1288 527 1330 Quid
547 1289 583 1320 in
601 1289 660 1321 illa
686 1296 754 1321 tam
782 1290 884 1332 longa
909 1290 1114 1323 aeternitate

125 1339 237 1382 egerit
261 1338 375 1378 Deus,
409 1336 466 1371 hic
492 1338 614 1370 divina
640 1340 808 1372 revelatio
832 1340 992 1373 adfirmat
1018 1352 1114 1372 com—

124 1389 401 1422 municationem
419 1388 610 1431 sapientiae
636 1400 708 1421 esse
734 1396 912 1422 aeternam
937 1390 1030 1423 inter
1045 1389 1113 1423 Pa-

124 1447 234 1479 trem,
271 1438 402 1471 Filium
431 1445 464 1471 et
490 1437 663 1482 Spiritum
689 1447 861 1474 sanctum.

231 1496 372 1531 Deinde
389 1498 430 1531 ad
449 1497 628 1541 captiones
645 1498 848 1532 dialecticas
864 1499 1113 1542 respondetur:

125 1548 230 1582 Mens
256 1548 394 1581 infinita
420 1555 469 1581 est
491 1548 637 1588 motrix,
673 1549 755 1582 item
785 1556 835 1582 est
865 1561 977 1582 causa.
1037 1548 1114 1582 Hae

124 1599 381 1644 adpellationes
398 1599 427 1631 ei
442 1598 668 1639 tribuuntur,
697 1611 769 1632 non
792 1611 862 1644 quo
878 1611 1017 1643 semper
1035 1606 1114 1633 actu

125 1650 296 1688 moverit,
334 1661 394 1682 seu
421 1649 622 1682 condiderit
647 1661 718 1689 res,
753 1651 809 1683 sed
839 1662 856 1682 a
876 1650 1053 1692 potentia,
1081 1657 1115 1683 et

129 1701 213 1745 quia
236 1707 374 1744 postea,
408 1711 486 1732 curn
511 1699 645 1740 voluit,
679 1711 734 1733 res
758 1700 939 1741 condidit,
973 1708 1005 1734 et
1035 1712 1114 1733 mo-

126 1762 207 1784 vere
232 1750 335 1793 cepit.

230 1808 297 1842 Sed
318 1806 484 1840 humanis
507 1807 780 1850 cogitationibus
806 1809 996 1842 admodum
1020 1809 1115 1842 disfi-

126 1860 192 1893 cile
216 1866 267 1893 est
300 1865 453 1891 mentem
484 1858 581 1891 illam
614 1856 926 1892 architectatricem
953 1860 1115 1902 cogitare,

126 1911 320 1943 seiunctam
338 1910 382 1941 ab
399 1908 540 1951 opificio
554 1935 563 1949 ,
591 1909 670 1941 ideo
700 1910 824 1952 poetae
847 1909 1044 1954 plerunque
1065 1910 1113 1943 sic

126 1961 342 2005 loquuntur,
375 1959 475 2003 quasi
491 1956 528 1991 in
547 1965 622 1992 toto
647 1971 793 2001 corpore
819 1960 945 1993 mundi
969 1958 1110 1995 haereat

127 2018 159 2044 et
177 2011 296 2044 omnia
313 2009 436 2053 agitet,
462 2016 502 2043 ut
519 2008 691 2052 Virgilius
707 2010 840 2054 inquit:

175 2072 344 2113 Totamque
368 2072 466 2101 infusa
486 2083 539 2111 per
557 2078 636 2102 artus

179 2122 264 2153 Mens
279 2125 368 2162 agitat
389 2125 520 2161 molem,
547 2130 576 2152 et
591 2134 699 2161 magno
716 2134 746 2153 se
763 2134 890 2163 corpore
904 2126 1008 2153 miscet
1022 2130 1078 2155 eto.

367 2211 581 2247 Secundum
606 2217 879 2259 argumentum.

130 2281 229 2324 Quot
254 2291 324 2311 non
349 2277 454 2313 habet
477 2280 717 2320 alterationes,
744 2293 817 2314 non
840 2288 890 2315 est
914 2281 1111 2315 subiectum

180 2329 397 2374 generationi
419 2337 451 2363 et
476 2331 708 2375 corruptioni.

128 2381 274 2415 Coelum
295 2393 366 2412 non
386 2377 490 2412 habet
505 2381 742 2415 alterationes.

129 2431 222 2475 Ergo
242 2443 302 2463 nec
330 2430 564 2473 generationi,
590 2443 653 2464 nec
673 2432 894 2477 corruptioni
917 2432 1110 2466 obnoxium

180 2489 240 2516 est.

232 2531 410 2565 Minorem
441 2530 487 2563 ita
513 2530 738 2572 confirmant,
779 2533 860 2576 quia
885 2533 1110 2566 manifestum

131 2583 173 2616 si=t
205 2583 326 2614 multis
359 2581 515 2614 millibus
544 2592 740 2621 annorum,
782 2583 917 2617 nullam
947 2584 986 2617 in
1012 2584 1109 2618 coelo

133 2630 384 2676 deprehensam
405 2644 476 2665 esse
500 2631 754 2667 alterationem.

843 83 999 120 INITIA
1024 81 1318 120 DOCTRINAE
1344 85 1598 122 PHYSICAE.

2075 88 2146 122 378

1266 168 1344 203 Hoc
1361 179 1607 214 argumentum
1624 173 1687 207 etsi
1709 173 1904 218 speciosum
1931 180 2002 214 est,
2027 179 2144 207 tamen

1163 231 1239 252 non
1255 226 1304 252 est
1323 220 1586 257 demonstratio.
1637 222 1776 258 Rursus
1798 224 1892 257 enim
1913 221 1979 257 hoc
1994 224 2144 267 opponi-

1163 276 1239 308 tur,
1267 282 1337 315 quo
1353 283 1432 304 cum
1454 273 1558 306 unica
1575 274 1619 308 sit
1641 275 1755 318 prima
1777 285 1879 308 causa
1902 274 2059 308 infinitae
2081 285 2146 317 po·-

1163 320 1310 362 tentiae‚
1337 322 1496 366 sequitur
1513 334 1586 355 non
1603 335 1675 357 esse
1692 326 1794 368 plura
1815 325 1968 360 infinita.

1414 413 1582 446 Tertium
1610 419 1885 459 argumentum.

1164 477 1321 522 Tempus
1342 485 1392 512 est
1409 485 1603 512 aeternum.

1164 528 1275 571 Igitur
1292 536 1407 562 motus
1425 536 1474 562 est
1493 536 1665 563 aeternus,

1164 578 1268 612 Valet
1309 580 1579 624 consequentia,
1620 582 1702 626 quia
1736 588 1873 624 tempus
1903 587 1954 614 est
1984 591 2147 614 mensura

1216 636 1345 663 motus.

1265 686 1487 722 Antecedens
1503 689 1704 728 confirmat,
1729 689 1811 733 quia
1830 696 1890 722 aut
1908 688 1999 732 cepit
2013 695 2150 730 tempus

1165 737 1203 770 in
1220 745 1398 782 tempore,
1427 746 1486 772 aut
1504 740 1540 771 in
1559 739 1679 783 aliquo
1690 738 1813 779 Nunc,
1839 750 1899 772 seu
1917 737 2079 772 Instanti.
2112 735 2149 769 Si

1165 788 1202 820 in
1220 795 1399 833 tempore,
1431 790 1590 834 sequitur
1611 797 1713 823 antea
1736 790 1842 822 fuisse
1867 796 2015 832 tempus.
2068 786 2152 819 Fuit

1166 839 1274 881 igitur
1288 846 1482 873 aeternum.
1521 839 1586 873 Sin
1604 846 1719 873 autem
1737 840 1774 872 in
1794 840 1913 883 aliquo
1923 839 2037 877 Nunc,
2058 837 2152 869 idem

1166 890 1346 934 sequitur,
1381 902 1454 922 non
1488 890 1583 923 enim
1616 897 1729 933 potest
1752 890 1904 932 intelligi
1926 889 2047 924 Nunc,
2082 886 2151 919 nisi

1167 941 1380 973 continuans
1408 947 1557 984 tempus.
1610 940 1757 984 Semper
1780 940 1887 982 igitur
1909 940 1977 973 fuit
2002 947 2152 982 tempus.

1168 989 1384 1034 Intelligitur
1402 991 1496 1024 enim
1514 997 1651 1035 tempus
1667 998 1746 1024 ante
1765 991 1855 1024 illud
1866 990 1978 1023 Nunc.

1553 1091 1774 1128 Responsio.

1268 1148 1366 1192 Nego
1384 1151 1692 1194 consequentiam,
1720 1158 1752 1184 et
1770 1151 1861 1184 ratio
1883 1157 1944 1190 est,
1972 1149 2054 1193 quia
2073 1159 2150 1181 curn

1167 1205 1305 1242 tempus
1321 1200 1488 1232 definitur
1504 1201 1632 1234 usitato
1643 1199 1946 1245 Philosophorum
1964 1210 2073 1239 more,
2093 1209 2153 1229 ve-

1167 1261 1244 1281 rum
1264 1256 1314 1282 est
1330 1256 1467 1293 tempus
1485 1262 1557 1283 esse
1573 1263 1773 1284 mensuram
1791 1258 1924 1291 motus,
1951 1261 2039 1294 quae
2063 1248 2152 1290 cepit

1166 1311 1244 1331 cum
1262 1300 1379 1342 primo
1397 1301 1535 1334 mobili.
1588 1300 1657 1334 Sed
1677 1313 1754 1334 cum
1783 1309 1922 1345 tempus
1943 1298 2152 1343 generaliter

1166 1349 1378 1392 intelligitur
1393 1351 1634 1395 cuiuscunque
1657 1352 1708 1383 rei
1726 1352 1885 1391 duratio,
1919 1362 1992 1383 non
2015 1355 2151 1382 tanturn

1167 1407 1217 1433 est
1233 1411 1397 1433 mensura
1422 1407 1549 1436 motus.

1269 1457 1407 1491 Deinde
1436 1471 1507 1491 non
1533 1460 1726 1492 absurdum
1758 1467 1828 1500 est,
1863 1466 2021 1503 tempus,
2058 1459 2152 1502 quod

1166 1509 1260 1553 cepit
1275 1521 1353 1542 cum
1370 1510 1485 1553 primo
1503 1510 1640 1548 mobili,
1668 1510 1839 1554 incepisse
1857 1510 1894 1542 in
1910 1511 2030 1554 aliquo
2039 1508 2154 1547 Nunc,

1167 1557 1357 1593 inchoante
1382 1560 1544 1593 videlicet
1567 1561 1664 1593 illam
1688 1561 1924 1596 durationem.
1988 1559 2033 1594 Ut
2058 1559 2151 1591 enim

1167 1610 1205 1642 in
1230 1610 1324 1643 linea
1359 1616 1408 1643 est
1441 1618 1611 1654 punctum
1649 1609 1841 1649 inchoans,
1879 1611 2092 1644 continuans
2120 1616 2152 1641 et

1165 1661 1372 1698 terminans,
1399 1661 1444 1693 ita
1463 1662 1498 1693 in
1518 1668 1684 1704 tempore,
1714 1663 1809 1706 quod
1824 1669 1874 1695 est
1893 1672 2056 1695 mensura
2075 1671 2154 1692 mo-

1166 1718 1239 1750 tus,
1267 1712 1413 1755 cogitari
1434 1712 1516 1752 talia
1535 1712 1702 1745 instantia
1721 1719 1880 1756 possunt.

1419 1805 1600 1844 Quartum
1625 1808 1903 1850 argumentum.

1164 1868 1312 1903 Nullum
1336 1870 1373 1901 in
1400 1870 1530 1903 circulo
1557 1878 1669 1914 potest
1691 1871 1871 1915 adsignari
1898 1875 2068 1914 punctum
2092 1868 2149 1900 in-

1216 1918 1349 1953 choans
1365 1927 1512 1954 motum.

1164 1976 1261 2022 Ergo
1279 1985 1396 2013 motus
1411 1980 1500 2013 coeli
1519 1980 1755 2024 sempiternus
1772 1986 1832 2013 est.

1549 2072 1771 2110 Responsio.

1266 2128 1348 2162 Non
1364 2135 1414 2162 est
1432 2131 1626 2163 necessaria
1652 2131 1898 2175 consequentia
1925 2141 1942 2162 a
1972 2128 2080 2171 figura
2101 2128 2145 2159 ad

1165 2180 1404 2214 durationem.
1457 2179 1503 2214 Et
1519 2181 1608 2214 sicut
1629 2181 1666 2213 in
1685 2182 1814 2214 circulo
1838 2187 1908 2213 arte
1931 2180 2039 2217 facto,
2066 2188 2145 2210 cum

1164 2237 1345 2271 movetur,
1372 2231 1514 2276 aliquod
1535 2238 1583 2263 est
1602 2239 1771 2275 punctum
1784 2258 1793 2271 ,
1821 2245 1837 2262 a
1856 2242 1924 2275 quo
1942 2229 1978 2261 fit
1993 2227 2148 2266 initium,

1164 2281 1211 2313 ita
1233 2281 1269 2313 in
1286 2281 1383 2314 coelo
1400 2282 1468 2315 suit
1483 2282 1627 2326 aliquod
1646 2288 1832 2325 punctum,
1858 2292 1875 2313 a
1895 2291 1965 2323 quo
1982 2278 2048 2311 fuit
2075 2277 2146 2310 ini-

1165 2331 1254 2365 tium
1277 2338 1413 2370 motus,
1449 2333 1538 2366 sicut
1562 2339 1688 2375 puncta
1714 2338 1795 2364 sunt
1820 2330 1997 2363 luminum
2021 2335 2054 2361 et
2069 2329 2144 2372 pla·

1164 2389 1342 2422 netarum,
1374 2395 1463 2427 quae
1486 2390 1566 2415 sunt
1592 2389 1701 2415 metae
1732 2382 1768 2413 in
1795 2379 2052 2423 progrediendo
2085 2385 2143 2410 aut

1164 2432 1413 2475 regrediendo,
1449 2441 1484 2465 ut
1512 2439 1637 2476 puncta
1670 2432 1833 2472 solsticii,
1868 2442 2020 2475 quorum
2054 2428 2143 2462 ratio

1163 2483 1263 2516 reddi
1280 2495 1353 2516 non
1372 2490 1495 2527 potest,
1518 2485 1573 2514 scd
1595 2482 1792 2515 testimonia
1811 2487 1903 2520 sunt,
1927 2479 2021 2513 hune
2037 2491 2143 2512 mun-

1163 2535 1248 2566 dum
1266 2545 1339 2566 non
1366 2533 1516 2565 extitisse.
1542 2544 1640 2572 casu,
1667 2534 1727 2565 sed
1750 2545 1768 2566 a
1797 2538 1913 2564 mente
1936 2529 2143 2564 architecta-

1163 2584 1249 2617 trice
1275 2583 1456 2616 conditum
1491 2593 1581 2621 esse,
1616 2590 1648 2615 et
1673 2590 1833 2616 motuum
1858 2582 1948 2624 leges
1972 2593 2010 2614 ac
2033 2588 2142 2613 metas

1164 2633 1312 2667 consilio
1326 2629 1505 2666 architecti
1522 2633 1570 2665 sic
1585 2634 1765 2667 ordinatas
1783 2646 1865 2666 esse.
1920 2631 2144 2673 Anaxagoras
