2379 2948
7 2135 18 2191 ι,

5 2196 13 2308 ἒ

7 2317 13 2411 ἲ

8 2414 15 2472 ἔ

9 2479 14 2551 3

10 2552 14 2621 g

9 2625 14 2714 l

126 104 222 140 1597

119 190 294 229 Domine,
333 191 429 235 eripe
453 192 605 224 animam
631 204 755 225 meam.

118 293 198 325 stris
222 301 255 326 et
278 294 526 327 communibus
544 294 729 338 periculis,
759 306 823 327 nec
841 295 1111 327 succumbamus

117 343 357 386 magnitudini
381 351 576 385 terrorum,
603 346 831 389 quantumvis
854 346 981 388 peccati
1004 352 1036 378 et
1054 345 1110 378 in—

117 394 293 427 felicitatis
321 395 430 427 moles
452 395 488 427 in
515 396 634 428 animo
653 402 799 436 crescat,
826 404 944 429 tamen
961 396 1109 429 sciamus
1134 437 1136 443 y

115 443 249 477 Filium
268 444 334 478 Dei
358 446 593 489 potentiorem
613 458 685 478 esse
704 453 843 490 peccato
863 454 895 481 et
911 446 1051 487 inferis,
1076 454 1110 480 et
1134 455 1135 478 3

114 495 260 538 gratiam
278 496 468 529 exuberare
486 508 590 540 supra
609 504 799 541 peccatum.

165 594 388 631 stIisericors
406 595 616 638 Dominus,
644 602 674 632 el
698 598 836 637 iustus,
865 603 895 632 et
914 597 1018 633 Deus
1043 612 1108 633 no-
1133 643 1134 646 Ἴ

215 653 288 682 ster
307 648 507 683 miseretur.

165 702 385 742 Custodiens
423 707 602 755 parvulos
635 707 844 749 Dominus,
894 714 1107 744 unanimius

215 772 296 793 sum
315 764 345 793 et
360 772 440 793 sum
459 759 642 795 salvatus.

713 104 775 139 lx.
828 103 1193 142 COMMENTARH
1220 105 1269 139 IN
1297 105 1538 143 PSALMOS.

811 191 861 226 lta
885 205 948 225 nos
972 204 1112 237 quoque

119 241 294 275 discamus
320 255 479 275 exercere
503 244 605 276 fidem
635 256 714 276 vera
741 243 964 277 invocatione
992 244 1112 276 inno-
1138 237 1140 255 ³

216 835 310 869 Haec
334 844 383 870 est
408 837 480 881 ipsa
506 837 746 881 propriissima
772 837 961 881 descriptio
983 838 1105 878 luctae,
1132 859 1133 862 =

113 887 150 920 in
182 900 250 932 qua
283 888 367 920 fides
393 895 565 932 repugnat
589 889 784 921 doloribus.
848 888 916 922 Sed
942 889 1026 921 fides
1050 901 1105 921 re-

110 989 200 1024 diae.
247 989 347 1023 Sicut
365 991 509 1022 memini
527 991 564 1022 in
582 991 740 1023 maximis
756 997 787 1024 et
803 991 1023 1024 terribilibus
1040 992 1104 1023 do-

112 1040 249 1073 loribus
275 1042 308 1074 d.
333 1040 523 1075 Doctorem
548 1040 745 1074 Martinum
774 1042 926 1075 subinde
949 1042 1103 1074 claman—

110 1098 181 1125 tem
215 1092 449 1135 ingeminasse
483 1090 574 1125 lianc
606 1106 744 1125 vocem:
789 1092 972 1126 Conclusit
1006 1093 1103 1126 Deus

110 1143 229 1175 omnia
269 1144 334 1176 sub
372 1150 571 1187 peccatum,
620 1152 659 1176 iit
690 1144 849 1177 omnium
883 1144 1101 1177 misereatur.

110 1193 160 1228 lta
191 1191 258 1227 hoc
291 1195 368 1227 loco
395 1195 508 1228 David
542 1195 709 1239 proponit
734 1195 800 1227 sibi
826 1196 1034 1228 sententiam
1061 1196 1103 1227 de

109 1244 371 1286 misericordia,
398 1253 435 1279 iit
462 1258 563 1290 saepe
581 1246 665 1278 alias
684 1246 718 1278 iu
737 1245 904 1286 Psalmis,
931 1246 1031 1291 quasi
1049 1246 1102 1279 di—

110 1303 183 1334 cat,
211 1294 287 1329 Etsi
312 1297 515 1340 ingentibus
533 1297 701 1330 oneribus
721 1303 941 1340 peccatorum
959 1304 991 1330 et
1011 1297 1102 1341 peri-

109 1348 270 1380 culorum
296 1360 456 1391 premor,
484 1354 516 1380 et
541 1348 650 1380 moles
675 1348 762 1380 mihi
784 1348 952 1391 paulatim
970 1348 1103 1387 crescit,

108 1404 227 1431 tamen
252 1396 306 1430 liis
323 1398 490 1430 omnibus
506 1398 680 1430 anteferre
697 1399 806 1430 debeo
824 1399 1101 1431 misericordiam

108 1455 217 1483 tuam.
281 1448 478 1482 Tradidisti
513 1449 784 1493 promissiones,
822 1456 854 1482 et
886 1449 1035 1493 precipis
1065 1457 1102 1482 iit

108 1501 293 1532 credamus
319 1507 352 1533 te
376 1500 465 1532 velle
494 1500 596 1533 nobis
621 1500 819 1543 ignoscere,
857 1507 890 1533 te
917 1500 1007 1532 velle
1031 1511 1101 1532 esse

108 1551 332 1583 liberatorem
358 1562 376 1583 a
403 1558 542 1594 peccato
567 1557 601 1583 et
625 1563 642 1583 a
664 1558 785 1585 morte.
843 1550 913 1584 Nos
932 1563 1004 1583 non
1022 1563 1102 1595 pos—

107 1613 228 1635 sumus
246 1609 365 1635 nostra
382 1601 530 1639 iusticia,
559 1609 678 1635 nostra
694 1601 882 1644 sapientia,
912 1599 995 1635 haec
1012 1603 1101 1635 mala

110 1660 282 1687 excutere.
339 1653 420 1686 ldeo
446 1652 637 1696 promisisti
665 1652 767 1685 nobis
789 1652 1006 1693 Dominum,
1042 1665 1104 1696 per

109 1716 213 1749 quem
239 1704 440 1737 benedices:
470 1703 548 1736 Tua
575 1705 694 1737 dextra
721 1716 784 1736 nos
808 1704 973 1737 liberabit
991 1717 1030 1736 ex
1048 1702 1102 1736 liis

106 1755 220 1789 malis.
277 1755 431 1788 Proinde
455 1762 729 1800 quantacunque
753 1762 836 1788 sunt
862 1762 997 1799 peccata
1018 1767 1102 1793 mea,

2063 112 2157 147 1398

1167 192 1239 224 irae
1254 198 1286 224 et
1304 193 1563 235 damnationis,
1591 195 1648 228 sed
1666 196 1804 240 signum
1824 197 1859 229 in
1881 209 1950 241 quo
1969 195 2062 231 Deus
2081 200 2155 240 glo-

1166 243 1257 275 riose
1273 245 1426 278 ostendit
1443 247 1635 288 potentiam
1655 254 1687 280 et
1704 248 1896 281 bonitatem
1912 259 2024 282 suain.
2078 249 2155 283 Hoc

1167 293 1336 326 vulteum
1352 295 1415 328 ait:
1444 294 1606 330 Custodit
1623 299 1800 341 parvulos,
1828 299 2060 341 calamitosos,
2082 313 2153 333 non

1164 344 1380 378 confidentes
1396 346 1466 380 suis
1483 348 1658 389 consiliis,
1686 350 1814 393 opibus
1831 362 1869 383 ac
1886 350 2033 385 viribus.

1266 394 1402 428 Eodem
1429 399 1580 440 pertinet
1604 402 1696 444 quod
1723 401 1789 433 ait:
1818 399 2040 435 Attenualus
2059 414 2152 438 sum.

1163 445 1376 491 Quanquam
1397 448 1434 480 in
1449 456 1618 482 extremas
1638 451 1851 485 calamitates
1869 453 2046 487 coniectus
2064 465 2153 492 sum,

1163 498 1253 530 sicut
1275 498 1357 530 alibi
1384 498 1513 543 inquit:
1542 500 1726 545 Castigans
1750 504 1930 545 castigavit
1952 516 2008 537 me
2027 503 2153 538 Domi-

1162 560 1246 588 nus,
1276 556 1309 582 et
1334 550 1437 582 morti
1456 562 1528 583 non
1546 553 1691 586 tradidit
1711 566 1775 587 me.
1831 553 1926 587 Haec
1941 555 2069 588 usitata
2089 557 2152 588 do-

1163 600 1273 632 ctrina
1290 598 1497 642 Evangelii,
1525 603 1690 636 omnibus
1715 613 1798 638 nota
1819 617 1890 638 esse
1906 606 2028 646 debet,
2057 608 2151 651 quod

1160 649 1256 683 Deus
1283 650 1368 683 velit
1392 664 1455 684 nos
1477 653 1605 695 affligi,
1633 666 1705 687 non
1730 662 1767 688 iit
1792 658 1930 699 perdat,
1958 658 2015 688 sed
2042 664 2151 690 utre-

1161 708 1261 734 vocet
1279 713 1317 734 ac
1335 709 1458 735 servet.
1510 701 1555 736 Et
1574 711 1690 737 tamen
1709 706 1827 749 adfligi
1846 719 1910 740 nos
1928 715 2064 752 oportet
2077 735 2085 748 ,
2113 716 2151 742 ut

1161 752 1353 793 discamus,
1382 760 1553 797 quantum
1574 756 1706 788 malum
1727 756 1769 789 sit
1789 765 1979 801 peccatum.
2034 757 2150 802 Expe-

1160 803 1273 836 rimur
1296 804 1475 836 saevitiam
1497 805 1649 846 diaboli,
1673 808 1870 841 mordentis
1887 809 2066 842 calcaneos
2085 809 2151 843 Ec-

1159 854 1304 896 clesiae,
1339 855 1428 887 sicut
1452 856 1621 889 sauciavit
1648 856 1778 889 Filium
1805 858 1883 894 Dei.
1945 860 2011 893 Sed
2040 860 2150 902 gloria

164 938 171 944 ,
197 939 205 945 ,
289 939 295 945 ,
734 940 740 946 ,
763 940 770 946 ,
944 941 951 946 ,
1015 940 1021 946 ,
1130 924 1132 951 5
1159 903 1225 937 Dei
1253 913 1322 945 est,
1357 907 1452 950 quod
1479 906 1620 940 interim
1647 915 1817 942 sustentat
1840 922 1921 951 1108,
1957 918 1989 944 et
2013 911 2151 954 mitigat

112 945 223 982 quirit
251 939 395 983 aliquod
431 940 576 972 verbum
606 946 638 972 et
662 947 877 983 agnitionem
903 952 1102 972 misericor-

1159 956 1269 995 mala,
1304 968 1342 989 ac
1366 958 1508 990 tandem
1535 970 1677 1001 prorsus
1701 960 1805 994 tollit.
1860 960 1948 993 Nam
1975 961 2149 1005 mitigatio

1159 1007 1242 1039 dum
1274 1008 1423 1047 durant,
1459 1015 1510 1041 est
1539 1009 1717 1052 singulare
1748 1022 1858 1053 genus
1885 1013 2150 1054 consolationis,

1159 1058 1200 1089 de
1218 1071 1286 1102 quo
1306 1056 1501 1102 Prophetae
1519 1060 1734 1104 loquuntur,
1762 1069 1800 1095 ut
1818 1061 2028 1098 Ierem.10.:
2060 1064 2150 1097 Cor-

1158 1109 1233 1152 ripe
1259 1122 1314 1142 me
1332 1109 1505 1151 Domine,
1533 1119 1764 1144 veruntamen
1790 1113 1825 1145 in
1848 1114 1998 1153 iudicio,
2026 1122 2059 1148 et
2078 1128 2149 1148 non

1129 1194 1131 1199 ,
1160 1160 1194 1192 in
1227 1161 1346 1193 surore
1379 1168 1458 1201 tuo,
1495 1173 1536 1194 ne
1562 1163 1650 1195 sorte
1676 1164 1716 1194 ad
1744 1161 1896 1197 nibilum
1923 1165 2059 1206 redigas
2084 1179 2151 1201 me.

1162 1210 1264 1243 lteui:
1302 1212 1456 1244 Domine
1481 1225 1525 1244 ne
1549 1213 1585 1245 in
1613 1213 1731 1246 surore
1756 1221 1835 1256 tuo,
1863 1223 1926 1249 etc.
1998 1216 2075 1250 Non
2102 1225 2152 1251 est

1158 1262 1194 1294 in
1214 1270 1326 1296 morte
1345 1263 1406 1308 qui
1423 1275 1558 1296 memor
1573 1264 1616 1296 sit
1633 1265 1704 1305 tui,
1733 1273 1797 1299 etc.

1209 1353 1399 1389 Rea-erlem
1424 1357 1553 1390 anima
1577 1370 1656 1391 mea
1682 1358 1719 1391 in
1740 1359 1893 1407 requiem
1914 1365 2033 1404 luam,
2063 1362 2151 1409 quia

1259 1406 1451 1441 Dominus
1468 1408 1636 1442 retribuit
1655 1409 1735 1444 tibi.

1209 1472 1310 1521 Quia
1335 1475 1504 1521 eripuisti
1527 1476 1694 1510 animam
1719 1490 1835 1510 meam
1855 1481 1894 1512 cle
1912 1485 2041 1519 morte,
2071 1494 2153 1516 ocu-

1261 1525 1317 1559 [ος
1333 1539 1428 1560 meos
1448 1539 1470 1561 α
1489 1525 1673 1567 lacrimis,
1696 1527 1820 1574 pedem
1838 1542 1954 1563 meum
1974 1544 1997 1564 cz
2016 1531 2136 1580 lapsu.

1209 1591 1421 1627 Ambulabo
1440 1605 1561 1627 coram
1578 1592 1749 1629 Domino
1771 1595 1808 1629 in
1827 1600 1924 1630 terra
1945 1597 2152 1635 vicentium.

1259 1670 1434 1704 Absoluta
1467 1670 1706 1714 descriptione
1737 1671 1867 1711 luctae,
1914 1674 2060 1708 victoria
2094 1689 2154 1711 seu

1128 1734 1129 1741 ¹
1157 1721 1321 1754 liberatio
1346 1721 1590 1764 praedicatur,
1625 1728 1657 1754 et
1683 1723 1907 1756 celebrantur
1931 1725 2074 1759 effectus
2100 1741 2154 1761 se-

1128 1792 1129 1797 =
1157 1773 1271 1805 cuturi
1299 1769 1389 1805 hanc
1415 1772 1672 1805 liberationem.

107 1818 181 1839 non
208 1813 389 1850 propterea
414 1807 583 1838 accusabo
610 1813 643 1839 te
670 1806 858 1845 mendacii,
893 1807 950 1838 sed
978 1807 1101 1839 consu-
1128 1829 1129 1834 ,

107 1858 198 1901 giam
219 1859 260 1890 ad
282 1857 533 1901 promissiones
552 1864 629 1890 tuas
648 1864 680 1889 et
699 1856 752 1889 liis
770 1858 928 1896 credam,
956 1854 1019 1889 bac
1036 1858 1102 1889 side
1128 1865 1130 1890 ,¹

107 1910 298 1953 expectabo
324 1909 582 1950 mitigationem
599 1908 774 1940 malorum
795 1915 828 1941 et
847 1908 1102 1942 liberationem.

107 1959 156 1993 Es
182 1961 399 1999 misericors,
429 1959 461 1991 id
489 1967 555 1998 est,
583 1959 690 2000 gratis
714 1959 994 1992 inisericordiam
1020 1971 1100 2003 pro·
1128 1987 1130 1998 ,
1157 1977 1312 2020 pendent
1344 1976 1460 2008 minae
1487 1983 1519 2009 et
1547 1977 1720 2019 pericula,
1757 1975 1858 2023 Quia
1885 1976 2074 2015 Dominus
2100 1995 2154 2016 re—

476 2010 522 2043 Es
539 2011 665 2049 iustus,
693 2022 797 2042 verax
813 2017 845 2043 et
863 2021 1005 2043 servans
1020 2022 1101 2053 pro—
1128 2023 1130 2027 ·

108 2011 236 2045 misisti
255 2011 423 2054 indignis,

107 2061 319 2095 missionum
344 2068 497 2096 tuarum.
557 2060 694 2094 Deinde
719 2072 758 2094 eo
783 2061 888 2093 etiam
915 2068 948 2094 te
972 2061 1100 2094 iustum

108 2114 371 2157 praedicamus,
404 2113 484 2157 quia
513 2125 575 2146 nos
603 2113 752 2145 iniustos
776 2112 902 2155 recipis
926 2124 964 2145 ac
992 2113 1101 2145 iustos

107 2165 336 2209 pronuncias,
404 2163 486 2207 Quo
520 2164 628 2207 magis
661 2164 753 2207 apud
787 2162 946 2196 animum
982 2164 1100 2196 crescit

105 2222 330 2260 peccatorum
353 2226 474 2248 sensus
493 2222 526 2248 et
547 2215 771 2256 magnitudo,
801 2226 841 2246 eo
858 2214 968 2256 magis
986 2215 1101 2257 sugere

109 2267 283 2310 cupimus.
331 2265 399 2300 Sed
420 2273 538 2299 contra
556 2267 742 2299 nitendum
761 2273 822 2299 est.

107 2319 154 2351 ob
180 2330 318 2351 causam
346 2317 426 2362 qnia
453 2329 574 2350 sumus
598 2317 742 2355 iniusti,
778 2319 1033 2350 contendamus
1059 2318 1100 2349 ad

107 2369 222 2402 Deum
241 2369 393 2408 iustum,
421 2366 486 2401 hoc
504 2375 572 2411 est,
600 2369 857 2401 iustificantem.

212 2435 400 2470 Deterrent
424 2442 539 2468 autem
569 2436 705 2468 animos
731 2447 748 2468 a
776 2434 869 2473 Deo,
905 2442 937 2468 et
964 2442 1100 2479 peccata

108 2495 228 2521 nostra
258 2495 291 2521 et
323 2486 547 2520 calamitates.
616 2486 774 2531 Utraque
805 2498 859 2518 res
891 2486 1100 2529 languefacit

109 2546 244 2573 mentes
255 2566 263 2579 ‚
291 2539 372 2583 quia
389 2537 568 2571 calamitas
582 2538 722 2570 videtur
736 2538 873 2577 testari,
901 2539 993 2582 quod
1008 2536 1102 2570 Deus

109 2602 173 2624 nos
191 2590 374 2629 abiecerit,
403 2596 439 2621 ut
459 2588 617 2620 infelices
637 2599 772 2630 pugnae
788 2596 930 2621 movent
947 2588 1101 2628 Saulem,

107 2649 145 2674 iit
170 2643 339 2685 desperet.
390 2640 458 2674 Sed
482 2637 539 2672 liic
559 2639 707 2683 opponit
724 2646 756 2672 et
772 2636 855 2672 huic
872 2640 998 2672 terrori
1016 2652 1100 2672 con-

109 2693 332 2728 solationem.

870 2264 971 2298 H‘mc
992 2266 1100 2308 ipsam
1156 2283 1321 2316 liberavit
1345 2295 1429 2321 nos,
1454 2289 1487 2315 et
1512 2282 1726 2315 liberaturus
1743 2290 1800 2318 est.

1727 1773 1817 1805 Nam
1843 1775 1880 1807 in
1906 1776 2051 1810 victoria
2070 1779 2153 1812 fides

1157 1824 1348 1861 excitatur,
1386 1820 1469 1856 haec
1502 1834 1594 1855 nova
1621 1824 1811 1857 certamina
1838 1827 2024 1870 prospicit,
2060 1836 2093 1863 et
2118 1843 2153 1863 se

1157 1875 1199 1906 ad
1225 1886 1262 1907 ea
1291 1880 1482 1918 praeparat.
1549 1870 1739 1907 Rea-eriere
1763 1875 1893 1908 anima
1921 1881 1958 1909 in
1983 1879 2153 1925 requiem,

1159 1926 1192 1957 id
1220 1932 1286 1963 est,
1317 1925 1475 1970 quiesce,
1503 1925 1550 1957 sis
1575 1925 1662 1958 laeta
1691 1928 1902 1971 tranquilla,
1930 1929 2067 1963 etiamsi
2086 1932 2153 1964 im-

1157 2025 1286 2059 tribuit
1304 2026 1383 2061 tibi.
1439 2025 1534 2059 Deus
1551 2034 1601 2060 est
1616 2035 1748 2067 custos,
1777 2030 1837 2073 qui
1856 2031 1944 2063 tueri
1963 2032 2062 2072 solet,
2092 2035 2151 2079 qui

1158 2090 1279 2111 rursus
1311 2078 1435 2122 eripiet
1465 2090 1504 2110 ex
1530 2079 1689 2111 venturis
1714 2079 1982 2116 calamitatibus·
2052 2083 2152 2119 Sicut

1156 2131 1190 2164 2.
1207 2127 1371 2165 Corinth.
1390 2130 1421 2163 1.
1450 2129 1596 2162 dicitur:
1625 2128 1850 2173 Responsum
1878 2133 2001 2166 mortis
2028 2134 2064 2167 in
2085 2148 2151 2169 no-

1157 2181 1210 2213 bis
1231 2178 1442 2221 habuimus,
1471 2187 1510 2213 ut
1529 2192 1600 2213 non
1621 2180 1731 2213 simus
1749 2182 1963 2215 confidentes
1984 2185 2019 2216 in
2039 2188 2150 2225 nobis,

1155 2232 1213 2264 sed
1239 2232 1275 2264 in
1292 2230 1367 2265 Deo
1392 2231 1565 2265 excitante
1584 2239 1759 2271 mortuos,
1788 2234 1847 2277 qui
1866 2247 1905 2266 ex
1924 2241 2018 2269 tauta
2038 2246 2150 2271 morte

1859 2284 1902 2318 Ut
1922 2285 1957 2317 in
1977 2287 2054 2320 ocio
2074 2289 2150 2322 lan—

1128 2358 1129 2385 }
1156 2334 1287 2377 guescit
1313 2342 1346 2368 et
1369 2333 1587 2376 extinguitur
1611 2333 1714 2371 fides,
1750 2335 1839 2367 sicut
1864 2335 2013 2375 dicitur,
2050 2338 2149 2374 Sedit

1125 2628 1129 2687 i

388 2691 463 2724 Imo
489 2691 667 2724 calamitas
691 2701 763 2723 non
787 2697 838 2724 est
860 2691 1100 2724 testimonium
1125 2694 1128 2729 J

1156 2385 1308 2429 populiis
1333 2385 1545 2418 manducare
1569 2390 1601 2416 et
1626 2384 1764 2424 bibere,
1792 2393 1825 2418 et
1844 2387 1991 2420 surrexit
2012 2389 2148 2425 ludere:

1156 2437 1202 2469 ita
1229 2443 1369 2469 econtra
1395 2436 1430 2468 in
1456 2435 1708 2467 certaminibus
1734 2436 1857 2470 crescit
1873 2438 1974 2477 fides,
2001 2447 2039 2472 iit
2058 2441 2148 2475 ferre

1156 2488 1306 2519 maiores
1336 2487 1486 2530 impetus
1517 2486 1636 2528 possit.
1714 2485 1802 2518 Nam
1833 2485 1968 2531 phrasis
1996 2489 2146 2527 Ebraica

1157 2539 1192 2570 in
1220 2536 1274 2570 his
1300 2538 1436 2577 verbis,
1464 2535 1649 2570 Retribuit
1667 2537 1730 2570 tibi
1745 2537 1945 2578 Dominus,
1974 2541 2146 2584 significat

1155 2590 1362 2622 continuum
1380 2600 1515 2621 morem
1534 2587 1723 2620 liberandi.

1258 2637 1320 2673 Est
1353 2651 1434 2682 ergo
1460 2639 1594 2683 primus
1616 2638 1752 2672 fructus
1775 2640 1959 2681 victoriae,
1999 2642 2063 2678 hoc
2089 2648 2144 2680 in-

1154 2697 1370 2725 crementum
1403 2690 1496 2723 fidei.
1561 2689 1660 2723 Alter
1689 2690 1821 2724 fructus
1854 2700 1921 2734 est,
1964 2697 2145 2732 ambulare

1539 2740 1614 2775 88‘
