2379 2948
132 115 229 156 1195

132 208 248 240 ratur,
275 197 371 243 quod
396 192 588 237 affligimur
611 200 687 223 non
706 195 745 222 ut
770 198 970 232 pereamus,
999 185 1058 219 sed
1086 190 1125 217 ut

133 248 356 286 retrahamur
379 247 423 280 ad
445 240 722 289 poenitentiam,
757 239 853 273 iuxta
886 238 993 272 illud:
1030 234 1124 268 Vivo

136 314 217 347 ego,
246 300 330 334 dicit
344 296 539 332 Dominus,
568 293 653 326 nolo
669 297 819 324 mortem
836 288 1040 335 peccatoris,
1065 286 1125 319 sed

136 361 176 387 ut
196 355 423 385 convertatur
450 353 484 379 et
501 345 606 378 vivat.
657 341 820 387 Cumque
842 341 993 374 sciamus
1019 349 1126 383 quare

138 403 222 437 velit
247 400 343 435 Deus
365 396 558 432 Ecclesiam
581 393 775 428 subiectam
800 404 872 426 esse
896 390 1016 432 cruci,
1043 389 1128 421 obe-

139 454 277 488 diamus
301 450 333 484 ei
358 449 533 495 patienter
558 446 596 479 in
621 442 677 477 his
701 444 872 487 miseriis,
915 449 948 476 et
970 447 1129 485 petamus

138 502 416 547 mitigationem,
444 506 478 533 et
501 502 721 541 expectemus
737 494 998 528 liberationem.
1050 489 1130 523 Huc

139 554 320 600 pertinent
350 552 444 585 dicta
472 548 653 582 Ieremiae:
689 544 799 580 Eram
824 543 1019 579 indomitus
1041 541 1130 574 sicut

140 604 369 646 iuvenculas,
397 599 572 644 castigasti
587 610 662 639 me,
689 604 723 632 et
740 597 794 640 egi
812 593 1077 642 poenitentiam.

570 699 584 717 ³
611 689 703 726 loth.

188 765 330 799 Manus
355 766 446 796 tuae
470 758 648 806 fecerunt
670 769 749 801 me,
784 761 820 791 et
851 756 1133 801 psalmaverunt

192 826 272 858 me,
302 813 352 849 da
369 812 464 848 mihi
482 812 715 846 intellectum
730 813 772 843 ut
786 808 930 842 discam
946 804 1133 841 mandata

194 871 275 900 tua.

246 940 388 974 Primus
419 949 540 972 versus
572 936 726 982 precatio
750 941 818 976 est,
852 935 909 968 cui
930 932 1136 979 praeposuit

147 1003 302 1027 causam:
356 986 509 1024 Manus
534 992 618 1021 tuae
639 985 901 1034 formaverunt
934 995 1006 1026 me,
1047 984 1136 1018 sicut

147 1044 239 1089 apud
255 1040 413 1076 Esaiam:
439 1039 522 1074 Non
540 1049 662 1073 sumus
678 1039 791 1078 lutum
808 1044 928 1076 tuum,
956 1035 1055 1082 quasi
1082 1035 1137 1068 di-

147 1104 220 1138 cat,
248 1105 328 1127 cum
353 1093 462 1125 simus
488 1097 548 1124 tua
567 1095 746 1130 creatura,
773 1096 806 1123 et
822 1095 860 1122 tu
876 1100 949 1121 non
968 1086 1138 1121 condide-

147 1146 196 1179 ris
215 1155 280 1178 nos
295 1144 340 1177 ad
359 1142 526 1181 exitium,
554 1142 699 1175 obsecro
722 1147 756 1174 te
780 1139 944 1184 respicias
970 1145 1003 1172 et
1028 1138 1139 1180 erigas

150 1207 226 1230 nos.

253 1244 438 1281 Secundus
449 1255 582 1282 versus,
598 1242 666 1276 alia
683 1253 785 1276 causa
802 1253 910 1287 quare
927 1247 1023 1286 petat
1039 1239 1139 1274 auxi-

150 1298 258 1335 lium,
285 1296 450 1329 videlicet
467 1302 507 1330 ut
528 1294 590 1328 alii
607 1306 748 1339 quoque
765 1293 1038 1332 confirmentur,
1061 1303 1140 1325 cun]

152 1349 275 1382 vident
291 1348 410 1380 adesse
426 1345 542 1380 Deum
557 1344 733 1379 Ecclesiae
751 1357 845 1379 suae.

255 1397 399 1432 Tertius
424 1408 547 1431 versus
569 1396 742 1430 confessio
768 1402 834 1429 est:
859 1392 1021 1428 Adfirmo
1045 1401 1141 1428 tuam

155 1449 353 1484 doctrinam
376 1460 496 1482 veram
529 1457 562 1482 et
585 1458 659 1480 non
684 1445 961 1480 commentitiam
987 1456 1079 1485 esse,
1110 1451 1143 1478 et

155 1511 359 1547 quanquam
389 1498 544 1533 afflixisti
574 1509 647 1538 me,
684 1504 801 1531 tamen
826 1508 899 1530 non
925 1495 1081 1529 afflixisti
1104 1501 1144 1528 ut

155 1552 337 1597 perderes,
366 1550 425 1583 sed
443 1549 539 1583 fideli
558 1548 678 1582 animo
703 1555 737 1582 et
760 1548 950 1581 clementer
968 1545 1143 1589 castigasti

154 1614 231 1641 me,
258 1608 292 1634 et
311 1600 475 1643 mitigasti
494 1611 656 1644 poenam,
683 1599 780 1632 iuxta
797 1598 904 1630 illud:
933 1596 1090 1630 Domine
1107 1597 1144 1628 in

154 1652 287 1687 iudicio
306 1651 443 1696 corripe
463 1663 535 1691 me,
558 1661 631 1683 non
652 1649 689 1682 in
706 1649 843 1689 furore,
867 1660 911 1681 ne
928 1648 973 1680 ad
990 1645 1144 1680 nihilum

156 1704 293 1746 redigas
312 1714 379 1735 me.

259 1752 416 1796 Quartus
433 1759 465 1786 et
482 1752 629 1797 quintus
644 1762 765 1784 versus
791 1761 914 1784 rursus
935 1756 1061 1793 petunt
1080 1749 1146 1781 mi-

156 1804 375 1848 tigationem.

259 1856 384 1890 Sextus
409 1853 563 1898 precatio
584 1859 706 1886 contra
727 1858 977 1896 persecutores.

262 1906 441 1949 Septimus
464 1911 514 1938 est
534 1904 689 1948 precatio
706 1915 769 1947 pro
786 1901 961 1937 Ecclesia:
989 1899 1148 1935 Conver-

158 1964 278 1992 tantur
297 1957 340 1989 ad
362 1967 429 1989 me.

262 2005 422 2040 Octavus
439 2006 592 2050 precatio
604 2031 614 2046 ‚
632 2012 671 2040 ut
687 2006 724 2038 in
743 2006 817 2050 ipsa
836 2010 1065 2039 conservetur
1085 2004 1149 2036 do-

161 2059 294 2093 ctrinae
312 2057 454 2101 puritas.

579 2147 607 2178 Ξ
634 2137 746 2185 Caph.

214 2211 433 2253 Concupivit
454 2209 616 2242 salutem
640 2212 747 2242 tuam
769 2210 898 2242 anima
920 2218 1028 2250 mea,
1056 2211 1093 2241 et
1111 2209 1151 2241 in

214 2260 364 2296 verbum
379 2264 484 2294 tuum
497 2260 659 2304 speravi.

264 2335 344 2369 Duo
363 2333 498 2378 priores
511 2345 632 2366 versus
650 2338 732 2366 sunt
750 2332 983 2377 precationes:
1013 2328 1150 2363 Anima

167 2398 245 2420 mea
269 2383 449 2419 desiderio
474 2382 619 2417 auxilii
641 2382 698 2417 tui
720 2395 807 2430 pene
832 2381 999 2429 expirat,
1028 2382 1065 2415 id
1092 2388 1152 2422 est,

168 2439 269 2471 valde
286 2449 346 2470 oro
363 2443 402 2469 ut
420 2448 473 2468 me
490 2436 599 2470 iuves.

271 2487 413 2521 Tertius
431 2497 552 2520 versus
577 2486 718 2532 querela
743 2486 786 2518 de
809 2484 1070 2529 persecutione,
1095 2485 1155 2517 sed

169 2538 297 2572 Latina
313 2538 415 2571 lectio
434 2538 603 2571 mendosa
619 2543 686 2571 est:
712 2534 815 2570 Sicut
840 2540 918 2568 uter
943 2534 982 2567 in
1003 2534 1155 2581 pruina,

168 2589 356 2632 legendum
375 2594 441 2621 est:
476 2585 578 2634 Quia
595 2588 727 2637 sactus
744 2599 824 2620 sum
840 2586 932 2620 sicut
947 2591 1024 2619 uter
1039 2585 1077 2619 in
1093 2584 1159 2631 su-

172 2651 249 2678 mo,
277 2639 313 2672 id
338 2645 408 2679 est,
435 2640 605 2673 arefactus
630 2652 707 2674 sum
734 2639 823 2672 sicut
847 2638 968 2682 pellis,
997 2649 1058 2671 seu
1081 2645 1159 2672 uter

172 2700 359 2736 suspensus
383 2689 420 2722 in
442 2690 552 2724 fumo.
596 2690 667 2725 Nec
699 2690 897 2725 similitudo
922 2690 1071 2724 obscura
1097 2695 1160 2730 est,

721 103 848 142 PHIL,
874 100 992 139 MEL.
1018 98 1227 138 SCRIPTA
1253 94 1558 134 EXEGETICA.

2070 94 2168 130 1196

1175 194 1240 216 nec
1256 192 1310 215 res
1332 181 1472 224 ignota,
1499 176 1701 223 experimur
1726 177 1820 211 enirn
1839 189 1905 212 nos
1929 179 2078 215 assiduis
2103 182 2166 215 do-

1176 233 1314 267 loribus
1330 231 1468 265 arefieri
1486 237 1520 264 et
1538 229 1711 264 consumi.

1282 282 1439 326 Quartus
1465 292 1587 315 versus
1610 280 1765 325 precatio
1780 279 2016 322 defensionis,
2043 288 2083 316 ut
2105 283 2169 316 de-

1178 335 1345 369 fendatur
1364 339 1486 367 contra
1504 338 1755 377 persecutoreS.

1283 384 1440 428 Quintus
1457 387 1593 418 x'rersus:
1621 379 1812 416 Foderunt
1829 378 1926 415 mihi
1940 380 2089 430 superbi
2102 382 2171 430 fo-

1183 448 1284 475 aeas,
1312 436 1349 469 id
1366 443 1436 477 est,
1462 441 1604 469 struunt
1620 434 1766 468 insidias
1792 440 1825 467 et
1840 431 2076 478 sophismata,
2103 434 2171 468 sic·

1182 495 1224 522 ut
1247 499 1344 520 nunc
1367 484 1567 530 sophisticis
1597 484 1827 531 argumentis·
1846 492 1879 518 et
1903 484 2060 518 consiliis
2083 485 2172 519 falsa

1184 540 1347 582 dogmata
1366 544 1400 571 et
1418 538 1513 571 idola
1532 537 1783 572 defenduntur.

1288 588 1414 622 Sextus
1438 599 1558 621 versus
1584 586 1770 621 antithesis
1794 593 1860 621 est:
1904 586 1982 620 Tua
2009 586 2173 620 doctrina

1185 647 1235 674 est
1251 639 1399 677 veritas,
1428 651 1500 671 non
1519 645 1568 672 est
1591 636 1793 682 sophistica,
1827 650 1901 672 non
1921 638 2174 673 commentitia.

1185 691 1328 726 Caetera
1347 690 1506 723 membra
1524 696 1605 724 sunt
1624 689 1786 734 querelae
1803 690 1845 723 de
1862 689 2065 734 precatione
2083 694 2116 722 et
2131 689 2175 722 de

1159 742 1161 751 ‘
1186 740 1437 787 persecutione.

1593 819 1617 863 ²7
1641 824 1785 858 Lamed.

1238 897 1283 929 1η
1307 898 1505 928 aeternmn
1523 894 1702 936 Domine,
1730 890 1880 927 verbum
1904 897 2010 927 tuum
2027 902 2176 936 perma-

1240 949 1305 980 net
1324 947 1365 980 in
1379 945 1491 979 coelo.

1293 1021 1382 1055 Tres
1402 1020 1509 1066 primi
1528 1032 1646 1054 versus
1661 1027 1743 1054 sunt
1765 1019 1960 1054 consolatio
1984 1026 2018 1053 et
2042 1031 2179 1053 asseve-

1191 1073 1282 1107 ratio
1299 1073 1342 1106 de
1359 1073 1590 1117 perpetuitate
1608 1072 1707 1105 verbi
1718 1072 1788 1106 Dei
1806 1078 1838 1105 et
1855 1069 2044 1106 Ecclesiae.
2080 1070 2179 1114 Qua-

1192 1125 1235 1158 lis
1251 1125 1311 1157 illa
1322 1130 1373 1157 est
1386 1123 1611 1157 asseveratio:
1636 1122 1763 1158 Portae
1778 1123 1974 1156 inferorum
1987 1134 2061 1155 non
2077 1133 2182 1166 prae-

1193 1176 1362 1209 valebunt
1380 1176 1548 1208 adversus
1565 1186 1651 1208 eam.
1708 1172 1891 1207 Omnibus
1907 1173 2002 1207 enim
2021 1184 2181 1207 necessa-

1193 1228 1245 1261 ria
1264 1233 1314 1260 est
1330 1224 1414 1260 haee
1430 1225 1629 1260 communis
1647 1225 1854 1266 consolatio,
1878 1232 1918 1259 ut
1932 1224 2082 1258 sciamus
2099 1236 2181 1257 vere

1194 1278 1311 1321 colligi
1336 1284 1514 1311 aeternam
1540 1276 1754 1317 Ecclesiam,
1789 1282 1823 1309 et
1844 1273 2078 1319 Evangelium
2107 1287 2182 1308 non

1195 1341 1268 1364 esse
1282 1329 1423 1361 inanem
1442 1328 1610 1368 sonitum,
1636 1340 1700 1360 nec
1717 1327 1847 1361 frustra
1866 1339 1931 1360 nos
1946 1327 2098 1366 credere,
2121 1326 2183 1360 sed

1195 1392 1276 1414 vere
1292 1377 1572 1416 habiturosesse
1597 1385 1736 1412 aeterna
1762 1379 1875 1418 bona,
1898 1384 1932 1411 et
1954 1377 2073 1410 Deum
2097 1388 2184 1410 con-

1196 1437 1416 1465 servaturum
1433 1441 1504 1464 esse
1520 1427 1714 1463 Ecclesiam
1726 1453 1734 1467 ‚
1762 1428 1899 1467 etiamsi
1916 1427 2062 1472 imperia
2077 1440 2184 1461 mun-

1197 1483 1234 1515 di
1257 1481 1366 1515 variis
1390 1481 1506 1514 modis
1528 1480 1721 1514 turbantur
1742 1487 1775 1513 et
1797 1486 1916 1514 ruunt.
1971 1478 2053 1512 Non
2075 1478 2185 1525 igitur

1198 1533 1399 1566 deficiamus
1422 1543 1440 1564 a
1458 1529 1551 1571 Deo,
1579 1531 1662 1575 quia
1687 1530 1816 1564 scimus
1839 1536 1996 1563 nostram
2021 1529 2127 1562 fidem
2152 1536 2186 1564 et

1198 1595 1294 1628 spem
1312 1594 1384 1615 non
1399 1593 1471 1616 esse
1487 1581 1634 1614 irritam.

1301 1632 1459 1676 Quartus
1484 1643 1605 1666 versus
1631 1631 1829 1675 applicatio.
1844 1637 1893 1664 est
1918 1631 2186 1665 consolationis:

1201 1684 1368 1719 Sustento
1384 1695 1439 1716 me
1456 1680 1510 1717 his
1523 1683 1592 1716 tuis
1603 1682 1705 1716 dictis
1722 1689 1754 1715 et
1770 1682 2076 1726 promissionibus,
2096 1682 2186 1716 alio-

1201 1736 1263 1780 qui
1277 1735 1471 1774 interirem,
1499 1734 1560 1767 sed
1577 1733 1672 1776 erigo
1689 1745 1745 1766 me
1763 1745 1837 1767 non
1854 1733 1989 1774 deficio,
2016 1733 2098 1778 quia
2115 1734 2186 1768 scio

1202 1793 1234 1820 et
1250 1786 1448 1820 doctrinam
1466 1792 1561 1818 tuam
1580 1791 1614 1818 et
1626 1784 1820 1818 Ecclesiam
1842 1791 1875 1818 te
1898 1791 2187 1820 conservaturum

1203 1850 1293 1876 esse,
1323 1844 1356 1870 et
1373 1836 1624 1880 promissiones
1639 1835 1743 1869 nobis
1759 1842 1851 1869 ratas
1867 1842 1900 1869 et
1917 1836 2035 1870 firmas
2052 1847 2136 1872 esse.

1305 1888 1462 1931 Quintus
1480 1899 1601 1921 versus
1618 1894 1669 1920 est
1685 1887 1869 1922 confessio.

1306 1940 1430 1973 Sextus
1447 1938 1618 1981 precatio:
1646 1937 1746 1970 Tuus
1762 1949 1850 1977 sum,
1875 1937 2011 1970 salvum
2028 1949 2082 1970 me
2101 1938 2165 1973 fac.

1307 1989 1485 2033 Septimus
1504 1989 1644 2034 querela
1662 1989 1705 2021 de
1722 1987 1975 2031 persecutione.

1307 2039 1465 2075 Octavus
1480 2051 1600 2073 versus
1617 2038 1781 2083 repetitio
1806 2045 1856 2072 est
1880 2039 2135 2073 consolationis
2159 2047 2192 2074 et

1205 2091 1488 2127 asseverationis:
1522 2090 1666 2125 Caetera
1693 2096 1937 2134 praetereunt,
1965 2091 2024 2123 sed
2052 2097 2112 2124 tua
2136 2091 2192 2125 di-

1205 2151 1258 2178 cta
1276 2148 1420 2177 manent
1437 2148 1500 2177 etc.

1613 2242 1643 2271 Ε
1672 2234 1781 2270 Mem,

1258 2303 1440 2347 Quomodo
1458 2302 1575 2337 dilexi
1598 2303 1716 2349 leyem
1741 2307 1870 2346 ittam,
1899 2307 1979 2337 tota
1998 2303 2059 2338 die
2076 2303 2194 2339 medi-

1259 2359 1357 2391 tatio
1377 2367 1460 2390 mea
1478 2359 1545 2388 est.
1560 2366 1567 2372 ·

1311 2429 1448 2464 Omnes
1465 2440 1586 2462 versus
1609 2435 1691 2462 sunt
1707 2429 1898 2470 confessio,
1926 2437 1957 2464 et
1983 2430 2076 2474 quod
2102 2430 2196 2464 inse-

1208 2485 1254 2518 rit
1271 2482 1494 2516 collationem
1513 2492 1602 2525 quae
1619 2480 1760 2514 videtur
1775 2492 1899 2524 parum
1919 2482 2088 2521 modesta,
2117 2493 2196 2526 per·

1209 2536 1298 2570 tinet
1315 2534 1418 2566 etiam
1437 2533 1481 2565 ad
1508 2531 1783 2565 confessionem:
1813 2543 1893 2565 cum
1917 2531 2009 2564 enim
2032 2532 2196 2566 adversa-

1210 2587 1256 2620 rii
1273 2583 1487 2618 antecellant
1510 2582 1716 2622 autoritate,
1744 2582 1935 2626 sapientia,
1961 2582 2075 2626 specie
2094 2583 2197 2618 iusti-

1212 2638 1305 2677 ciae,
1332 2635 1434 2668 valde
1452 2633 1596 2668 difficile
1614 2640 1665 2666 est
1691 2645 1711 2666 a
1739 2633 1867 2666 talibus
1893 2632 1977 2666 viris
2000 2633 2197 2675 dissentire,

1213 2696 1245 2723 et
1277 2687 1402 2722 talium
1436 2684 1689 2730 praestantium
1720 2683 1924 2725 autoritate,
1963 2684 2133 2728 sapientia
2165 2692 2198 2719 et
