2379 2948
111 118 178 152 181
702 116 764 152 111.

113 203 159 235 ita
175 213 255 234 casu
280 209 458 247 utrunque
488 203 654 247 periisse,
683 202 757 234 sine
782 201 900 245 aliquo
920 199 986 233 Dei
1013 213 1098 234 con—
1122 203 1127 234 l

112 253 209 293 silio,
247 259 279 284 et
307 260 382 296 post
408 260 554 286 mortem
582 250 670 283 nihil
696 259 846 287 restare,
884 251 972 284 sicut
999 258 1097 284 ante-

110 315 215 347 quam
235 304 308 335 nati
327 310 445 343 erant,
472 301 562 334 nihil
585 303 728 334 fuerunt
746 300 897 333 Pericles
914 308 946 334 et
962 300 1097 336 Cicero.

112 352 236 386 luanes
259 353 364 395 igitur
385 360 415 386 et
434 353 531 396 ipsis,
560 358 592 384 et
609 351 696 388 aliis,
715 362 838 383 omnes
858 363 977 383 eorum
992 352 1098 384 fuisse
1123 374 1125 383 ,

110 404 372 443 contentiones,
404 403 551 446 perinde
582 409 620 435 ut
645 402 673 433 si
699 402 857 444 gramina
882 414 899 434 a
927 413 1095 435 curruum

108 453 194 487 rotis
214 459 452 487 conterantur.
504 451 600 484 Hinc
630 452 718 484 illud
744 452 875 484 dictum
902 459 951 485 est
972 451 1097 491 Sileni,

109 511 147 536 ut
172 504 292 536 scribit
312 501 533 536 Aristoteles:
563 500 756 545 Optimum
788 509 837 535 est
861 499 997 535 homini
1022 515 1095 536 non

109 555 221 593 nasci,
256 560 315 586 aut
341 564 445 596 quam
474 553 656 586 celerrime
689 552 836 587 aboleri.
902 551 945 586 Et
975 565 1097 586 versus

111 605 162 636 illi
183 603 364 646 Epicurei:
1123 623 1124 639 i

160 665 270 696 Omnia
287 672 354 693 suut
371 666 462 701 risus,
490 672 558 694 sunt
577 667 686 704 pulvis,
714 673 742 695 et
762 668 862 694 omnia
881 672 949 694 sunt
967 668 1020 695 nil.

207 715 321 745 Coecus
339 718 419 744 enim
442 723 470 744 et
491 727 628 755 praeceps
648 719 747 745 omnia
769 728 852 746 casus
871 719 941 755 agit.

210 779 284 813 Has
312 780 412 812 falsas
438 780 645 823 opinioneS‚
682 787 713 813 et
737 780 1010 814 contumeliosas
1034 782 1096 813 ad-

110 842 231 864 versus
250 829 385 870 Deum,
414 837 445 863 et
465 837 574 874 pestes
596 831 685 864 vitae
704 829 880 864 humanae
905 837 937 864 et
958 844 1095 864 morum

111 881 263 915 execrari
281 881 461 916 dehemus,
515 880 728 926 Quanquam
756 882 848 913 enim
877 883 1094 924 agnoscenda

110 940 143 966 et
166 932 383 976 deploranda
418 939 468 964 est
504 929 678 965 humanae
711 934 836 964 mentis
865 933 1097 974 imbecillitas,
1122 936 1123 974 ξ

110 994 200 1028 quae
216 989 380 1026 tanquam
409 982 495 1014 foris
517 982 686 1025 aspiciens
709 990 890 1022 naturam,
918 989 955 1015 ut
971 983 999 1015 si
1018 984 1096 1027 quis
1121 976 1123 1038 j

111 1033 195 1066 soris
213 1034 356 1065 domum
375 1033 529 1077 aliquam
556 1033 831 1076 contempletur,
860 1033 960 1065 valde
985 1034 1094 1067 multa
1121 1047 1123 1068 ἰ

112 1085 268 1126 ignorat,
304 1090 335 1116 et
361 1083 612 1126 pervestigare,
639 1095 676 1116 ac
701 1081 999 1127 comprehendere
1020 1096 1095 1116 om-
1121 1088 1123 1127 j

111 1134 169 1166 nia
191 1146 261 1166 non
288 1140 418 1177 potest,
447 1140 564 1167 tamen
590 1134 705 1178 aliqua
733 1134 917 1177 perspicit,
946 1141 977 1167 et
1001 1141 1093 1167 certo
1121 1133 1123 1171 Ι

111 1181 360 1228 comprehensa
376 1191 480 1218 tenet.
535 1184 622 1217 Vult
649 1184 741 1216 enim
760 1183 855 1217 Deus
872 1184 1007 1229 aliquas
1024 1196 1094 1217 esse
1121 1206 1123 1236 ἱ

112 1241 231 1273 certas,
259 1234 374 1266 firmas
403 1240 435 1266 et
465 1234 628 1267 immotas
647 1235 793 1267 noticias
813 1235 905 1267 vitae
923 1235 1095 1274 rectrices,
1121 1237 1123 1272 Ι

113 1284 202 1317 sicut
232 1291 263 1316 et
294 1283 422 1316 Paulus
454 1285 497 1316 ad
523 1283 627 1319 Rom.
652 1285 718 1328 ait,
752 1285 863 1318 Deum
884 1292 1096 1317 monstrasse
1121 1292 1123 1308 ³

114 1333 321 1367 hominibus
338 1331 428 1365 hanc
447 1334 633 1373 noticiam,
661 1336 755 1377 quod
774 1335 817 1367 sit
835 1333 931 1367 Deus
954 1342 1094 1368 aeterna
1120 1312 1123 1368 l

112 1395 230 1423 mens,
264 1381 522 1416 architectatrix
554 1390 586 1415 et
618 1383 794 1417 conditrix
831 1385 939 1416 totius
965 1385 1095 1427 opificii
1121 1398 1124 1437 ι

111 1434 248 1471 mundi,
277 1433 425 1477 sapiens,
452 1434 555 1474 bona,
584 1433 687 1474 iusta,
713 1441 802 1467 casta
815 1434 974 1476 flagitans
994 1435 1095 1474 iusta,
1121 1439 1123 1472 ξ

112 1492 144 1518 et
170 1484 320 1528 puniens
352 1483 497 1524 iniusta,
541 1491 769 1525 monstrasse,
792 1491 824 1518 et
850 1482 912 1517 has
938 1486 1096 1525 noticias,
1121 1486 1122 1521 i

112 1547 200 1581 quae
218 1535 421 1568 discernunt
443 1532 587 1568 honesta
605 1542 638 1568 et
662 1535 791 1578 turpia.
844 1533 920 1567 Hae
944 1536 1095 1568 noticiae

113 1586 395 1629 complectuntur
412 1586 495 1618 alias
512 1585 639 1618 multas
668 1583 847 1631 physicas,
877 1593 909 1619 et
928 1598 1095 1619 numero·
1121 1587 1122 1618 j

114 1648 192 1670 rum
212 1643 243 1669 et
264 1636 452 1678 figurarum
473 1637 630 1669 noticias.

214 1694 444 1739 Nequaquam
480 1694 585 1737 igitur
617 1695 790 1728 certitudo
824 1695 860 1727 in
891 1695 1094 1728 universum
1121 1712 1123 1733 s

118 1746 274 1779 tollenda
292 1751 357 1784 est,
385 1746 442 1778 sed
460 1746 718 1788 quaerendum,
748 1757 835 1789 quae
854 1745 1003 1778 noticiae
1025 1747 1094 1778 sint

113 1803 224 1829 certae
243 1803 274 1828 et
293 1795 422 1835 firmae,
451 1807 535 1840 quas
551 1796 621 1828 sint
643 1796 807 1837 incertae,
831 1808 891 1828 seu
908 1808 978 1828 non
998 1808 1095 1828 com-

114 1844 316 1891 prehensae.
370 1846 528 1879 Socrates
543 1846 649 1888 igitur
666 1846 898 1878 verecundius
916 1846 1012 1885 dixit,
1028 1844 1094 1878 ho-
1120 1861 1122 1879 r

114 1897 225 1930 mines
241 1902 301 1929 aut
318 1894 428 1935 nihil,
456 1903 514 1929 aut
528 1908 637 1940 pauca
654 1896 752 1936 scire,
777 1908 864 1941 quae
885 1904 1002 1929 tamen
1022 1897 1095 1939 ipsa

112 1947 304 1981 necessaria
337 1953 419 1980 sunt
453 1947 561 1985 vitae,
600 1954 632 1980 et
656 1947 732 1980 vult
755 1945 850 1979 Deus
882 1959 918 1979 ea
950 1946 1094 1990 inquiri,

112 1998 238 2042 aspici,
267 1998 498 2036 considerari,
527 2003 560 2030 et
577 1998 619 2030 ad
639 2009 739 2031 usum
756 1996 793 2029 in
812 1998 879 2030 vita
901 1997 1092 2031 transferri.
1120 2018 1121 2021 =

113 2047 408 2093 Obtemperemus
434 2048 542 2091 igitur
558 2054 591 2081 et
609 2048 785 2081 voluntati
803 2046 890 2086 Dei,
918 2055 950 2081 et
976 2048 1094 2080 ordini

115 2106 276 2139 naturae,
307 2099 341 2131 in
359 2111 425 2143 qua
443 2099 525 2132 ideo
552 2106 664 2132 certae
688 2099 824 2143 aliquae
842 2106 872 2132 et
893 2099 1010 2131 firmae
1030 2111 1093 2131 uo—

115 2150 215 2183 ticiae
231 2157 379 2191 restant,
406 2156 444 2183 ut
462 2149 698 2193 aspiciantur,
727 2157 759 2182 et
779 2157 938 2182 naturam
958 2150 1094 2182 intuea-

115 2212 194 2232 mur
208 2226 216 2239 ,
243 2207 275 2233 et
294 2211 500 2245 quaeramus
518 2212 635 2233 veram
655 2207 687 2233 et
704 2200 826 2232 utilem
845 2200 1051 2233 doctrinam.

217 2266 338 2311 Sitque
369 2265 453 2300 haec
485 2278 564 2300 vera
591 2267 748 2300 delinitio
777 2264 953 2313 physices,
989 2279 1093 2311 quam

115 2318 216 2351 initio
245 2317 422 2355 recensui,
455 2318 634 2351 videlicet:
664 2315 811 2362 Physica
843 2318 1000 2350 doctrina
1035 2324 1095 2358 est,

115 2381 203 2414 quae
229 2368 372 2405 seriem,
400 2368 601 2412 qualitates,
628 2375 661 2401 et
690 2375 804 2401 motus
831 2368 991 2402 omnium
1017 2380 1094 2401 cor-

118 2431 243 2464 porum
264 2426 296 2452 et
312 2418 504 2462 specierum
522 2418 559 2451 in
580 2425 724 2456 natura,
753 2425 786 2452 et
810 2430 929 2452 causas
952 2430 1095 2462 genera-

115 2471 252 2503 tionum
277 2475 307 2501 et
326 2467 610 2511 corruptionum,
639 2475 670 2501 et
696 2469 845 2503 aliorum
874 2477 1033 2503 motuum
1060 2469 1095 2501 in

118 2520 298 2553 elementis
315 2525 350 2552 ete
375 2519 452 2551 aliis
477 2519 702 2560 corporibus,
729 2532 817 2565 quae
841 2532 879 2553 ex
905 2520 1096 2553 elemento-

118 2583 194 2603 rum
216 2569 464 2603 commixtione
488 2568 670 2608 oriuntur,
691 2569 841 2614 inquirit
867 2577 900 2604 et
922 2571 1097 2615 patefacit,

116 2628 286 2666 quantum
304 2620 340 2652 in
357 2618 420 2653 hac
435 2618 583 2662 caligine
598 2616 771 2653 humanae
787 2621 915 2655 mentis
932 2621 1096 2654 concedi·
1121 2605 1125 2670 l

118 2678 186 2707 tur.
240 2670 292 2704 De
318 2671 528 2704 certitudine
555 2681 636 2702 vero
662 2676 695 2703 et
721 2670 762 2702 de
779 2671 948 2712 utilitate,
975 2678 1008 2706 et
1025 2684 1097 2705 me-

816 113 974 151 INlTIA
1000 112 1289 152 DOCTRINAE
1315 116 1568 157 PHYSICAE.

2069 124 2139 161 182

1154 198 1264 233 thoda
1296 213 1355 234 seu
1388 205 1512 237 ordine
1530 205 1718 247 doctrinae,
1747 213 1864 251 postea
1883 207 2006 241 dicam.
2034 208 2136 243 Prius

1123 295 1125 300 ᾗ
1154 251 1245 283 enim
1265 254 1462 285 monendus
1480 263 1527 288 est
1547 256 1689 298 Lector,
1724 258 1811 292 alios
1838 259 1875 291 in
1903 259 2133 303 inquisitione

1123 340 1124 343 Ἰ
1152 309 1299 334 naturae
1317 302 1434 345 plura,
1463 304 1548 336 alios
1569 308 1731 347 pauciora
1749 309 1949 353 complexos
1973 320 2057 342 esse.

1152 403 1252 443 Quae
1296 401 1469 437 doctrina
1502 406 1644 439 usitate
1679 414 1916 454 nuncupatur
1951 409 2133 456 Physica?

1251 477 1374 511 Fuisse
1413 479 1499 511 duas
1532 480 1630 523 quasi
1670 478 1805 514 stliolas
1834 481 2065 517 thsicorum
2096 485 2133 516 in

1152 527 1298 560 Graecia
1313 555 1321 568 ‚
1346 529 1569 562 manifestum
1591 536 1652 563 est.
1682 529 1811 563 Thalos
1829 523 1922 566 cniin
1939 541 1971 566 et
1991 534 2131 566 Anaxa-

1151 590 1252 621 goras
1284 579 1494 612 disserentes
1516 580 1559 611 de
1592 587 1717 613 natura
1745 593 1880 621 reruni,
1913 595 1984 615 non
2018 585 2132 617 solum

1122 655 1124 662 ,
1153 629 1368 674 propinquas
1392 641 1511 662 causas
1543 641 1560 662 a
1587 631 1753 671 materia,
1796 632 1958 665 videlicet
1987 634 2030 665 ab
2062 635 2132 667 ele-

1151 680 1277 712 mentis
1303 686 1334 712 et
1359 680 1476 713 mixtis
1501 681 1711 724 corporibus
1736 688 1829 715 ortas
1853 683 2131 724 considerabant,

1151 731 1208 762 sed
1228 730 1366 773 longius
1381 731 1552 774 progressi
1570 732 1612 764 ab
1634 729 1696 764 hac
1714 732 1870 766 instabili
1889 733 2046 773 materia,
2070 736 2132 766 ad-

1151 780 1341 813 iunxerunt
1360 781 1555 814 doctrinam
1576 783 1618 814 de
1642 783 1796 815 motibus
1813 790 1845 816 et
1865 783 2046 816 effectibus
2074 795 2130 816 ce-

1149 831 1311 871 lestibus,
1341 838 1374 864 et
1398 832 1627 865 ostenderunt
1651 834 1815 866 materiae
1840 834 1932 866 vices
1957 841 1990 866 et
2016 840 2131 867 muta-

1150 881 1281 921 tiones,
1307 882 1425 926 aliquo
1443 883 1549 915 modo
1573 883 1643 925 regi
1663 895 1679 916 a
1700 884 1883 917 celestibus
1899 884 2021 917 causis.
2049 883 2132 917 Fuit

1150 932 1242 964 enim
1274 933 1473 977 quaerenda
1506 940 1629 965 natura
1661 934 1780 978 aliqua
1819 934 1998 972 stabilior,
2043 946 2131 979 quae

1150 983 1248 1027 quasi
1273 990 1382 1015 metas
1400 983 1621 1017 circundaret
1644 985 1808 1017 materiae
1833 985 2014 1023 inferiori,
2043 996 2132 1030 quae

1149 1039 1335 1075 perpetuos
1362 1040 1395 1066 et
1425 1035 1519 1066 varie
1543 1041 1698 1067 errantes
1722 1035 1835 1068 fluxus
1860 1032 1983 1072 habet,
2011 1041 2043 1068 et
2070 1035 2131 1067 ad-

1150 1083 1248 1115 sidua
1269 1083 1478 1127 qualitatum
1504 1084 1716 1123 certamina,
1744 1086 1839 1118 unde
1866 1085 2018 1118 existunt
2045 1085 2131 1118 alte-

1150 1134 1304 1166 rationes
1320 1141 1352 1167 et
1369 1134 1579 1177 multiplices
1599 1135 1822 1168 confusiones
1847 1136 2025 1175 materiae,
2053 1147 2131 1168 cor-

1150 1184 1333 1227 ruptiones
1352 1191 1381 1216 et
1400 1184 1652 1226 generationes.

1251 1234 1344 1266 Hinc
1361 1234 1582 1267 instabilitati
1600 1236 1697 1279 quasi
1715 1236 1789 1268 sine
1807 1236 1875 1267 fine
1893 1236 2009 1268 ruenti
2022 1242 2131 1269 metas

1150 1290 1330 1328 utcunque
1356 1284 1654 1318 circundederunt
1674 1286 1814 1319 celestes
1840 1297 1970 1320 causas,
2025 1285 2131 1328 Quod

1148 1341 1187 1367 ut
1210 1334 1381 1374 facerent,
1416 1335 1652 1368 movebantur
1681 1336 1870 1379 multiplici
1906 1336 2131 1379 experientia.

1151 1382 1221 1416 Aer
1239 1391 1271 1417 et
1289 1392 1399 1416 cetera
1416 1395 1561 1425 corpora
1580 1386 1742 1418 calefiunt
1767 1392 1893 1418 aestate
1906 1412 1915 1425 ,
1942 1397 2021 1418 cum
2038 1385 2131 1419 Solis

1149 1433 1239 1465 radii
1276 1434 1404 1467 rectius
1430 1434 1561 1467 feriunt
1593 1443 1729 1468 nostras
1763 1435 1935 1478 regiones.
1997 1434 2131 1480 Hyeme

1149 1483 1313 1526 frigidior
1338 1491 1387 1517 est
1416 1492 1494 1522 aer,
1530 1485 1729 1518 discedente
1755 1485 1847 1519 Sole.
1906 1484 1954 1519 Et
1975 1497 2132 1528 magnos,

1150 1535 1337 1567 diuturnos
1361 1542 1394 1568 et
1420 1536 1635 1578 perniciosos
1658 1544 1771 1568 aestus
1806 1536 2132 1570 animadvertebant

1149 1585 1320 1623 extitisse,
1358 1586 1493 1630 quoties
1523 1586 1559 1618 in
1584 1586 1682 1619 siccis
1714 1587 1842 1629 signis,
1880 1586 1979 1619 utin
2002 1586 2132 1626 Leone,

1149 1642 1209 1668 aut
1226 1635 1366 1675 Ariete,
1393 1648 1596 1678 congressae
1621 1644 1700 1671 sunt
1719 1639 1827 1670 siccae
1842 1637 1981 1677 stellae,
2008 1636 2132 1671 Satur-

1150 1697 1215 1718 nus
1231 1693 1264 1719 et
1282 1686 1391 1719 Mars.

1251 1743 1404 1778 Econtra
1423 1742 1649 1778 humiditates
1665 1753 1781 1778 auctas
1797 1758 1879 1785 esse,
1898 1746 2011 1787 largos
2024 1745 2131 1778 fuisse

1150 1794 1296 1834 imbres,
1331 1796 1583 1827 exundationes
1606 1807 1766 1838 magnas,
1803 1802 1835 1828 et
1863 1796 2014 1835 diluvia,
2052 1807 2129 1828 cum

1150 1845 1186 1876 in
1211 1845 1319 1886 signis
1337 1843 1510 1884 humidis,
1535 1845 1668 1879 Cancro
1688 1854 1744 1878 aut
1758 1846 1928 1883 Piscibus,
1956 1844 2131 1888 congressi

1148 1903 1231 1928 sunt
1256 1896 1450 1933 SaturnuS,
1477 1894 1635 1939 luppiter
1662 1903 1693 1929 ot
1724 1895 1862 1935 Venus,
1902 1903 1937 1929 ut
1967 1895 2132 1928 memini-

1149 1957 1225 1978 mus
1249 1947 1332 1978 anni
1358 1944 1463 1979 1524.
1496 1946 1782 1979 coniunctionem
1815 1946 1949 1979 auxisse
1976 1943 2132 1978 humidi-

1148 2002 1247 2030 tates.
1294 1995 1340 2030 Et
1366 1996 1511 2040 eclipsin
1528 1995 1670 2029 Solisin
1689 1996 1825 2037 Ariete,
1854 2004 1886 2030 et
1911 1996 2132 2029 coniunctio-

1149 2058 1229 2079 nem
1257 2049 1280 2088 ῒ)
1304 2053 1336 2080 et
1362 2047 1400 2086 c?
1424 2047 1463 2079 in
1494 2046 1600 2079 Libra
1638 2059 1756 2080 mense
1791 2046 1893 2080 Iunio
1919 2048 2075 2090 ingentes
2099 2052 2132 2079 et

1149 2097 1333 2131 inusitatos
1351 2104 1466 2131 aestus
1494 2097 1650 2130 attulisse
1676 2110 1768 2131 anno
1788 2097 1838 2130 M.
1849 2097 1891 2132 D.
1904 2097 1975 2130 XL.

1250 2156 1391 2190 Similes
1413 2162 1525 2189 aestus
1542 2156 1683 2189 fuerunt
1704 2169 1795 2189 anno
1809 2156 1857 2189 M.
1869 2154 2034 2189 D.XVII.
2053 2166 2131 2187 cum

1148 2208 1413 2252 praecessissent
1430 2207 1518 2239 duae
1536 2207 1678 2250 eclipses
1692 2207 1821 2246 Lunae,
1845 2207 1951 2239 altera
1968 2206 2002 2237 in
2015 2207 2132 2249 Aqua-

1150 2259 1219 2298 rio,
1254 2264 1286 2291 et
1313 2256 1405 2290 Iovis
1433 2264 1465 2290 et
1499 2256 1640 2295 Martis,
1676 2264 1707 2290 et
1730 2257 1822 2291 Solis
1852 2256 2054 2288 coniunctio
2094 2255 2130 2287 in

1148 2308 1276 2342 Leone.
1314 2306 1357 2341 Et
1382 2308 1536 2341 arbitror
1553 2308 1819 2340 vetustissimam
1839 2304 1928 2339 banc
1953 2306 2059 2338 fuisse
2075 2317 2129 2338 sa-

1149 2359 1336 2403 pientiam,
1362 2359 1515 2401 insignes
1534 2358 1696 2390 materiae
1715 2357 1892 2389 inferioris
1915 2356 2130 2390 mutationes

1149 2410 1295 2452 multas,
1333 2410 1461 2442 referre
1489 2410 1532 2441 ad
1560 2408 1714 2440 siderum
1745 2408 1899 2450 positus,
1940 2418 2008 2451 qua
2031 2406 2068 2438 in
2094 2417 2130 2438 re

1150 2460 1210 2493 alii
1225 2461 1344 2504 plura,
1371 2460 1431 2492 alii
1450 2458 1614 2503 pauciora
1633 2459 1775 2490 scrutati
1795 2464 1887 2491 sunt.

1252 2518 1325 2552 Alii
1349 2524 1463 2551 autem
1485 2517 1627 2548 fuerunt
1651 2512 1811 2560 physici,
1836 2522 1875 2549 ut
1898 2513 2130 2558 Empedocles

1151 2568 1425 2606 etDemocritus‚
1453 2566 1507 2598 vel
1523 2563 1577 2598 his
1597 2566 1761 2599 omnibus
1779 2567 1881 2609 longe
1899 2566 2130 2610 praestantior

1149 2619 1400 2664 Hippocrates,
1435 2616 1495 2661 qui
1528 2616 1658 2649 relictis
1685 2617 1797 2650 causis
1828 2617 2013 2650 celestibus
2040 2616 2130 2647 infe-

1150 2670 1280 2703 riorem
1299 2667 1480 2702 materiam
1498 2672 1532 2700 et
1548 2667 1622 2700 eius
1641 2668 1826 2711 qualitates
1842 2673 2067 2712 aspexerunt,
2095 2671 2129 2698 et

1631 2718 1717 2751 12*
