2379 2948
155 75 230 115 745
778 76 820 112 V.

410 165 582 199 Fallacia
609 167 881 211 consequentis.

251 230 424 266 Doctrina
446 233 612 266 universa
635 233 678 266 de
699 232 1004 276 argumentatione
1026 237 1060 264 et
1078 230 1142 264 do·
1168 267 1169 271 Ἰ

151 282 264 317 ctrina
289 282 450 317 locorum
478 290 529 317 est
553 283 714 317 doctrina
737 284 781 316 de
806 283 899 316 bona
918 293 1141 326 consequen-
1166 300 1167 309 κ

148 334 217 375 tia,
240 345 305 367 nec
327 334 488 368 definitio
514 334 588 368 eius
607 334 748 377 planior
763 333 856 368 tradi
874 339 1006 376 potest,
1033 343 1139 377 quam

148 396 229 418 cum
253 396 343 429 pene
366 385 567 419 universam
583 383 800 418 Dialecticen
825 384 1023 424 intuentes,
1051 383 1139 416 dici-

147 447 227 469 mus
268 437 399 469 bonam
441 434 726 480 consequentiam
767 446 840 468 esse
881 435 1136 468 connexionem

147 487 389 520 membrorum
412 485 610 529 argumenti
635 497 709 518 non
732 485 992 530 discrepantem
1010 487 1054 519 ab
1071 485 1138 518 ali—

147 550 216 582 qua
236 538 357 581 regula
380 548 483 581 supra
508 536 649 571 tradita.
718 535 874 570 Econtra
897 537 990 570 mala
1013 548 1137 571 conse—

146 589 291 634 quentia
314 595 381 627 est,
405 599 485 620 cum
502 587 677 631 discrepat
694 588 867 622 connexio
883 589 928 622 ab
945 588 1063 633 aliqua
1081 600 1135 620 rc-

145 640 226 683 gula
258 650 361 683 supra
385 637 526 672 tradita.
593 636 671 672 Etsi
695 645 811 672 autem
836 652 916 673 cum
941 639 1069 673 vitium
1095 650 1135 671 ex

145 690 251 724 rebus
274 689 406 730 oritur,
433 689 537 722 etiam
561 689 700 723 turbari
719 690 977 724 connexionem
995 701 1135 724 necesse

143 747 212 780 est,
253 747 369 773 tamen
397 752 498 784 saepe
531 739 656 774 vitiosa
686 747 736 774 est
767 742 958 782 connexio,
1002 742 1065 776 ubi
1097 741 1133 773 in

143 791 311 824 membris
327 803 390 834 per
406 803 441 824 se
457 791 689 826 consideratis
705 804 778 825 non
797 799 847 825 est
861 792 1006 828 falsitas.
1061 791 1133 825 Ta—

142 842 192 876 les
212 842 450 875 connexiones
474 854 578 886 supra
598 843 753 876 breviter
770 843 924 877 diximus
940 841 1135 888 reprehen-

141 892 239 926 sione
262 893 536 938 consequentiae
552 894 710 930 refutari.
763 892 842 927 Hoc
859 905 968 938 genus
985 895 1135 928 collocat

139 941 349 977 Aristoteles
373 944 410 977 in
433 942 524 977 hanc
546 944 710 986 classem,
737 945 795 978 cui
814 945 959 979 titulum
973 946 1055 980 fecit
1069 945 1135 979 fal—

138 994 266 1028 laciam
288 995 554 1041 consequentis,
586 1003 626 1030 ut
650 1008 729 1030 cum
754 1008 793 1029 ex
818 997 918 1040 puris
940 997 1132 1041 particula-

138 1045 258 1085 ribus,
321 1054 382 1080 aut
430 1059 470 1080 ex
514 1047 614 1091 puris
652 1046 826 1091 negativis
860 1048 985 1081 falsam
1023 1047 1134 1081 ratio-

138 1096 316 1140 cinamur,
350 1104 410 1132 aut
441 1098 528 1131 alias
556 1099 696 1142 regulas
721 1110 825 1143 supra
850 1098 998 1132 traditas
1021 1098 1134 1132 viola-

137 1159 234 1190 mus,
262 1156 317 1183 ut:

294 1198 425 1234 Omnis
444 1201 542 1235 stella
562 1201 666 1243 lucet,

292 1252 438 1286 Cometa
458 1253 561 1294 lucet,

291 1301 386 1346 Ergo
404 1311 538 1336 cometa
555 1310 604 1337 est
620 1304 730 1337 stella.

177 1392 193 1401 „
240 1359 309 1393 Hic
335 1362 543 1404 respondes:
580 1360 676 1404 Nego
700 1364 1012 1407 consequentiam,
1049 1364 1132 1409 quia

136 1412 174 1445 in
204 1412 357 1445 secunda
388 1411 498 1455 figura
529 1423 569 1444 ex
593 1412 692 1455 puris
715 1413 936 1446 affirmativis
961 1412 1054 1446 nihil
1078 1425 1133 1446 se-

135 1463 268 1509 quitur.
321 1461 428 1495 Tales
452 1462 597 1496 vitiosas
619 1463 859 1496 connexiones
884 1465 927 1497 ad
950 1461 1042 1498 hanc
1064 1465 1130 1497 sal-

135 1514 261 1547 laciam
295 1513 463 1547 referunt.
526 1513 566 1548 Si
595 1514 674 1558 quis
707 1514 818 1556 igitur
841 1514 944 1559 plura
971 1515 1131 1560 exempla

135 1565 219 1598 addi
248 1563 363 1604 volet,
397 1570 511 1598 sumat
545 1576 586 1597 ex
618 1565 750 1607 regulis
783 1578 887 1610 supra
914 1566 1069 1600 recitatis
1093 1567 1130 1599 in

134 1615 256 1659 figuris
281 1615 582 1660 syllogismorum.
643 1614 713 1648 Hic
738 1624 770 1649 et
795 1616 952 1659 regulam
978 1617 1014 1650 in
1044 1618 1130 1651 locis

133 1666 302 1701 traditam
329 1666 531 1702 recensebo.
585 1664 638 1699 Ex
666 1666 776 1709 signis
806 1679 880 1700 non
911 1668 1065 1712 propriis
1097 1675 1130 1702 et

133 1730 208 1751 non
230 1716 410 1762 perpetuis
433 1728 506 1750 non
532 1717 675 1751 ducitur
699 1717 841 1750 firmum
868 1726 1130 1761 argumentum,

132 1775 190 1803 ut:

286 1818 413 1860 Pallet,

287 1869 402 1914 Igitur
417 1876 468 1904 est
483 1870 673 1904 studiosus.

235 1928 345 1969 Item,
372 1941 391 1963 a
414 1929 578 1974 possibili
600 1930 644 1962 ad
668 1929 781 1962 inesse
806 1942 878 1963 non
897 1930 987 1964 valet
1006 1942 1128 1965 conse-

134 1980 297 2026 quentia,
324 1987 380 2015 ut:

286 2031 461 2066 Possibile
478 2038 529 2066 est
544 2030 755 2076 Pompeium
774 2031 927 2074 vincere,

288 2080 385 2126 Ergo
402 2082 594 2127 Pompeius
611 2083 742 2118 vincet.

184 2140 253 2175 Hic
270 2140 429 2176 Stoicum
446 2150 695 2187 argumentum
714 2144 887 2178 recitabo:

288 2191 429 2227 Bonum
446 2201 514 2235 est,
540 2207 558 2228 a
575 2207 646 2240 quo
663 2195 818 2228 dicimur
833 2195 934 2237 boni,

287 2240 320 2277 A
337 2245 485 2288 pecunia
502 2257 575 2278 non
592 2246 747 2280 dicimur
764 2247 865 2288 boni,

288 2292 384 2338 Ergo
401 2296 550 2339 pecunia
568 2309 641 2331 non
659 2304 710 2332 est
728 2298 875 2332 bonum.

236 2354 337 2397 Nego
361 2356 668 2399 consequentiam,
695 2357 778 2403 quia
804 2357 842 2390 in
865 2357 1064 2401 coniugatis
1081 2358 1128 2391 ita

133 2406 226 2440 valet
249 2406 521 2451 consequentia,
555 2406 584 2439 si
605 2419 680 2441 non
705 2409 749 2442 sit
773 2408 996 2453 ambiguitas.
1064 2407 1129 2443 Est

133 2463 250 2491 autem
283 2457 496 2500 ambiguitas
528 2456 566 2489 in
597 2459 789 2500 vocabulo,
832 2460 988 2501 bonum,
1031 2461 1127 2506 quod

132 2507 220 2542 alias
244 2508 457 2551 intelligitur
482 2509 525 2542 de
549 2508 645 2542 bono
668 2511 815 2555 morali,
850 2512 937 2545 alias
961 2512 1004 2545 de
1030 2512 1127 2545 bono

133 2560 299 2594 naturali.
354 2558 512 2594 Tantum
536 2559 685 2594 virtutes
709 2561 877 2596 dicuntur
898 2563 993 2597 bona
1010 2575 1128 2597 mora-

132 2609 194 2646 lia.
247 2610 316 2645 Sed
333 2623 479 2653 aumm,
507 2619 709 2654 argentum,
734 2612 821 2655 agri,
847 2613 1017 2648 dicuntur
1032 2614 1128 2648 bona

134 2661 319 2696 naturalia.

862 74 1206 124 ωΕΡιΟΤΕΜΑΤΑ
1239 73 1584 111 DIALECTICEs,·

372 2661 445 2697 Nec
468 2674 487 2696 a
511 2663 607 2697 bono
631 2663 786 2697 naturali
810 2664 987 2709 quispiam
1011 2665 1128 2701 bonus
1151 2690 1154 2698 .

2109 69 2183 106 746

1196 162 1326 196 dicitur
1343 163 1470 196 usitato
1488 175 1586 196 more
1602 161 1791 207 loquendi,
1819 161 1878 194 sed
1898 166 2034 194 tantum
2052 171 2070 192 a
2087 159 2183 192 bono

1168 214 1169 220 ¹
1193 214 1340 252 morali,
1375 221 1407 247 et
1433 214 1575 259 quidem
1599 226 1672 247 non
1695 213 1739 246 ab
1760 212 1866 245 unica
1890 212 2042 249 virtute,
2079 211 2137 242 sed
2162 221 2181 242 a

1166 264 1420 308 ycopulatione
1450 264 1643 307 virtutum,
1685 263 1849 297 videlicet
1876 275 1894 295 a
1927 260 2065 294 iusticia
2098 260 2179 292 uni-

1191 315 1328 349 versali.
1381 313 1505 348 Bonus
1520 321 1570 348 est
1585 312 1720 348 habens
1736 314 1912 347 iusticiam
1930 310 2180 346 universalem.

1164 375 1165 378 ’
1189 365 1270 400 Non
1289 365 1398 409 igitur
1416 366 1509 398 valet
1525 364 1684 398 Stoicum
1703 371 1947 407 argumentum
1965 363 2002 395 in
2018 359 2076 395 his
2093 373 2179 394 con-

1162 416 1336 461 Jiugatis,
1371 429 1451 449 cum
1483 416 1526 449 sit
1556 416 1777 459 ambiguitas.
1838 414 1908 447 Nec
1940 414 2031 446 valet
2056 422 2178 446 conse-

1160 497 1163 516 <¹
1188 468 1349 512 quentia:
1382 466 1483 500 Bona
1511 466 1676 500 valetudo
1700 478 1774 498 non
1797 472 1846 498 est
1872 466 2005 498 bonum
2032 462 2179 500 morale,

1160 519 1163 570 ᾖ
1186 517 1282 563 Ergo
1307 530 1371 552 nec
1395 525 1443 552 est
1460 519 1596 552 bonum
1616 516 1793 556 naturale,
1822 516 1904 559 quia
1922 516 2056 548 bonum
2074 520 2178 547 natu—

1159 572 1163 600 Ξ
1186 570 1259 604 rale
1276 569 1499 604 communius
1516 575 1577 602 est.

1605 662 1757 697 Aliud.

1157 732 1160 768 1
1339 723 1530 769 Cambyses
1555 723 1645 757 iuste
1669 722 1751 756 fecit
1774 721 1927 754 detracta
1948 718 2038 763 pelle
2053 717 2177 762 iniquo

1390 775 1512 816 iudici,

1338 824 1434 870 Ergo
1451 825 1642 871 Cambyses
1659 832 1710 859 est
1726 824 1850 858 iustus.

1287 885 1386 928 Nego
1411 884 1720 930 consequentiam,
1755 889 1789 917 et
1810 881 1901 915 ratio
1927 887 1996 919 est,
2032 877 2114 923 quia
2140 877 2176 910 in

1184 937 1382 980 coniugatis
1414 937 1506 971 valet
1536 933 1807 980 consequentia,
1841 932 1870 965 si
1895 943 1968 964 non
1993 929 2037 963 sit
2062 928 2177 961 ambi-

1184 988 1308 1032 guitas.
1352 985 1402 1022 At
1432 985 1491 1021 hic
1521 986 1730 1021 adverbium
1760 985 1857 1018 Iuste
1881 982 2012 1016 dicitur
2036 980 2080 1012 de
2105 991 2177 1012 una

1184 1039 1344 1081 actione,
1373 1038 1490 1073 Iustus
1511 1050 1596 1072 vero
1621 1036 1794 1081 significat
1812 1032 1986 1068 habitum.
2035 1029 2107 1064 Nec
2123 1041 2177 1062 se-

1184 1091 1326 1135 quitur,
1366 1090 1480 1135 posita
1511 1101 1583 1123 una
1613 1095 1718 1134 atque
1749 1087 1857 1120 altera
1891 1084 2049 1121 actione,
2091 1080 2178 1126 poni

1184 1139 1359 1176 habitum.

1158 873 1160 890 λ

1286 1198 1452 1246 Denique
1478 1199 1517 1233 in
1541 1197 1634 1233 hanc
1655 1199 1800 1233 classem
1824 1193 1990 1230 collocari
2011 1196 2179 1248 poterunt

1184 1251 1306 1286 omnia
1338 1247 1604 1294 ἀνακόλουθα,
1641 1262 1731 1296 quae
1761 1253 1935 1281 vocantur
1963 1252 1997 1277 et
2021 1240 2179 1277 ἀσυλλο-

1182 1314 1313 1351 γιστα,
1341 1303 1378 1336 id
1402 1309 1470 1343 est,
1498 1313 1578 1335 cum
1601 1301 1761 1334 membra
1784 1310 1859 1332 non
1876 1294 2086 1334 cohaerent,
2113 1304 2178 1325 nec

1182 1354 1257 1388 ulla
1279 1354 1371 1387 ratio
1396 1360 1465 1393 est,
1493 1364 1557 1385 cur
1578 1350 1760 1384 conclusio
1782 1345 2076 1394 praecedentibus
2094 1354 2176 1387 pro-

1183 1404 1423 1449 positionibus
1440 1408 1633 1443 attexatur,
1659 1408 1714 1436 ut:

1338 1453 1469 1497 Figura
1487 1453 1576 1486 coeli
1594 1460 1644 1487 est
1660 1450 1853 1497 sphaerica,

1338 1504 1451 1549 Igitur
1467 1503 1617 1538 Croesus
1635 1511 1685 1538 est
1701 1504 1811 1538 dives.

1283 1565 1374 1600 Nam
1401 1565 1439 1598 in
1466 1565 1710 1598 confirmando
1736 1568 1877 1607 oportet
1899 1561 1938 1594 in
1963 1558 2178 1605 propositio-

1183 1618 1292 1651 nibus
1317 1617 1473 1662 aliquam
1500 1627 1573 1649 esse
1592 1614 1858 1658 cognationem,
1885 1611 2051 1645 videlicet
2067 1609 2177 1643 ratio-

1183 1680 1282 1709 nem,
1309 1674 1453 1712 propter
1468 1678 1573 1712 quam
1590 1665 1771 1699 conclusio
1788 1663 1959 1709 sequitur,
1983 1669 2023 1695 ut
2039 1673 2080 1695 ex
2094 1672 2177 1694 cau·

1183 1719 1230 1752 sis
1252 1725 1494 1752 monstramus
1517 1717 1678 1758 effectus,
1706 1728 1746 1749 ex
1766 1714 1876 1758 signis
1895 1713 2108 1757 significata,
2135 1722 2176 1743 ex

1183 1769 1457 1804 definitionibus
1483 1768 1644 1809 definita,
1673 1774 1706 1801 et
1727 1773 1889 1804 econtra,
1917 1771 1957 1798 ut
1979 1762 2049 1796 luci
2065 1761 2176 1795 diale-

1183 1820 1265 1855 ctici
1288 1822 1434 1860 docent,
1460 1831 1551 1864 quae
1578 1817 1824 1853 conclusiones
1847 1827 1887 1849 ex
1909 1815 2041 1861 quibus
2064 1819 2175 1846 mate-

1183 1872 1246 1905 riis
1270 1878 1364 1905 recte
1387 1877 1593 1916 sequantur.
1646 1869 1759 1913 Saepe
1783 1873 1901 1901 autem
1924 1863 2177 1900 controversiis

1183 1935 1301 1956 rerum
1322 1921 1554 1955 maximarum
1570 1916 1825 1968 ἀσυλλόγιστα
1840 1917 2036 1951 miscentur
2048 1943 2057 1957 ,
2085 1925 2177 1961 quae

1182 1981 1266 2008 sunt
1280 1973 1396 2008 aliena
1412 1985 1431 2006 a
1448 1972 1637 2017 principali
1654 1970 1900 2010 conclusione,
1927 1974 1982 2002 ut:

1336 2022 1421 2057 Non
1438 2024 1630 2057 concordat
1643 2021 1857 2056 Psalterium
1873 2032 1954 2055 cum
1969 2016 2115 2059 cithara,

1338 2074 1452 2118 Igitur
1480 2086 1554 2108 non
1583 2074 1797 2108 concedatur
1824 2072 2030 2117 coniugium
2064 2081 2177 2104 sacer-

1389 2125 1545 2160 dotibus.

1285 2185 1392 2220 Tales
1425 2185 1681 2226 connexiones,
1715 2185 1753 2218 in
1777 2183 1908 2229 quibus
1929 2181 2072 2216 nullum
2093 2181 2175 2214 vin-

1181 2238 1301 2272 culum
1331 2243 1399 2277 est,
1434 2237 1531 2282 quod
1561 2237 1718 2270 membra
1751 2235 1960 2276 coniungat,
1994 2244 2067 2266 non
2092 2239 2175 2266 sunt

1181 2289 1485 2329 confirmationes,
1520 2289 1580 2321 sed
1603 2287 1719 2332 potius
1743 2297 1868 2330 scopae
1892 2282 2101 2322 dissolutae,
2135 2295 2175 2317 ac

1180 2340 1394 2374 reiiciendae
1419 2346 1518 2380 sunt,
1544 2339 1639 2385 quod
1656 2338 1694 2371 fit
1711 2336 1989 2381 expeditissime,
2017 2346 2098 2369 cum
2115 2334 2173 2367 di—

1181 2391 1229 2426 cis
1254 2403 1328 2425 esse
1354 2390 1532 2424 fallaciam
1557 2388 1826 2433 consequentis,
1852 2386 1909 2419 vel
1925 2386 2069 2420 brevius
2085 2384 2175 2419 dicis

1180 2455 1252 2478 esse
1269 2441 1535 2479 ἀνακόλουθον
1555 2452 1615 2474 seu
1633 2435 1914 2487 ἀσυλλόγιστον.

1309 2544 1529 2582 secundum
1553 2543 1684 2588 plures
1711 2543 2045 2589 interroyationes.

1152 2596 1156 2662 Ι
1282 2613 1393 2658 Saepe
1412 2613 1557 2653 accidit,
1585 2618 1624 2646 ut
1644 2611 1682 2645 in
1699 2623 1771 2645 uno
1787 2610 1934 2654 negocio
1952 2610 2063 2647 insint
2082 2612 2175 2645 mul-

1180 2671 1234 2700 tae
1265 2672 1402 2710 partes,
1436 2664 1525 2699 aliae
1555 2663 1634 2698 aliis
1666 2662 1949 2708 plausibiliores,
1985 2669 2046 2696 aut
2071 2662 2176 2697 etiam
