2379 2948
134 106 209 143 637

268 190 336 230 De
366 188 649 244 Syllogismis
679 189 977 243 hypotheticis.

297 273 394 316 Quid
409 278 465 309 est
477 274 683 320 propositio
699 270 968 318 hypothetica?

237 330 302 367 Est
317 333 531 378 propositio,
558 332 595 364 in
620 343 688 376 qua
712 332 802 364 duae
828 331 1040 374 categoricae
1062 343 1123 375 per

134 383 290 429 aliquam
322 383 629 423 coniunctionem,
671 388 709 415 ut
743 380 975 416 Grammatici
1005 383 1122 415 nomi-

134 441 240 476 nant,
274 446 431 469 connexa
454 440 555 474 sunt,
589 439 643 466 ut:
679 432 717 467 Si
742 443 853 474 emes,
880 433 945 467 erit
962 434 1121 467 dandum

134 497 305 529 preclum.

429 563 523 602 Quot
548 564 636 595 sunt
661 559 829 605 species?

238 620 341 654 Tres:
382 618 660 660 conditionalis,
703 618 935 664 Copulativa,
975 619 1121 654 Disiun-

135 672 239 708 ctiva.

133 721 303 767 particula
318 720 377 762 Si,
405 733 494 767 quae
513 722 686 764 significat
707 722 985 766 propositionem
1012 730 1120 756 totam

133 771 223 806 nihil
254 783 470 813 asseverare,
507 772 576 805 nisi
612 773 726 817 posita
762 785 884 814 causa,
922 773 976 805 vel
1004 775 1121 815 modo,

132 835 235 869 quem
261 823 437 867 particula
464 823 504 858 Si
528 824 707 867 designat,
742 830 797 858 ut:
827 823 866 858 Si
892 821 1031 857 Pharao
1056 825 1120 858 ob—

133 874 343 919 temperabit
359 873 496 920 Moysi,
524 886 598 908 non
622 874 764 919 peribit.

191 968 267 1002 Dic
290 968 463 1015 regulam
487 966 533 1002 de
551 970 714 1002 veritate
731 966 1057 1003 conditionalium.

232 1024 497 1060 Conditionalis
532 1024 627 1059 nihil
662 1034 857 1069 asseverat,
899 1027 967 1060 nisi
1008 1027 1120 1071 posita

131 1088 234 1111 causa
252 1078 308 1110 vel
326 1078 432 1111 modo
451 1078 490 1110 in
506 1078 750 1118 antecedente,
777 1085 831 1111 ut:
867 1078 905 1112 Si
922 1078 1040 1111 asinus
1059 1091 1121 1111 vo-

130 1128 199 1169 lat,
227 1126 335 1162 habet
351 1140 506 1172 pennas,
533 1126 620 1161 haec
639 1126 731 1161 nihil
755 1130 895 1173 statuit,
925 1130 985 1162 sed
1013 1141 1120 1174 quae-

131 1179 315 1213 renda·est
337 1179 482 1212 alterius
506 1179 616 1223 partis
640 1179 787 1221 veritas,
815 1192 904 1225 quae
926 1180 1120 1224 explicatur

131 1230 169 1262 in
187 1229 324 1274 integro
342 1230 558 1276 syllogismo.

166 1321 351 1364 Quomodo
378 1320 478 1369 fiant
503 1323 710 1368 syllogismi
737 1321 1076 1357 conditionalium?

231 1389 309 1423 Hoc
327 1389 452 1429 modo,
477 1387 585 1422 Initio
604 1389 750 1433 ponitur
767 1396 837 1423 tota
856 1390 1120 1431 conditionalis,

130 1440 259 1474 deinde
289 1440 368 1474 loco
398 1439 549 1473 minoris
574 1440 683 1474 altera
707 1452 788 1485 pars
814 1441 987 1482 sumitur,
1023 1442 1119 1475 unde

129 1491 386 1525 ratiocinamur
401 1490 440 1524 in
461 1491 690 1525 conclusione
714 1491 873 1527 alteram.
926 1491 977 1525 Ita
1003 1492 1041 1525 fit
1063 1504 1119 1526 as-

130 1542 301 1577 severatio
320 1542 465 1576 collecto
484 1541 621 1586 integro
642 1542 857 1588 syllogismo.
889 1540 1118 1588 Exemplum:

283 1592 323 1627 Si
339 1592 443 1634 emit,
471 1593 574 1628 debet
590 1593 760 1638 precium,

281 1642 353 1677 Sed
371 1643 478 1684 emit,

282 1691 378 1738 Ergo
394 1694 499 1727 debet
522 1693 690 1738 precium.

231 1753 387 1797 Regulae
404 1753 610 1787 traduntur:
631 1752 733 1786 Valet
751 1754 1002 1799 consequentia
1021 1754 1117 1789 affir-

130 1805 260 1840 mative
291 1817 310 1838 a
345 1805 521 1849 positione
557 1805 797 1838 antecedentis
829 1806 873 1838 ad
906 1805 1116 1850 positionem

131 1855 395 1902 consequentis,
422 1862 478 1889 ut:

283 1906 322 1941 Si
339 1904 445 1940 homo
462 1912 532 1945 est,
559 1905 691 1939 animal
709 1912 771 1946 est,

283 1957 351 1992 Sed
368 1955 476 1991 bomo
494 1964 555 1997 est,

282 2006 378 2052 Ergo
395 2008 526 2041 animal
544 2014 608 2041 est.

236 2058 338 2093 Valet
366 2059 616 2105 consequentia
650 2057 809 2101 negative
835 2069 854 2090 a
879 2057 1118 2092 destructione

130 2110 379 2155 consequentis
403 2111 447 2144 ad
471 2108 747 2144 destructionem
774 2109 1025 2151 antecedentis,
1049 2116 1105 2144 ut.-

284 2160 324 2195 Si
340 2158 448 2194 homo
465 2168 535 2202 est,
562 2160 695 2193 animal
710 2166 779 2203 cst,

288 2210 358 2244 Sed
374 2212 511 2245 nullum
530 2211 661 2246 animal
678 2217 739 2252 est,

288 2259 383 2305 Ergo
400 2259 507 2295 homo
524 2269 586 2297 est.

235 2319 341 2355 Ratio
357 2317 483 2353 harum
502 2321 835 2366 consequentiarum
856 2334 899 2355 ex
915 2321 1002 2355 locis
1026 2323 1116 2356 sumi

134 2378 265 2418 potest,
292 2370 355 2404 ubi
373 2370 553 2413 videmus,
580 2373 757 2416 quomodo
777 2384 795 2405 a
816 2372 928 2416 specie
945 2374 986 2406 ad
1007 2385 1117 2417 genus

134 2431 166 2458 et
190 2428 332 2457 econtra
357 2423 533 2455 ducantur
556 2430 770 2465 argumenta.
824 2422 945 2466 Quare
973 2437 1036 2469 pro
1062 2423 1116 2458 his

136 2474 265 2518 regulis
291 2472 500 2506 consulendi
524 2472 640 2516 potius
664 2481 766 2507 erunt
788 2474 866 2507 loci.
921 2472 966 2508 Et
984 2476 1117 2510 valebit

135 2525 403 2570 consequentia,
431 2524 459 2556 si
485 2523 643 2557 locorum
667 2525 795 2566 regulis
818 2533 1006 2569 congruet,
1033 2534 1071 2560 ut
1097 2539 1114 2560 a

135 2576 246 2610 causis
263 2576 304 2608 ad
326 2575 487 2619 proprios
503 2574 645 2607 effectus
669 2581 702 2608 et
724 2582 881 2616 econtra,
908 2576 1116 2611 affirmative

136 2634 168 2660 et
185 2627 346 2670 negative
367 2632 667 2669 argumentamur.

753 104 796 139 V.
847 99 1169 139 EROTEMATA
1203 99 1537 137 DlALECTICES.

290 670 410 704 Prima
429 677 480 705 est
498 669 783 710 Conditionalis,
810 671 866 704 cui
893 672 1123 715 praeponitur
1148 672 1151 680 “

721 2623 817 2658 Idem
844 2626 882 2660 fit
903 2627 938 2659 in
965 2639 1115 2663 conver·
1139 2656 1141 2668 A

138 2677 317 2719 tibilibus,
344 2677 378 2711 id
398 2683 467 2719 est,
494 2677 587 2710 idem
602 2675 900 2720 significantibus,
928 2684 965 2712 ut
985 2691 1025 2712 ex
1051 2677 1114 2714 hac
1138 2710 1142 2722 ,

2090 98 2162 132 638

1175 187 1416 234 propositione
1436 189 1578 232 gignere
1596 192 1694 232 potes
1717 185 1967 219 affirmativum
1996 184 2035 218 et'
2051 195 2158 228 nega--

1174 241 1287 274 tivum
1304 239 1562 284 syllogismum:
1589 238 1626 272 Si
1639 237 1740 271 Luna
1756 236 1833 271 Soli
1850 248 1890 269 ex
1906 235 2077 269 diametro
2095 247 2159 279 op-

1174 297 1327 336 ponetur
1346 287 1412 323 hoc
1433 301 1571 330 mense,
1599 289 1663 321 erit
1683 287 1822 332 eclipsis
1837 285 1972 320 Lunae.

1438 365 1535 407 Quid
1563 370 1621 399 est
1648 362 1893 409 Copulatica?

1276 424 1486 470 Copulativa
1514 431 1581 464 est,
1615 424 1651 456 in
1678 435 1746 468 qua
1778 424 1867 455 duae
1898 419 2158 466 propositiones

1175 477 1373 521 iunguntur
1390 487 1451 520 per
1469 474 1677 519 particulam
1696 473 1950 516 copulativam,
1977 479 2031 504 ut:

1327 525 1373 561 Et
1391 532 1550 559 mortuus
1566 531 1616 558 est
1633 521 1817 563 Christus,
1839 530 1878 557 ut
1896 535 1958 566 pro
1977 521 2080 555 nobis
2104 520 2159 552 vi-

1380 577 1484 611 ctima
1499 577 1612 616 fieret,
1637 582 1727 609 etex
1740 579 1852 606 morte
1870 573 1994 606 revixit
2007 597 2014 610 ,
2042 578 2080 604 ut
2095 581 2160 603 nos

1148 642 1151 668 ι
1378 634 1474 671 regat
1499 639 1591 660 nova
1616 626 1694 660 luce
1717 632 1750 660 et
1774 623 1929 662 iusticia,
1960 630 1991 656 et
2013 622 2083 656 vita
2103 633 2160 654 ae·

1383 686 1483 713 terna
1502 679 1618 711 donet.

1329 729 1375 765 Et
1394 729 1586 763 necessaria
1606 734 1654 761 est
1671 725 1870 770 disciplina,
1899 724 1934 756 id
1953 729 2013 762 est,
2042 732 2160 754 assue—

1380 780 1485 814 factio
1512 781 1556 814 ad
1582 780 1695 812 bonos
1719 788 1851 816 mores,
1885 781 1918 808 et
1952 779 2065 818 potest
2091 769 2160 804 hu—

1378 844 1482 864 mana
1518 831 1682 864 voluntas
1717 826 1943 872 disciplinam
1980 831 2160 867 utcunque

1379 890 1566 927 praestare.

1288 960 1360 993 Dic
1378 960 1545 1006 requiam
1564 956 1610 991 de
1626 957 1789 991 veritate
1805 953 2048 998 copulativae.

1279 1015 1336 1050 Ad
1354 1019 1536 1051 veritatem
1556 1014 1775 1060 copulativae
1787 1011 1992 1057 requiritur,
2010 1015 2049 1042 ut
2064 1015 2163 1041 utra—

1174 1079 1241 1112 que
1256 1080 1336 1112 pars
1354 1069 1397 1102 sit
1412 1080 1511 1106 vera,
1540 1074 1594 1100 ut:

1327 1117 1371 1153 Et
1390 1125 1507 1151 manet
1522 1119 1558 1150 in
1574 1116 1706 1150 renatis
1722 1115 1760 1147 in
1777 1112 1841 1146 hac
1858 1110 2000 1144 mortali
2016 1109 2085 1142 vita
2103 1109 2160 1140 in-

1375 1170 1522 1202 firmitas
1539 1178 1739 1213 repugnans
1761 1165 1829 1207 legi
1847 1162 1930 1201 Dei,
1957 1168 1990 1194 et
2016 1166 2160 1193 renatus

1379 1221 1491 1253 iustus
1510 1226 1576 1260 est,
1604 1219 1639 1251 id
1658 1225 1719 1257 est,
1746 1221 1907 1258 acceptus
1925 1211 1999 1245 Deo
2016 1217 2160 1256 propter

1379 1272 1513 1304 Filium
1531 1270 1785 1307 Mediatorem,
1813 1266 1890 1298 fide.

1321 1347 1504 1390 Quomodo
1533 1345 1631 1393 fiunt
1658 1343 1749 1379 inde
1775 1337 2006 1388 sylloyismi?

1276 1408 1353 1442 Hoc
1382 1409 1502 1440 modo:
1529 1406 1562 1439 A
1585 1411 1656 1439 tota
1682 1402 1880 1447 copulativa
1906 1399 1947 1432 ad
1966 1395 2160 1443 quamlibet

1172 1460 1247 1494 eius
1276 1467 1428 1504 partem,
1466 1464 1516 1490 est
1539 1458 1632 1490 bona
1657 1451 1928 1499 consequentia,
1955 1455 1995 1482 ut
2019 1447 2049 1480 si
2074 1444 2160 1479 haec

1172 1518 1244 1545 tota
1263 1523 1343 1544 vera
1363 1516 1433 1550 est,
1459 1520 1597 1541 necesse
1617 1514 1666 1540 est
1686 1512 1800 1551 partes
1816 1513 1915 1535 veras
1934 1511 2022 1533 esse:

1326 1560 1371 1595 Et
1387 1560 1551 1605 politicus
1568 1559 1656 1592 ordo
1670 1558 1706 1589 in
1721 1555 1883 1589 societate
1894 1550 2062 1590 humana,
2089 1546 2158 1581 Dei

1381 1611 1590 1645 beneficium
1609 1615 1670 1649 est,
1696 1614 1728 1641 et
1747 1607 1790 1639 ab
1807 1617 1846 1639 eo
1866 1607 2106 1640 conservatur,
2126 1605 2159 1632 et

1376 1663 1547 1696 accedunt
1563 1661 1599 1693 in
1617 1658 1775 1703 imperiis
1792 1656 1922 1689 multae
1933 1651 2159 1686 confusiones

1377 1721 1410 1747 et
1435 1713 1539 1756 vitia,
1569 1722 1656 1756 quae
1681 1721 1753 1742 non
1777 1707 1944 1740 oriuntur
1960 1716 1978 1737 a
1994 1703 2093 1742 Deo,
2118 1706 2158 1734 ut

1375 1761 1615 1808 blasphemiae
1633 1767 1663 1793 et
1680 1758 1895 1806 tyrannides,

1454 1830 1521 1864 Sed
1540 1827 1623 1862 haec
1640 1834 1711 1862 tota
1727 1838 1809 1859 vera
1827 1831 1888 1859 est.

1326 1890 1456 1924 Verum
1470 1896 1520 1923 est
1532 1889 1638 1932 igitur
1648 1883 1885 1930 blasphemias
1899 1889 1930 1916 et
1941 1879 2156 1927 tyrannides,

1375 1951 1464 1987 quae
1490 1947 1572 1973 sunt
1598 1937 1828 1982 imperiorum
1854 1932 2096 1971 confusiones,
2124 1936 2156 1963 et

1374 1993 1458 2026 vitia
1472 2017 1480 2031 ,
1508 2000 1731 2036 nequaquam
1749 1999 1766 2020 a
1783 1985 1859 2020 Deo
1877 1984 1974 2017 oriri.

1272 2061 1352 2096 Non
1370 2067 1486 2095 autem
1506 2058 1596 2091 vale-t
1616 2053 1863 2100 consequentia
1883 2064 1901 2086 a
1924 2056 2021 2096 parte
2048 2060 2156 2093 copu-

1170 2113 1297 2148 lativae
1316 2113 1357 2146 ad
1376 2118 1502 2151 totam,
1531 2109 1611 2154 quia
1631 2104 1849 2152 deprehensa
1876 2103 2026 2136 falsitate
2047 2100 2154 2133 unius

1171 2164 1277 2209 partis
1290 2192 1298 2206 ,
1326 2176 1400 2197 non
1416 2161 1634 2196 admittenda
1653 2165 1702 2192 est
1719 2165 1790 2192 tota
1807 2153 2015 2199 copulativa.
2057 2149 2154 2183 Con-

1141 2232 1144 2270 Ι
1169 2216 1258 2250 fusio
1277 2222 1327 2250 est
1343 2215 1437 2248 enirn
1457 2225 1520 2258 per
1541 2211 1703 2255 copulam
1726 2220 1807 2241 vera
1830 2213 1861 2239 et
1884 2205 1968 2238 falsa
1996 2203 2152 2245 iungere.

1168 2266 1354 2302 Caeterum
1379 2262 1611 2299 Grammatici
1634 2267 1684 2294 est
1709 2259 1883 2294 iudicare,
1926 2255 2067 2299 quando
2092 2263 2152 2284 co-

1170 2319 1250 2363 pula
1267 2329 1347 2351 vere
1364 2315 1491 2350 habeat
1509 2314 1580 2346 vim
1600 2311 1763 2355 copulae,
1789 2307 1950 2362 videlicet
1962 2331 1971 2345 ,
1999 2313 2151 2360 cum-res

1169 2370 1286 2414 plures
1305 2381 1343 2402 ac
1366 2368 1524 2401 diversas
1550 2363 1686 2406 iungit,
1713 2368 1769 2394 ut:
1795 2362 1965 2403 pugnavlt
1993 2362 2025 2389 et
2054 2359 2150 2411 vmrt.

1168 2419 1322 2464 Quando
1342 2431 1413 2453 non
1436 2425 1506 2452 tarn
1523 2414 1690 2458 copulae,
1718 2421 1822 2456 quam
1847 2405 2149 2451 interpretationis

1139 2486 1142 2502 ε
1167 2472 1238 2505 vim
1265 2470 1412 2511 habeat,
1439 2475 1479 2502 ut
1503 2464 1680 2499 interdum
1708 2460 1822 2506 posito
1848 2469 1990 2502 genere,
2018 2455 2150 2501 species

1140 2547 1141 2550 =
1167 2535 1228 2567 per
1243 2522 1405 2567 copulam
1424 2517 1604 2553 attexitur:
1632 2512 1724 2546 Cura
1744 2508 2009 2550 scholasticum,
2035 2514 2068 2541 et
2093 2506 2149 2539 di-

1140 2570 1141 2574 *
1166 2574 1314 2617 ligenter
1329 2570 1478 2605 erudias.
1532 2566 1603 2600 Nec
1619 2571 1668 2598 est
1684 2561 1821 2596 inutilis
1837 2559 2018 2604 diligentia
2032 2586 2040 2600 ,
2063 2569 2149 2591 eon-

1139 2623 1142 2645 ἶ
1165 2624 1317 2657 siderare
1337 2622 1408 2655 vim
1425 2617 1552 2652 harum
1572 2614 1843 2661 particularum,
1870 2612 1931 2645 sed
1955 2611 2000 2644 sit
2022 2610 2147 2643 modus

1165 2672 1390 2714 subtilitatis,
1421 2676 1454 2704 et
1469 2668 1611 2703 accedat
1626 2664 1812 2701 dexteritas
1828 2664 1866 2696 in
1884 2661 2088 2696 iudicando.
