2379 2948
135 200 278 235 ducitur
303 208 563 245 argumentum.
618 200 821 233 Videndum
848 208 897 234 est
923 207 1058 240 autem,
1085 207 1123 233 ut

136 252 180 286 sit
194 252 231 284 in
248 252 450 298 syllogismo
466 253 559 286 bona
580 251 838 295 consequentia.
885 249 974 284 Cum
994 250 1122 283 similia

135 302 349 342 afferuntur,
378 303 571 336 videndum
596 307 665 341 est,
694 307 732 333 ut
757 301 1003 334 similitudinis
1028 301 1121 334 eius-

135 354 216 387 dem
232 365 355 387 causae
378 354 458 388 sint.
513 352 678 385 Irenaeus
701 351 878 394 eleganter
903 352 1009 392 dixit,
1037 349 1121 384 hae-

134 405 324 438 reticorum
343 409 547 447 argumenta
566 414 639 435 non
656 402 765 444 magis
783 399 986 442 cohaerere,
1015 414 1120 447 quam

133 456 162 488 si
179 455 258 498 quis
277 456 361 488 velit
381 455 499 487 funem
517 454 559 485 de
572 464 678 485 arena
696 459 844 485 nectere.
892 452 998 485 'l'ales
1016 461 1120 487 eruut

133 506 172 538 in
191 505 257 539 hoc
274 516 398 549 genere
414 503 719 543 ratiocinationes,
745 503 775 535 si
792 515 863 535 non
885 503 991 537 fuerit
1016 501 1120 537 adhi-
1145 532 1147 541 ‚

132 557 208 590 bita
226 555 417 594 dialectica,
445 566 533 598 quae
552 554 695 593 iudicat,
722 561 840 587 utrum
861 556 1018 588 membra
1034 567 1118 588 con-

133 608 303 647 sentiant,
330 612 448 638 utruin
466 605 562 637 aliud
582 618 620 637 ex
639 605 707 637 alio
727 606 923 638 necessario
942 614 1118 650 sequatur,

131 665 172 692 ut
193 657 361 701 scriptum
388 662 452 688 est:
492 653 582 689 Ecce
608 657 677 689 duo
705 655 811 698 gladii
838 653 908 689 liic.
964 656 1075 699 Igitur
1099 668 1117 689 a

130 708 295 752 pontifice
314 718 450 740 necesse
469 713 539 747 est,
567 719 687 740 omnes
706 717 802 749 reges
819 707 974 750 accipere
998 719 1116 749 regua.

131 758 227 792 Haec
254 769 326 790 non
351 758 546 790 necessario
571 755 780 794 cohaerent,
823 759 880 790 sed
904 758 1042 792 infinita
1059 771 1118 791 ex-

131 809 243 853 empla
264 808 421 853 quotidie
439 808 562 842 offeret
579 820 671 841 usus.

231 856 456 892 Translalio
482 860 623 904 proprie
649 867 719 900 est,
746 861 839 905 quod
868 859 1117 893 Iurisconsulti

128 917 256 944 vocant
283 911 541 955 exceptionem,
579 923 658 943 cum
696 923 767 943 non
803 913 1039 955 respondetur
1072 912 1114 943 ad

127 973 222 1002 rem,
249 962 306 994 sed
327 961 522 1006 opponitur
539 961 696 1005 exceptio
716 962 852 1006 aliqua,
878 969 915 995 ut
932 963 1026 1007 quod
1045 974 1117 994 non

127 1019 288 1056 oporteat
304 1024 358 1045 me
378 1025 493 1046 coram
514 1010 579 1045 hoc
592 1013 706 1045 iudice
724 1025 861 1046 causam
875 1014 1001 1052 dicere,
1022 1013 1115 1057 quod
1143 1055 1144 1059 Ἰ

126 1064 328 1096 adversario
344 1075 417 1096 non
435 1064 559 1097 debeat
577 1064 654 1096 dari
672 1064 776 1099 actio.
813 1063 866 1096 De
885 1062 948 1096 hac
967 1076 1003 1096 re
1021 1075 1114 1096 nunc

125 1114 349 1159 praecipiunt
370 1113 635 1154 Iurisconsulti,
664 1116 806 1159 quando
834 1115 945 1159 prosit
969 1126 1115 1158 respon-

126 1166 210 1198 dere
234 1166 277 1198 ad
307 1177 399 1203 rem,
448 1166 590 1210 quando
619 1178 690 1197 non
719 1166 840 1209 prosit.
902 1165 1114 1210 Quanquam

126 1222 244 1250 autem
273 1214 358 1249 haec
385 1214 559 1249 rhetorica
588 1228 661 1248 non
690 1217 812 1260 collegi
850 1217 1036 1260 praecipue
1072 1216 1114 1248 ad

125 1278 229 1300 usum
248 1266 442 1308 forensem,
468 1274 585 1300 tamen
604 1268 745 1310 prodest
760 1265 864 1300 huius
886 1275 994 1301 status
1015 1278 1116 1299 meu-

125 1317 259 1351 tionem
277 1317 409 1357 facere,
432 1324 471 1350 ut
489 1318 749 1350 admoneantur
765 1319 1004 1351 adolescentes
1017 1345 1024 1357 ,
1042 1329 1115 1349 non

126 1379 265 1412 semper
281 1369 324 1401 de
342 1380 378 1400 re
395 1368 684 1412 respondendum
703 1380 786 1401 esse.
824 1368 892 1401 Sed
910 1370 1116 1412 ubicunque

123 1419 200 1452 fieri
224 1424 354 1462 potest,
394 1425 469 1451 arte
492 1419 698 1461 fugiendum
726 1430 799 1451 esse
822 1419 945 1452 iudicii
977 1419 1115 1463 pericu-

123 1470 211 1503 lum.
263 1468 426 1502 Profecto
446 1469 540 1501 enim
558 1470 735 1513 sapienter
757 1470 891 1502 dictum
915 1477 965 1502 est
988 1471 1032 1502 ab
1048 1468 1115 1501 ΑΙ-
1142 1507 1143 1510 ¹

124 1520 279 1560 cibiade‚
312 1531 376 1552 nec
398 1519 577 1553 immerito
602 1520 690 1553 abiit
715 1521 750 1553 in
778 1520 1006 1564 proverbium
1034 1517 1116 1559 ἐξὸν
1142 1538 1143 1541 ¹

345 1566 413 1579 xva!

124 1567 258 1618 φύγειν
268 1595 278 1611 ,
305 1582 357 1615 μη
372 1582 467 1615 §met
483 1567 602 1616 δίκην.

363 1656 423 1691 De
450 1667 589 1703 genere
615 1656 875 1692 deliberativo.

225 1724 350 1759 Genus
374 1725 647 1759 deliberativum
677 1733 836 1760 versatur
866 1726 903 1758 iii
932 1727 1114 1759 suadendo
1140 1761 1141 1769 ἶ

122 1788 161 1810 ac
183 1776 441 1817 dissuadendo,
468 1773 693 1809 adhortando
720 1784 753 1810 et
778 1774 1022 1817 dehortando,
1055 1789 1114 1820 pe-

122 1828 250 1868 tendo,
278 1829 474 1870 precando,
496 1827 733 1866 consolando,
758 1834 792 1860 et
811 1828 987 1860 similibus
1006 1839 1114 1870 nego—

123 1879 197 1919 ciis,
225 1878 287 1912 ubi
303 1878 384 1911 finis
400 1886 451 1912 est
467 1889 540 1911 non
557 1878 711 1920 cognitio
722 1906 730 1919 ‚
759 1880 817 1911 sed
838 1886 974 1922 praeter
990 1879 1112 1924 cogni-

121 1929 254 1963 tionem
287 1929 378 1962 actio
395 1929 521 1975 aliqua.
576 1927 693 1962 Huius
712 1929 849 1972 generis
875 1930 976 1973 plura
998 1941 1114 1961 exem—

122 1980 180 2024 pla
196 1980 433 2025 reperiuntur.
486 1978 533 2013 Et
550 1980 727 2024 plurimae
745 1981 951 2013 scribuntur
968 1978 1113 2024 Episto—

122 2031 176 2064 lae
194 2031 352 2076 quotidie
369 2031 486 2076 pueris
508 2031 545 2064 in
562 2028 628 2064 hoc
648 2043 791 2074 genere,
818 2044 896 2065 cum
922 2031 966 2064 ab
992 2031 1113 2064 amicis

123 2081 258 2128 aliquid
276 2089 411 2126 petunt.

226 2130 380 2166 Exordia
398 2134 485 2167 fiunt
505 2133 541 2166 in
558 2133 637 2166 aliis
655 2133 781 2167 causis.

225 2181 436 2218 Narratione
452 2185 604 2226 utimur,
633 2197 711 2217 cum
730 2196 784 2217 res
803 2183 924 2227 poscit.
981 2183 1111 2217 Verum

124 2235 162 2268 in
187 2231 256 2267 hoc
280 2245 405 2277 genere
428 2246 528 2279 saepe
552 2235 697 2274 accidit,
733 2243 771 2269 ut
795 2233 887 2268 niliil
911 2233 1028 2268 adbuc
1054 2247 1111 2278 ge-

125 2292 216 2319 stum
240 2285 304 2325 sit,
337 2286 432 2330 quod
458 2297 601 2320 narrare
626 2298 766 2320 necesse
792 2286 847 2320 sit.
908 2286 1110 2330 Propositio

123 2335 283 2382 sequitur
299 2336 557 2378 narrationem,
583 2345 617 2371 et
635 2350 714 2371 cuin
731 2339 825 2371 deest
845 2338 1012 2378 narratio,
1037 2338 1110 2371 sola
1137 2378 1139 2384 ἲ

124 2387 367 2433 propositione
381 2387 526 2422 utimur.
567 2388 648 2421 Non
663 2389 758 2422 enim
778 2388 894 2423 omitti
914 2389 1110 2433 propositio

125 2439 198 2472 ulla
216 2439 253 2471 in
274 2450 375 2472 causa
399 2444 524 2483 potest.
578 2436 630 2472 Ac
650 2440 880 2485 plerumque,
905 2447 945 2474 ut
967 2440 1010 2473 sit
1036 2440 1112 2483 ple-

125 2490 207 2523 nior
225 2501 352 2530 sonus,
376 2488 571 2534 propositio
588 2501 666 2522 cum
690 2491 962 2535 amplificatione
988 2492 1112 2525 recita-

124 2547 200 2580 tur,
227 2547 282 2575 ut:
317 2540 465 2574 Nullum
488 2540 621 2573 bellum
645 2547 705 2574 aut
729 2542 839 2584 magis
867 2537 1111 2583 necessarium,

126 2598 185 2625 aut
211 2592 321 2635 magis
349 2592 469 2636 pium,
510 2597 570 2624 aut
603 2585 714 2633 magis
742 2603 760 2624 e
787 2592 958 2635 dignitate
986 2601 1111 2635 vestra,

124 2640 307 2687 Principes
323 2643 498 2686 suscipere
516 2641 671 2687 potestis,
689 2653 793 2687 quam
813 2639 878 2676 hoc
896 2644 1029 2676 bellum
1047 2645 1110 2677 ad-

125 2704 244 2727 versus
261 2693 407 2735 Turcas,
433 2694 497 2739 qui
511 2692 793 2727 crudelissimum
809 2692 1036 2727 latrocinium
1054 2692 1110 2727 his

889 114 1165 150 ELEMEM‘A
1200 114 1534 154 RHETORIOES.

2092 123 2164 157 446

1147 215 1152 252 Ι
1177 200 1346 244 proximis
1370 202 1473 234 annis
1507 202 1544 235 in
1576 203 1651 246 ipso
1677 202 1890 237 Germaniae
1921 205 2038 245 aditu,
2070 214 2102 240 et
2127 208 2163 240 in

1148 255 1361 301 lconspectu
1391 258 1504 285 vestro
1537 261 1784 294 exercuerunt,
1826 255 1996 301 vobisque
2029 257 2162 290 bellum

1148 302 1449 341 ÷denunciantes,
1493 303 1636 336 exitium
1675 316 1715 337 ac
1751 306 1947 339 vastitatem
1978 307 2164 340 universae

1147 348 1149 390 j
1176 350 1407 391 Germaniae,
1441 350 1523 385 liuic
1549 354 1698 396 imperio
1728 362 1833 400 atque
1862 357 2030 401 religioni
2055 356 2162 391 Chri-

1146 393 1149 451 }
1173 403 1307 435 stianae
1325 402 1526 442 interitum,
1554 404 1676 436 vestris
1691 404 1812 438 liberis
1831 414 1934 452 atque
1951 408 2162 452 coniugibus

1147 479 1148 482 ,
1172 454 1407 487 miserrimam
1428 453 1632 486 servitutem
1651 455 1776 488 minati
1793 464 1886 492 sunt.

1276 504 1362 539 Loci
1380 511 1668 546 argumentorum
1688 511 1756 538 tres
1774 514 1872 540 sunt:

1324 554 1535 589 Honestum.

1326 605 1433 640 [tile.

1325 656 1452 690 Facile.

1275 707 1316 740 In
1342 705 1397 740 liis
1423 704 1759 750 comprehendimus
1784 709 1888 742 etiam
1924 711 2159 745 necessarium

1171 765 1202 791 et
1221 758 1407 802 possibile,
1436 757 1497 803 qui
1514 758 1594 790 ideo
1619 760 1950 802 praetermittuntur
1975 761 2011 793 iu
2037 763 2160 805 vulga-

1170 809 1269 842 ribus
1286 809 1496 853 praeceptis,
1525 809 1606 854 quia
1625 809 1793 843 videniur
1810 822 1881 844 esse
1904 810 2067 855 ἄτεχνοι,
2097 824 2160 845 nec

1171 860 1330 903 indigere
1362 860 1551 894 monitore.
1602 859 1691 892 Nam
1727 861 1960 904 impossibilia
1993 874 2066 895 non
2101 875 2161 896 ve-

1170 912 1276 944 niunt
1300 911 1335 943 in
1364 911 1668 944 deliberationem.
1731 911 1924 945 Necessitas
1947 921 2062 947 auteiu
2086 926 2159 947 non

1169 962 1283 995 solum
1311 962 1514 994 dubitantes
1541 960 1722 1002 hortatur,
1758 964 1817 995 sed
1844 964 1936 1006 cogit
1966 964 2069 997 etiam
2102 965 2159 997 iii-

1169 1013 1271 1048 vitos.
1334 1011 1464 1045 Verum
1489 1012 1570 1057 quia
1596 1010 1633 1044 lii
1660 1014 1729 1045 duo
1756 1013 1843 1051 loci,
1879 1015 2058 1048 interdum
2087 1027 2160 1048 non

1170 1063 1440 1107 conspiciuntur
1456 1063 1500 1095 ab
1510 1063 1688 1096 omnibus.
1716 1063 1799 1097 Ideo
1817 1065 1854 1096 in
1872 1072 1945 1098 arte
1962 1066 2158 1099 admonen-

1142 1141 1144 1170 ι
1169 1115 1203 1146 di
1230 1120 1311 1147 suut
1339 1113 1507 1151 studiosi,
1541 1120 1580 1146 ut
1607 1122 1778 1158 quaerant
1802 1127 1860 1148 eos
1892 1115 1928 1147 in
1955 1117 2085 1158 causis,
2121 1129 2160 1150 ac

1142 1193 1143 1205 ¹
1169 1166 1352 1209 proferant
1374 1164 1410 1196 in
1438 1164 1572 1204 lucem,
1605 1171 1638 1197 et
1662 1165 1813 1198 dicendo
1839 1166 2035 1208 illustrent,
2063 1174 2102 1201 ut
2128 1168 2159 1200 si

1142 1207 1143 1265 J
1168 1216 1247 1260 quis
1263 1216 1305 1248 de
1324 1215 1450 1248 studiis
1469 1215 1651 1248 literarum
1667 1216 1770 1256 dicet,
1796 1228 1869 1249 non
1887 1224 2023 1250 tantum
2041 1225 2160 1251 osten-

1142 1305 1143 1309 *
1168 1268 1242 1307 det,
1271 1278 1375 1311 quam
1402 1266 1472 1299 sint
1497 1263 1661 1305 honesta,
1697 1278 1873 1312 quamque
1896 1268 2016 1309 utilia,
2046 1269 2105 1302 sed
2129 1269 2159 1302 si

1143 1314 1144 1317 '
1167 1324 1259 1351 recte
1285 1317 1523 1350 considerabit
1551 1327 1605 1349 res
1632 1314 1828 1358 humanas,
1866 1318 2023 1351 inveniet
2052 1319 2158 1353 etiam

1142 1363 1144 1408 ᾗ
1168 1367 1400 1400 necessariam
1426 1379 1499 1400 esse
1519 1367 1702 1400 literarum
1732 1368 1937 1409 scientiam,
1970 1369 2052 1414 quia
2082 1370 2158 1402 sine

1141 1412 1144 1454 l
1168 1418 1330 1452 doctrina
1351 1418 1534 1461 religionis
1561 1425 1593 1450 et
1617 1418 1752 1460 legum,
1782 1431 1854 1451 non
1880 1426 2026 1462 possunt
2047 1420 2158 1453 teneri

1141 1459 1144 1473 ⁸
1168 1469 1398 1513 respublicae,
1416 1480 1530 1512 neque
1547 1465 1632 1501 haec
1651 1469 1765 1502 civilis
1783 1469 1929 1502 societas
1946 1470 2028 1504 coli.
2062 1470 2157 1504 Haec

1168 1520 1353 1553 necessitas
1366 1544 1374 1558 ‚
1399 1520 1480 1564 quia
1498 1531 1569 1552 non
1589 1519 1801 1563 intelligitur
1818 1520 1861 1553 ab
1879 1520 2050 1562 indoctis,
2078 1534 2158 1555 ora-

1142 1612 1143 1616 *
1168 1571 1263 1605 tione
1282 1571 1520 1615 patefacienda
1538 1577 1598 1605 est.

1272 1621 1475 1655 Nascuntur
1500 1628 1615 1654 autem
1639 1619 1677 1654 hi
1700 1622 1784 1655 loci:
1818 1620 2026 1665 honestum,
2059 1624 2158 1665 utile,

1141 1678 1143 1681 “
1167 1680 1200 1706 et
1217 1673 1336 1714 facile,
1363 1673 1399 1706 in
1418 1672 1504 1706 locis
1522 1672 1728 1706 dialecticis:
1758 1675 2006 1708 definitionum
2026 1682 2058 1709 et
2075 1688 2157 1709 cau-

1166 1736 1297 1757 sarum.
1358 1723 1427 1758 Sed
1460 1723 1539 1768 quia
1569 1723 1648 1755 finis
1674 1732 1724 1758 est
1747 1725 1858 1766 actio,
1893 1738 1966 1758 non
1991 1727 2158 1768 cognitio,

1140 1783 1141 1786 ’
1166 1775 1312 1807 nomina
1328 1772 1495 1808 habenta
1515 1774 1603 1815 fine,
1625 1780 1666 1807 ut
1681 1775 1820 1808 animos
1836 1777 1879 1809 ad
1896 1777 2072 1819 agendum
2087 1777 2157 1809 im-

1166 1826 1309 1870 pellant.
1364 1823 1572 1869 Expetimus
1588 1825 1683 1857 enim
1703 1825 1816 1865 bona,
1843 1827 1898 1860 vel
1916 1824 2075 1868 honesta,
2099 1828 2154 1860 vel

1165 1876 1285 1916 utilia,
1312 1876 1340 1908 si
1359 1883 1478 1909 tamen
1495 1875 1662 1920 consequi
1681 1888 1877 1920 possumus.

1139 1933 1142 1951 l
1269 1925 1446 1960 Honestas
1475 1933 1591 1960 autem
1618 1927 1772 1960 sumitur
1794 1939 1834 1960 ex
1862 1928 2000 1972 legibus
2025 1929 2156 1963 divinis

1166 1976 1351 2019 humanis,
1390 1979 1551 2022 adeoque
1587 1989 1627 2010 ex
1665 1978 1837 2012 virtutum
1874 1980 2153 2015 definitionibus.

1165 2028 1349 2062 Pertinent
1367 2036 1484 2062 autem
1500 2029 1591 2071 leges
1608 2029 1650 2061 ad
1672 2041 1810 2062 causam
1826 2031 2045 2064 efficientem.
2072 2032 2154 2065 Mo-

1139 2084 1140 2088 ’
1165 2086 1248 2113 vent
1268 2080 1361 2113 enim
1379 2077 1566 2113 hominum
1589 2080 1789 2114 voluntates
1805 2082 1847 2114 ad
1867 2083 2053 2125 agendum.
2080 2080 2154 2116 Eo—

1166 2131 1244 2163 dem
1266 2138 1299 2165 et
1315 2131 1485 2164 virtutum
1505 2130 1730 2164 definitiones
1750 2132 1948 2176 pertinent,
1976 2145 2053 2165 cum
2073 2146 2154 2167 vere

1138 2194 1140 2215 ,¹
1164 2182 1234 2215 sint
1249 2182 1352 2225 leges,
1406 2180 1495 2215 Cum
1514 2181 1622 2224 igitur
1638 2179 1802 2215 honestas
1818 2190 1977 2217 sumatur
2003 2195 2042 2216 ex
2067 2185 2154 2228 legi-

1138 2243 1140 2274 }
1164 2234 1230 2266 bus
1264 2240 1298 2267 et
1327 2239 1453 2266 natura
1487 2233 1681 2273 virtutum,
1717 2240 1854 2277 oportet
1879 2231 1962 2275 hos,
1998 2235 2058 2279 qui
2086 2233 2153 2269 hoc

1164 2296 1273 2328 genus
1309 2291 1388 2328 apte
1419 2290 1568 2317 tractare
1602 2284 1739 2324 volent,
1781 2285 1868 2318 locis
1899 2286 2151 2321 communibus

1164 2336 1303 2379 copiose
1334 2336 1526 2369 instructos
1558 2346 1649 2373 esse,
1700 2341 1737 2367 ut
1770 2346 1849 2367 cum
1880 2333 2152 2371 adhortabimur

1138 2385 1139 2434 J
1163 2387 1342 2431 principes
1359 2388 1402 2419 ad
1420 2386 1683 2430 suscipiendum
1709 2385 1841 2418 bellum
1866 2392 1988 2420 contra
2006 2387 2152 2423 Turcas.

1138 2436 1139 2443 ¹
1164 2438 1325 2471 Primum
1354 2439 1396 2470 de
1423 2435 1606 2470 honestate
1634 2435 1785 2468 docendi
1817 2444 1917 2478 sunt,
1951 2438 2153 2474 recitandae

1137 2503 1138 2507 ¹
1163 2489 1358 2523 sententiae
1376 2500 1415 2521 ex
1431 2487 1537 2520 sacris
1562 2486 1691 2525 literis,
1720 2499 1808 2531 quae
1830 2488 2051 2532 praecipiunt
2076 2503 2152 2524 ma-

1136 2533 1366 2588 }gistratibus
1400 2538 1491 2571 tueri
1522 2536 1697 2577 subditos,
1739 2539 1915 2581 depellere
1951 2541 2150 2577 latrocinia.

1136 2589 1138 2637 ,³
1162 2590 1388 2625 Confutanda
1414 2595 1464 2622 est
1489 2587 1731 2630 superstitiosa
1757 2591 1982 2633 quorundam
2009 2605 2152 2637 persua-

1135 2640 1139 2683 !
1161 2642 1226 2682 sio,
1254 2642 1314 2686 qui
1332 2645 1456 2684 putant
1471 2636 1674 2672 Christiano
1691 2651 1764 2672 non
1782 2640 1888 2674 licere
1903 2642 2066 2682 militare,
2090 2651 2149 2678 aut

1134 2686 1138 2696 “
1161 2693 1253 2726 bella
1273 2702 1402 2735 gerere.
1455 2688 1552 2723 Haec
1571 2689 1763 2735 disputatio
1780 2702 1854 2725 non
1877 2693 2056 2737 vulgarem
2084 2695 2150 2729 do·-
