2379 2948
153 90 228 127 405
754 91 817 128 111.

155 177 291 222 inquitt
331 174 495 212 homines
531 179 656 212 stultos
691 190 783 220 esse,
824 178 885 223 qui
920 189 994 210 non
1029 185 1152 212 curent

156 235 330 272 quantum
365 229 564 263 adiumenti
587 229 630 262 sit
659 229 694 261 iu
721 229 840 262 Malva
873 236 905 261 et
932 225 1151 271 Asphodelo,

156 276 235 313 οὐδ’
250 276 341 313 ὅσον
358 279 397 313 ἐν
416 277 585 325 μαλάχῃ,
613 277 676 313 καὶ
701 276 897 325 ἀσφοδέλῳ
913 277 991 326 μέγ’
1015 278 1148 325 ὄνειαρ.
1177 304 1179 316 ‚

257 338 351 373 Sunt
367 339 614 373 etdiscrimina
628 338 909 381 generationum.
935 336 1036 371 Aliae
1053 340 1147 372 enim

154 390 325 423 dicuntur
349 391 539 429 univocae,
565 389 654 422 aliae
680 389 910 434 aequivocae,
944 389 1033 422 aliae
1056 397 1147 424 tota-

154 441 223 481 les,
258 441 346 474 aliae
372 440 542 484 partiales,
597 439 777 473 Univocae
803 446 906 481 sunt,
938 452 1016 473 cum
1041 453 1147 484 gene-

154 503 236 524 rans
252 498 283 524 et
301 492 457 534 genitum
473 497 556 524 sunt
574 490 729 523 eiusdem
750 491 897 534 speciei,
926 498 964 524 ut
980 504 1058 525 cum
1078 490 1144 525 ho—

153 554 212 575 mo
244 548 386 585 generat
420 538 612 574 hominem.

151 700 322 726 nerantur
337 705 375 726 ex
393 690 634 738 hydrargyro,
662 694 697 727 id
723 702 789 732 est,
817 701 962 737 argento
981 695 1081 735 vivo,
1109 702 1142 728 et

150 741 330 787 sulphure.
358 742 627 790 Hydrargyrum
639 757 721 777 vero
738 751 788 778 est
807 745 1002 778 substantia
1020 757 1141 790 aquea,

151 794 256 827 mixta
274 801 386 828 terrae
403 795 542 835 subtili,
569 808 647 828 cum
666 808 776 839 vapor
798 796 938 828 subtilis
957 799 1058 829 aereo
1078 794 1141 829 ha-

149 845 229 878 litui
262 846 392 879 virtute
423 845 517 879 Solis
550 846 653 889 longa
687 846 933 889 coagulatione
967 847 1139 890 iungitur.

147 893 308 939 Sulphur
330 903 444 929 autem
469 903 518 929 est
539 909 578 929 ex
607 897 730 930 subtili
753 904 866 937 terra,
893 897 999 932 mixta
1027 898 1138 931 multo
1166 901 1168 931 i

145 949 244 987 aere,
277 948 372 980 unde
407 954 457 981 est
491 955 723 987 unctuosum,
766 954 800 981 et
834 949 969 982 accedit
1004 949 1136 994 aliquid
1165 985 1167 992 ¹

146 997 269 1040 igneae
297 1005 454 1033 naturae.

248 1054 300 1089 Ex
338 1054 393 1090 his
420 1057 532 1091 initiis
566 1058 707 1091 metalla
742 1057 879 1090 diversa
908 1065 1138 1101 generantur,

147 1118 300 1152 quorum
327 1107 459 1152 species
485 1108 551 1141 etsi
575 1109 782 1142 discernunt
800 1108 912 1152 aliqui
937 1109 1088 1152 puritate
1106 1116 1137 1142 et

145 1157 351 1201 impuritate
385 1161 520 1201 argenti
553 1159 625 1191 vivi
661 1166 693 1192 et
731 1156 932 1202 sulphuris,
967 1166 1137 1204 tanquam

145 1208 356 1253 propinquis
380 1209 493 1242 causis
510 1209 742 1249 diversitatis,
770 1216 886 1242 tamen
912 1209 1136 1253 adiungenda

145 1266 196 1292 est
211 1259 264 1291 vis
279 1259 426 1292 luminis
443 1259 620 1299 coelestis,
649 1262 742 1305 quod
767 1261 949 1293 materiam
966 1261 1079 1301 fovet,
1104 1267 1136 1294 et

143 1309 254 1352 magis
280 1309 335 1342 vel
359 1310 476 1343 minus
498 1322 622 1353 puram
647 1312 770 1351 efficit,
799 1317 838 1343 ut
855 1309 994 1344 Aurum
1021 1318 1070 1344 est
1096 1323 1133 1344 ex

143 1366 288 1402 argento
306 1360 387 1393 vivo
407 1361 516 1393 rubro
530 1367 562 1394 et
577 1361 778 1403 purissimo,
803 1368 836 1394 et
851 1373 889 1393 ex
901 1359 1082 1405 sulphure,
1101 1363 1135 1394 vi

141 1409 236 1444 Solis
257 1417 407 1444 coctum.
464 1410 505 1443 In
530 1418 674 1454 argento
690 1411 792 1444 Luna
815 1418 846 1444 et
868 1411 1002 1455 Iupiter
1019 1413 1133 1445 domi-

139 1468 283 1496 nantur.
337 1460 430 1495 Sunt
446 1460 555 1504 igitur
571 1462 712 1496 metalla
730 1462 926 1501 ductibilia,
954 1463 1035 1507 quia
1054 1471 1135 1497 sunt

138 1518 332 1553 unctuosa,
360 1519 393 1546 et
415 1512 621 1555 liquefiunt,
650 1512 732 1558 quia
758 1513 849 1546 inest
873 1520 999 1546 natura
1023 1526 1133 1559 aquea

141 1563 277 1605 argenti
302 1563 384 1596 vivi.
437 1561 514 1597 Etsi
537 1571 653 1597 autem
676 1564 832 1597 studiose
849 1564 1046 1609 quaesitum
1073 1572 1135 1605 est,

141 1625 232 1658 quae
257 1625 312 1647 res
340 1613 384 1646 sit
406 1610 603 1657 Argentum
631 1616 770 1655 vivum,
804 1621 923 1648 tamen
950 1616 1133 1659 explicatio

141 1664 324 1708 perspicua
349 1664 503 1697 inveniri
529 1677 602 1698 non
621 1672 752 1709 potest,
780 1665 850 1698 nisi
867 1677 985 1698 semen
1009 1667 1133 1699 metal-

142 1714 258 1747 lorum
284 1715 350 1748 tale
377 1715 561 1748 conditum
583 1727 673 1756 esse,
700 1716 794 1760 quod
821 1716 866 1749 sit
884 1716 980 1749 velut
1008 1729 1134 1760 coagu-

142 1765 215 1798 lum
228 1790 237 1803 ,
266 1766 303 1798 in
321 1777 390 1810 quo
409 1766 560 1798 multum
578 1773 628 1800 est
650 1769 769 1799 a'e'reae
787 1772 942 1799 naturae.
995 1766 1135 1800 Plinius

141 1815 316 1860 liquorem
342 1822 524 1849 aeternum
549 1817 721 1851 nominat.
778 1816 847 1850 Sed
873 1814 957 1849 haec
976 1818 1135 1861 disputa-

139 1867 190 1900 tio
227 1867 270 1899 ad
307 1867 506 1900 doctrinam
544 1868 586 1900 de
620 1867 772 1901 metallis
807 1867 971 1911 pertinet.
1031 1868 1134 1902 Nunc

140 1917 256 1950 obiter
280 1917 398 1960 attigi,
433 1930 512 1951 cum
543 1919 585 1951 de
610 1918 760 1951 diversis
795 1918 982 1961 generibus
1011 1919 1133 1952 dicen—

139 1968 224 2001 dum
251 1975 350 2002 esset.

244 2025 438 2059 Generatio
457 2026 575 2060 totalis
592 2032 661 2064 est,
690 2032 729 2059 ut
746 2038 825 2060 cum
842 2027 1020 2070 integrum
1039 2027 1134 2060 indi-

140 2076 288 2110 viduum
306 2077 479 2118 nascitur,
507 2074 615 2110 homo
638 2089 678 2110 ex
697 2074 862 2118 homine,
891 2079 955 2111 bos
973 2091 1012 2111 ex
1031 2079 1133 2113 bove.

244 2143 313 2178 Sed
332 2145 509 2188 generatio
527 2144 685 2189 partialis
703 2151 754 2178 est
769 2145 931 2179 nutritio.
964 2145 1053 2179 Nam
1065 2159 1132 2180 nu-

142 2195 239 2229 tritio
266 2206 338 2228 non
370 2202 508 2230 tantum
534 2203 585 2230 est
612 2196 774 2229 alteratio
804 2197 1036 2238 nutrimenti,
1070 2199 1131 2231 sed

142 2246 326 2280 conversio
344 2246 379 2278 in
398 2247 630 2281 substantiam
648 2247 757 2291 partis
776 2259 864 2292 quae
882 2248 1050 2282 nutritur.
1085 2248 1132 2283 Et

142 2295 235 2330 hanc
266 2297 533 2331 conversionem
566 2298 698 2332 multae
731 2298 956 2332 alterationes
991 2312 1133 2341 praece-

142 2350 251 2388 dunt,
287 2355 326 2381 ut
351 2347 387 2379 in
415 2349 629 2392 ventriculo,
666 2356 765 2393 epate
798 2356 833 2383 et
856 2350 955 2383 venis
979 2351 1132 2392 elixatio,

141 2400 254 2432 donec
276 2399 418 2432 tandem
439 2398 528 2432 sacta
552 2400 847 2434 transmutatione
871 2401 1130 2436 nutrimentum

141 2450 180 2483 fit
204 2461 283 2493 pars
307 2449 543 2490 substantiae,
576 2456 615 2483 ut
637 2451 773 2492 carnis,
800 2458 861 2486 aut
886 2452 1040 2494 ossium,
1071 2460 1132 2487 aut

142 2501 292 2534 aliarum
308 2501 461 2544 partium
473 2527 481 2541 ‚
507 2511 596 2545 quae
614 2500 770 2537 aluntur.

243 2555 322 2591 Etsi
339 2566 457 2593 autem
474 2557 560 2592 alibi
578 2557 614 2590 in
630 2558 791 2593 doctrina
808 2562 850 2594 de
869 2562 1037 2605 potentiis
1053 2563 1130 2595 ani-

143 2620 219 2642 mae
244 2609 421 2653 copiosius
449 2609 580 2643 dicitur
610 2609 652 2642 de
680 2610 893 2652 nutritione,
927 2619 1045 2646 tamen
1073 2611 1131 2647 hic

139 2659 294 2694 breviter
311 2661 513 2696 addendum
530 2666 601 2702 est,
628 2671 736 2705 quare
758 2660 796 2693 in
821 2663 1029 2706 corporibus
1051 2665 1130 2698 ani-

871 90 1028 127 INITIA
1055 89 1347 128 DOCTRINAE
1373 93 1627 134 PHYSICAE.

673 539 774 574 Aliae
803 548 885 575 sunt
920 543 1144 587 aequivocae,
1172 545 1173 554 ¹

153 604 242 637 quae
259 593 389 625 multae
404 599 487 624 sunt
506 599 538 626 et
556 592 755 628 dissimiles.
798 590 925 626 Calore
944 594 1084 627 coelesti
1104 606 1143 627 ex
1170 597 1172 608 ¹

153 655 282 686 vapore
302 643 497 686 putrefacto
518 650 732 685 generantur
750 655 878 678 ranae.-
920 643 1066 677 Metalla
1084 656 1143 687 ge·
1169 657 1171 668 ¹

2125 102 2201 141 406

1208 178 1355 211 malium
1382 192 1470 224 opus
1493 182 1530 216 fit
1551 182 1764 223 nutritione,
1799 185 1881 230 quia
1909 186 2071 221 videlicet
2099 190 2195 223 calor

1206 230 1378 263 naturalis
1404 233 1570 266 continue
1595 234 1665 277 agit
1690 235 1726 267 in
1753 232 1940 269 humidum
1966 239 2135 280 radicale,
2162 249 2196 275 et

1207 281 1381 314 consumit
1399 282 1552 326 aliquam
1573 292 1705 328 partem
1725 287 1761 319 in
1779 287 1855 331 ipso
1873 285 2021 322 humido
2039 290 2194 324 radicali.

1202 329 1348 364 Necesse
1365 339 1415 365 est
1440 333 1548 375 igitur
1572 336 1789 371 nutrimento
1818 339 2008 374 instaurari
2033 341 2067 374 id
2096 343 2190 386 quod

1201 382 1424 425 absumptum
1443 391 1503 419 est.

1304 457 1518 492 Nominatur
1534 466 1649 493 autem
1674 460 1871 496 Humidum
1891 467 2063 507 radicale,
2092 470 2187 513 quod

1201 519 1262 551 per
1276 510 1539 551 generationem
1569 517 1602 545 et
1630 511 1777 553 primam
1803 514 1915 547 foetus
1938 518 2185 552 formationem

1199 558 1288 592 inest
1311 561 1477 593 membris
1502 561 1735 603 radicalibus,
1763 570 1801 596 ut
1827 566 1922 598 calor
1949 569 2120 601 naturalis
2144 582 2184 603 eo

1197 609 1313 644 alatur
1335 617 1367 643 et
1393 619 1630 647 conservetur.
1685 612 1755 647 Nec
1781 626 1882 647 causa
1903 616 1967 649 alia
1986 622 2183 661 quaerenda

1197 667 1265 698 est,
1295 661 1362 693 nisi
1381 663 1462 707 quia
1481 663 1652 696 divinitus
1668 663 1715 697 ita
1731 666 1872 698 condita
1893 674 1941 699 est
1959 675 2081 701 natura
2107 671 2185 702 ani-

1168 729 1170 740 ι
1197 712 1388 753 manuum,
1422 720 1460 746 ut
1486 714 1556 746 vita
1588 714 1714 747 similis
1741 715 1784 748 sit
1818 716 1997 757 flammae,
2031 720 2183 754 subinde

1195 763 1345 806 rapienti
1369 775 1408 796 ex
1434 761 1581 797 humido
1609 765 1828 800 alimentum.
1884 767 1929 802 Ut
1948 769 2042 802 enim
2068 769 2104 802 in
2130 771 2182 815 ly-

1195 811 1287 845 chno
1310 814 1450 847 flamma
1477 815 1585 848 alitur
1606 827 1702 856 cera,
1737 817 1787 849 sic
1812 818 1924 859 calor,
1952 831 2012 852 seu
2039 820 2181 863 spiritus

1196 863 1331 904 vitalis,
1358 866 1417 910 qui
1434 866 1661 910 praecipuum
1679 874 1729 900 est
1745 868 1836 901 vitae
1853 876 1885 902 et
1903 877 2019 903 motus
2043 871 2180 905 instru—

1195 923 1371 954 mentum,
1400 917 1491 961 rapit
1508 929 1547 950 ex
1564 917 1625 950 illo
1646 915 1793 951 humido
1813 919 2031 956 alimentum.

1295 988 1434 1023 Deinde
1459 990 1719 1025 Nutrimeutale
1747 1000 1779 1027 et
1812 993 1964 1027 influens
1993 993 2179 1031 humidum

1164 1040 1167 1065 ἓ
1194 1047 1355 1080 vocatur,
1383 1043 1477 1085 quod
1506 1055 1545 1075 ex
1570 1043 1789 1077 nutrimento
1812 1046 2061 1088 adgeneratur,
2089 1054 2121 1081 et
2145 1049 2182 1083 fit

1192 1103 1379 1124 commune
1397 1093 1542 1125 radicali
1561 1090 1722 1128 humido.
1777 1094 1860 1128 Ideo
1880 1103 1996 1130 autem
2012 1110 2084 1131 non
2102 1111 2181 1143 per-

1195 1149 1299 1184 petuo
1318 1143 1448 1176 durant
1466 1155 1625 1186 corpora,
1649 1145 1731 1188 quia
1746 1156 1826 1188 pars
1841 1147 2032 1181 adveniens
2047 1155 2097 1183 est
2114 1149 2179 1182 im-

1193 1193 1325 1235 purior.
1375 1192 1465 1226 Cum
1484 1194 1590 1237 igitur
1607 1202 1683 1238 post
1700 1194 1825 1240 ἀκμὴν
1842 1199 1999 1241 corporis
2017 1200 2180 1233 debilita-

1192 1250 1249 1275 tur
1281 1244 1378 1276 calor
1406 1245 1597 1285 naturalis,
1631 1257 1710 1288 pars
1737 1247 1938 1280 instaurans
1968 1261 2040 1282 non
2074 1248 2179 1285 babet

1192 1305 1308 1336 parem
1327 1295 1494 1328 virtutem
1522 1295 1668 1328 amissae
1693 1297 1802 1340 parti,
1829 1305 1861 1330 et
1886 1300 2056 1342 paulatim
2084 1302 2180 1335 calor

1191 1344 1308 1377 minus
1341 1345 1444 1378 vertit
1474 1346 1509 1377 iu
1543 1347 1775 1380 substantiam
1807 1350 1984 1392 corporis,
2022 1358 2054 1384 et
2083 1354 2178 1396 quod

1189 1394 1314 1435 vertit,
1350 1408 1423 1428 non
1447 1397 1640 1441 percoquit.
1700 1395 1748 1431 Et
1771 1398 1924 1431 vicissim
1956 1413 2034 1433 cum
2064 1403 2180 1435 nutri-

1191 1452 1347 1478 mentum
1384 1446 1510 1479 caloris
1547 1448 1664 1480 miuus
1701 1455 1734 1481 et
1766 1448 1941 1492 impurius
1978 1451 2042 1492 sit,
2085 1454 2181 1487 calor

1189 1496 1224 1529 fit
1254 1497 1419 1532 debilior.
1485 1497 1536 1531 lta
1573 1499 1789 1532 senescentia
1826 1512 1972 1545 corpora
2011 1503 2179 1546 paulatim

1189 1547 1419 1590 languefiuut.

1292 1620 1337 1656 Et
1354 1621 1560 1655 Aristoteles
1577 1623 1698 1656 definit
1717 1624 1826 1658 vitam
1846 1637 1918 1659 esse
1942 1630 2180 1664 conservatio-

1189 1685 1268 1706 nem
1299 1673 1424 1706 caloris
1458 1673 1590 1715 nativi,
1623 1681 1656 1707 et
1688 1683 1836 1709 mortem
1867 1689 1939 1710 esse
1970 1680 2180 1714 destructio-

1190 1736 1269 1756 nem
1288 1724 1397 1758 nativi
1415 1724 1560 1765 caloris,
1589 1737 1737 1769 quarum
1755 1727 2003 1761 definitionum
2027 1731 2179 1765 brevitas

1190 1786 1332 1817 magnas
1365 1775 1621 1819 disputationes
1650 1777 1798 1819 peperit.
1860 1777 1929 1811 Sed
1961 1780 2179 1824 intelligatur

1188 1826 1372 1870 utriusque
1408 1826 1650 1868 consumptio,
1690 1827 1815 1861 caloris
1850 1835 1884 1863 et
1915 1827 2071 1872 humidi,
2108 1844 2178 1877 quo

1188 1876 1296 1908 alitur
1328 1876 1433 1910 calor.
1496 1875 1649 1919 Spiritus
1682 1877 1799 1911 vitalis
1830 1880 2064 1923 extinguitur,
2098 1895 2177 1916 cum

1189 1938 1262 1958 non
1282 1926 1389 1959 alitur
1403 1939 1420 1959 a
1440 1926 1672 1960 conveniente
1688 1925 1850 1962 humido.
1903 1928 1949 1964 Et
1968 1942 2089 1965 rursus
2109 1945 2178 1966 nu-

1189 1977 1395 2010 trimentum
1415 1989 1487 2010 nou
1505 1978 1662 2011 converti
1682 1985 1812 2022 potest,
1841 1992 1918 2014 cum
1938 1981 2178 2025 languefactus

1189 2034 1238 2060 est
1256 2028 1361 2060 calor.
1414 2027 1466 2061 lta
1481 2034 1602 2061 mutua
1621 2041 1686 2073 ope
1704 2030 1908 2065 destituitur
1924 2029 2054 2066 humor
2069 2046 2086 2067 a
2106 2035 2178 2077 spi-

1188 2079 1260 2112 ritu
1283 2078 1410 2129 vitali,⁴
1432 2085 1465 2112 et
1489 2078 1633 2122 spiritus
1666 2080 1781 2114 vitalis
1809 2082 1853 2115 ab
1883 2080 2044 2116 humore.
2105 2083 2177 2118 Nec

1187 2141 1309 2163 causae
1328 2130 1365 2162 in
1381 2130 1590 2174 corporibus
1605 2131 1841 2165 animantium
1861 2133 1949 2166 aliae
1961 2134 2080 2178 quaeri
2096 2146 2177 2178 pos—

1187 2187 1279 2216 sunt.
1333 2179 1502 2214 Mirando
1520 2181 1668 2214 consilio
1687 2181 1753 2215 Dei
1772 2183 1818 2215 ita
1836 2184 1975 2216 condita
1995 2191 2076 2218 sunt
2097 2198 2176 2219 cor-

1188 2243 1290 2275 pora,
1316 2238 1355 2264 ut
1374 2228 1440 2265 hoc
1459 2233 1566 2265 modo
1583 2232 1721 2272 vivant,
1749 2233 1871 2276 spiritu
1897 2234 1993 2267 vitali
2018 2236 2176 2279 rapiente

1186 2283 1394 2316 alimentum
1422 2294 1461 2316 ex
1485 2280 1655 2323 humido,
1682 2290 1715 2316 et
1742 2284 1777 2315 vi
1804 2284 1928 2317 caloris
1953 2285 2011 2318 fiat
2036 2283 2175 2320 humidi

1186 2333 1383 2368 conversio.

1286 2407 1502 2442 Dominatur
1539 2419 1619 2451 ergo
1651 2407 1746 2440 calor
1782 2418 1843 2441 seu
1873 2409 2017 2452 spiritus
2048 2412 2174 2455 vitalis,

1185 2460 1246 2505 qui
1266 2467 1316 2494 est
1332 2459 1398 2493 Dei
1416 2470 1524 2503 opus,
1553 2465 1586 2492 et
1603 2457 1788 2499 significat,
1815 2458 1884 2492 alio
1907 2461 2054 2504 spiritu,
2080 2465 2175 2497 divi-

1184 2523 1230 2544 no
1256 2511 1406 2551 scilicet,
1441 2508 1531 2542 hanc
1556 2508 1739 2541 mortalem
1771 2516 1933 2543 naturam
1959 2512 1997 2545 in
2030 2511 2175 2549 homine

1184 2569 1380 2595 concretam
1410 2572 1450 2592 ex
1473 2559 1655 2592 elementis
1683 2560 1846 2599 accendi,
1880 2568 1918 2595 ut
1943 2563 2002 2597 fiat
2027 2565 2173 2599 immor-

1184 2613 1275 2647 talis,
1327 2610 1482 2652 Perspici
1502 2610 1643 2653 penitus
1662 2616 1786 2643 natura
1803 2623 2009 2656 corporum,
2035 2622 2068 2649 et
2092 2628 2174 2649 cau—

1183 2674 1240 2696 sae
1266 2662 1356 2695 vitae
1388 2668 1422 2695 et
1448 2666 1610 2694 motuum
1639 2672 1713 2694 non
1745 2669 1909 2705 possunt,
1942 2665 2002 2698 sed
2030 2667 2174 2700 umbras

1606 2708 1688 2746 26*
