2379 2948
19 278 29 319 ,ιε
23 248 28 262 ⁴
20 185 30 238 ’.αι-ι

141 84 214 122 661

515 175 587 207 Res
609 176 754 220 gestae.

242 246 397 290 Regula,
423 246 634 291 congruunt
657 259 711 281 res
730 254 845 291 gestae
865 259 945 281 cum
965 245 1057 279 vitae
1072 257 1130 289 ge-

139 310 227 332 nere
251 299 423 332 divinitus
448 299 644 339 ordinatio,
678 299 773 343 quod
799 309 879 331 cum
903 298 964 337 sit,
999 297 1129 330 multa-

139 361 219 382 rum
242 349 414 383 virtutum
434 350 586 383 actiones
604 360 814 382 concurrere
831 359 970 381 necesse
991 354 1061 387 est,
1089 354 1129 381 ut

138 399 177 432 in
193 398 331 434 Davide
351 400 561 445 praeliante,
588 399 694 432 simul
716 399 835 433 lucent
859 399 944 432 fides
967 404 1001 431 et
1024 398 1125 431 invo-

138 450 230 484 catio
249 449 337 491 Dei,
362 462 460 483 amor
477 448 673 490 Ecclesiae,
701 462 764 493 pro
789 462 858 494 qua
879 451 1009 494 perfert
1026 449 1126 483 labo—

138 513 193 534 res
226 507 259 535 et
288 501 461 545 pericula,
496 500 625 533 deinde
656 501 848 543 confessio,
884 500 1055 535 fortitudo
1088 500 1125 532 in

137 552 358 593 dimicando,
385 557 418 585 et
436 551 574 586 iusticia
593 562 672 595 erga
692 563 784 586 suos.

539 655 715 689 Eventus.

236 728 391 772 Regula,
426 727 520 763 Iusta
554 737 586 764 et
616 728 810 763 necessaria
840 728 1033 774 unicuique
1061 740 1123 763 suo

135 782 212 815 loco
235 780 394 813 facienda
418 788 521 819 sunt,
550 787 582 814 et
606 781 711 814 simul
735 780 945 824 petendum,
971 787 1010 813 ut
1026 778 1123 813 Deus

134 832 306 876 gubernet
329 831 475 864 consilia
501 838 533 864 et
557 838 720 872 eventus,
748 832 843 876 quod
867 842 944 863 cum
964 831 1123 872 facimus,

133 883 332 927 plerunque
355 888 554 927 sequuntur
578 882 709 926 placidi
735 882 863 922 exitus,
896 881 990 914 iuxta
1014 881 1122 914 illud:

133 931 251 967 Iustus
275 939 313 966 ut
338 933 452 977 palma
468 933 620 969 florebit.
675 932 778 967 Item:
807 930 1026 965 Commenda
1046 932 1121 966 Deo

131 984 226 1017 viam
241 990 355 1024 tuam,
383 991 416 1018 et
434 985 506 1029 ipse
523 984 635 1019 faciet.
689 983 794 1017 Item:
822 981 903 1016 Non
922 989 1034 1026 potest
1052 983 1118 1016 sibi

131 1032 240 1069 homo
265 1034 454 1080 quicquam
479 1046 636 1075 sumere,
664 1035 732 1067 nisi
759 1035 879 1067 datum
905 1034 951 1067 sit
974 1034 1005 1066 ei
1029 1034 1121 1067 divi-

129 1085 240 1120 nitus.
294 1084 469 1125 Econtra‚
497 1086 621 1119 ordine
637 1085 809 1119 divinitus
825 1084 978 1124 sancito,
1003 1083 1120 1118 etDeo

131 1148 214 1170 vere
230 1136 401 1180 puniente
422 1137 571 1178 scelera,
601 1136 749 1170 iniustas
768 1142 801 1169 et
818 1147 891 1168 non
910 1136 1120 1169 necessarias

131 1187 305 1228 actiones,
333 1187 448 1220 tristes
466 1199 599 1231 poenae
617 1193 650 1220 et
669 1199 814 1230 magnae
831 1186 1044 1219 calamitates
1061 1199 1119 1220 co-

130 1238 323 1279 mitantur,
355 1238 449 1272 iuxta
481 1236 566 1271 haec
596 1238 708 1271 dicta:
742 1236 814 1279 Qui
841 1237 998 1279 gladium
1022 1249 1120 1270 acce-

129 1289 241 1333 perit,
269 1289 386 1331 gladio
410 1289 551 1332 peribit.
603 1288 706 1322 Item:
735 1288 953 1321 Scortatores
969 1294 1002 1320 et
1019 1289 1119 1320 adul-

129 1346 223 1373 teros
240 1339 362 1383 puniet
376 1338 484 1374 Deus.
536 1337 582 1372 Et
598 1336 771 1371 Ethnicos
786 1338 1000 1381 experientia
1018 1339 1118 1371 fateri

129 1390 260 1433 coiigit,
287 1388 401 1423 Deum
424 1389 601 1422 vindicem
625 1401 696 1422 esse
714 1389 898 1422 scelerum.
954 1388 1047 1422 Hinc
1065 1396 1119 1422 to—

128 1440 193 1475 ties
218 1441 364 1484 repetita
388 1447 439 1474 est
464 1439 550 1474 haec
574 1441 763 1474 sententia:
793 1439 983 1486 Aspiciunt
1007 1440 1119 1473 oculis

129 1492 246 1536 superi
264 1492 428 1525 mortalia
444 1492 557 1525 iustis.

232 1541 278 1575 Et
294 1542 485 1576 Homerus:
515 1541 559 1576 οὐ
576 1540 651 1587 μὴν
671 1540 815 1586 σχέτλια
835 1540 925 1589 ἔργα
944 1540 1027 1576 θεοὶ
1046 1538 1117 1586 μά-

128 1606 237 1640 καρες
261 1591 463 1639 φιλέουσιν.
531 1593 723 1626 Hesiodus:
765 1591 786 1638 ἡ
812 1589 851 1626 δὲ
879 1591 974 1637 κακὴ
998 1592 1118 1638 βούλῃ

128 1647 182 1691 τῷ
205 1640 452 1689 βουλεύσαντι
477 1641 643 1689 κακίστη.
698 1642 745 1677 Et
768 1643 897 1676 similia
919 1644 1011 1678 dicta
1039 1656 1118 1687 pas-

129 1696 194 1728 sim
212 1702 344 1729 extant:
371 1694 514 1739 τεύχων
538 1693 587 1733 ὠς
609 1692 719 1740 ἑτέρῳ
743 1692 777 1728 τὶ
802 1693 851 1740 ἑῷ
874 1692 991 1729 κακὸν
1006 1694 1115 1740 ἥπατι

128 1742 260 1790 τεύχει.
328 1745 432 1779 Item:
468 1743 528 1780 οἷα
557 1744 584 1779 τ’
618 1743 712 1790 ἀνὴρ
744 1744 852 1790 ἴρξει,
888 1746 991 1780 τοῖον
1018 1743 1118 1784 τέλος

128 1795 245 1831 αὐτὸν
267 1793 395 1831 ἱκάνει.
451 1795 504 1830 Ac
526 1798 568 1830 de
585 1797 735 1830 atrocib.
752 1796 889 1829 delictis
904 1797 1115 1830 universali-

126 1855 180 1882 ter
206 1848 325 1891 regula
350 1859 430 1881 vera
455 1855 522 1888 est,
550 1848 669 1892 puniri
688 1859 724 1880 ea
744 1854 776 1880 et
794 1847 831 1879 in
848 1844 913 1880 hac
933 1848 1002 1880 vita
1020 1859 1116 1880 mor-

125 1899 189 1932 tali
227 1899 374 1933 atrocib.
410 1899 548 1943 poenis:
593 1899 674 1931 ideo
703 1910 804 1942 saepe
833 1905 1039 1941 argumenta
1072 1899 1115 1931 ab

127 1950 313 1983 eventibus
341 1951 531 1984 ducuntur.
597 1949 688 1983 Nam
718 1961 839 1982 verum
870 1955 920 1982 est
950 1947 1114 1982 honestas

127 2011 248 2033 causas
270 2001 387 2034 ornari
411 2001 572 2034 secundis
590 2000 790 2040 eventibus,
818 2000 899 2045 quia
916 2000 1114 2043 significant

128 2051 285 2084 divinam
317 2053 664 2096 comprobationem,
699 2058 738 2085 ut
764 2051 932 2084 victoriae
955 2051 1114 2091 Davidis,

127 2101 297 2144 Augusti,
335 2102 582 2142 Constantini,
623 2114 750 2146 magna
780 2110 862 2136 sunt
894 2110 1114 2143 ornamenta,

128 2153 211 2197 quia
229 2164 308 2185 vere
324 2161 404 2188 sunt
420 2155 587 2188 beneficia
604 2154 737 2187 divina.
791 2153 839 2187 At
857 2161 1016 2194 econtra,
1041 2154 1110 2186 exi-

127 2210 183 2237 tus
212 2204 335 2246 tragici
365 2205 561 2248 significant
592 2205 681 2238 iram
705 2204 771 2238 Dei
803 2212 836 2238 et
863 2205 934 2238 irae
961 2217 1112 2245 causam,

127 2261 166 2288 ut
198 2255 309 2287 exitus
331 2254 487 2297 Paridis,
521 2256 683 2301 Aegys³i‚
719 2263 752 2289 et
778 2256 961 2292 similium.
1023 2255 1110 2290 Cum

127 2305 289 2348 congruit
320 2318 430 2349 poena
455 2319 532 2340 cum
557 2308 702 2346 scelere,
736 2308 887 2340 dicimus
913 2308 1108 2351 exemplum

126 2368 146 2390 a
161 2355 237 2389 Deo
257 2357 476 2400 propositum
495 2370 585 2402 esse,
614 2371 683 2404 quo
701 2366 734 2393 et
750 2359 834 2392 istos
851 2359 1051 2399 damnavit,
1079 2365 1110 2391 et

126 2414 280 2441 caeteros
298 2409 340 2440 de
359 2408 580 2452 providentia
598 2410 875 2444 commonefecit.
931 2409 1110 2443 Hactenus
1134 2436 1137 2449 ,

127 2459 170 2491 de
194 2459 378 2492 eventibus
400 2459 620 2501 regularibus
644 2461 777 2494 dictum
804 2468 869 2494 est:
905 2461 996 2495 Nam
1018 2459 1110 2494 hanc
1134 2452 1137 2484 l

126 2510 283 2553 regulam
303 2510 340 2542 in
356 2510 542 2553 disciplina
560 2511 699 2553 politica
714 2510 810 2544 Deus
826 2512 1021 2557 plerunque
1037 2524 1111 2545 ser-

126 2568 204 2601 vat,
240 2562 297 2594 dat
329 2561 429 2595 iustis
461 2569 492 2594 et
519 2562 709 2594 moderatis
732 2562 888 2605 placidos
913 2564 1043 2603 exitus,
1078 2569 1110 2596 et

761 84 806 122 V,
865 78 1191 120 EROTEMATA
1223 76 1560 117 DIALECTICES.

127 2618 267 2645 econtra
305 2613 435 2646 atrocia
469 2612 594 2645 delicta
629 2612 733 2656 punit
763 2614 940 2646 atrocibus
974 2614 1109 2658 poenis.

127 2660 174 2695 Et
191 2669 332 2696 eatenus
350 2675 470 2696 verum
487 2670 536 2697 est
552 2664 685 2697 dictum
700 2663 742 2696 de
758 2663 959 2708 disciplina:
988 2664 1109 2698 Mores

2095 84 2170 122 662

1181 177 1262 200 suos
1295 165 1422 211 cuique
1454 167 1634 201 fortunam
1666 167 1797 211 facere,
1840 169 1923 215 quia
1953 183 2075 205 verum
2105 180 2169 214 est,

1180 216 1360 261 placidum
1389 229 1529 250 cursum
1556 230 1627 251 esse
1652 217 1882 253 honestorum
1910 228 1942 254 et
1967 223 2168 256 moderato-

1180 280 1276 307 rum,
1311 274 1343 300 et
1375 268 1506 301 atrocia
1535 269 1662 303 delicta
1684 271 1804 314 puniri
1829 272 2007 306 atrocibus
2032 274 2167 317 poenis.

1178 317 1224 352 Et
1244 324 1335 351 recte
1354 318 1440 351 dicit
1460 317 1650 361 Isocrates,
1679 323 1836 356 refutans
1855 335 1932 365 eos,
1959 323 2021 368 qui
2037 331 2168 367 negant

1178 381 1249 402 esse
1275 369 1554 412 providentiam:
1590 368 1707 404 Etiam
1732 373 1759 405 si
1785 386 1853 418 qua
1877 375 2035 419 exempla
2059 375 2168 408 raris-

1181 420 1268 453 sima
1293 426 1543 463 opponuntur,
1571 426 1687 454 tamen
1712 435 1785 455 non
1809 432 1991 468 propterea
2008 437 2026 459 a
2044 426 2166 470 regula

1178 470 1429 504 discedendum
1447 481 1530 511 esse,
1553 477 1592 503 ut
1608 483 1688 504 vera
1706 480 1755 506 est
1772 476 1905 517 regula:
1934 476 2018 512 Dies
2034 474 2166 522 hyber—

1177 533 1241 555 nos
1267 521 1468 564 frigidiores
1493 532 1565 553 esse
1588 522 1748 561 aestivis,
1777 525 1912 558 etiamsi
1931 526 2109 560 interdum
2128 528 2166 560 in

1176 570 1301 618 hyeme
1317 572 1391 604 dies
1405 572 1558 615 tepidior
1574 572 1620 605 sit
1636 573 1755 618 aliquo
1772 576 1914 608 aestivo.
1957 576 2063 619 Quod
2081 590 2165 611 vero

1175 623 1213 655 in
1231 621 1388 656 Ecclesia
1412 623 1619 656 innocentes
1635 622 1731 657 Deus
1756 626 1851 658 cruci
1876 626 2044 666 subiecit,
2073 630 2167 662 mul—

1175 680 1230 707 tae
1261 680 1293 707 et
1317 685 1463 717 maguae
1488 685 1611 706 causae
1635 681 1735 715 sunt,
1773 676 1816 708 de
1844 677 1975 721 quibus
2000 679 2086 712 alias
2109 680 2163 712 di-

1175 725 1275 760 citur,
1329 723 1376 758 Et
1399 731 1516 757 tamen
1543 721 1607 756 hos
1632 732 1734 759 ornat
1760 726 1838 759 aliis
1863 728 2092 769 testimoniis,
2127 736 2166 763 ut

1175 787 1379 821 quanquam
1404 775 1616 810 interficitur
1633 774 1781 817 Paulus,
1809 784 1927 811 tamen
1946 779 2043 823 prius
2059 792 2165 813 orna-

1174 834 1230 861 tus
1248 833 1299 860 est
1317 826 1439 860 multis
1455 826 1668 860 testimoniis
1688 827 1830 861 divinis.

1606 948 1733 982 Aetas.

1275 1020 1425 1064 Regula,
1448 1018 1530 1054 Alia
1546 1021 1624 1055 aliis
1637 1023 1811 1057 aetatibus
1826 1024 1937 1067 magis
1953 1033 2166 1068 congruunt,

1172 1080 1212 1107 ut
1254 1072 1415 1115 fugiendi
1455 1079 1610 1106 oratores
1645 1074 1748 1115 novi,
1794 1075 2067 1117 adolescentuli,
2102 1084 2165 1113 etc.

1175 1122 1329 1157 Econtra
1354 1134 1453 1155 senes
1477 1123 1666 1164 audiendi,
1700 1124 1761 1168 qui
1788 1131 1821 1158 et
1846 1137 1927 1158 vera
1951 1127 2166 1168 didicerunt,

1173 1182 1206 1209 et
1229 1175 1290 1207 diu
1314 1174 1628 1208 consideraverunt
1648 1175 1858 1219 opinionum
1879 1177 2103 1220 discrimina,
2132 1187 2165 1213 et

1172 1227 1290 1259 minus
1308 1231 1426 1258 errant
1443 1225 1481 1257 in
1500 1225 1687 1268 deligendo
1707 1238 1812 1270 quam
1830 1227 1997 1261 iuniores.

1609 1347 1670 1379 Jllo
1675 1357 1723 1379 rs.

1273 1419 1432 1464 Regula,
1462 1419 1679 1454 Discrimina
1704 1420 1828 1454 mortis
1853 1428 1935 1455 sunt
1958 1423 2055 1466 signa
2082 1436 2165 1468 pro..

1172 1471 1348 1504 videntIae
1366 1473 1521 1505 divinae.
1576 1470 1786 1505 Universale
1802 1478 1870 1513 est,
1897 1474 2082 1508 sceleratos
2101 1474 2165 1510 hass-

1172 1524 1252 1555 bere
1277 1523 1427 1566 tragicos
1451 1523 1580 1563 exitus,
1608 1529 1646 1556 ut
1663 1521 1879 1565 Caligulam,
1906 1523 2102 1568 Neronem,
2131 1535 2165 1562 et

1171 1574 1314 1607 similes.
1369 1573 1526 1608 Econtra
1544 1574 1754 1619 plerumque
1771 1574 1853 1607 iusti
1870 1581 1903 1609 et
1920 1577 2069 1610 modesti
2088 1579 2164 1622 pla-

1170 1626 1248 1659 cida
1273 1632 1386 1659 morte
1407 1626 1675 1668 extinguuntur.
1730 1624 1840 1669 Saepe
1866 1633 1983 1660 tamen
2003 1640 2021 1661 a
2041 1636 2163 1673 tyran-

1170 1677 1225 1709 nis
1248 1676 1379 1710 iniuste
1403 1676 1668 1709 interficiuntur
1693 1676 1797 1717 boni,
1824 1683 1861 1710 ut
1884 1676 2065 1720 Socrates,
2094 1679 2163 1713 Pa-

1171 1727 1348 1772 pinianus.
1403 1726 1459 1760 Ibi
1477 1727 1554 1760 laus
1571 1733 1621 1760 est
1640 1727 1800 1766 virtutis,
1828 1730 1923 1773 quod
1942 1741 2014 1761 non
2032 1731 2162 1764 disces-

1169 1779 1278 1812 serint
1302 1790 1320 1810 a
1345 1778 1501 1816 iusticia,
1529 1784 1625 1810 metu
1647 1777 1790 1818 mortis,
1819 1779 1900 1822 quia
1926 1779 2036 1813 virtus
2062 1788 2161 1815 ante-

1168 1830 1310 1864 ferenda
1343 1836 1393 1862 est
1422 1829 1525 1862 vitae.
1594 1826 1779 1861 Caeterum
1811 1841 1900 1874 quae
1931 1830 2003 1864 sint
2027 1844 2160 1874 causae,

1168 1893 1230 1914 cur
1259 1878 1356 1913 Deus
1388 1877 1583 1912 Ecclesiam
1625 1879 1735 1921 magis
1771 1880 1930 1914 onerarit
1966 1884 2159 1925 aerumnis,

1167 1944 1272 1978 quam
1290 1931 1378 1963 alios
1395 1928 1576 1970 homines,
1602 1929 1672 1962 alio
1689 1930 1767 1963 loco
1785 1931 1926 1966 dicitur.

1266 1998 1443 2033 Recensui
1460 1997 1666 2042 praecipuos
1682 1998 1777 2032 locos
1793 2011 2043 2043 personarum,
2067 2015 2157 2048 quo-

1165 2063 1244 2084 rum
1271 2051 1412 2093 regulae
1434 2062 1508 2083 non
1532 2049 1647 2082 solum
1673 2057 1871 2084 monstrant
1897 2054 1993 2085 unde
2011 2065 2156 2087 suman-

1166 2110 1224 2136 tur
1255 2108 1481 2145 argumenta,
1521 2113 1601 2133 cum
1633 2101 1676 2133 de
1708 2102 1868 2145 personis
1901 2103 2050 2143 dicitur,
2093 2107 2154 2139 sed

1165 2154 1267 2188 etiam
1284 2159 1448 2192 monent,
1477 2164 1564 2197 quae
1582 2163 1636 2185 res
1652 2153 1837 2196 praecipue
1854 2153 1890 2185 in
1908 2150 2066 2187 historiis
2082 2156 2154 2190 cla-

1165 2217 1284 2238 rorum
1312 2201 1501 2237 hominnm
1525 2203 1801 2236 considerandae
1824 2204 1914 2241 sint,
1943 2204 2014 2238 imo
2032 2206 2068 2239 in
2086 2218 2152 2249 gu-

1164 2256 1371 2289 bernatione
1390 2255 1482 2288 vitae
1500 2255 1641 2299 prodest
1661 2254 1792 2287 intueri
1810 2255 1846 2286 in
1866 2252 1955 2288 hanc
1975 2257 2151 2300 tabellam,

1163 2315 1196 2341 et
1219 2305 1281 2340 has
1304 2307 1462 2349 regulas,
1497 2317 1583 2350 quas
1609 2306 1779 2338 recensui.
1839 2305 1905 2338 Fui
1928 2314 2044 2341 autem
2069 2309 2149 2342 bre-

1163 2359 1258 2399 vior,
1284 2359 1367 2403 quia
1391 2355 1454 2390 has
1478 2369 1557 2400 pars
1582 2356 1740 2388 locorum
1764 2356 1801 2388 in
1820 2353 2005 2391 rhetoricis
2025 2360 2149 2404 copio-

1161 2410 1232 2443 sius
1256 2410 1428 2443 tradenda
1453 2414 1514 2443 est.
1568 2405 1676 2439 Volui
1706 2413 1821 2439 tamen
1841 2407 1914 2440 eius
1931 2411 2147 2445 mentionem

1162 2462 1292 2499 facere,
1327 2460 1409 2505 quia
1442 2456 1531 2491 hanc
1562 2457 1712 2501 primam
1748 2457 1957 2491 divisionem
1986 2461 2146 2499 locorum

1162 2512 1328 2545 omnibus
1353 2516 1491 2554 oportet
1515 2519 1586 2540 esse
1605 2507 1845 2548 notissimam,
1873 2510 1960 2544 alios
1977 2523 2049 2545 esse
2067 2526 2147 2557 per-

1162 2575 1328 2596 sonarum
1340 2586 1349 2600 ‚
1376 2561 1464 2594 alios
1482 2570 1601 2592 rerum
1619 2559 1726 2592 locos.

1537 2711 1614 2744 42*
