2379 2948
151 87 224 123 353
720 86 783 121 ΙΙΙ.

150 172 354 205 ordinatum
373 182 456 207 esse.
508 170 555 206 Et
572 178 611 206 ut
633 172 693 205 illa
711 172 787 205 dira
804 170 1030 204 planetarum
1054 181 1141 202 con-

149 222 280 266 gressio
313 222 483 266 significat
518 223 699 268 aliquibus
735 221 898 265 gentibus
926 220 1140 254 mutationes

148 285 338 316 regnorum
374 280 407 307 et
440 274 556 307 varios
585 279 718 311 motus,
764 272 814 304 ita
843 266 1015 314 significat
1044 271 1138 303 idem

148 326 215 358 ista
232 324 373 357 flamma
390 322 572 362 Cometae‚
597 334 685 367 quae
702 328 734 355 et
752 322 825 366 ipsa
843 333 946 355 suum
962 333 1137 354 venenum

148 376 186 407 in
208 376 289 408 aere
306 375 459 419 spargit,
488 386 557 418 quo
573 373 766 406 multorum
790 379 1065 417 temperamenta
1083 373 1137 404 in-

150 427 328 460 ficiuntur.

250 485 308 519 Sic
325 491 359 518 et
376 485 419 517 de
441 483 609 516 monstris
626 482 697 515 dici
716 489 849 527 potest,
876 494 964 527 quae
984 493 1135 515 nascun-

147 543 204 569 tur
229 536 267 568 in
288 533 536 568 animantibus
588 533 726 566 Multae
753 534 845 566 leves
869 533 1137 577 depravationes

148 587 331 628 accidunt,
360 595 448 629 quae
473 595 555 617 casu
586 584 675 617 fiunt
702 591 846 628 propter
876 585 991 617 varios
1022 584 1137 617 fluxus
1162 585 1165 616 f

147 637 323 671 materiae.
358 635 554 668 Conservat
569 635 751 668 materiam
766 635 982 675 universam,
1011 642 1041 667 et
1059 646 1136 678 spe-

146 688 278 721 cierum
295 687 444 729 figuras,
472 692 598 719 natura
622 697 683 718 seu
705 698 804 719 mens
822 692 964 719 aeterna
984 683 1136 718 archite-

146 738 269 772 etan-ix
284 737 411 770 mundi
427 743 460 769 et
475 736 715 779 gubernatrix,
743 748 802 769 seu
818 743 934 769 motus
950 736 1037 769 coeli
1054 735 1136 768 uni-

145 788 299 821 versalis.
353 786 426 821 Nec
444 793 561 820 tamen
585 795 769 831 propterea
791 798 929 820 necesse
946 794 995 820 est
1013 787 1134 829 singu-

144 841 195 872 las
220 845 335 883 partes
365 838 531 871 materiae
562 839 600 870 in
630 836 686 870 liis
715 838 899 881 fragilibus
926 837 1135 881 corporibus

143 896 238 923 certo
257 889 384 922 ordine
410 888 505 922 ferri.
559 888 670 932 Saepe
692 889 781 921 finnt
801 889 993 932 promiscui
1009 889 1134 925 fluxus.

143 942 205 985 qui
221 937 314 973 nihil
331 939 546 982 significant:
575 946 615 973 ut
633 937 772 984 Pyrrho
794 952 856 983 pro
874 939 1050 979 dentibus,
1073 938 1134 983 qui

142 993 180 1024 in
200 991 278 1024 aliis
292 997 373 1023 sunt
390 990 558 1030 distincti,
581 991 725 1024 suerunt
743 991 813 1023 duo
833 1002 908 1023 ossa
929 990 1132 1023 continuata

143 1041 295 1085 gingivis
318 1041 341 1073 ii
358 1042 432 1075 sita.
487 1039 658 1074 Fortassis
678 1038 744 1074 hoc
761 1042 796 1073 in
813 1053 891 1083 rege
908 1041 1133 1082 magnanimo

143 1092 322 1136 singulare
346 1092 458 1124 robur
481 1091 709 1134 significabat.
765 1093 831 1126 Sed
855 1091 922 1123 suit
943 1091 979 1123 in
1005 1102 1134 1136 gynae-

144 1156 202 1176 ceo
221 1142 320 1176 ducis
339 1142 627 1185 Luneburgensis
648 1142 745 1184 virgo
766 1142 911 1182 nobilis,
935 1142 991 1175 cui
1011 1142 1132 1174 eodem
1160 1148 1161 1179 ξ

142 1194 250 1226 modo
274 1194 345 1225 duo
371 1203 447 1225 ossa
473 1193 641 1225 continua
667 1204 731 1236 pro
760 1193 924 1225 dentibus
950 1199 1067 1231 erant,
1095 1192 1132 1224 in

143 1256 211 1288 qna
238 1244 300 1277 etsi
322 1245 474 1285 gravitas
499 1243 624 1275 eximia
650 1251 739 1283 erat,
774 1250 889 1276 tannen
913 1240 1004 1274 nihil
1031 1254 1132 1286 prae—

143 1303 236 1328 terea
255 1294 445 1337 significari
463 1294 748 1326 animadversum
767 1301 827 1327 cst.

243 1359 427 1392 Interdum
448 1358 602 1401 insignes
617 1359 730 1392 foetus
750 1366 892 1402 propter
915 1359 1023 1402 ipsam
1043 1358 1131 1391 ima—

140 1412 256 1455 ginem
291 1409 487 1452 significare
517 1409 652 1453 aliquid
686 1417 960 1442 consentancum
989 1416 1059 1446 est,
1092 1416 1131 1441 ut

140 1469 221 1495 ante
238 1461 372 1494 bellum
390 1459 644 1493 Germanicum
657 1484 665 1497 ‚
693 1461 788 1504 quod
805 1460 954 1493 Carolus
979 1460 1130 1503 impera-

141 1521 198 1546 tor
221 1512 388 1544 adversus
409 1511 533 1544 ducem
554 1510 726 1543 Saxoniae
749 1518 783 1544 et
803 1511 998 1543 foederatos
1016 1510 1131 1553 gessit,

140 1570 244 1597 natus
260 1568 311 1595 est
331 1562 449 1594 infans
467 1561 503 1594 in
529 1573 615 1606 pago
634 1563 788 1606 quodam
806 1561 1024 1595 Francorum
1037 1587 1045 1603 ‚
1075 1562 1128 1593 cni

142 1619 301 1657 exempto
332 1624 372 1645 ex
397 1612 476 1645 alvo
500 1613 622 1646 matris
654 1613 766 1645 culter
792 1613 898 1646 iacuit
930 1613 967 1644 in
999 1619 1131 1650 ventre,

142 1666 300 1699 eminens
322 1663 466 1707 cuspide
491 1669 585 1696 extra
610 1670 789 1704 ventrem,
815 1665 876 1708 qui
903 1670 934 1696 et
960 1663 1129 1706 paulatim

141 1718 230 1749 sacta
250 1715 503 1758 suppuratione
523 1720 697 1747 extractus
722 1722 782 1747 est.
836 1712 972 1747 Omnes
995 1714 1131 1746 indica-

140 1773 227 1800 runt
242 1765 375 1799 bellum
394 1765 497 1798 civile
512 1764 711 1807 significari.
748 1765 820 1798 Nec
837 1771 950 1808 potest
967 1762 1023 1796 hic
1040 1761 1131 1808 phy-

141 1818 209 1850 sica
227 1828 328 1849 causa
347 1816 461 1851 reddi.
504 1814 610 1849 Unde
628 1816 722 1848 enim
739 1815 851 1848 culter
874 1815 1025 1847 insertus
1045 1815 1131 1846 fuis-

141 1875 191 1902 set
209 1869 288 1901 alvo
308 1866 456 1900 matris?
509 1865 578 1899 Sed
597 1866 782 1899 diabolicis
808 1865 1004 1910 praestigiis
1021 1865 1132 1897 culter

142 1919 257 1952 ventri
275 1917 420 1950 infantis
435 1917 562 1958 infixus
578 1924 641 1957 est,
669 1918 711 1949 ad
729 1917 975 1959 significandas
993 1923 1131 1948 mutuas

141 1971 263 2002 caedes
289 1969 442 2009 civium,
477 1968 539 2013 qui
563 1968 659 2001 velut
684 1968 721 2000 in
749 1969 879 2000 viscera
905 1979 965 2000 sua
997 1968 1130 1999 ferrum

141 2028 257 2063 postea
275 2020 504 2053 strinxerunt.

241 2077 295 2112 Ex
324 2077 380 2112 his
412 2079 578 2112 omnibus
604 2091 692 2123 quae
720 2078 811 2111 dicta
843 2084 944 2117 sunt,
979 2075 1130 2118 intelligi

143 2137 273 2174 potest,
307 2130 394 2174 quid
418 2130 462 2162 ad
487 2129 681 2163 Democriti
706 2136 953 2172 argumentum
985 2139 1131 2170 respon-

144 2181 301 2213 dendnm
327 2181 391 2218 sit,
416 2192 558 2213 manere
584 2181 716 2214 scilicet
739 2179 947 2224 principalia
973 2179 1130 2210 membra

144 2235 180 2264 in
203 2237 347 2271 natura,
373 2237 407 2264 et
423 2232 624 2264 conservari
648 2232 829 2269 ordinem,
855 2230 989 2263 etiamsi
1014 2230 1050 2261 in
1075 2229 1131 2261 in-

143 2283 272 2315 sci-iore
290 2281 434 2314 materia
453 2282 561 2326 aliqui
580 2283 807 2325 particulares
826 2282 903 2325 vagi
920 2287 1034 2314 motus
1051 2281 1131 2314 sint.

248 2340 412 2374 Addatur
435 2347 549 2373 autem
571 2339 638 2374 hoc
664 2342 743 2374 loco
761 2342 917 2386 quaestio
934 2339 1130 2374 Ciceronis:

146 2393 243 2436 Quid
262 2391 403 2436 prodest
420 2391 516 2433 signa
535 2393 683 2432 ostendi,
710 2393 738 2424 si
756 2399 918 2433 eventus,
947 2392 1008 2436 qui
1024 2390 1131 2433 signi-

146 2445 312 2483 ficantur,
342 2441 448 2474 vitari
466 2452 536 2474 non
553 2443 722 2485 possunt?

251 2501 362 2537 Stoici
387 2501 621 2544 respondent,
649 2502 727 2534 ideo
750 2502 908 2542 ostendi,
934 2509 973 2535 ut
988 2502 1056 2534 sint
1082 2508 1132 2533 tc—
1159 2507 1162 2544 ζ

149 2554 335 2593 stimonia,
371 2550 467 2586 hunc
489 2552 664 2585 mundum
692 2553 915 2595 providentia
940 2553 1034 2595 regi,
1071 2565 1134 2584 nec
1160 2579 1161 2582 ,

150 2618 231 2642 casu
262 2603 363 2649 sequi
395 2609 560 2643 eventus,
599 2603 659 2635 sed
691 2614 710 2634 a
740 2611 856 2637 mente
889 2603 1134 2646 gubernatrice

150 2656 277 2689 mnndi
295 2666 351 2688 eos
376 2654 449 2695 regi
461 2682 469 2695 ,
497 2665 586 2698 quae
603 2660 634 2686 et
652 2653 751 2695 signa
767 2655 928 2687 ostendat
940 2681 948 2695 ,
976 2661 1015 2687 ut
1031 2661 1133 2687 teste·
1159 2652 1162 2687 ’ἓ

206 2710 384 2738 Memmia.
415 2708 517 2738 Orrn.
543 2706 625 2738 VOL.
655 2704 748 2737 XUI.

840 84 996 120 INITIA
1033 83 1327 119 DOCTRINAE
1365 86 1619 126 PHYSICAE.

2109 104 2182 138 354

1195 176 1272 209 tur,
1303 181 1365 204 suo
1385 173 1532 208 consilio
1550 183 1695 210 eventus
1719 178 1789 212 illis
1810 180 1917 224 signis
1937 187 2183 223 convenientes

1194 226 1374 254 secuturos
1391 234 1475 256 esse.

1166 297 1169 314 ,
1296 278 1366 313 Sed
1391 292 1455 313 nos
1479 283 1637 317 doctrina
1665 287 1823 321 coelestis
1850 292 1927 334 plus
1952 294 2066 327 docet:
2103 297 2181 329 idco

1164 316 1168 393 s
1193 331 1414 372 praemoneri
1435 343 1517 369 uos,
1545 335 1625 377 qnia
1651 337 1802 380 mitigari
1822 349 1967 375 ventura
1985 346 2074 379 mala
2102 360 2182 390 pos-

1163 396 1167 428 ,
1192 386 1285 420 sunt,
1313 379 1572 415 sicutChristus
1590 387 1819 421 concionatur
1837 393 1878 424 de
1895 390 2081 430 horrendis
2096 410 2182 430 con-

1164 430 1166 482 }
1191 431 1393 464 fusionibus
1412 434 1548 474 generis
1566 431 1728 475 hnmani,
1754 439 1881 473 futuris
1906 444 1941 475 in
1966 443 2030 479 hac
2055 448 2181 481 ultima

1163 483 1166 530 i
1191 482 1318 514 mundi
1336 489 1486 524 senecta,
1513 496 1552 515 ac
1571 484 1668 518 iubet
1685 493 1723 518 ut
1741 488 1849 522 simus
1867 493 2049 535 vigilantes
2088 505 2122 532 et
2136 501 2181 532 ad

1164 535 1165 557 ἓ
1190 529 1305 564 Deum
1322 534 1625 576 confugientibus,
1653 538 1829 579 promittit
1846 541 2024 586 futurum,
2051 525 2089 582 iit
2107 561 2179 582 non

1163 621 1165 639 ί
1191 583 1439 626 opprimantur
1464 586 1713 619 communibus
1735 589 2004 630 calamitatibus.
2057 597 2102 632 Et
2124 601 2180 632 Io-

1162 645 1256 687 stiae
1291 631 1437 668 historia
1473 637 1627 669 ostendit
1664 638 1906 682 impendentia
1942 646 2031 678 mala
2069 651 2177 682 averti

1190 695 1299 727 posse.

1292 743 1553 779 Removeamus
1578 746 1684 788 igitur
1709 749 1752 781 ab
1775 747 1930 784 Ecclesia
1955 754 2081 788 stoicas
2100 759 2179 800 opi-

1190 794 1332 852 niones,
1361 803 1394 830 et
1409 808 1504 829 nunc
1523 809 1664 841 quoque
1683 810 1761 831 cum
1786 807 1855 832 tam
1875 804 1982 836 multa
2002 806 2099 849 signa
2119 810 2179 841 de-

1189 852 1362 878 nunciant
1394 858 1538 889 magnas
1571 849 1804 890 calamitates,
1848 850 1960 886 Deum
1996 863 2178 891 aeternum

1191 903 1320 939 patrem
1351 895 1497 930 Domini
1524 899 1638 931 nostri
1666 899 1741 932 lesu
1773 899 1924 942 Christi,
1960 908 2178 942 conditorem

1189 948 1326 988 generis
1350 945 1496 980 humani
1523 955 1555 981 et
1571 947 1748 983 Ecclesiae
1767 964 1864 993 snae,
1891 956 2099 991 ardentibus
2117 972 2180 993 vo-

1160 1006 1162 1031 t
1189 998 1232 1029 tis
1264 1010 1423 1037 oremus,
1473 1006 1510 1032 ut
1540 1007 1684 1043 propter
1716 1002 1827 1035 silium
1855 1015 1956 1037 sunm
1983 1006 2178 1043 Dominum

1188 1055 1349 1081 nostrum
1370 1047 1483 1081 Iesum
1502 1047 1700 1088 Christum,
1729 1065 1831 1096 quem
1860 1056 1971 1089 votuit
1991 1070 2052 1100 pro
2077 1062 2179 1092 nobis

1189 1110 1260 1131 csse
1286 1099 1479 1136 victimam,
1516 1098 1578 1133 καὶ
1607 1099 1761 1145 μεσίτην
1794 1102 1855 1137 7.th
1886 1104 2029 1151 ἱκέτην,
2065 1120 2177 1143 servor

1187 1148 1380 1182 Ecclesiam
1393 1176 1401 1189 ,
1430 1157 1461 1182 et
1481 1157 1574 1193 regat
1592 1164 1664 1184 eam
1683 1152 1820 1195 Spiritu
1838 1163 1978 1200 sancto,
2009 1171 2047 1191 ac
2064 1171 2176 1193 servet

1160 1212 1161 1216 ¹
1187 1197 1338 1242 hospitia
1362 1197 1556 1240 Ecclesiae,
1586 1208 1619 1234 et
1642 1203 1778 1246 mitiget
1803 1216 1951 1247 poenas5
1979 1220 2016 1241 ac
2039 1217 2178 1244 tueatur

1187 1250 1368 1283 literarum
1386 1251 1501 1283 studia
1523 1258 1554 1283 et
1573 1249 1756 1285 honestam
1775 1254 2010 1299 disciplinam.

1562 1369 1624 1402 Dc
1653 1370 1794 1404 sslot'u.

1157 1459 1159 1472 .
1505 1444 1602 1484 Qm'cl
1631 1450 1688 1478 esi
1714 1447 1869 1481 Motus?

1290 1518 1409 1552 Sciant
1429 1519 1585 1552 iuniores
1608 1521 1641 1552 in
1659 1518 1713 1553 'uis
1734 1522 1844 1556 initiis
1861 1526 2041 1561 doctrinae
2059 1527 2179 1572 phvsi-

1186 1582 1266 1612 cae,
1295 1582 1383 1614 quae
1407 1570 1554 1603 tradidit
1577 1570 1803 1613 Aristoteles,
1831 1576 1952 1618 exigua
1978 1571 2176 1615 rusfifmlnffl

1186 1622 1298 1660 tradi,
1335 1632 1423 1664 quae
1451 1622 1571 1654 dextre
1598 1622 1774 1656 intellecta
1808 1638 1879 1658 non
1911 1637 1992 1662 sunt
2017 1632 2176 1667 obscura.

1158 1702 1159 1707 ,
1186 1672 1276 1704 Sunt
1294 1671 1388 1704 enirn
1412 1671 1513 1704 initia
1538 1673 1640 1704 obvia
1658 1675 1752 1706 sanis
1773 1675 1944 1719 ingeniis,
1972 1687 2010 1713 ut
2034 1684 2176 1715 exordia

1187 1723 1336 1754 aliarum
1355 1722 1496 1760 artium,
1519 1720 1755 1756 arithmetices
1771 1735 1827 1760 aut
1844 1731 2064 1770 geometriae,
2092 1733 2175 1765 illu-

1185 1774 1267 1805 stria
1285 1780 1378 1806 snnt.
1431 1772 1498 1806 Sed
1517 1770 1642 1805 horum
1662 1774 1846 1808 initiorum
1866 1780 2027 1813 tenuitati
2043 1782 2176 1815 offusae

1186 1830 1268 1856 sunt
1287 1824 1453 1856 tenebrae
1472 1823 1579 1855 nimia
1600 1823 1752 1858 exilitate
1770 1829 2033 1870 peregrinarum
2052 1833 2174 1876 dispu-

1185 1874 1380 1913 tationum,
1402 1884 1551 1917 quarum
1568 1874 1665 1906 nulla
1687 1882 1735 1908 est
1758 1878 1892 1911 utilitas
1917 1881 1953 1911 in
1979 1889 2122 1916 naturae
2142 1892 2175 1916 et

1186 1936 1303 1957 rerum
1320 1924 1614 1959 consideratione,

1288 1982 1487 2026 Sequamur
1509 1989 1625 2016 autem
1652 1982 1853 2020 Aristotelis
1878 1990 2084 2031 consilium,
2113 1994 2173 2037 qui

1185 2035 1257 2078 ipse
1284 2034 1447 2066 lectorem
1467 2040 1587 2067 monet
1612 2034 1647 2066 in
1667 2036 1840 2071 vestibulo
1866 2037 1972 2073 huius
1992 2042 2172 2075 doctrinae

1185 2087 1228 2117 de
1258 2091 1374 2124 motu,
1412 2091 1449 2117 ut
1481 2085 1624 2128 cogitet,
1660 2097 1722 2118 cur
1748 2087 1816 2119 iam
1849 2090 1891 2122 de
1922 2099 2021 2124 motu
2052 2093 2171 2125 dicen·

1185 2138 1269 2169 dum
1294 2135 1348 2168 sit.

1286 2193 1457 2228 Doctrina
1490 2193 1633 2241 physica
1665 2199 1899 2233 consideratio
1929 2212 1988 2234 seu
2018 2205 2170 2246 aspectio

1158 2263 1159 2271 ¹
1187 2255 1236 2280 est
1252 2258 1459 2289 corporum,
1488 2252 1520 2279 et
1536 2248 1811 2290 proprietatum,
1835 2262 1923 2294 quae
1939 2263 2084 2296 corpora
2106 2267 2171 2287 na-

1187 2298 1349 2331 turaliter
1366 2297 1592 2331 comitantur.
1646 2298 1730 2331 idco
1750 2300 1785 2332 in
1801 2300 1912 2343 prima
1930 2310 2027 2344 parte
2044 2306 2170 2348 operis,

1187 2349 1285 2394 quasi
1304 2348 1463 2380 condidit
1482 2359 1624 2391 corpus,
1651 2350 1737 2382 dixit
1760 2351 1802 2382 de
1821 2352 1964 2385 materia
1986 2359 2018 2386 et
2042 2355 2169 2395 forma,

1158 2400 1316 2451 5quibus
1351 2411 1413 2431 suo
1451 2399 1577 2432 ordine
1608 2400 1836 2439 coeuntibus,
1880 2413 2006 2446 corpus
2040 2407 2166 2440 existit.

1187 2450 1310 2483 Postea
1328 2451 1370 2482 de
1388 2449 1622 2493 appellatione
1640 2458 1784 2482 naturae
1800 2451 1977 2491 disseruit,
2004 2462 2037 2488 et
2053 2464 2170 2490 osten—

1188 2502 1238 2533 dit
1266 2507 1426 2533 naturam
1452 2511 1523 2532 esse
1549 2499 1837 2542 inclinationem,
1862 2514 1922 2536 seu
1943 2501 2107 2540 δύναμιν
2132 2509 2168 2541 in

1160 2586 1162 2593 χ
1188 2563 1334 2595 corpore
1358 2556 1493 2589 natam,
1524 2560 1613 2592 quae
1638 2557 1687 2584 est
1713 2564 1813 2585 causa
1841 2561 1958 2587 motus
1981 2563 2014 2589 et
2032 2543 2169 2597 odietis.

1160 2594 1162 2630 l
1188 2603 1294 2636 Nulla
1313 2601 1405 2633 enim
1431 2611 1575 2642 corpora
1594 2601 1634 2633 ad
1654 2601 1768 2635 ocium
1786 2612 1997 2646 nascuntur,
2021 2611 2077 2640 sed
2097 2611 2170 2640 sin-

1190 2653 1270 2696 gula
1295 2653 1336 2684 ad
1365 2658 1481 2684 motus
1505 2649 1661 2694 aliquos,
1688 2654 1730 2685 ad
1755 2656 2011 2698 generationes,
2044 2660 2170 2692 altera-

1619 2703 1668 2735 23
