2379 2948
5 295 14 422 ⁴⁹⁴V—-nx

81 103 129 139 61
834 98 883 137 11.

84 185 169 222 chea
184 187 267 222 facti
285 194 384 230 sunt,
412 194 446 223 et
461 187 573 222 iuncti
587 185 864 231 propemodum,
889 190 931 218 ut
945 184 1071 218 circuli

81 239 280 281 iunguntur
302 238 340 271 in
363 239 474 273 cauda
495 237 623 272 cancri.
675 234 814 269 Horum
843 235 1012 279 asperitas
1035 241 1070 269 et

81 289 232 322 varietas
264 289 307 322 ad
349 301 470 323 vocem
506 286 730 320 formandam
763 285 958 319 necessaria
992 285 1070 319 fuit.

82 338 166 373 Non
182 339 276 373 enim
299 339 374 373 fieri
395 344 510 383 potest
535 348 622 379 VOX,
649 336 718 370 nisi
736 339 796 370 aer
811 336 850 369 in
868 336 988 382 aliquo
1011 348 1069 370 re·

80 390 310 434 percutiatur.

183 447 348 482 Vestiunt
377 452 494 480 autem
528 443 706 480 tracheam
740 444 945 490 panniculi,
977 457 1067 491 quo-

82 511 161 533 rum
178 500 207 532 is
221 498 282 544 qui
294 498 389 532 intus
413 496 497 540 tegit
523 496 765 540 cartilagines,
793 495 918 529 durior
933 502 1001 537 est,
1027 503 1067 530 ut

81 551 217 584 muniat
243 559 318 590 cas,
351 559 396 581 ne
426 548 648 594 arrodantur]
662 547 708 581 ab
738 546 878 580 acribus
899 547 1007 580 fumis
1033 553 1067 581 et

82 597 262 635 catarrhis.

180 657 254 692 Iam
272 657 442 692 vocabula
459 658 568 692 totius
584 658 731 699 fistulae,
757 662 789 691 et
807 656 960 701 partium
979 668 1065 690 con-

77 710 281 743 sideremus.
334 707 449 743 Totus
472 706 530 742 hic
548 709 679 742 canalis
703 720 722 742 a
739 709 835 741 nodo
853 707 1004 750 gutturis
1027 708 1064 740 in

75 760 281 804 pulmonem
298 766 498 804 ponemus,
524 758 881 793 nominaturArteria
893 755 1064 799 Trachea,

74 817 219 855 propter
254 810 479 854 asperitatem
521 810 789 854 cartilaginum,
840 820 931 854 quae
967 809 1063 842 intus

75 861 173 895 velut
194 861 338 894 annulis
355 861 540 894 distinctae
563 867 657 895 sunt.
707 858 771 894 Est
791 865 825 893 et
841 860 950 893 totius
963 859 1063 893 fistu-

72 911 128 945 lae
149 923 279 945 nomen
302 907 483 958 βρόγχος,
516 919 555 946 ut
579 923 738 956 expresse
760 910 878 955 inquit
902 908 1060 944 Galenus

73 962 111 995 in
128 962 291 1007 pluribus
306 962 403 996 locis.
446 961 556 996 Cuius
574 959 658 996 haec
675 969 758 996 sunt
774 961 880 994 verba
899 960 936 993 in
953 962 1062 1005 septi-

71 1025 130 1047 mo
147 1013 240 1046 libro
262 1013 306 1046 de
328 1013 697 1047 administrationibus
723 1011 945 1046 anatomicis:
972 1010 1061 1056 ὅλην

72 1061 191 1109 αὐτὴν
212 1061 281 1109 τὴν
307 1064 484 1110 τραχεῖαν
505 1060 674 1111 βρόγχον
698 1064 885 1098 καλοῦσιν.
939 1062 1059 1105 Signi-

69 1115 150 1149 ficat
171 1115 266 1148 enim
290 1112 491 1148 bronchum
518 1127 681 1159 asperum
706 1122 739 1149 et
755 1115 934 1153 scabrum,
969 1113 1059 1147 sicut

69 1164 210 1199 Plinius
230 1165 279 1200 ait
295 1166 358 1200 lib.
378 1167 454 1200 11.:
489 1165 658 1200 Senectus
675 1165 712 1198 in
730 1165 829 1210 equis
846 1163 1060 1208 intelligitur

70 1216 231 1250 dentium
249 1213 485 1251 bronchitate.

170 1272 347 1307 Cacumen
374 1271 481 1307 huius
498 1274 654 1316 fistulae,
683 1274 779 1320 quod
796 1273 916 1307 Latini
940 1273 1058 1306 nomi-

68 1329 156 1356 nant
175 1322 317 1356 Nodum
344 1322 513 1365 gutturis,
546 1336 667 1365 graece
686 1331 736 1358 est
752 1324 894 1369 proprie
916 1320 1059 1372 λάρυγξ

68 1381 101 1408 et
115 1371 257 1420 κεφαλὴ
275 1369 458 1420 βρόγχου.

168 1430 210 1464 ln
227 1428 332 1464 huius
348 1430 580 1464 fabricatione
593 1442 650 1464 ars
666 1430 828 1464 miranda
846 1436 907 1466 est.
958 1429 1055 1465 Con-

67 1489 133 1517 stat
149 1482 262 1516 tribus
278 1481 562 1525 cartilaginibus,
589 1493 738 1527 quarum
763 1482 936 1519 anterior,
965 1494 1055 1526 quae

67 1533 216 1567 maxima
251 1539 318 1570 est,
352 1540 450 1566 scuto
482 1533 623 1573 similis,
663 1532 794 1566 dicitur
824 1530 1052 1577 θυρεοειὸῂ,

66 1585 101 1618 id
121 1591 182 1625 est,
208 1590 306 1617 scuto
323 1594 383 1616 seu
400 1583 512 1627 peltae
528 1583 668 1625 similis,
696 1595 784 1628 quae
803 1583 838 1616 in
858 1583 949 1616 collo
965 1584 1054 1617 emi-

66 1641 142 1676 net,
171 1641 205 1668 et
219 1634 339 1678 digitis
358 1641 606 1668 contrectatur.

167 1685 350 1720 Secundae
369 1685 565 1727 cartilagini
585 1691 736 1718 vetustas
762 1697 835 1718 non
863 1685 944 1719 fecit
970 1698 1051 1729 pro-

65 1736 182 1781 prium
207 1747 349 1771 nomen.
401 1734 466 1769 Est
488 1742 605 1769 antem
632 1742 725 1769 retro
745 1735 875 1779 posita,
910 1737 971 1769 ubi
999 1737 1051 1770 la-

65 1798 209 1833 ryngem
235 1785 403 1820 discernit
426 1786 470 1819 ab
500 1783 721 1830 oesophago,
749 1792 782 1819 et
807 1786 907 1830 quasi
931 1787 1051 1820 muni-

63 1845 222 1871 mentum
249 1843 300 1870 est
330 1843 453 1870 contra
486 1834 742 1880 oesophagum,
770 1836 822 1869 'ne
854 1836 892 1869 in
924 1838 1050 1880 deglu—

62 1890 184 1924 tiendo
207 1884 348 1921 trachea
376 1887 549 1921 laedatur.
603 1886 737 1921 Similis
752 1893 802 1920 est
818 1887 961 1928 annulo,
988 1888 1049 1933 qni

63 1942 100 1973 in
119 1939 247 1984 pollice
262 1944 426 1982 gestatur.

163 1995 284 2030 Tertia
311 1995 478 2040 cartilago
500 2002 552 2030 est
584 1995 676 2029 intra
707 1995 834 2028 alteras
862 1995 966 2035 duas,
999 1995 1049 2028 ri-

61 2059 153 2081 mam
185 2046 420 2087 constituens,
459 2054 492 2080 et
524 2053 668 2091 propter
697 2047 842 2089 figuram
866 2046 1047 2080 nominata

63 2095 262 2144 ἀρύταινα,
292 2109 351 2130 seu
381 2095 676 2143 ἀρυταινοειδὴς,
705 2098 741 2130 id
765 2103 832 2138 est,
859 2105 973 2131 rostro
992 2098 1048 2130 fu-

62 2149 157 2182 sorio
180 2148 306 2182 similis
329 2147 366 2180 in
394 2149 525 2189 urceis,
551 2156 612 2183 aut
627 2147 805 2182 cantharis
821 2148 1045 2193 quibusdam.

59 2199 192 2234 Notum
224 2206 274 2233 est
303 2198 398 2231 enim
419 2196 627 2244 ἀρύταιναν
655 2211 673 2232 a
700 2198 845 2232 Graecis
868 2199 1045 2232 nominari

60 2251 165 2285 talem
183 2247 366 2295 cyathum,
393 2251 456 2295 qni
481 2250 576 2285 velut
600 2257 755 2284 rostrum
773 2247 897 2290 habet,
925 2251 1046 2295 quales

60 2307 143 2336 sunt
158 2300 197 2333 in
212 2300 437 2344 myropoliis,
463 2301 593 2346 quihus
609 2301 773 2335 funditur
789 2300 918 2333 oleum.
971 2300 1046 2335 Re-

59 2351 232 2386 centiores
255 2351 485 2385 nominarunt
510 2349 601 2385 hanc
630 2352 768 2386 tertiam
799 2351 1044 2396 cymbalarem.

59 2403 99 2437 ld
117 2413 248 2435 nomen
266 2412 337 2434 non
357 2401 497 2436 videtur
513 2416 531 2436 a
550 2403 659 2447 figura
676 2408 857 2447 sumptum
873 2414 958 2443 esse,
983 2403 1042 2435 sed

57 2454 138 2499 quia
158 2451 254 2487 vocis
277 2462 449 2494 organum
466 2460 527 2488 est.

159 2510 201 2545 In
233 2510 350 2544 medio
380 2509 487 2552 igitur
525 2508 633 2545 huius
671 2511 794 2546 tertiae
827 2511 1072 2560 cartilaginis!

58 2563 232 2609 profunda
265 2560 373 2595 Rima
407 2567 476 2599 est,
517 2572 606 2605 quae
637 2563 845 2596 nominatur
875 2560 1042 2610 γλωττὶς,

57 2614 139 2660 quia
163 2612 447 2657 propriissimum
471 2611 566 2644 vocis
588 2623 758 2655 organum
782 2620 848 2654 est,
871 2625 910 2646 ac
932 2613 1041 2646 latera

56 2662 316 2700 contrahuntur
338 2669 372 2699 et
387 2662 583 2697 dilatantur
604 2663 842 2707 peculiaribus
859 2664 1039 2699 musculis.

934 98 1086 136 LIBER
1111 98 1178 136 DE
1206 100 1383 141 ANIMA.
2063 110 2112 147 62

1123 183 1307 219 Adiuvant
1325 193 1440 221 autem
1465 185 1558 222 hanc
1581 191 1859 225 contractionem
1879 200 1909 227 et
1929 194 2110 230 dilatatio-

1123 247 1205 269 nem
1236 237 1405 277 musculi,
1448 240 1509 283 qui
1542 247 1696 274 coeteras
1723 243 1945 287 cartilagines
1977 258 2109 280 conncz

1122 292 1233 320 ctunt.
1286 285 1338 320 lta
1359 287 1517 322 variatur
1540 302 1626 329 vox,
1652 298 1692 325 ut
1715 292 1758 326 sit
1786 301 1885 328 acuta
1905 301 1965 329 aut
1983 297 2108 338 gravis,

1121 337 1214 370 clara
1230 336 1285 370 vel
1300 337 1468 377 obscura,
1496 337 1560 372 hac
1583 342 1657 384 ipsa
1682 344 1922 378 contractione
1946 345 2108 388 laterum,

1121 399 1209 432 quae
1233 388 1451 422 constituunt
1474 388 1572 422 illam
1595 391 1733 427 rimam.
1791 392 1880 428 Eam
1903 396 2106 431 varietatem

1119 438 1256 472 fistulae
1270 450 1343 471 non
1362 446 1508 482 possunt
1524 440 1659 473 efficere
1678 443 1715 474 in
1732 443 1805 486 ipsa
1822 445 1930 487 rima,
1957 457 2017 480 seu
2035 447 2106 480 lin-

1119 489 1218 532 gula,
1243 490 1303 522 sed
1320 489 1495 522 foramina
1514 490 1638 523 fistulis
1656 493 1774 526 addita
1791 502 1873 530 sunt
1889 497 1933 530 ad
1951 508 2026 531 earn
2045 509 2106 532 va-

1119 539 1279 574 rietatem
1298 540 1531 577 efficiendam.

1221 606 1337 652 Supra
1362 604 1453 640 hanc
1481 607 1606 640 rimam
1630 609 1837 652 operculum
1866 619 1916 646 est
1940 614 2105 659 larvngis,

1118 659 1212 702 quod
1223 657 1440 703 {nominatur
1457 657 1679 706 ἐπιγλωττὶς,
1708 660 1804 704 quod
1821 667 1870 694 est
1886 653 2010 707 corpus
2028 678 2104 698 car-

1117 708 1336 751 tilagineum‚
1352 709 1462 752 figura
1473 709 1653 752 trianguli,
1680 710 1938 752 duriusculum,
1964 714 2105 756 factum,

1116 765 1156 792 ut
1178 768 1292 794 arceat
1316 760 1434 793 cibum
1459 767 1492 794 et
1514 767 1656 804 potum,
1690 772 1736 793 ne
1761 761 1847 806 quid
1874 763 2044 798 illabatur
2066 765 2104 797 in

1115 807 1292 843 tracheam
1335 810 1510 844 arteriam.
1583 810 1764 854 Singulari
1812 813 1906 846 enim
1954 815 2103 848 consilio

1115 858 1211 894 Deus
1233 859 1298 895 hos
1325 862 1481 900 canales,
1512 859 1751 905 oesophagum
1782 869 1814 896 et
1844 862 2020 898 tracheam
2047 866 2104 898 di-

1114 911 1252 953 stinxit,
1293 919 1326 946 et
1366 912 1513 956 periculi
1553 913 1759 955 magnitudo
1797 916 1970 956 ostendit,
2012 916 2102 949 velle

1113 959 1248 1001 Deum,
1283 970 1323 996 ut
1345 962 1437 997 inter
1460 964 1635 997 edendum
1658 964 1849 1008 quietiores
1875 973 1907 999 et
1933 966 2102 1000 taciturni

1113 1012 1233 1048 simus.
1292 1012 1386 1056 Quia
1416 1026 1495 1047 cum
1526 1026 1593 1047 vox
1626 1014 1762 1055 editur,
1797 1013 1870 1050 hiat
1894 1017 2101 1061 operculum

1112 1061 1290 1106 tracheae‚
1328 1063 1365 1097 in
1399 1076 1504 1109 quam
1536 1076 1615 1097 cum
1643 1064 1848 1099 infunditur
1882 1067 1938 1100 vel
1977 1067 2100 1110 exigna

1113 1125 1245 1155 massa,
1271 1114 1340 1148 nisi
1358 1115 1474 1148 statim
1492 1115 1716 1156 reficeretur,
1744 1123 1905 1151 secutura
1926 1125 2011 1151 esset
2025 1120 2100 1151 sus-

1112 1164 1252 1200 focatio.
1312 1163 1359 1198 Et
1391 1162 1458 1198 hoc
1492 1166 1689 1209 periculum
1722 1178 1764 1199 eo
1790 1167 1928 1201 facilius
1960 1169 2099 1207 accidit,

1112 1215 1194 1260 quia
1211 1213 1349 1249 trachea
1369 1216 1536 1250 collocata
1556 1223 1606 1250 est
1629 1223 1709 1250 ante
1727 1215 1977 1262 oesophagum.

1213 1281 1253 1314 In
1271 1280 1335 1315 hac
1352 1283 1505 1326 partium
1523 1289 1555 1316 et
1572 1283 1759 1317 nominum
1770 1284 1977 1318 recitatione
1993 1286 2097 1319 multi

1110 1340 1274 1366 errarunt
1296 1340 1377 1366 ante
1402 1333 1631 1370 WW‘esalium‚
1657 1334 1717 1377 qui
1743 1341 1834 1367 recte
1851 1336 1981 1369 taxavit
1998 1337 2096 1380 prio-

1110 1394 1188 1414 rum
1212 1395 1369 1422 errores,
1396 1391 1430 1415 et
1457 1385 1664 1426 depravatos
1689 1381 1820 1416 Galeni
1845 1385 1956 1417 libros
1975 1397 2095 1419 emen-

1108 1432 1224 1473 davit,
1250 1432 1288 1465 in
1314 1433 1443 1477 quibus
1469 1433 1667 1476 promiscue
1694 1434 1822 1477 scripta
1848 1434 1988 1469 fuerant
2010 1434 2094 1470 haec

1108 1483 1178 1516 duo
1203 1483 1349 1516 nomina
1369 1481 1524 1529 γλωτῑῖς
1551 1490 1583 1517 et
1608 1482 1830 1530 ἐπιγλωττῖς.
1884 1484 1952 1519 Sed
1974 1499 2094 1520 rerum

1107 1534 1326 1567 diversarum
1346 1534 1501 1568 diversas
1515 1534 1770 1579 adpellationes
1787 1546 1877 1577 esse,
1906 1535 2093 1572 &Vesanus

1106 1585 1289 1629 perspicue
1304 1586 1469 1619 ostendit.

1206 1651 1258 1686 Ac
1283 1658 1321 1686 ut
1345 1652 1455 1694 magis
1473 1658 1556 1685 nota
1575 1653 1644 1686 sint
1663 1653 1863 1687 iunioribus
1887 1654 2090 1688 discrimina

1106 1701 1296 1747 oesophagi
1333 1709 1365 1736 et
1399 1701 1560 1736 tracheae
1602 1705 1770 1745 arteriae,
1819 1706 2090 1740 considerentur

1104 1766 1207 1795 usus,
1240 1754 1343 1793 situs,
1371 1754 1566 1786 substantia
1595 1761 1628 1788 et
1655 1755 1854 1798 longitudo,

1206 1819 1281 1854 Usu
1307 1820 1496 1860 differunt,
1524 1820 1604 1864 quia
1627 1818 1846 1864 oesophagus
1878 1829 1928 1856 est
1958 1823 2089 1855 canalis

1104 1870 1220 1903 cibum
1239 1877 1272 1904 et
1289 1877 1411 1914 potum
1430 1867 1560 1903 vehens
1577 1871 1613 1902 in
1630 1872 1880 1906 ventriculum.
1929 1872 1999 1906 Sed
2017 1881 2089 1906 tra-

1103 1918 1187 1954 chea
1207 1921 1337 1954 canalis
1356 1928 1416 1961 est,
1440 1921 1551 1954 factus
1570 1921 1773 1965 spirationis
1790 1930 1823 1956 et
1839 1923 1934 1956 vocis
1949 1935 2062 1957 causa.

1204 1986 1283 2020 Situ
1298 1988 1485 2028 differunt,
1508 1987 1589 2032 quia
1605 1986 1743 2022 trachea
1761 1989 1797 2022 in
1815 1990 1990 2024 anteriore
2008 2003 2088 2035 par-

1101 2044 1136 2072 te
1152 2037 1234 2070 colli
1252 2038 1365 2082 posita
1384 2045 1452 2077 est,
1480 2045 1517 2071 ut
1535 2045 1626 2072 recta
1645 2041 1766 2073 tendat
1783 2041 1825 2073 ad
1843 2052 1881 2074 os
1898 2038 2086 2075 hauriendi

1100 2089 1193 2122 ae'ris
1230 2100 1344 2124 causa.
1403 2086 1636 2133 Oesophagus
1667 2097 1783 2124 autem
1823 2091 1859 2124 in
1893 2092 2086 2135 posteriore

1100 2147 1198 2184 parte
1220 2140 1301 2173 colli
1328 2146 1394 2178 est,
1421 2146 1452 2173 et
1476 2141 1585 2184 magis
1608 2141 1710 2180 latet,
1742 2148 1779 2175 ut
1804 2142 1884 2185 plus
1907 2142 2086 2176 contineat

1099 2190 1239 2224 caloris.
1291 2189 1517 2224 Descendens
1541 2199 1658 2224 autem
1677 2189 1844 2225 nonnihil
1866 2192 1974 2226 flectit
1987 2204 2023 2227 se
2040 2194 2083 2226 ad

1099 2242 1280 2279 dextrum,
1306 2248 1345 2275 ut
1368 2242 1467 2274 cedat
1491 2242 1607 2274 locum
1633 2249 1761 2275 aortae.
1812 2241 1951 2276 Rursus
1967 2249 2086 2277 autem

1098 2294 1140 2326 ad
1160 2292 1341 2325 sinistrum
1361 2292 1570 2334 reflectitur,
1597 2305 1675 2326 cum
1700 2293 1770 2325 sere
1788 2292 1930 2327 accessit
1945 2294 1989 2327 ad
2006 2294 2084 2328 dia-

1097 2341 1286 2387 phragma,
1313 2349 1351 2376 nt
1371 2344 1469 2376 cedat
1488 2343 1602 2376 locum
1621 2355 1728 2375 venae
1744 2354 1856 2378 cavae.
1910 2343 1961 2377 lta
1988 2345 2084 2379 velut

1097 2406 1217 2427 servus
1249 2394 1403 2426 officiose
1433 2394 1522 2427 cedit
1555 2393 1868 2437 praestantioribus
1900 2395 2084 2430 membris.

1096 2445 1164 2478 Sed
1186 2445 1362 2478 anfractus
1380 2444 1431 2476 illi
1451 2450 1616 2487 prosunt,
1645 2451 1685 2477 ut
1704 2441 1770 2477 hoc
1794 2445 1991 2478 membrum
2009 2447 2082 2480 ful—

1095 2495 1207 2534 ciant,
1243 2501 1275 2528 et
1299 2506 1425 2528 nervos
1456 2494 1649 2537 excipiant,
1683 2494 1764 2528 item
1793 2506 1836 2528 ne
1870 2496 2083 2541 impediatur

1095 2546 1306 2590 deglutiens.

1196 2610 1401 2646 Substantia
1429 2610 1609 2650 differunt.
1667 2609 1758 2645 Nam
1790 2610 1928 2646 trachea
1962 2620 2010 2647 est
2041 2625 2079 2645 ex

1092 2661 1378 2706 cartilaginibus,
1401 2662 1449 2696 ⁴ut
1475 2661 1610 2697 dictum
1635 2668 1705 2702 est,
1739 2669 1778 2697 ut
1797 2663 1840 2698 sit
1864 2664 2000 2697 firmior
2024 2676 2081 2697 ca-
