2379 2948
87 48 182 86 1305

184 133 279 168 Haec
308 147 414 180 opera
444 135 563 169 omnia
593 136 857 181 complectitur,
896 147 974 169 cum
1007 135 1070 170 ait:

84 185 258 221 Virtutem
277 198 421 230 operum
440 198 583 220 suorum
597 214 605 227 ,
634 188 670 220 id
689 194 756 226 est,
785 199 862 220 cum
882 193 959 229 agat
976 185 1070 220 Deus

83 249 162 271 cum
179 236 334 270 Ecclesia
352 244 478 271 etcum
494 238 630 281 impiis,
659 239 748 272 sicut
764 244 796 271 et
813 243 929 281 postea
946 238 1066 270 eodem

83 289 189 321 modo
220 288 385 332 intelligit
415 300 521 332 opera
543 288 630 330 Dei,
664 302 742 323 cum
772 288 904 333 inquit:
943 284 1068 335 Opera
1094 302 1095 324 ι

83 338 159 372 eius
177 337 309 372 veritas
326 343 356 371 et
375 336 570 380 iudicium,
598 340 633 372 id
650 347 718 379 est,
747 351 826 372 vere
844 345 993 382 praestat
1009 340 1069 372 illa

83 402 172 435 quae
198 390 234 422 iu
259 391 365 423 verbo
388 401 450 423 suo
477 390 669 434 proposuit.

83 440 288 474 vocantibus
316 440 582 484 promissiones,
613 448 646 475 et
670 441 772 485 punit
797 441 943 484 impios,
970 441 1071 486 quasi

82 492 190 525 dieat:
221 489 376 523 Verbum
401 491 475 524 eius
491 498 523 524 et
542 491 777 526 ministerium
797 504 870 525 non
888 499 937 525 est
955 492 1070 525 inanis

82 542 218 582 fabula,
254 542 313 575 sed
347 553 468 575 verum
500 550 533 576 et
564 543 682 576 efficax
707 550 766 576 est.

82 599 303 636 praestantur
332 592 399 636 piis
430 593 621 636 promissa,
667 601 700 627 et
731 594 831 638 impii
865 594 1072 638 punientur.

81 643 176 677 Haec
195 655 298 687 opera
316 642 469 689 (inquit)
489 644 681 678 annunciat
698 646 829 689 populo
849 657 930 683 suo,
957 645 993 678 id
1009 652 1070 685 est,
1125 698 1145 730 d
1295 696 1302 703 ι
1503 695 1510 702 ·
1541 696 1575 728 ὁ.
1602 695 1609 701 ι
1814 696 1847 728 ‘1

1151 709 1204 729 em
1230 703 1412 730 veritatem
1439 708 1477 729 ac
1501 708 1537 729 lu
1566 708 1672 729 lclum
1694 706 1784 736 esse,
1812 709 1836 728 n
1867 703 1936 736 est,
1962 708 2034 729 rem
2056 708 2113 729 ve-

82 694 316 728 ministerium
332 694 502 735 instituit,
530 701 569 728 ut
588 696 630 728 de
649 693 703 728 bis
721 697 886 740 operibus
902 695 968 729 Dei
986 708 1071 730 con-

81 746 250 779 cionetur.
303 744 373 778 Iam
391 743 573 780 antithesis
589 747 843 780 consideranda
861 754 928 788 est,
958 759 1071 792 quan-

82 804 154 830 tum
181 802 363 842 peccatum
386 797 429 830 sit
456 797 606 831 obruere
625 805 684 831 aut
704 798 864 843 persequi
883 795 947 831 hoc
965 798 1072 830 mini-

80 847 246 887 sterium,
275 853 307 880 et
332 859 395 891 pro
418 848 586 892 operibus
606 847 671 882 Dei
697 850 832 882 tradere
856 849 1071 882 ceremonias

79 905 112 932 et
130 898 407 943 superstitione&

182 975 294 1009 Addit
317 982 450 1009 autem:
487 975 540 1011 Ut
564 975 620 1010 det
645 976 783 1024 populo
806 974 1070 1010 haeredilatem

77 1024 252 1072 gentium.
302 1026 378 1060 Hoc
404 1028 448 1060 ad
471 1025 654 1062 historiam
680 1030 848 1072 pertinet,
877 1036 910 1062 et
936 1028 1071 1062 erudite

81 1078 200 1117 docet,
234 1090 342 1123 quare
366 1090 512 1122 regnum
539 1080 768 1114 constitutum
792 1080 854 1118 sit,
883 1092 990 1125 quare
1014 1077 1071 1112 hic
1097 1117 1099 1123 k

81 1128 232 1171 populus
258 1137 455 1172 segregatus
478 1130 522 1163 sit
545 1142 565 1164 a
592 1132 735 1164 caeteris
761 1131 941 1174 gentibus:
976 1130 1071 1163 scili-

79 1185 149 1216 cet,
179 1186 216 1213 ut
238 1177 305 1213 hoc
327 1180 564 1214 ministeritlm
588 1182 842 1215 institueretur.
906 1180 952 1215 Ut
976 1181 1069 1213 enim

79 1236 213 1263 certum
236 1238 341 1271 esset,
370 1232 432 1265 ubi
458 1238 588 1266 extaret
613 1233 758 1266 verbum
777 1231 860 1272 Dei,
887 1239 920 1265 et
946 1232 982 1265 in
1002 1243 1070 1277 qua

80 1280 222 1314 natione
234 1308 243 1321 ,
271 1282 308 1314 in
326 1294 394 1327 qua
412 1290 531 1325 gente,
560 1296 629 1328 quo
646 1283 723 1316 loco
742 1281 905 1317 Christus
922 1283 958 1316 in
975 1281 1070 1316 hunc

79 1332 253 1364 mundum
291 1332 515 1376 proditurus,
564 1334 626 1366 ubi
664 1335 930 1378 praedicaturus
965 1340 1068 1367 esset:

79 1382 157 1415 ideo
189 1380 274 1416 haec
303 1394 386 1426 gens
419 1384 551 1418 delecta
581 1391 649 1425 est,
684 1392 718 1418 et
750 1384 919 1429 peculiari
950 1395 1069 1427 regno,

79 1433 178 1478 quasi
204 1440 298 1478 septa
324 1441 356 1467 et
377 1435 534 1474 munita,
564 1442 596 1469 et
615 1436 854 1480 peculiaribus
871 1435 998 1469 ritibus
1015 1447 1068 1468 se-

78 1490 216 1527 gregata
243 1492 293 1518 est
318 1496 334 1517 a
363 1486 506 1520 caeteris
529 1487 704 1529 gentibus.
747 1486 831 1520 Ideo
858 1485 914 1520 bic
941 1486 1069 1531 inquit,

79 1535 125 1568 ita
152 1536 353 1572 institutum
377 1547 449 1569 esse
471 1536 728 1578 ministerium,
763 1550 841 1571 cum
868 1537 995 1571 tradita
1020 1544 1070 1570 est

78 1584 160 1619 huic
188 1587 318 1630 populo
345 1584 542 1621 haereditas
566 1589 741 1632 gentium,
776 1589 812 1621 id
838 1595 905 1629 est,
940 1588 978 1620 in
1003 1585 1070 1621 hoc

78 1638 210 1681 populo
242 1649 388 1681 regnum
415 1639 647 1673 constitutum
673 1646 743 1683 est,
777 1646 816 1672 ut
841 1639 891 1671 ibi
914 1645 1070 1672 extarent

78 1688 311 1722 ministerium
348 1695 381 1721 et
415 1689 616 1723 testimonia
646 1691 688 1723 de
722 1691 830 1723 verbo
854 1689 940 1729 Dei,
973 1690 1069 1735 quod

77 1739 159 1772 inde
193 1739 297 1772 etiam
327 1739 362 1772 in
398 1746 517 1783 gentes
545 1742 812 1786 propagandum
840 1748 912 1775 erat
938 1753 977 1774 ex
1003 1738 1069 1774 hoc

79 1790 221 1834 populo.

128 1894 207 1929 Vll.
237 1897 358 1941 Opera
378 1908 557 1932 manuum
574 1898 656 1933 eius
669 1900 812 1933 veritas
828 1902 863 1933 et
875 1897 1068 1933 iudicium,

179 1971 354 2005 Generale
378 1980 428 2006 est
454 1974 496 2006 de
522 1984 631 2016 regno
652 1980 686 2008 et
704 1974 901 2007 ministerio
917 1974 1067 2008 dictum:

78 2018 202 2069 Opera
220 2035 397 2056 manuum
415 2022 501 2063 eius,
530 2024 566 2057 id
586 2031 646 2064 est,
675 2023 939 2061 ordinatioDei.
978 2024 1068 2060 Ver-

77 2076 180 2114 bum,
207 2075 393 2118 promissio
420 2082 482 2109 etc.
508 2082 590 2110 sunt
614 2076 739 2110 veritas
763 2083 795 2110 et
813 2076 1001 2120 iudicium,
1030 2076 1066 2109 id

77 2131 144 2166 est,
172 2136 244 2157 non
270 2131 319 2158 est
341 2125 456 2159 inanis
473 2127 611 2168 fabula,
640 2128 698 2160 sed
718 2139 771 2160 res
790 2139 868 2160 vere
885 2127 1066 2169 salutares,

77 2176 230 2209 efficaces
249 2176 292 2208 ad
311 2178 522 2210 servandum
541 2178 636 2221 pios,
660 2185 692 2212 et
710 2178 909 2222 puniendos
927 2179 1067 2223 impios,

77 2235 196 2272 estque
227 2227 399 2261 sententia
431 2229 591 2272 opposita
620 2229 762 2263 iudiciis
790 2230 935 2271 mundi,
977 2242 1066 2275 quae

77 2278 278 2312 deriserunt
304 2276 398 2312 hunc
423 2280 612 2323 populum,
645 2281 854 2324 gloriantem
877 2293 912 2314 se
936 2278 1065 2314 habere

76 2329 223 2362 verbum
233 2328 299 2362 Dei
316 2336 349 2362 et
366 2341 513 2371 regnum
531 2331 703 2366 divinitus
720 2332 934 2368 institutum.
969 2331 1065 2366 Haec

76 2393 154 2414 cum
179 2380 370 2413 audiebant
394 2379 557 2423 Ethnici‚
591 2383 796 2418 iudicabant
819 2395 892 2417 esse
915 2383 1065 2416 vanissi-

77 2442 168 2464 mam
192 2431 366 2471 fabulam,
395 2443 460 2465 nec
482 2432 560 2476 plus
583 2431 713 2467 habere
730 2435 823 2474 veri,
848 2447 952 2480 quam
970 2436 1064 2480 quod

75 2481 253 2516 Romulus
280 2482 463 2516 dicebatur
488 2483 613 2517 Martis
635 2485 739 2519 filius.
793 2484 839 2520 Et
864 2497 945 2520 casu
969 2486 1063 2520 arbi-

75 2533 261 2567 trabantur
291 2540 450 2568 exortum
482 2546 553 2568 esse
583 2532 651 2568 hoc
680 2548 844 2580 regnum,
881 2544 914 2571 et
943 2548 1064 2571 rursus

76 2584 303 2619 interiturum
331 2597 402 2619 esse
434 2597 534 2627 casu,
568 2598 642 2620 non
668 2587 784 2632 aliqua
801 2595 892 2622 certa
918 2589 1064 2622 ordina-

75 2643 179 2671 tione.

723 389 847 424 Servat
873 390 938 433 piis
962 397 994 424 et
1013 390 1069 423 in-
1095 424 1096 428 ,

834 541 935 577 Haud
964 543 1071 577 dubie
1097 559 1098 569 π

684 49 746 85 ΙΧ.
802 47 1165 84 COMMENTARII
1199 48 1249 84 IN
1281 47 1523 84 PSALMOS.

2017 49 2114 83 1306

1225 133 1327 168 Hanc
1362 136 1507 179 impiam
1545 135 1750 179 opinionem
1791 135 1900 168 multa
1930 135 2111 172 adiuvant.

1123 183 1224 219 Aliae
1257 193 1375 229 gentes
1408 186 1631 231 praestabant
1664 186 1911 226 multitudine,
1963 187 2110 229 viribus,

1122 236 1250 281 opibus
1276 243 1308 270 et
1332 238 1474 271 caeteris
1499 238 1613 271 rebus.
1669 236 1786 271 Multa
1809 238 1913 271 etiam
1934 237 2110 280 scandala,

1120 287 1250 321 multae
1285 288 1400 321 clades
1429 288 1672 322 deformabant
1704 286 1799 321 hunc
1832 288 2021 334 populum,
2065 296 2104 323 ut

1121 350 1199 372 eum
1231 350 1302 371 non
1335 346 1498 383 putarent
1528 340 1616 372 aliae
1643 346 1761 382 gentes
1785 338 1862 373 Deo
1895 351 1999 373 curae
2021 350 2108 377 esse,

1122 391 1209 423 sicut
1235 401 1336 433 saepe
1353 397 1551 434 queruntur
1567 387 1781 433 Prophetae,
1810 393 1852 424 de
1868 388 1923 424 his
1942 388 2112 435 blasphe-

1124 442 1188 475 mis
1211 441 1352 474 iudiciis
1378 441 1589 485 impiorum,
1625 441 1755 486 quibus
1779 449 1812 476 et
1836 439 1893 475 hic
1917 441 2110 475 versiculus

1122 492 1334 536 opponitur,
1368 493 1468 537 quasi
1499 492 1606 525 dicat:
1648 490 1724 525 Etsi
1755 493 1858 537 impii
1891 499 2018 537 putant
2047 501 2112 525 nec

1123 555 1269 586 regnum
1299 549 1479 583 nostrum,
1512 555 1574 576 nec
1606 543 1753 576 verbum
1782 555 1800 576 a
1825 543 1900 577 Deo
1926 555 2015 584 esse,
2049 551 2113 577 nec

1125 595 1271 628 verbum
1295 591 1362 627 hoc
1387 593 1507 627 efficax
1531 605 1619 627 esse:
1649 599 1765 627 tamen
1790 606 1854 628 nos
1879 602 1999 629 contra
2025 594 2113 628 scia—

1125 657 1220 686 mus,
1256 643 1348 678 hanc
1372 645 1634 678 ordinationem
1661 656 1733 677 esse
1759 645 1938 686 divinam,
1975 652 2007 679 et
2032 646 2113 690 qui-

1097 757 1099 764 *
1125 760 1198 781 ram
1218 753 1250 780 et
1267 747 1453 780 salutarem
1472 747 1552 791 piis,
1581 753 1613 780 et
1629 746 1833 790 punientem
1850 747 1987 790 impios.
2025 746 2113 780 Nam

1098 809 1099 814 ¹
1126 799 1252 832 veritas
1277 798 1450 841 significat
1470 797 1678 831 beneficium
1700 809 1840 836 verum,
1869 804 1983 831 ratum
2004 804 2035 831 et
2055 797 2115 830 fir-

1126 862 1233 884 mum.
1289 848 1464 882 Iudicium
1490 861 1572 882 vero
1599 848 1770 892 significat
1794 848 2034 882 executionem
2061 848 2115 881 iu-

1124 908 1231 941 stam,
1260 913 1327 946 qua
1347 900 1440 934 Deus
1458 900 1616 934 defendit
1633 900 1726 944 pios,
1755 906 1786 933 et
1807 899 1910 943 punit
1927 899 2063 943 impios.

1228 967 1441 1012 Quanquam
1469 968 1576 1011 igitur
1600 966 1735 1010 magnis
1762 966 1922 999 cladibus
1940 966 2116 999 afficieba-

1124 1027 1181 1053 tur
1202 1019 1352 1064 populus
1373 1017 1497 1051 lsrae'l:
1528 1025 1644 1052 tamen
1666 1018 1715 1061 pii
1734 1017 1908 1051 debebant
1926 1029 1960 1051 se
1976 1024 2116 1051 susten-

1126 1078 1216 1109 tare,
1252 1071 1348 1114 quod
1379 1068 1474 1103 Deus
1507 1080 1565 1102 eos
1593 1075 1864 1102 conservaturus
1892 1075 1998 1109 esset,
2033 1068 2116 1113 quia

1125 1119 1191 1155 hoc
1215 1132 1360 1164 regnum
1386 1128 1418 1155 et
1443 1119 1509 1154 hoc
1528 1120 1763 1153 ministerium
1786 1131 1858 1152 non
1877 1126 1990 1152 essent
2005 1119 2116 1152 inter-

1125 1174 1233 1213 itura,
1262 1184 1340 1205 cum
1359 1178 1472 1205 essent
1490 1171 1657 1205 beneficia
1678 1170 1851 1204 divinitus
1868 1171 2028 1204 ordinata
2041 1197 2048 1210 ‚
2078 1170 2115 1202 in

1124 1224 1252 1268 quibus
1269 1223 1367 1256 Deus
1394 1223 1469 1267 pios
1493 1229 1763 1257 conservaturus
1790 1228 1897 1261 esset,
1926 1228 1958 1255 et
1982 1222 2026 1254 de
2049 1221 2116 1254 im-

1125 1275 1190 1319 piis
1210 1286 1340 1319 poenas
1359 1281 1550 1308 sumturus.

1225 1341 1302 1375 Hac
1326 1341 1567 1375 consolatione
1589 1351 1726 1384 semper
1742 1351 1807 1373 nos
1825 1346 2060 1373 sustentemus
2076 1339 2114 1371 in

1123 1393 1290 1427 omnibus
1317 1392 1604 1425 ordinationibus
1627 1391 1709 1426 Dei.
1762 1390 1943 1431 Primum,
1977 1391 2020 1422 de
2044 1387 2115 1423 Ec-

1123 1444 1246 1485 clesia,
1275 1443 1361 1488 quid
1386 1450 1436 1476 est
1461 1441 1699 1476 calamitosius
1724 1439 1904 1475 Ecclesia?
1940 1449 1972 1476 et
1998 1447 2113 1474 tamen

1124 1493 1181 1528 hie
1207 1495 1398 1538 cogitemus
1423 1491 1506 1527 haec
1530 1506 1653 1538 opera,
1680 1493 1715 1525 id
1735 1500 1802 1532 est,
1829 1490 2065 1535 Evangelium
2082 1499 2114 1525 et

1124 1547 1345 1579 vocationem
1374 1544 1552 1578 Ecclesiae
1577 1555 1649 1577 esse
1675 1545 1767 1577 dona
1791 1542 1877 1583 Dei,
1912 1551 1945 1578 et
1969 1543 2113 1588 quidem

1125 1597 1304 1630 veritatem
1330 1603 1361 1629 et
1385 1595 1574 1636 iudicium,
1602 1595 1635 1627 id
1657 1601 1723 1635 est,
1750 1605 1803 1627 res
1822 1606 1937 1635 veras,
1965 1595 2114 1627 duratu-

1124 1659 1199 1687 ras,
1227 1648 1397 1681 salutares
1420 1647 1504 1690 piis,
1531 1653 1565 1680 et
1582 1646 1744 1680 exitiosas
1763 1645 1893 1689 impiis.
1949 1644 1999 1678 Ita
2018 1644 2113 1688 cogi-

1124 1705 1237 1732 temus
1256 1705 1287 1732 et
1306 1699 1348 1731 de
1367 1698 1524 1741 imperiis
1543 1697 1706 1731 civilibus
1725 1703 1757 1730 et
1775 1693 1840 1729 hac
1860 1696 2040 1729 communi
2057 1706 2113 1728 so-

1123 1750 1256 1788 cietate,
1285 1760 1374 1794 quae
1392 1748 1494 1782 etiam
1511 1746 1617 1782 habet
1632 1748 1778 1781 verbum
1794 1745 1871 1780 Dei.
1909 1746 2001 1789 Quia
2020 1746 2112 1780 enim

1123 1801 1275 1834 multum
1309 1801 1347 1833 in
1380 1796 1445 1833 hac
1475 1800 1573 1832 civili
1600 1800 1762 1832 societate
1788 1798 1955 1832 vitiorum
1979 1804 2046 1838 est,
2082 1804 2114 1830 et

1123 1852 1239 1885 variae
1270 1851 1380 1890 vices,
1418 1862 1503 1896 quas
1536 1857 1661 1895 putant
1692 1861 1764 1883 non
1796 1861 1867 1882 esse
1894 1860 1995 1882 curae
2018 1847 2111 1882 Deo:

1123 1904 1203 1936 ideo
1228 1903 1329 1947 impii
1345 1908 1578 1936 contemnunt
1595 1902 1686 1945 leges
1703 1907 1735 1934 et
1751 1900 1853 1933 facile
1873 1900 2024 1939 violant,
2047 1911 2114 1943 pu-

1110 1960 1198 1988 ‘tant
1223 1954 1371 1998 impium
1397 1964 1486 1993 esse,
1524 1952 1695 1998 quicquid
1720 1964 1738 1985 a
1763 1951 1928 1984 civilibus
1956 1950 2113 1994 imperiis

1122 2005 1324 2039 decernitur
1356 2011 1415 2038 aut
1449 2003 1694 2048 proficiscitur.
1775 2001 1826 2036 Ita
1860 2002 2112 2036 transferamus

1121 2057 1331 2090 versiculum
1352 2057 1395 2089 ad
1414 2053 1607 2089 Ecclesiam
1625 2061 1657 2088 et
1674 2054 1760 2087 alias
1776 2052 2017 2087 ordinationes
2036 2050 2112 2092 Dei,

1121 2114 1152 2142 et
1170 2106 1245 2141 Deo
1271 2107 1398 2151 gratias
1422 2118 1585 2150 agamus,
1618 2112 1650 2139 et
1677 2104 1920 2138 ordinationes
1945 2103 2017 2136 eius
2035 2114 2111 2135 ma-

1119 2159 1368 2203 gnifaciamus,
1395 2165 1428 2192 et
1445 2169 1516 2191 non
1534 2157 1680 2202 impune
1699 2155 1824 2189 violari
1841 2161 2014 2199 putemus.

1169 2249 1306 2287 Firma
1323 2255 1409 2285 sunt
1428 2248 1610 2284 mandata
1629 2248 1722 2291 eius,
1751 2252 1834 2281 rata
1852 2246 1890 2280 in
1906 2245 2077 2282 seculum.

1220 2329 1409 2364 Summum
1440 2326 1650 2361 beneficium
1683 2331 1751 2365 est,
1787 2324 1882 2370 quod
1905 2322 2002 2358 Deus
2028 2336 2108 2357 ver-

1118 2383 1202 2416 bum
1220 2393 1342 2421 suum,
1370 2379 1533 2412 videlicet
1547 2405 1555 2418 ‚
1583 2378 1693 2420 legem
1711 2384 1743 2410 et
1759 2375 2008 2419 promissiones
2023 2372 2106 2408 huic

1118 2433 1249 2478 populo
1283 2431 1439 2465 tradidit.
1500 2428 1578 2462 Hoc
1611 2427 1819 2462 beneficium
1849 2426 1918 2459 iam
1948 2438 2106 2471 expresse

1118 2484 1279 2518 nominat
1307 2489 1338 2516 et
1361 2479 1568 2525 amplificat,
1604 2479 1790 2523 aliquoties
1814 2477 1960 2522 repetita
1982 2478 2102 2511 eadem

1117 2534 1305 2570 sententia:
1334 2532 1453 2565 Firma
1476 2538 1556 2565 sunt
1579 2531 1745 2563 mandata
1770 2529 1863 2567 eius,
1892 2536 1984 2570 rata,
2011 2541 2103 2569 vera,

1118 2593 1228 2626 recta,
1263 2592 1325 2619 etc.
1396 2582 1491 2616 Haec
1528 2587 1759 2626 opponuntur
1794 2580 1934 2613 iudiciis
1966 2580 2102 2614 mundi.

1118 2637 1207 2672 Nam
1225 2636 1378 2670 mundus
1396 2634 1529 2669 iudicat
1544 2630 1610 2667 hoe
1628 2632 1774 2666 verbum
1793 2632 1934 2665 inanem
1951 2631 2105 2665 fabulam
