<?xml version="1.0" encoding="UTF-8"?>
<!DOCTYPE html PUBLIC "-//W3C//DTD XHTML 1.0 Transitional//EN"
    "http://www.w3.org/TR/xhtml1/DTD/xhtml1-transitional.dtd">
<html xmlns="http://www.w3.org/1999/xhtml" xml:lang="en" lang="en">
 <head>
  <title>
</title>
<meta http-equiv="Content-Type" content="text/html;charset=utf-8" />
  <meta name='ocr-system' content='tesseract 3.04.00' />
  <meta name='ocr-capabilities' content='ocr_page ocr_carea ocr_par ocr_line ocrx_word'/>
</head>
<body>
  <div class='ocr_page' id='page_1' title='image "./operaquaesupersu13melauoft_0310.png"; bbox 0 0 2379 2948; ppageno 0'>
   <div class='ocr_carea' id='block_1_1' title="bbox 220 136 294 175">
    <p class='ocr_par' dir='ltr' id='par_1_1' title="bbox 220 136 294 175">
     <span class='ocr_line' id='line_1_1' title="bbox 220 136 294 175; baseline -0.068 -1"><span class='ocrx_word' id='word_1_1' title='bbox 220 136 294 175; x_wconf 77' lang='lat'>595</span> 
     </span>
    </p>
   </div>
   <div class='ocr_carea' id='block_1_2' title="bbox 221 202 1212 1014">
    <p class='ocr_par' dir='ltr' id='par_1_2' title="bbox 221 202 1212 1014">
     <span class='ocr_line' id='line_1_2' title="bbox 221 202 1199 255; baseline -0.025 0"><span class='ocrx_word' id='word_1_2' title='bbox 221 220 348 255; x_wconf 81' lang='lat' dir='ltr'>dubiae</span> <span class='ocrx_word' id='word_1_3' title='bbox 364 216 494 250; x_wconf 80' lang='lat' dir='ltr'>faciens</span> <span class='ocrx_word' id='word_1_4' title='bbox 514 214 626 246; x_wconf 77' lang='lat' dir='ltr'>fidem.</span> <span class='ocrx_word' id='word_1_5' title='bbox 679 207 725 242; x_wconf 91' lang='lat' dir='ltr'>Ut</span> <span class='ocrx_word' id='word_1_6' title='bbox 743 213 858 240; x_wconf 88' lang='lat' dir='ltr'>autem</span> <span class='ocrx_word' id='word_1_7' title='bbox 881 203 972 237; x_wconf 81' lang='lat' dir='ltr'>fabri</span> <span class='ocrx_word' id='word_1_8' title='bbox 996 202 1124 246; x_wconf 82' lang='lat' dir='ltr'>duplex</span> <span class='ocrx_word' id='word_1_9' title='bbox 1149 206 1199 232; x_wconf 89' lang='lat' dir='ltr'>est</span> 
     </span>
     <span class='ocr_line' id='line_1_3' title="bbox 221 250 1199 307; baseline -0.024 -2"><span class='ocrx_word' id='word_1_10' title='bbox 221 268 448 307; x_wconf 78' lang='lat' dir='ltr'>deliberatio,</span> <span class='ocrx_word' id='word_1_11' title='bbox 474 264 541 298; x_wconf 85' lang='lat' dir='ltr'>alia</span> <span class='ocrx_word' id='word_1_12' title='bbox 566 263 608 294; x_wconf 91' lang='lat' dir='ltr'>de</span> <span class='ocrx_word' id='word_1_13' title='bbox 633 258 797 298; x_wconf 86' lang='lat' dir='ltr'>materia,</span> <span class='ocrx_word' id='word_1_14' title='bbox 830 256 899 289; x_wconf 88' lang='lat' dir='ltr'>alia</span> <span class='ocrx_word' id='word_1_15' title='bbox 922 256 965 288; x_wconf 88' lang='lat' dir='ltr'>de</span> <span class='ocrx_word' id='word_1_16' title='bbox 987 254 1117 286; x_wconf 84' lang='lat' dir='ltr'>forma:</span> <span class='ocrx_word' id='word_1_17' title='bbox 1152 250 1199 282; x_wconf 88' lang='lat' dir='ltr'>sic</span> 
     </span>
     <span class='ocr_line' id='line_1_4' title="bbox 223 302 1201 361; baseline -0.024 -6"><span class='ocrx_word' id='word_1_18' title='bbox 223 323 261 355; x_wconf 91' lang='lat' dir='ltr'>iu</span> <span class='ocrx_word' id='word_1_19' title='bbox 294 316 507 361; x_wconf 73' lang='lat' dir='ltr'>argumentis</span> <span class='ocrx_word' id='word_1_20' title='bbox 540 311 638 345; x_wconf 89' lang='lat' dir='ltr'>aliud</span> <span class='ocrx_word' id='word_1_21' title='bbox 670 316 720 343; x_wconf 86' lang='lat' dir='ltr'>est</span> <span class='ocrx_word' id='word_1_22' title='bbox 750 306 916 346; x_wconf 87' lang='lat' dir='ltr'>materia,</span> <span class='ocrx_word' id='word_1_23' title='bbox 949 305 1046 338; x_wconf 87' lang='lat' dir='ltr'>aliud</span> <span class='ocrx_word' id='word_1_24' title='bbox 1079 302 1201 334; x_wconf 85' lang='lat' dir='ltr'>forma.</span> 
     </span>
     <span class='ocr_line' id='line_1_5' title="bbox 223 351 1203 406; baseline -0.023 -1"><span class='ocrx_word' id='word_1_25' title='bbox 223 371 374 406; x_wconf 80' lang='lat' dir='ltr'>Materia</span> <span class='ocrx_word' id='word_1_26' title='bbox 404 373 453 399; x_wconf 89' lang='lat' dir='ltr'>est</span> <span class='ocrx_word' id='word_1_27' title='bbox 482 374 599 397; x_wconf 88' lang='lat' dir='ltr'>rerum</span> <span class='ocrx_word' id='word_1_28' title='bbox 631 372 690 394; x_wconf 87' lang='lat' dir='ltr'>seu</span> <span class='ocrx_word' id='word_1_29' title='bbox 719 357 1002 404; x_wconf 83' lang='lat' dir='ltr'>propositionum</span> <span class='ocrx_word' id='word_1_30' title='bbox 1031 351 1203 389; x_wconf 90' lang='lat' dir='ltr'>cumulus,</span> 
     </span>
     <span class='ocr_line' id='line_1_6' title="bbox 225 403 1203 466; baseline -0.021 -12"><span class='ocrx_word' id='word_1_31' title='bbox 225 433 312 466; x_wconf 85' lang='lat' dir='ltr'>quae</span> <span class='ocrx_word' id='word_1_32' title='bbox 333 424 412 451; x_wconf 89' lang='lat' dir='ltr'>sunt</span> <span class='ocrx_word' id='word_1_33' title='bbox 430 426 531 449; x_wconf 88' lang='lat' dir='ltr'>causa</span> <span class='ocrx_word' id='word_1_34' title='bbox 549 413 623 446; x_wconf 89' lang='lat' dir='ltr'>eius</span> <span class='ocrx_word' id='word_1_35' title='bbox 640 408 897 448; x_wconf 78' lang='lat' dir='ltr'>conclusionis,</span> <span class='ocrx_word' id='word_1_36' title='bbox 923 407 966 439; x_wconf 90' lang='lat' dir='ltr'>de</span> <span class='ocrx_word' id='word_1_37' title='bbox 989 416 1056 450; x_wconf 90' lang='lat' dir='ltr'>qua</span> <span class='ocrx_word' id='word_1_38' title='bbox 1082 403 1203 457; x_wconf 80' lang='lat' dir='ltr'>dispu-</span> 
     </span>
     <span class='ocr_line' id='line_1_7' title="bbox 225 457 1203 506; baseline -0.021 -2"><span class='ocrx_word' id='word_1_39' title='bbox 225 480 294 506; x_wconf 84' lang='lat' dir='ltr'>tas:</span> <span class='ocrx_word' id='word_1_40' title='bbox 322 469 380 501; x_wconf 86' lang='lat' dir='ltr'>sed</span> <span class='ocrx_word' id='word_1_41' title='bbox 405 467 537 504; x_wconf 81' lang='lat' dir='ltr'>forma,</span> <span class='ocrx_word' id='word_1_42' title='bbox 564 463 652 496; x_wconf 85' lang='lat' dir='ltr'>ordo</span> <span class='ocrx_word' id='word_1_43' title='bbox 675 472 736 495; x_wconf 89' lang='lat' dir='ltr'>seu</span> <span class='ocrx_word' id='word_1_44' title='bbox 761 457 946 503; x_wconf 75' lang='lat' dir='ltr'>dispositio</span> <span class='ocrx_word' id='word_1_45' title='bbox 974 462 1007 488; x_wconf 88' lang='lat' dir='ltr'>et</span> <span class='ocrx_word' id='word_1_46' title='bbox 1032 463 1203 488; x_wconf 78' lang='lat' dir='ltr'>connexio</span> 
     </span>
     <span class='ocr_line' id='line_1_8' title="bbox 225 508 1205 562; baseline -0.02 -8"><span class='ocrx_word' id='word_1_47' title='bbox 225 529 274 555; x_wconf 88' lang='lat' dir='ltr'>est</span> <span class='ocrx_word' id='word_1_48' title='bbox 291 518 510 562; x_wconf 85' lang='lat' dir='ltr'>singularum</span> <span class='ocrx_word' id='word_1_49' title='bbox 529 513 691 558; x_wconf 88' lang='lat' dir='ltr'>partium.</span> <span class='ocrx_word' id='word_1_50' title='bbox 743 509 790 544; x_wconf 90' lang='lat' dir='ltr'>Et</span> <span class='ocrx_word' id='word_1_51' title='bbox 805 514 949 542; x_wconf 66' lang='lat' dir='ltr'>vocatur</span> <span class='ocrx_word' id='word_1_52' title='bbox 966 508 1059 539; x_wconf 86' lang='lat' dir='ltr'>bona</span> <span class='ocrx_word' id='word_1_53' title='bbox 1083 513 1205 559; x_wconf 75' lang='lat' dir='ltr'>conse-</span> 
     </span>
     <span class='ocr_line' id='line_1_9' title="bbox 225 557 1206 617; baseline -0.021 -12"><span class='ocrx_word' id='word_1_54' title='bbox 225 570 380 617; x_wconf 80' lang='lat' dir='ltr'>quentia.</span> <span class='ocrx_word' id='word_1_55' title='bbox 423 566 490 599; x_wconf 84' lang='lat' dir='ltr'>llic</span> <span class='ocrx_word' id='word_1_56' title='bbox 505 571 621 598; x_wconf 91' lang='lat' dir='ltr'>autem</span> <span class='ocrx_word' id='word_1_57' title='bbox 639 574 713 596; x_wconf 91' lang='lat' dir='ltr'>non</span> <span class='ocrx_word' id='word_1_58' title='bbox 729 561 772 594; x_wconf 92' lang='lat' dir='ltr'>de</span> <span class='ocrx_word' id='word_1_59' title='bbox 790 560 894 593; x_wconf 89' lang='lat' dir='ltr'>rebus</span> <span class='ocrx_word' id='word_1_60' title='bbox 910 569 969 590; x_wconf 90' lang='lat' dir='ltr'>seu</span> <span class='ocrx_word' id='word_1_61' title='bbox 989 557 1030 589; x_wconf 89' lang='lat' dir='ltr'>de</span> <span class='ocrx_word' id='word_1_62' title='bbox 1047 561 1206 608; x_wconf 73' lang='lat' dir='ltr'>materia,</span> 
     </span>
     <span class='ocr_line' id='line_1_10' title="bbox 225 603 1206 656; baseline -0.023 1"><span class='ocrx_word' id='word_1_63' title='bbox 225 622 285 656; x_wconf 87' lang='lat' dir='ltr'>sed</span> <span class='ocrx_word' id='word_1_64' title='bbox 302 621 344 654; x_wconf 88' lang='lat' dir='ltr'>de</span> <span class='ocrx_word' id='word_1_65' title='bbox 361 620 472 652; x_wconf 86' lang='lat' dir='ltr'>forma</span> <span class='ocrx_word' id='word_1_66' title='bbox 489 615 656 649; x_wconf 85' lang='lat' dir='ltr'>dicemus.</span> <span class='ocrx_word' id='word_1_67' title='bbox 708 610 779 646; x_wconf 83' lang='lat' dir='ltr'>Res</span> <span class='ocrx_word' id='word_1_68' title='bbox 795 615 982 643; x_wconf 89' lang='lat' dir='ltr'>sumuntur</span> <span class='ocrx_word' id='word_1_69' title='bbox 998 607 1036 639; x_wconf 87' lang='lat' dir='ltr'>in</span> <span class='ocrx_word' id='word_1_70' title='bbox 1057 603 1206 647; x_wconf 77' lang='lat' dir='ltr'>singulis</span> 
     </span>
     <span class='ocr_line' id='line_1_11' title="bbox 225 655 1206 706; baseline -0.022 0"><span class='ocrx_word' id='word_1_71' title='bbox 225 672 361 706; x_wconf 88' lang='lat' dir='ltr'>artibus</span> <span class='ocrx_word' id='word_1_72' title='bbox 379 681 419 702; x_wconf 82' lang='lat' dir='ltr'>ex</span> <span class='ocrx_word' id='word_1_73' title='bbox 438 666 508 700; x_wconf 90' lang='lat' dir='ltr'>suis</span> <span class='ocrx_word' id='word_1_74' title='bbox 522 665 691 698; x_wconf 80' lang='lat' dir='ltr'>fontibus.</span> <span class='ocrx_word' id='word_1_75' title='bbox 743 659 983 695; x_wconf 90' lang='lat' dir='ltr'>Concionator</span> <span class='ocrx_word' id='word_1_76' title='bbox 997 655 1105 690; x_wconf 89' lang='lat' dir='ltr'>sumit</span> <span class='ocrx_word' id='word_1_77' title='bbox 1132 665 1206 686; x_wconf 88' lang='lat' dir='ltr'>ma-</span> 
     </span>
     <span class='ocr_line' id='line_1_12' title="bbox 226 703 1209 757; baseline -0.02 0"><span class='ocrx_word' id='word_1_78' title='bbox 226 723 352 757; x_wconf 78' lang='lat' dir='ltr'>teriam</span> <span class='ocrx_word' id='word_1_79' title='bbox 369 731 408 752; x_wconf 82' lang='lat' dir='ltr'>ex</span> <span class='ocrx_word' id='word_1_80' title='bbox 425 717 526 750; x_wconf 89' lang='lat' dir='ltr'>libris</span> <span class='ocrx_word' id='word_1_81' title='bbox 541 714 712 748; x_wconf 76' lang='lat' dir='ltr'>divinitus</span> <span class='ocrx_word' id='word_1_82' title='bbox 729 710 878 745; x_wconf 83' lang='lat' dir='ltr'>traditis.</span> <span class='ocrx_word' id='word_1_83' title='bbox 925 707 1086 742; x_wconf 86' lang='lat' dir='ltr'>Medicus</span> <span class='ocrx_word' id='word_1_84' title='bbox 1102 703 1209 737; x_wconf 86' lang='lat' dir='ltr'>sumit</span> 
     </span>
     <span class='ocr_line' id='line_1_13' title="bbox 228 755 1209 814; baseline -0.022 -7"><span class='ocrx_word' id='word_1_85' title='bbox 228 786 269 807; x_wconf 82' lang='lat' dir='ltr'>ex</span> <span class='ocrx_word' id='word_1_86' title='bbox 306 773 662 814; x_wconf 76' lang='lat' dir='ltr'>temperamentorum</span> <span class='ocrx_word' id='word_1_87' title='bbox 700 762 886 798; x_wconf 87' lang='lat' dir='ltr'>varietate,</span> <span class='ocrx_word' id='word_1_88' title='bbox 939 755 1209 794; x_wconf 82' lang='lat' dir='ltr'>mutationibus,</span> 
     </span>
     <span class='ocr_line' id='line_1_14' title="bbox 228 805 1210 857; baseline -0.021 0"><span class='ocrx_word' id='word_1_89' title='bbox 228 821 403 857; x_wconf 82' lang='lat' dir='ltr'>remediis.</span> <span class='ocrx_word' id='word_1_90' title='bbox 440 816 487 852; x_wconf 84' lang='lat' dir='ltr'>Et</span> <span class='ocrx_word' id='word_1_91' title='bbox 504 816 571 849; x_wconf 88' lang='lat' dir='ltr'>loci</span> <span class='ocrx_word' id='word_1_92' title='bbox 589 812 761 848; x_wconf 89' lang='lat' dir='ltr'>dialectici</span> <span class='ocrx_word' id='word_1_93' title='bbox 778 818 955 854; x_wconf 85' lang='lat' dir='ltr'>utcunque</span> <span class='ocrx_word' id='word_1_94' title='bbox 973 807 1066 840; x_wconf 88' lang='lat' dir='ltr'>viam</span> <span class='ocrx_word' id='word_1_95' title='bbox 1084 806 1121 838; x_wconf 87' lang='lat' dir='ltr'>in</span> <span class='ocrx_word' id='word_1_96' title='bbox 1140 805 1210 838; x_wconf 91' lang='lat' dir='ltr'>ele-</span> 
     </span>
     <span class='ocr_line' id='line_1_15' title="bbox 229 854 1209 907; baseline -0.02 0"><span class='ocrx_word' id='word_1_97' title='bbox 229 874 345 907; x_wconf 89' lang='lat' dir='ltr'>ctione</span> <span class='ocrx_word' id='word_1_98' title='bbox 361 881 478 904; x_wconf 80' lang='lat' dir='ltr'>rerurn</span> <span class='ocrx_word' id='word_1_99' title='bbox 497 871 712 904; x_wconf 87' lang='lat' dir='ltr'>monstrant,</span> <span class='ocrx_word' id='word_1_100' title='bbox 739 869 778 895; x_wconf 82' lang='lat' dir='ltr'>ut</span> <span class='ocrx_word' id='word_1_101' title='bbox 804 861 895 893; x_wconf 79' lang='lat' dir='ltr'>infra</span> <span class='ocrx_word' id='word_1_102' title='bbox 921 858 1089 892; x_wconf 79' lang='lat' dir='ltr'>dicemus,</span> <span class='ocrx_word' id='word_1_103' title='bbox 1140 854 1209 889; x_wconf 89' lang='lat' dir='ltr'>Sed</span> 
     </span>
     <span class='ocr_line' id='line_1_16' title="bbox 228 910 1210 965; baseline -0.02 -8"><span class='ocrx_word' id='word_1_104' title='bbox 228 922 314 957; x_wconf 87' lang='lat' dir='ltr'>haec</span> <span class='ocrx_word' id='word_1_105' title='bbox 333 931 410 965; x_wconf 70' lang='lat' dir='ltr'>pars</span> <span class='ocrx_word' id='word_1_106' title='bbox 434 920 478 951; x_wconf 90' lang='lat' dir='ltr'>de</span> <span class='ocrx_word' id='word_1_107' title='bbox 503 915 716 962; x_wconf 70' lang='lat' dir='ltr'>syllogismis</span> <span class='ocrx_word' id='word_1_108' title='bbox 739 910 1015 956; x_wconf 88' lang='lat' dir='ltr'>disputationem</span> <span class='ocrx_word' id='word_1_109' title='bbox 1038 919 1099 941; x_wconf 89' lang='lat' dir='ltr'>seu</span> <span class='ocrx_word' id='word_1_110' title='bbox 1124 918 1210 939; x_wconf 91' lang='lat' dir='ltr'>con-</span> 
     </span>
     <span class='ocr_line' id='line_1_17' title="bbox 228 957 1212 1014; baseline -0.018 -8"><span class='ocrx_word' id='word_1_111' title='bbox 228 974 435 1010; x_wconf 79' lang='lat' dir='ltr'>nexionem,</span> <span class='ocrx_word' id='word_1_112' title='bbox 462 979 551 1014; x_wconf 86' lang='lat' dir='ltr'>quae</span> <span class='ocrx_word' id='word_1_113' title='bbox 580 972 725 1000; x_wconf 87' lang='lat' dir='ltr'>vocatur</span> <span class='ocrx_word' id='word_1_114' title='bbox 746 963 878 1003; x_wconf 83' lang='lat' dir='ltr'>forma,</span> <span class='ocrx_word' id='word_1_115' title='bbox 906 967 941 995; x_wconf 90' lang='lat' dir='ltr'>et</span> <span class='ocrx_word' id='word_1_116' title='bbox 964 958 1069 992; x_wconf 81' lang='lat' dir='ltr'>efficit</span> <span class='ocrx_word' id='word_1_117' title='bbox 1097 963 1131 991; x_wconf 85' lang='lat' dir='ltr'>et</span> <span class='ocrx_word' id='word_1_118' title='bbox 1157 957 1212 989; x_wconf 91' lang='lat' dir='ltr'>in-</span> 
     </span>
    </p>
   </div>
   <div class='ocr_carea' id='block_1_3' title="bbox 227 1025 331 1057">
    <p class='ocr_par' dir='ltr' id='par_1_3' title="bbox 227 1025 331 1057">
     <span class='ocr_line' id='line_1_18' title="bbox 227 1025 331 1057; baseline 0 0"><span class='ocrx_word' id='word_1_119' title='bbox 227 1025 331 1057; x_wconf 83' lang='lat' dir='ltr'>dicat.</span> 
     </span>
    </p>
   </div>
   <div class='ocr_carea' id='block_1_4' title="bbox 405 1091 1033 1146">
    <p class='ocr_par' dir='ltr' id='par_1_4' title="bbox 405 1091 1033 1146">
     <span class='ocr_line' id='line_1_19' title="bbox 405 1091 1033 1146; baseline -0.018 -7"><span class='ocrx_word' id='word_1_120' title='bbox 405 1102 501 1146; x_wconf 83' lang='lat' dir='ltr'>Quid</span> <span class='ocrx_word' id='word_1_121' title='bbox 529 1106 587 1137; x_wconf 88' lang='lat' dir='ltr'>est</span> <span class='ocrx_word' id='word_1_122' title='bbox 614 1099 706 1134; x_wconf 86' lang='lat' dir='ltr'>bona</span> <span class='ocrx_word' id='word_1_123' title='bbox 735 1091 1033 1142; x_wconf 78' lang='lat' dir='ltr'>Consequentia?</span> 
     </span>
    </p>
   </div>
   <div class='ocr_carea' id='block_1_5' title="bbox 231 1165 1218 1471">
    <p class='ocr_par' dir='ltr' id='par_1_5' title="bbox 231 1165 1218 1471">
     <span class='ocr_line' id='line_1_20' title="bbox 332 1165 1215 1215; baseline -0.019 -1"><span class='ocrx_word' id='word_1_124' title='bbox 332 1179 396 1214; x_wconf 85' lang='lat' dir='ltr'>Est</span> <span class='ocrx_word' id='word_1_125' title='bbox 414 1186 507 1212; x_wconf 87' lang='lat' dir='ltr'>recta</span> <span class='ocrx_word' id='word_1_126' title='bbox 531 1174 703 1210; x_wconf 84' lang='lat' dir='ltr'>connexio</span> <span class='ocrx_word' id='word_1_127' title='bbox 729 1172 888 1206; x_wconf 90' lang='lat' dir='ltr'>omnium</span> <span class='ocrx_word' id='word_1_128' title='bbox 912 1169 1066 1215; x_wconf 89' lang='lat' dir='ltr'>partium</span> <span class='ocrx_word' id='word_1_129' title='bbox 1089 1166 1127 1199; x_wconf 89' lang='lat' dir='ltr'>in</span> <span class='ocrx_word' id='word_1_130' title='bbox 1146 1165 1215 1198; x_wconf 81' lang='lat' dir='ltr'>Ar—</span> 
     </span>
     <span class='ocr_line' id='line_1_21' title="bbox 231 1217 1216 1278; baseline -0.019 -11"><span class='ocrx_word' id='word_1_131' title='bbox 231 1238 415 1278; x_wconf 79' lang='lat' dir='ltr'>gumento,</span> <span class='ocrx_word' id='word_1_132' title='bbox 446 1230 481 1262; x_wconf 90' lang='lat' dir='ltr'>in</span> <span class='ocrx_word' id='word_1_133' title='bbox 507 1239 573 1273; x_wconf 90' lang='lat' dir='ltr'>qua</span> <span class='ocrx_word' id='word_1_134' title='bbox 594 1226 733 1258; x_wconf 87' lang='lat' dir='ltr'>nullum</span> <span class='ocrx_word' id='word_1_135' title='bbox 760 1228 983 1266; x_wconf 85' lang='lat' dir='ltr'>praeceptum</span> <span class='ocrx_word' id='word_1_136' title='bbox 1000 1217 1216 1252; x_wconf 88' lang='lat' dir='ltr'>Dialecticae</span> 
     </span>
     <span class='ocr_line' id='line_1_22' title="bbox 231 1269 1215 1317; baseline -0.017 -1"><span class='ocrx_word' id='word_1_137' title='bbox 231 1284 396 1317; x_wconf 79' lang='lat' dir='ltr'>violatur.</span> <span class='ocrx_word' id='word_1_138' title='bbox 448 1279 520 1312; x_wconf 70' lang='lat' dir='ltr'>Nec</span> <span class='ocrx_word' id='word_1_139' title='bbox 550 1277 654 1310; x_wconf 85' lang='lat' dir='ltr'>aliam</span> <span class='ocrx_word' id='word_1_140' title='bbox 685 1273 958 1316; x_wconf 87' lang='lat' dir='ltr'>descriptionem</span> <span class='ocrx_word' id='word_1_141' title='bbox 989 1269 1215 1303; x_wconf 87' lang='lat' dir='ltr'>subtiliorum</span> 
     </span>
     <span class='ocr_line' id='line_1_23' title="bbox 231 1321 1216 1376; baseline -0.018 -8"><span class='ocrx_word' id='word_1_142' title='bbox 231 1335 352 1373; x_wconf 83' lang='lat' dir='ltr'>trado,</span> <span class='ocrx_word' id='word_1_143' title='bbox 379 1330 461 1376; x_wconf 84' lang='lat' dir='ltr'>quia</span> <span class='ocrx_word' id='word_1_144' title='bbox 478 1340 601 1361; x_wconf 88' lang='lat' dir='ltr'>verum</span> <span class='ocrx_word' id='word_1_145' title='bbox 626 1332 676 1359; x_wconf 89' lang='lat' dir='ltr'>est</span> <span class='ocrx_word' id='word_1_146' title='bbox 702 1325 739 1357; x_wconf 91' lang='lat' dir='ltr'>in</span> <span class='ocrx_word' id='word_1_147' title='bbox 767 1322 955 1356; x_wconf 89' lang='lat' dir='ltr'>iudicanda</span> <span class='ocrx_word' id='word_1_148' title='bbox 978 1321 1070 1353; x_wconf 90' lang='lat' dir='ltr'>bona</span> <span class='ocrx_word' id='word_1_149' title='bbox 1094 1330 1216 1352; x_wconf 85' lang='lat' dir='ltr'>conse-</span> 
     </span>
     <span class='ocr_line' id='line_1_24' title="bbox 234 1371 1218 1430; baseline -0.018 -12"><span class='ocrx_word' id='word_1_150' title='bbox 234 1384 396 1430; x_wconf 81' lang='lat' dir='ltr'>quentia,</span> <span class='ocrx_word' id='word_1_151' title='bbox 427 1386 580 1413; x_wconf 87' lang='lat' dir='ltr'>mentem</span> <span class='ocrx_word' id='word_1_152' title='bbox 613 1375 744 1409; x_wconf 90' lang='lat' dir='ltr'>intneri</span> <span class='ocrx_word' id='word_1_153' title='bbox 773 1379 882 1406; x_wconf 89' lang='lat' dir='ltr'>totam</span> <span class='ocrx_word' id='word_1_154' title='bbox 905 1371 1142 1408; x_wconf 87' lang='lat' dir='ltr'>Dialecticen,</span> <span class='ocrx_word' id='word_1_155' title='bbox 1185 1374 1218 1401; x_wconf 89' lang='lat' dir='ltr'>et</span> 
     </span>
     <span class='ocr_line' id='line_1_25' title="bbox 235 1419 1217 1471; baseline -0.018 -3"><span class='ocrx_word' id='word_1_156' title='bbox 235 1434 476 1471; x_wconf 82' lang='lat' dir='ltr'>considerare,</span> <span class='ocrx_word' id='word_1_157' title='bbox 523 1439 569 1462; x_wconf 89' lang='lat' dir='ltr'>an</span> <span class='ocrx_word' id='word_1_158' title='bbox 604 1424 775 1459; x_wconf 82' lang='lat' dir='ltr'>connexio</span> <span class='ocrx_word' id='word_1_159' title='bbox 808 1421 991 1463; x_wconf 81' lang='lat' dir='ltr'>dissentiat</span> <span class='ocrx_word' id='word_1_160' title='bbox 1023 1421 1068 1453; x_wconf 90' lang='lat' dir='ltr'>ab</span> <span class='ocrx_word' id='word_1_161' title='bbox 1097 1419 1217 1463; x_wconf 87' lang='lat' dir='ltr'>aliquo</span> 
     </span>
    </p>
   </div>
   <div class='ocr_carea' id='block_1_6' title="bbox 234 1489 430 1530">
    <p class='ocr_par' dir='ltr' id='par_1_6' title="bbox 234 1489 430 1530">
     <span class='ocr_line' id='line_1_26' title="bbox 234 1489 430 1530; baseline -0.026 -11"><span class='ocrx_word' id='word_1_162' title='bbox 234 1489 430 1530; x_wconf 83' lang='lat' dir='ltr'>praecepto.</span> 
     </span>
    </p>
   </div>
   <div class='ocr_carea' id='block_1_7' title="bbox 340 1561 1118 1617">
    <p class='ocr_par' dir='ltr' id='par_1_7' title="bbox 340 1561 1118 1617">
     <span class='ocr_line' id='line_1_27' title="bbox 340 1561 1118 1617; baseline -0.017 -8"><span class='ocrx_word' id='word_1_163' title='bbox 340 1578 431 1617; x_wconf 82' lang='lat' dir='ltr'>Quot</span> <span class='ocrx_word' id='word_1_164' title='bbox 457 1575 547 1607; x_wconf 83' lang='lat' dir='ltr'>sunt</span> <span class='ocrx_word' id='word_1_165' title='bbox 574 1570 726 1614; x_wconf 83' lang='lat' dir='ltr'>Species</span> <span class='ocrx_word' id='word_1_166' title='bbox 753 1561 1118 1612; x_wconf 71' lang='lat' dir='ltr'>argumentationis?</span> 
     </span>
    </p>
   </div>
   <div class='ocr_carea' id='block_1_8' title="bbox 237 1627 1223 1939">
    <p class='ocr_par' dir='ltr' id='par_1_8' title="bbox 237 1627 1223 1939">
     <span class='ocr_line' id='line_1_28' title="bbox 340 1627 1221 1684; baseline -0.017 -10"><span class='ocrx_word' id='word_1_167' title='bbox 340 1640 502 1684; x_wconf 85' lang='lat' dir='ltr'>Quatuor</span> <span class='ocrx_word' id='word_1_168' title='bbox 524 1642 605 1670; x_wconf 90' lang='lat' dir='ltr'>sunt</span> <span class='ocrx_word' id='word_1_169' title='bbox 629 1634 759 1678; x_wconf 88' lang='lat' dir='ltr'>species</span> <span class='ocrx_word' id='word_1_170' title='bbox 781 1629 1112 1673; x_wconf 79' lang='lat' dir='ltr'>argumentationis:</span> <span class='ocrx_word' id='word_1_171' title='bbox 1139 1627 1221 1673; x_wconf 78' lang='lat' dir='ltr'>Syl-</span> 
     </span>
     <span class='ocr_line' id='line_1_29' title="bbox 238 1678 1219 1737; baseline -0.018 -10"><span class='ocrx_word' id='word_1_172' title='bbox 238 1693 427 1737; x_wconf 84' lang='lat' dir='ltr'>logismus‚</span> <span class='ocrx_word' id='word_1_173' title='bbox 463 1685 719 1732; x_wconf 73' lang='lat' dir='ltr'>Enthymema‚</span> <span class='ocrx_word' id='word_1_174' title='bbox 753 1680 916 1715; x_wconf 88' lang='lat' dir='ltr'>Inductio</span> <span class='ocrx_word' id='word_1_175' title='bbox 939 1687 973 1713; x_wconf 86' lang='lat' dir='ltr'>et</span> <span class='ocrx_word' id='word_1_176' title='bbox 996 1678 1219 1722; x_wconf 87' lang='lat' dir='ltr'>Exemplum.</span> 
     </span>
     <span class='ocr_line' id='line_1_30' title="bbox 237 1729 1220 1778; baseline -0.021 0"><span class='ocrx_word' id='word_1_177' title='bbox 237 1745 333 1778; x_wconf 86' lang='lat' dir='ltr'>Haec</span> <span class='ocrx_word' id='word_1_178' title='bbox 349 1749 398 1776; x_wconf 89' lang='lat' dir='ltr'>est</span> <span class='ocrx_word' id='word_1_179' title='bbox 413 1740 538 1773; x_wconf 87' lang='lat' dir='ltr'>usitata</span> <span class='ocrx_word' id='word_1_180' title='bbox 555 1733 786 1770; x_wconf 83' lang='lat' dir='ltr'>enumeratio.</span> <span class='ocrx_word' id='word_1_181' title='bbox 838 1730 912 1764; x_wconf 84' lang='lat' dir='ltr'>Nos</span> <span class='ocrx_word' id='word_1_182' title='bbox 936 1730 1098 1763; x_wconf 82' lang='lat' dir='ltr'>addimus</span> <span class='ocrx_word' id='word_1_183' title='bbox 1121 1729 1220 1763; x_wconf 77' lang='lat' dir='ltr'>Sori-</span> 
     </span>
     <span class='ocr_line' id='line_1_31' title="bbox 238 1779 1219 1835; baseline -0.016 -7"><span class='ocrx_word' id='word_1_184' title='bbox 238 1803 308 1830; x_wconf 87' lang='lat' dir='ltr'>ten.</span> <span class='ocrx_word' id='word_1_185' title='bbox 342 1792 477 1825; x_wconf 88' lang='lat' dir='ltr'>Harum</span> <span class='ocrx_word' id='word_1_186' title='bbox 494 1788 650 1835; x_wconf 85' lang='lat' dir='ltr'>quinque</span> <span class='ocrx_word' id='word_1_187' title='bbox 668 1784 862 1829; x_wconf 89' lang='lat' dir='ltr'>specierum</span> <span class='ocrx_word' id='word_1_188' title='bbox 882 1787 1085 1824; x_wconf 85' lang='lat' dir='ltr'>argumenta</span> <span class='ocrx_word' id='word_1_189' title='bbox 1102 1779 1219 1812; x_wconf 90' lang='lat' dir='ltr'>omnia</span> 
     </span>
     <span class='ocr_line' id='line_1_32' title="bbox 239 1831 1223 1884; baseline -0.016 -6"><span class='ocrx_word' id='word_1_190' title='bbox 239 1856 318 1879; x_wconf 90' lang='lat' dir='ltr'>cum</span> <span class='ocrx_word' id='word_1_191' title='bbox 338 1844 379 1876; x_wconf 93' lang='lat' dir='ltr'>ad</span> <span class='ocrx_word' id='word_1_192' title='bbox 400 1841 537 1884; x_wconf 87' lang='lat' dir='ltr'>regulas</span> <span class='ocrx_word' id='word_1_193' title='bbox 548 1836 747 1872; x_wconf 85' lang='lat' dir='ltr'>dialecticas</span> <span class='ocrx_word' id='word_1_194' title='bbox 765 1838 986 1877; x_wconf 82' lang='lat' dir='ltr'>congruunt,</span> <span class='ocrx_word' id='word_1_195' title='bbox 1009 1836 1092 1864; x_wconf 89' lang='lat' dir='ltr'>sunt</span> <span class='ocrx_word' id='word_1_196' title='bbox 1110 1831 1223 1864; x_wconf 84' lang='lat' dir='ltr'>bonae</span> 
     </span>
     <span class='ocr_line' id='line_1_33' title="bbox 240 1892 523 1939; baseline -0.025 -9"><span class='ocrx_word' id='word_1_197' title='bbox 240 1892 523 1939; x_wconf 87' lang='lat' dir='ltr'>consequentiae.</span> 
     </span>
    </p>
   </div>
   <div class='ocr_carea' id='block_1_9' title="bbox 495 2000 968 2130">
    <p class='ocr_par' dir='ltr' id='par_1_9' title="bbox 495 2000 968 2130">
     <span class='ocr_line' id='line_1_34' title="bbox 542 2000 922 2055; baseline -0.016 -11"><span class='ocrx_word' id='word_1_198' title='bbox 542 2004 607 2044; x_wconf 86' lang='lat' dir='ltr'>De</span> <span class='ocrx_word' id='word_1_199' title='bbox 645 2000 922 2055; x_wconf 79' lang='lat' dir='ltr'>Syllogismo.</span> 
     </span>
     <span class='ocr_line' id='line_1_35' title="bbox 495 2079 968 2130; baseline -0.017 -7"><span class='ocrx_word' id='word_1_200' title='bbox 495 2086 591 2130; x_wconf 82' lang='lat' dir='ltr'>Quid</span> <span class='ocrx_word' id='word_1_201' title='bbox 618 2090 675 2121; x_wconf 86' lang='lat' dir='ltr'>est</span> <span class='ocrx_word' id='word_1_202' title='bbox 702 2079 968 2130; x_wconf 73' lang='lat' dir='ltr'>Sylloyismus?</span> 
     </span>
    </p>
   </div>
   <div class='ocr_carea' id='block_1_10' title="bbox 245 2153 1226 2718">
    <p class='ocr_par' dir='ltr' id='par_1_10' title="bbox 245 2153 1226 2608">
     <span class='ocr_line' id='line_1_36' title="bbox 345 2153 1225 2210; baseline -0.014 -12"><span class='ocrx_word' id='word_1_203' title='bbox 345 2163 577 2210; x_wconf 71' lang='lat' dir='ltr'>Syllogismus</span> <span class='ocrx_word' id='word_1_204' title='bbox 604 2167 655 2194; x_wconf 87' lang='lat' dir='ltr'>est</span> <span class='ocrx_word' id='word_1_205' title='bbox 677 2158 808 2198; x_wconf 89' lang='lat' dir='ltr'>oratio,</span> <span class='ocrx_word' id='word_1_206' title='bbox 841 2156 879 2189; x_wconf 92' lang='lat' dir='ltr'>in</span> <span class='ocrx_word' id='word_1_207' title='bbox 902 2167 969 2201; x_wconf 88' lang='lat' dir='ltr'>qua</span> <span class='ocrx_word' id='word_1_208' title='bbox 997 2153 1120 2199; x_wconf 85' lang='lat' dir='ltr'>positis</span> <span class='ocrx_word' id='word_1_209' title='bbox 1147 2154 1225 2199; x_wconf 89' lang='lat' dir='ltr'>qui-</span> 
     </span>
     <span class='ocr_line' id='line_1_37' title="bbox 245 2207 1225 2252; baseline -0.015 -1"><span class='ocrx_word' id='word_1_210' title='bbox 245 2218 393 2251; x_wconf 87' lang='lat' dir='ltr'>busdam</span> <span class='ocrx_word' id='word_1_211' title='bbox 426 2214 524 2246; x_wconf 85' lang='lat' dir='ltr'>aliud</span> <span class='ocrx_word' id='word_1_212' title='bbox 555 2210 750 2245; x_wconf 83' lang='lat' dir='ltr'>necessario</span> <span class='ocrx_word' id='word_1_213' title='bbox 781 2207 957 2252; x_wconf 88' lang='lat' dir='ltr'>sequitur,</span> <span class='ocrx_word' id='word_1_214' title='bbox 998 2211 1143 2249; x_wconf 87' lang='lat' dir='ltr'>propter</span> <span class='ocrx_word' id='word_1_215' title='bbox 1174 2217 1225 2246; x_wconf 88' lang='lat' dir='ltr'>ea,</span> 
     </span>
     <span class='ocr_line' id='line_1_38' title="bbox 245 2255 1226 2314; baseline -0.014 -13"><span class='ocrx_word' id='word_1_216' title='bbox 245 2280 332 2314; x_wconf 88' lang='lat' dir='ltr'>quae</span> <span class='ocrx_word' id='word_1_217' title='bbox 350 2265 461 2310; x_wconf 89' lang='lat' dir='ltr'>posita</span> <span class='ocrx_word' id='word_1_218' title='bbox 486 2269 585 2296; x_wconf 85' lang='lat' dir='ltr'>sunt:</span> <span class='ocrx_word' id='word_1_219' title='bbox 620 2259 711 2294; x_wconf 89' lang='lat' dir='ltr'>banc</span> <span class='ocrx_word' id='word_1_220' title='bbox 735 2258 974 2292; x_wconf 86' lang='lat' dir='ltr'>definitionem</span> <span class='ocrx_word' id='word_1_221' title='bbox 1002 2256 1081 2289; x_wconf 89' lang='lat' dir='ltr'>ideo</span> <span class='ocrx_word' id='word_1_222' title='bbox 1107 2255 1226 2296; x_wconf 90' lang='lat' dir='ltr'>recito,</span> 
     </span>
     <span class='ocr_line' id='line_1_39' title="bbox 247 2305 1226 2364; baseline -0.015 -12"><span class='ocrx_word' id='word_1_223' title='bbox 247 2319 327 2364; x_wconf 89' lang='lat' dir='ltr'>quia</span> <span class='ocrx_word' id='word_1_224' title='bbox 343 2317 469 2350; x_wconf 89' lang='lat' dir='ltr'>usitata</span> <span class='ocrx_word' id='word_1_225' title='bbox 487 2320 554 2354; x_wconf 84' lang='lat' dir='ltr'>est,</span> <span class='ocrx_word' id='word_1_226' title='bbox 583 2319 615 2346; x_wconf 87' lang='lat' dir='ltr'>et</span> <span class='ocrx_word' id='word_1_227' title='bbox 632 2324 671 2344; x_wconf 82' lang='lat' dir='ltr'>ex</span> <span class='ocrx_word' id='word_1_228' title='bbox 689 2308 878 2344; x_wconf 87' lang='lat' dir='ltr'>Aristotele</span> <span class='ocrx_word' id='word_1_229' title='bbox 892 2313 1018 2340; x_wconf 89' lang='lat' dir='ltr'>sumta.</span> <span class='ocrx_word' id='word_1_230' title='bbox 1073 2305 1143 2339; x_wconf 90' lang='lat' dir='ltr'>Sed</span> <span class='ocrx_word' id='word_1_231' title='bbox 1164 2306 1226 2338; x_wconf 92' lang='lat' dir='ltr'>de-</span> 
     </span>
     <span class='ocr_line' id='line_1_40' title="bbox 247 2356 1225 2406; baseline -0.016 -3"><span class='ocrx_word' id='word_1_232' title='bbox 247 2368 388 2402; x_wconf 82' lang='lat' dir='ltr'>claratio</span> <span class='ocrx_word' id='word_1_233' title='bbox 406 2363 604 2399; x_wconf 85' lang='lat' dir='ltr'>adhibenda</span> <span class='ocrx_word' id='word_1_234' title='bbox 624 2369 694 2396; x_wconf 87' lang='lat' dir='ltr'>est:</span> <span class='ocrx_word' id='word_1_235' title='bbox 719 2359 952 2406; x_wconf 84' lang='lat' dir='ltr'>Syllogismus</span> <span class='ocrx_word' id='word_1_236' title='bbox 968 2363 1018 2390; x_wconf 84' lang='lat' dir='ltr'>est</span> <span class='ocrx_word' id='word_1_237' title='bbox 1033 2356 1166 2395; x_wconf 89' lang='lat' dir='ltr'>oratio,</span> <span class='ocrx_word' id='word_1_238' title='bbox 1187 2356 1225 2388; x_wconf 90' lang='lat' dir='ltr'>in</span> 
     </span>
     <span class='ocr_line' id='line_1_41' title="bbox 249 2407 1226 2464; baseline -0.015 -12"><span class='ocrx_word' id='word_1_239' title='bbox 249 2431 316 2464; x_wconf 88' lang='lat' dir='ltr'>qua</span> <span class='ocrx_word' id='word_1_240' title='bbox 344 2417 466 2462; x_wconf 87' lang='lat' dir='ltr'>positis</span> <span class='ocrx_word' id='word_1_241' title='bbox 498 2422 531 2449; x_wconf 87' lang='lat' dir='ltr'>et</span> <span class='ocrx_word' id='word_1_242' title='bbox 556 2412 728 2447; x_wconf 86' lang='lat' dir='ltr'>concessis</span> <span class='ocrx_word' id='word_1_243' title='bbox 752 2411 888 2444; x_wconf 86' lang='lat' dir='ltr'>duabus</span> <span class='ocrx_word' id='word_1_244' title='bbox 912 2407 1226 2452; x_wconf 86' lang='lat' dir='ltr'>propositionibus,</span> 
     </span>
     <span class='ocr_line' id='line_1_42' title="bbox 249 2456 1223 2513; baseline -0.012 -11"><span class='ocrx_word' id='word_1_245' title='bbox 249 2480 337 2513; x_wconf 84' lang='lat' dir='ltr'>quae</span> <span class='ocrx_word' id='word_1_246' title='bbox 362 2480 402 2500; x_wconf 88' lang='lat' dir='ltr'>ex</span> <span class='ocrx_word' id='word_1_247' title='bbox 428 2467 542 2500; x_wconf 85' lang='lat' dir='ltr'>tribus</span> <span class='ocrx_word' id='word_1_248' title='bbox 561 2463 721 2498; x_wconf 76' lang='lat' dir='ltr'>terminis</span> <span class='ocrx_word' id='word_1_249' title='bbox 745 2461 791 2495; x_wconf 77' lang='lat' dir='ltr'>ita</span> <span class='ocrx_word' id='word_1_250' title='bbox 809 2461 946 2493; x_wconf 87' lang='lat' dir='ltr'>iunctae</span> <span class='ocrx_word' id='word_1_251' title='bbox 965 2465 1069 2498; x_wconf 88' lang='lat' dir='ltr'>sunt,</span> <span class='ocrx_word' id='word_1_252' title='bbox 1094 2463 1134 2490; x_wconf 90' lang='lat' dir='ltr'>ut</span> <span class='ocrx_word' id='word_1_253' title='bbox 1154 2456 1223 2490; x_wconf 85' lang='lat' dir='ltr'>sint</span> 
     </span>
     <span class='ocr_line' id='line_1_43' title="bbox 250 2507 1226 2555; baseline -0.013 -3"><span class='ocrx_word' id='word_1_254' title='bbox 250 2529 351 2552; x_wconf 87' lang='lat' dir='ltr'>causa</span> <span class='ocrx_word' id='word_1_255' title='bbox 370 2515 622 2555; x_wconf 83' lang='lat' dir='ltr'>conclusionis,</span> <span class='ocrx_word' id='word_1_256' title='bbox 650 2524 787 2546; x_wconf 88' lang='lat' dir='ltr'>necesse</span> <span class='ocrx_word' id='word_1_257' title='bbox 803 2519 851 2545; x_wconf 86' lang='lat' dir='ltr'>est</span> <span class='ocrx_word' id='word_1_258' title='bbox 870 2510 967 2555; x_wconf 85' lang='lat' dir='ltr'>sequi</span> <span class='ocrx_word' id='word_1_259' title='bbox 985 2520 1059 2541; x_wconf 86' lang='lat' dir='ltr'>eam</span> <span class='ocrx_word' id='word_1_260' title='bbox 1083 2507 1226 2540; x_wconf 77' lang='lat' dir='ltr'>conclu-</span> 
     </span>
     <span class='ocr_line' id='line_1_44' title="bbox 248 2559 1169 2608; baseline -0.013 -6"><span class='ocrx_word' id='word_1_261' title='bbox 248 2570 405 2607; x_wconf 88' lang='lat' dir='ltr'>sionem,</span> <span class='ocrx_word' id='word_1_262' title='bbox 431 2574 467 2599; x_wconf 87' lang='lat' dir='ltr'>nt</span> <span class='ocrx_word' id='word_1_263' title='bbox 489 2566 608 2608; x_wconf 86' lang='lat' dir='ltr'>positis</span> <span class='ocrx_word' id='word_1_264' title='bbox 625 2563 678 2597; x_wconf 78' lang='lat' dir='ltr'>his</span> <span class='ocrx_word' id='word_1_265' title='bbox 696 2563 832 2596; x_wconf 78' lang='lat' dir='ltr'>duabus</span> <span class='ocrx_word' id='word_1_266' title='bbox 851 2559 1169 2606; x_wconf 87' lang='lat' dir='ltr'>propositionibus:</span> 
     </span>
    </p>

    <p class='ocr_par' dir='ltr' id='par_1_11' title="bbox 399 2623 857 2718">
     <span class='ocr_line' id='line_1_45' title="bbox 402 2623 852 2663; baseline -0.011 -4"><span class='ocrx_word' id='word_1_267' title='bbox 402 2623 518 2659; x_wconf 87' lang='lat' dir='ltr'>Omne</span> <span class='ocrx_word' id='word_1_268' title='bbox 536 2625 657 2657; x_wconf 81' lang='lat' dir='ltr'>vinum</span> <span class='ocrx_word' id='word_1_269' title='bbox 679 2623 852 2663; x_wconf 80' lang='lat' dir='ltr'>calefacit,</span> 
     </span>
     <span class='ocr_line' id='line_1_46' title="bbox 399 2674 857 2718; baseline -0.013 -7"><span class='ocrx_word' id='word_1_270' title='bbox 399 2675 629 2711; x_wconf 82' lang='lat' dir='ltr'>Malvaticnm</span> <span class='ocrx_word' id='word_1_271' title='bbox 646 2681 696 2707; x_wconf 89' lang='lat' dir='ltr'>est</span> <span class='ocrx_word' id='word_1_272' title='bbox 709 2674 833 2718; x_wconf 65' lang='lat' dir='ltr'>⁴vinum</span> <span class='ocrx_word' id='word_1_273' title='bbox 845 2699 857 2714; x_wconf 90' lang='lat'>,</span> 
     </span>
    </p>
   </div>
   <div class='ocr_carea' id='block_1_11' title="bbox 461 105 1988 166">
    <p class='ocr_par' dir='ltr' id='par_1_12' title="bbox 461 105 1988 166">
     <span class='ocr_line' id='line_1_47' title="bbox 461 105 1988 166; baseline -0.014 0"><span class='ocrx_word' id='word_1_274' title='bbox 461 125 668 166; x_wconf 76' lang='lat' dir='ltr'>SCRIPTA</span> <span class='ocrx_word' id='word_1_275' title='bbox 696 123 771 159; x_wconf 83' lang='grc' dir='ltr'>ΡΗ.</span> <span class='ocrx_word' id='word_1_276' title='bbox 800 117 914 155; x_wconf 83' lang='lat' dir='ltr'><strong>MEL.</strong></span> <span class='ocrx_word' id='word_1_277' title='bbox 944 116 1010 152; x_wconf 79' lang='lat' dir='ltr'>AD</span> <span class='ocrx_word' id='word_1_278' title='bbox 1035 113 1161 150; x_wconf 83' lang='lat' dir='ltr'>HtsT.</span> <span class='ocrx_word' id='word_1_279' title='bbox 1187 108 1329 148; x_wconf 80' lang='lat' dir='ltr'>PROF.</span> <span class='ocrx_word' id='word_1_280' title='bbox 1356 107 1422 145; x_wconf 80' lang='lat' dir='ltr'>ET</span> <span class='ocrx_word' id='word_1_281' title='bbox 1450 105 1640 145; x_wconf 85' lang='lat' dir='ltr'>PHILOS.</span> <span class='ocrx_word' id='word_1_282' title='bbox 1668 105 1988 144; x_wconf 88' lang='lat' dir='ltr'><strong>SPECTANTIA.</strong></span> 
     </span>
    </p>
   </div>
   <div class='ocr_carea' id='block_1_12' title="bbox 2158 104 2232 140">
    <p class='ocr_par' dir='ltr' id='par_1_13' title="bbox 2158 104 2232 140">
     <span class='ocr_line' id='line_1_48' title="bbox 2158 104 2232 140; baseline 0 0"><span class='ocrx_word' id='word_1_283' title='bbox 2158 104 2232 140; x_wconf 89' lang='grc'>596</span> 
     </span>
    </p>
   </div>
   <div class='ocr_carea' id='block_1_13' title="bbox 1404 191 1930 288">
    <p class='ocr_par' dir='ltr' id='par_1_14' title="bbox 1404 191 1930 288">
     <span class='ocr_line' id='line_1_49' title="bbox 1458 191 1853 237; baseline -0.008 -10"><span class='ocrx_word' id='word_1_284' title='bbox 1458 192 1659 227; x_wconf 84' lang='lat' dir='ltr'>Necessario</span> <span class='ocrx_word' id='word_1_285' title='bbox 1679 191 1853 237; x_wconf 88' lang='lat' dir='ltr'>sequitur:</span> 
     </span>
     <span class='ocr_line' id='line_1_50' title="bbox 1404 240 1930 288; baseline -0.01 -10"><span class='ocrx_word' id='word_1_286' title='bbox 1404 242 1498 288; x_wconf 84' lang='lat' dir='ltr'>Ergo</span> <span class='ocrx_word' id='word_1_287' title='bbox 1515 243 1745 277; x_wconf 85' lang='lat' dir='ltr'>Malvaticum</span> <span class='ocrx_word' id='word_1_288' title='bbox 1763 240 1930 276; x_wconf 85' lang='lat' dir='ltr'>calefacit.</span> 
     </span>
    </p>
   </div>
   <div class='ocr_carea' id='block_1_14' title="bbox 1254 299 2242 842">
    <p class='ocr_par' dir='ltr' id='par_1_15' title="bbox 1254 299 2242 842">
     <span class='ocr_line' id='line_1_51' title="bbox 1356 299 2233 341; baseline -0.001 -5"><span class='ocrx_word' id='word_1_289' title='bbox 1356 302 1450 337; x_wconf 89' lang='lat' dir='ltr'>Illud</span> <span class='ocrx_word' id='word_1_290' title='bbox 1474 309 1589 336; x_wconf 91' lang='lat' dir='ltr'>autem</span> <span class='ocrx_word' id='word_1_291' title='bbox 1613 302 1728 336; x_wconf 88' lang='lat' dir='ltr'>obiter</span> <span class='ocrx_word' id='word_1_292' title='bbox 1750 299 1833 334; x_wconf 88' lang='lat' dir='ltr'>hinc</span> <span class='ocrx_word' id='word_1_293' title='bbox 1851 301 2069 341; x_wconf 88' lang='lat' dir='ltr'>inseramus,</span> <span class='ocrx_word' id='word_1_294' title='bbox 2094 300 2233 335; x_wconf 88' lang='lat' dir='ltr'>Malva-</span> 
     </span>
     <span class='ocr_line' id='line_1_52' title="bbox 1255 351 2232 398; baseline -0.007 -12"><span class='ocrx_word' id='word_1_295' title='bbox 1255 353 1340 387; x_wconf 90' lang='lat' dir='ltr'>siam</span> <span class='ocrx_word' id='word_1_296' title='bbox 1364 366 1495 387; x_wconf 88' lang='lat' dir='ltr'>nomen</span> <span class='ocrx_word' id='word_1_297' title='bbox 1519 360 1722 398; x_wconf 90' lang='lat' dir='ltr'>corruptum</span> <span class='ocrx_word' id='word_1_298' title='bbox 1745 363 1816 385; x_wconf 86' lang='lat' dir='ltr'>esse</span> <span class='ocrx_word' id='word_1_299' title='bbox 1838 363 1878 384; x_wconf 88' lang='lat' dir='ltr'>ex</span> <span class='ocrx_word' id='word_1_300' title='bbox 1903 351 1968 384; x_wconf 90' lang='lat' dir='ltr'>ista</span> <span class='ocrx_word' id='word_1_301' title='bbox 1991 362 2074 383; x_wconf 88' lang='lat' dir='ltr'>voce</span> <span class='ocrx_word' id='word_1_302' title='bbox 2095 363 2232 396; x_wconf 78' lang='grc' dir='ltr'>μονεμ-</span> 
     </span>
     <span class='ocr_line' id='line_1_53' title="bbox 1254 401 2235 450; baseline -0.005 -12"><span class='ocrx_word' id='word_1_303' title='bbox 1254 401 1383 450; x_wconf 73' lang='grc' dir='ltr'>βασιά.</span> <span class='ocrx_word' id='word_1_304' title='bbox 1438 403 1496 437; x_wconf 89' lang='lat' dir='ltr'>Sic</span> <span class='ocrx_word' id='word_1_305' title='bbox 1513 401 1618 437; x_wconf 89' lang='lat' dir='ltr'>hodie</span> <span class='ocrx_word' id='word_1_306' title='bbox 1634 409 1779 437; x_wconf 87' lang='lat' dir='ltr'>vocatur</span> <span class='ocrx_word' id='word_1_307' title='bbox 1802 402 1887 436; x_wconf 88' lang='lat' dir='ltr'>urbs</span> <span class='ocrx_word' id='word_1_308' title='bbox 1910 401 1948 434; x_wconf 92' lang='lat' dir='ltr'>in</span> <span class='ocrx_word' id='word_1_309' title='bbox 1966 401 2147 443; x_wconf 81' lang='lat' dir='ltr'>Argolica,</span> <span class='ocrx_word' id='word_1_310' title='bbox 2174 413 2235 434; x_wconf 87' lang='lat' dir='ltr'>cn-</span> 
     </span>
     <span class='ocr_line' id='line_1_54' title="bbox 1256 450 2236 499; baseline -0.004 -12"><span class='ocrx_word' id='word_1_311' title='bbox 1256 456 1310 488; x_wconf 90' lang='lat' dir='ltr'>ius</span> <span class='ocrx_word' id='word_1_312' title='bbox 1328 466 1457 487; x_wconf 91' lang='lat' dir='ltr'>nomen</span> <span class='ocrx_word' id='word_1_313' title='bbox 1477 455 1653 499; x_wconf 83' lang='lat' dir='ltr'>quendam</span> <span class='ocrx_word' id='word_1_314' title='bbox 1672 453 1740 487; x_wconf 83' lang='lat' dir='ltr'>suit</span> <span class='ocrx_word' id='word_1_315' title='bbox 1755 450 1975 496; x_wconf 80' lang='lat' dir='ltr'>EpidauruS,</span> <span class='ocrx_word' id='word_1_316' title='bbox 2003 464 2106 496; x_wconf 83' lang='lat' dir='ltr'>quam</span> <span class='ocrx_word' id='word_1_317' title='bbox 2132 451 2236 484; x_wconf 89' lang='lat' dir='ltr'>etiam</span> 
     </span>
     <span class='ocr_line' id='line_1_55' title="bbox 1256 500 2238 549; baseline -0.003 -11"><span class='ocrx_word' id='word_1_318' title='bbox 1256 504 1433 538; x_wconf 86' lang='lat' dir='ltr'>Homerus</span> <span class='ocrx_word' id='word_1_319' title='bbox 1457 512 1600 549; x_wconf 86' lang='lat' dir='ltr'>propter</span> <span class='ocrx_word' id='word_1_320' title='bbox 1625 515 1808 548; x_wconf 86' lang='lat' dir='ltr'>generosas</span> <span class='ocrx_word' id='word_1_321' title='bbox 1827 503 1914 536; x_wconf 88' lang='lat' dir='ltr'>vites</span> <span class='ocrx_word' id='word_1_322' title='bbox 1934 501 2096 535; x_wconf 87' lang='lat' dir='ltr'>celebrat.</span> <span class='ocrx_word' id='word_1_323' title='bbox 2152 500 2238 535; x_wconf 84' lang='lat' dir='ltr'>lnde</span> 
     </span>
     <span class='ocr_line' id='line_1_56' title="bbox 1259 551 2238 590; baseline -0.003 -2"><span class='ocrx_word' id='word_1_324' title='bbox 1259 567 1391 588; x_wconf 90' lang='lat' dir='ltr'>nomen</span> <span class='ocrx_word' id='word_1_325' title='bbox 1415 562 1465 589; x_wconf 89' lang='lat' dir='ltr'>est</span> <span class='ocrx_word' id='word_1_326' title='bbox 1491 556 1572 588; x_wconf 88' lang='lat' dir='ltr'>vino</span> <span class='ocrx_word' id='word_1_327' title='bbox 1594 554 1797 590; x_wconf 86' lang='lat' dir='ltr'>Malvatico.</span> <span class='ocrx_word' id='word_1_328' title='bbox 1858 551 1910 586; x_wconf 90' lang='lat' dir='ltr'>Ac</span> <span class='ocrx_word' id='word_1_329' title='bbox 1935 552 1989 585; x_wconf 91' lang='lat' dir='ltr'>vir</span> <span class='ocrx_word' id='word_1_330' title='bbox 2016 551 2238 585; x_wconf 83' lang='lat' dir='ltr'>doctissimus</span> 
     </span>
     <span class='ocr_line' id='line_1_57' title="bbox 1259 602 2238 648; baseline -0.005 -9"><span class='ocrx_word' id='word_1_331' title='bbox 1259 605 1507 648; x_wconf 85' lang='lat' dir='ltr'>Sigismundus</span> <span class='ocrx_word' id='word_1_332' title='bbox 1533 604 1705 639; x_wconf 88' lang='lat' dir='ltr'>Gelenius</span> <span class='ocrx_word' id='word_1_333' title='bbox 1734 602 1824 638; x_wconf 85' lang='lat' dir='ltr'>mihi</span> <span class='ocrx_word' id='word_1_334' title='bbox 1853 602 2011 636; x_wconf 83' lang='lat' dir='ltr'>narravit</span> <span class='ocrx_word' id='word_1_335' title='bbox 2040 613 2238 636; x_wconf 90' lang='lat' dir='ltr'>sermonem</span> 
     </span>
     <span class='ocr_line' id='line_1_58' title="bbox 1260 652 2240 700; baseline -0.005 -11"><span class='ocrx_word' id='word_1_336' title='bbox 1260 655 1422 696; x_wconf 77' lang='lat' dir='ltr'>Masuri,</span> <span class='ocrx_word' id='word_1_337' title='bbox 1450 655 1511 700; x_wconf 90' lang='lat' dir='ltr'>qui</span> <span class='ocrx_word' id='word_1_338' title='bbox 1538 655 1790 698; x_wconf 82' lang='lat' dir='ltr'>interrogatus,</span> <span class='ocrx_word' id='word_1_339' title='bbox 1810 666 1873 688; x_wconf 90' lang='lat' dir='ltr'>cur</span> <span class='ocrx_word' id='word_1_340' title='bbox 1888 653 2118 687; x_wconf 88' lang='lat' dir='ltr'>Malvaticum</span> <span class='ocrx_word' id='word_1_341' title='bbox 2144 652 2240 685; x_wconf 89' lang='lat' dir='ltr'>dice-</span> 
     </span>
     <span class='ocr_line' id='line_1_59' title="bbox 1260 700 2240 750; baseline -0.004 -12"><span class='ocrx_word' id='word_1_342' title='bbox 1260 712 1357 739; x_wconf 88' lang='lat' dir='ltr'>retur</span> <span class='ocrx_word' id='word_1_343' title='bbox 1381 706 1416 738; x_wconf 93' lang='lat' dir='ltr'>id</span> <span class='ocrx_word' id='word_1_344' title='bbox 1443 705 1567 746; x_wconf 88' lang='lat' dir='ltr'>etiam,</span> <span class='ocrx_word' id='word_1_345' title='bbox 1594 707 1688 750; x_wconf 90' lang='lat' dir='ltr'>quod</span> <span class='ocrx_word' id='word_1_346' title='bbox 1712 717 1752 738; x_wconf 85' lang='lat' dir='ltr'>ex</span> <span class='ocrx_word' id='word_1_347' title='bbox 1778 705 1882 738; x_wconf 87' lang='lat' dir='ltr'>Creta</span> <span class='ocrx_word' id='word_1_348' title='bbox 1901 703 2066 738; x_wconf 83' lang='lat' dir='ltr'>Venetias</span> <span class='ocrx_word' id='word_1_349' title='bbox 2092 700 2240 736; x_wconf 86' lang='lat' dir='ltr'>advebi-</span> 
     </span>
     <span class='ocr_line' id='line_1_60' title="bbox 1259 752 2242 800; baseline -0.004 -10"><span class='ocrx_word' id='word_1_350' title='bbox 1259 763 1337 798; x_wconf 89' lang='lat' dir='ltr'>tur,</span> <span class='ocrx_word' id='word_1_351' title='bbox 1370 756 1477 797; x_wconf 83' lang='lat' dir='ltr'>dixit,</span> <span class='ocrx_word' id='word_1_352' title='bbox 1501 756 1589 790; x_wconf 88' lang='lat' dir='ltr'>vites</span> <span class='ocrx_word' id='word_1_353' title='bbox 1606 767 1646 789; x_wconf 88' lang='lat' dir='ltr'>ex</span> <span class='ocrx_word' id='word_1_354' title='bbox 1662 754 1845 800; x_wconf 86' lang='lat' dir='ltr'>Epidauro</span> <span class='ocrx_word' id='word_1_355' title='bbox 1868 755 1906 787; x_wconf 91' lang='lat' dir='ltr'>in</span> <span class='ocrx_word' id='word_1_356' title='bbox 1924 754 2065 788; x_wconf 87' lang='lat' dir='ltr'>Cretam</span> <span class='ocrx_word' id='word_1_357' title='bbox 2090 752 2242 788; x_wconf 84' lang='lat' dir='ltr'>transla-</span> 
     </span>
     <span class='ocr_line' id='line_1_61' title="bbox 1261 814 1413 842; baseline -0.013 0"><span class='ocrx_word' id='word_1_358' title='bbox 1261 814 1313 842; x_wconf 89' lang='lat' dir='ltr'>tas</span> <span class='ocrx_word' id='word_1_359' title='bbox 1330 817 1413 841; x_wconf 86' lang='lat' dir='ltr'>esse.</span> 
     </span>
    </p>
   </div>
   <div class='ocr_carea' id='block_1_15' title="bbox 1354 903 2152 953">
    <p class='ocr_par' dir='ltr' id='par_1_16' title="bbox 1354 903 2152 953">
     <span class='ocr_line' id='line_1_62' title="bbox 1354 903 2152 953; baseline -0.005 -10"><span class='ocrx_word' id='word_1_360' title='bbox 1354 907 1535 950; x_wconf 81' lang='lat' dir='ltr'>Quomodo</span> <span class='ocrx_word' id='word_1_361' title='bbox 1562 911 1745 942; x_wconf 82' lang='lat' dir='ltr'>vocantur</span> <span class='ocrx_word' id='word_1_362' title='bbox 1767 911 1899 952; x_wconf 81' lang='lat' dir='ltr'>partes</span> <span class='ocrx_word' id='word_1_363' title='bbox 1924 903 2152 953; x_wconf 67' lang='lat' dir='ltr'>syllogismi?</span> 
     </span>
    </p>
   </div>
   <div class='ocr_carea' id='block_1_16' title="bbox 1266 981 2253 2034">
    <p class='ocr_par' dir='ltr' id='par_1_17' title="bbox 1266 981 2253 2034">
     <span class='ocr_line' id='line_1_63' title="bbox 1365 981 2244 1028; baseline -0.003 -10"><span class='ocrx_word' id='word_1_364' title='bbox 1365 984 1486 1018; x_wconf 88' lang='lat' dir='ltr'>Partes</span> <span class='ocrx_word' id='word_1_365' title='bbox 1503 991 1585 1018; x_wconf 88' lang='lat' dir='ltr'>sunt</span> <span class='ocrx_word' id='word_1_366' title='bbox 1601 985 1690 1017; x_wconf 85' lang='lat' dir='ltr'>duae</span> <span class='ocrx_word' id='word_1_367' title='bbox 1713 984 1971 1028; x_wconf 88' lang='lat' dir='ltr'>propositiones</span> <span class='ocrx_word' id='word_1_368' title='bbox 1995 990 2075 1017; x_wconf 90' lang='lat' dir='ltr'>ante</span> <span class='ocrx_word' id='word_1_369' title='bbox 2099 981 2244 1015; x_wconf 90' lang='lat' dir='ltr'>conclu-</span> 
     </span>
     <span class='ocr_line' id='line_1_64' title="bbox 1266 1034 2243 1080; baseline -0.003 -12"><span class='ocrx_word' id='word_1_370' title='bbox 1266 1035 1421 1076; x_wconf 89' lang='lat' dir='ltr'>sionem,</span> <span class='ocrx_word' id='word_1_371' title='bbox 1448 1036 1486 1068; x_wconf 87' lang='lat' dir='ltr'>in</span> <span class='ocrx_word' id='word_1_372' title='bbox 1507 1035 1634 1080; x_wconf 90' lang='lat' dir='ltr'>quibus</span> <span class='ocrx_word' id='word_1_373' title='bbox 1654 1042 1736 1068; x_wconf 88' lang='lat' dir='ltr'>sunt</span> <span class='ocrx_word' id='word_1_374' title='bbox 1755 1035 1897 1068; x_wconf 86' lang='lat' dir='ltr'>termini</span> <span class='ocrx_word' id='word_1_375' title='bbox 1917 1034 2091 1079; x_wconf 86' lang='lat' dir='ltr'>simplices</span> <span class='ocrx_word' id='word_1_376' title='bbox 2106 1038 2243 1066; x_wconf 83' lang='lat' dir='ltr'>tantum</span> 
     </span>
     <span class='ocr_line' id='line_1_65' title="bbox 1267 1083 2246 1130; baseline -0.003 -11"><span class='ocrx_word' id='word_1_377' title='bbox 1267 1094 1354 1127; x_wconf 81' lang='lat' dir='ltr'>tres,</span> <span class='ocrx_word' id='word_1_378' title='bbox 1389 1092 1556 1130; x_wconf 89' lang='lat' dir='ltr'>tanquam</span> <span class='ocrx_word' id='word_1_379' title='bbox 1580 1085 1787 1129; x_wconf 82' lang='lat' dir='ltr'>principalia</span> <span class='ocrx_word' id='word_1_380' title='bbox 1811 1085 1981 1120; x_wconf 90' lang='lat' dir='ltr'>membra.</span> <span class='ocrx_word' id='word_1_381' title='bbox 2042 1083 2161 1126; x_wconf 87' lang='lat' dir='ltr'>Quare</span> <span class='ocrx_word' id='word_1_382' title='bbox 2183 1094 2246 1116; x_wconf 88' lang='lat' dir='ltr'>ne-</span> 
     </span>
     <span class='ocr_line' id='line_1_66' title="bbox 1267 1133 2247 1180; baseline -0.003 -11"><span class='ocrx_word' id='word_1_383' title='bbox 1267 1148 1360 1169; x_wconf 88' lang='lat' dir='ltr'>cesse</span> <span class='ocrx_word' id='word_1_384' title='bbox 1387 1137 1450 1177; x_wconf 89' lang='lat' dir='ltr'>sit,</span> <span class='ocrx_word' id='word_1_385' title='bbox 1484 1147 1556 1169; x_wconf 87' lang='lat' dir='ltr'>esse</span> <span class='ocrx_word' id='word_1_386' title='bbox 1587 1136 1674 1169; x_wconf 86' lang='lat' dir='ltr'>duas</span> <span class='ocrx_word' id='word_1_387' title='bbox 1698 1135 1976 1180; x_wconf 86' lang='lat' dir='ltr'>propositiones,</span> <span class='ocrx_word' id='word_1_388' title='bbox 2007 1145 2089 1167; x_wconf 89' lang='lat' dir='ltr'>mox</span> <span class='ocrx_word' id='word_1_389' title='bbox 2118 1133 2247 1166; x_wconf 81' lang='lat' dir='ltr'>dicam.</span> 
     </span>
     <span class='ocr_line' id='line_1_67' title="bbox 1270 1183 2250 1230; baseline -0.005 -10"><span class='ocrx_word' id='word_1_390' title='bbox 1270 1186 1423 1220; x_wconf 82' lang='lat' dir='ltr'>Vocatur</span> <span class='ocrx_word' id='word_1_391' title='bbox 1445 1193 1559 1220; x_wconf 87' lang='lat' dir='ltr'>autem</span> <span class='ocrx_word' id='word_1_392' title='bbox 1586 1186 1684 1230; x_wconf 86' lang='lat' dir='ltr'>prior</span> <span class='ocrx_word' id='word_1_393' title='bbox 1706 1187 1818 1219; x_wconf 84' lang='lat' dir='ltr'>maior</span> <span class='ocrx_word' id='word_1_394' title='bbox 1845 1185 2061 1230; x_wconf 86' lang='lat' dir='ltr'>propositio,</span> <span class='ocrx_word' id='word_1_395' title='bbox 2095 1183 2250 1217; x_wconf 87' lang='lat' dir='ltr'>secunda</span> 
     </span>
     <span class='ocr_line' id='line_1_68' title="bbox 1269 1233 2250 1280; baseline -0.004 -10"><span class='ocrx_word' id='word_1_396' title='bbox 1269 1244 1414 1270; x_wconf 90' lang='lat' dir='ltr'>vocatur</span> <span class='ocrx_word' id='word_1_397' title='bbox 1445 1237 1563 1270; x_wconf 88' lang='lat' dir='ltr'>minor</span> <span class='ocrx_word' id='word_1_398' title='bbox 1594 1237 1799 1280; x_wconf 83' lang='lat' dir='ltr'>propositio.</span> <span class='ocrx_word' id='word_1_399' title='bbox 1861 1235 2022 1269; x_wconf 88' lang='lat' dir='ltr'>Termini</span> <span class='ocrx_word' id='word_1_400' title='bbox 2053 1240 2170 1268; x_wconf 86' lang='lat' dir='ltr'>autem</span> <span class='ocrx_word' id='word_1_401' title='bbox 2199 1233 2250 1266; x_wconf 85' lang='lat' dir='ltr'>sic</span> 
     </span>
     <span class='ocr_line' id='line_1_69' title="bbox 1268 1283 2250 1330; baseline -0.005 -9"><span class='ocrx_word' id='word_1_402' title='bbox 1268 1294 1452 1321; x_wconf 83' lang='lat' dir='ltr'>vocantur.</span> <span class='ocrx_word' id='word_1_403' title='bbox 1513 1286 1633 1320; x_wconf 84' lang='lat' dir='ltr'>Maior</span> <span class='ocrx_word' id='word_1_404' title='bbox 1662 1287 1833 1320; x_wconf 90' lang='lat' dir='ltr'>terminus</span> <span class='ocrx_word' id='word_1_405' title='bbox 1863 1293 1933 1327; x_wconf 87' lang='lat' dir='ltr'>est,</span> <span class='ocrx_word' id='word_1_406' title='bbox 1964 1285 2026 1330; x_wconf 91' lang='lat' dir='ltr'>qui</span> <span class='ocrx_word' id='word_1_407' title='bbox 2051 1291 2187 1318; x_wconf 86' lang='lat' dir='ltr'>tantum</span> <span class='ocrx_word' id='word_1_408' title='bbox 2211 1283 2250 1316; x_wconf 88' lang='lat' dir='ltr'>in</span> 
     </span>
     <span class='ocr_line' id='line_1_70' title="bbox 1269 1334 2248 1382; baseline -0.005 -11"><span class='ocrx_word' id='word_1_409' title='bbox 1269 1338 1512 1382; x_wconf 89' lang='lat' dir='ltr'>propositione</span> <span class='ocrx_word' id='word_1_410' title='bbox 1529 1338 1692 1382; x_wconf 90' lang='lat' dir='ltr'>ponitur,</span> <span class='ocrx_word' id='word_1_411' title='bbox 1719 1344 1752 1370; x_wconf 90' lang='lat' dir='ltr'>et</span> <span class='ocrx_word' id='word_1_412' title='bbox 1769 1337 1938 1370; x_wconf 85' lang='lat' dir='ltr'>tribuitur</span> <span class='ocrx_word' id='word_1_413' title='bbox 1957 1342 2075 1379; x_wconf 87' lang='lat' dir='ltr'>postea</span> <span class='ocrx_word' id='word_1_414' title='bbox 2091 1334 2248 1368; x_wconf 87' lang='lat' dir='ltr'>subiecto</span> 
     </span>
     <span class='ocr_line' id='line_1_71' title="bbox 1269 1385 2249 1430; baseline -0.005 -9"><span class='ocrx_word' id='word_1_415' title='bbox 1269 1388 1518 1422; x_wconf 87' lang='lat' dir='ltr'>conclusionis.</span> <span class='ocrx_word' id='word_1_416' title='bbox 1570 1388 1695 1419; x_wconf 89' lang='lat' dir='ltr'>Minor</span> <span class='ocrx_word' id='word_1_417' title='bbox 1721 1387 1892 1419; x_wconf 86' lang='lat' dir='ltr'>terminus</span> <span class='ocrx_word' id='word_1_418' title='bbox 1919 1393 1988 1424; x_wconf 91' lang='lat' dir='ltr'>est,</span> <span class='ocrx_word' id='word_1_419' title='bbox 2022 1385 2084 1430; x_wconf 88' lang='lat' dir='ltr'>qui</span> <span class='ocrx_word' id='word_1_420' title='bbox 2110 1391 2249 1418; x_wconf 86' lang='lat' dir='ltr'>tantum</span> 
     </span>
     <span class='ocr_line' id='line_1_72' title="bbox 1271 1435 2251 1481; baseline -0.003 -11"><span class='ocrx_word' id='word_1_421' title='bbox 1271 1438 1309 1470; x_wconf 89' lang='lat' dir='ltr'>in</span> <span class='ocrx_word' id='word_1_422' title='bbox 1340 1439 1490 1470; x_wconf 87' lang='lat' dir='ltr'>secunda</span> <span class='ocrx_word' id='word_1_423' title='bbox 1517 1436 1758 1481; x_wconf 88' lang='lat' dir='ltr'>propositione</span> <span class='ocrx_word' id='word_1_424' title='bbox 1783 1437 1946 1480; x_wconf 89' lang='lat' dir='ltr'>ponitur,</span> <span class='ocrx_word' id='word_1_425' title='bbox 1985 1442 2017 1468; x_wconf 90' lang='lat' dir='ltr'>et</span> <span class='ocrx_word' id='word_1_426' title='bbox 2045 1441 2096 1469; x_wconf 88' lang='lat' dir='ltr'>est</span> <span class='ocrx_word' id='word_1_427' title='bbox 2120 1435 2169 1475; x_wconf 87' lang='lat' dir='ltr'>is,</span> <span class='ocrx_word' id='word_1_428' title='bbox 2206 1435 2251 1467; x_wconf 89' lang='lat' dir='ltr'>de</span> 
     </span>
     <span class='ocr_line' id='line_1_73' title="bbox 1271 1486 2251 1533; baseline -0.004 -12"><span class='ocrx_word' id='word_1_429' title='bbox 1271 1500 1338 1533; x_wconf 90' lang='lat' dir='ltr'>qua</span> <span class='ocrx_word' id='word_1_430' title='bbox 1357 1488 1513 1532; x_wconf 89' lang='lat' dir='ltr'>quaestio</span> <span class='ocrx_word' id='word_1_431' title='bbox 1529 1495 1596 1528; x_wconf 89' lang='lat' dir='ltr'>est,</span> <span class='ocrx_word' id='word_1_432' title='bbox 1623 1488 1665 1520; x_wconf 90' lang='lat' dir='ltr'>de</span> <span class='ocrx_word' id='word_1_433' title='bbox 1689 1499 1756 1531; x_wconf 89' lang='lat' dir='ltr'>qua</span> <span class='ocrx_word' id='word_1_434' title='bbox 1781 1487 1817 1519; x_wconf 92' lang='lat' dir='ltr'>in</span> <span class='ocrx_word' id='word_1_435' title='bbox 1845 1486 2069 1519; x_wconf 90' lang='lat' dir='ltr'>conclusione</span> <span class='ocrx_word' id='word_1_436' title='bbox 2089 1496 2251 1528; x_wconf 89' lang='lat' dir='ltr'>pronun-</span> 
     </span>
     <span class='ocr_line' id='line_1_74' title="bbox 1271 1536 2252 1581; baseline -0.003 -10"><span class='ocrx_word' id='word_1_437' title='bbox 1271 1539 1394 1574; x_wconf 87' lang='lat' dir='ltr'>ciatur.</span> <span class='ocrx_word' id='word_1_438' title='bbox 1448 1537 1591 1571; x_wconf 87' lang='lat' dir='ltr'>Medius</span> <span class='ocrx_word' id='word_1_439' title='bbox 1607 1544 1673 1577; x_wconf 87' lang='lat' dir='ltr'>est,</span> <span class='ocrx_word' id='word_1_440' title='bbox 1701 1537 1762 1581; x_wconf 91' lang='lat' dir='ltr'>qui</span> <span class='ocrx_word' id='word_1_441' title='bbox 1780 1537 1834 1569; x_wconf 89' lang='lat' dir='ltr'>bis</span> <span class='ocrx_word' id='word_1_442' title='bbox 1851 1536 1997 1580; x_wconf 89' lang='lat' dir='ltr'>ponitur</span> <span class='ocrx_word' id='word_1_443' title='bbox 2011 1542 2092 1569; x_wconf 88' lang='lat' dir='ltr'>ante</span> <span class='ocrx_word' id='word_1_444' title='bbox 2108 1536 2252 1568; x_wconf 91' lang='lat' dir='ltr'>conclu-</span> 
     </span>
     <span class='ocr_line' id='line_1_75' title="bbox 1271 1586 2252 1632; baseline -0.003 -11"><span class='ocrx_word' id='word_1_445' title='bbox 1271 1589 1424 1628; x_wconf 87' lang='lat' dir='ltr'>sionem,</span> <span class='ocrx_word' id='word_1_446' title='bbox 1457 1588 1539 1632; x_wconf 90' lang='lat' dir='ltr'>quia</span> <span class='ocrx_word' id='word_1_447' title='bbox 1568 1594 1617 1621; x_wconf 88' lang='lat' dir='ltr'>est</span> <span class='ocrx_word' id='word_1_448' title='bbox 1644 1587 1825 1620; x_wconf 89' lang='lat' dir='ltr'>vinculum</span> <span class='ocrx_word' id='word_1_449' title='bbox 1855 1588 2006 1619; x_wconf 89' lang='lat' dir='ltr'>duarum</span> <span class='ocrx_word' id='word_1_450' title='bbox 2036 1586 2252 1630; x_wconf 88' lang='lat' dir='ltr'>propositio-</span> 
     </span>
     <span class='ocr_line' id='line_1_76' title="bbox 1272 1636 2252 1682; baseline -0.003 -11"><span class='ocrx_word' id='word_1_451' title='bbox 1272 1651 1376 1678; x_wconf 86' lang='lat' dir='ltr'>num,</span> <span class='ocrx_word' id='word_1_452' title='bbox 1406 1645 1438 1671; x_wconf 85' lang='lat' dir='ltr'>et</span> <span class='ocrx_word' id='word_1_453' title='bbox 1453 1649 1574 1679; x_wconf 87' lang='lat' dir='ltr'>causa,</span> <span class='ocrx_word' id='word_1_454' title='bbox 1602 1649 1709 1682; x_wconf 84' lang='lat' dir='ltr'>quare</span> <span class='ocrx_word' id='word_1_455' title='bbox 1735 1637 1929 1670; x_wconf 89' lang='lat' dir='ltr'>subiectum</span> <span class='ocrx_word' id='word_1_456' title='bbox 1955 1643 1989 1670; x_wconf 89' lang='lat' dir='ltr'>et</span> <span class='ocrx_word' id='word_1_457' title='bbox 2013 1636 2252 1681; x_wconf 89' lang='lat' dir='ltr'>praedicatum</span> 
     </span>
     <span class='ocr_line' id='line_1_77' title="bbox 1272 1686 2253 1732; baseline -0.003 -11"><span class='ocrx_word' id='word_1_458' title='bbox 1272 1690 1309 1721; x_wconf 91' lang='lat' dir='ltr'>in</span> <span class='ocrx_word' id='word_1_459' title='bbox 1325 1688 1533 1722; x_wconf 83' lang='lat' dir='ltr'>affirmativa</span> <span class='ocrx_word' id='word_1_460' title='bbox 1550 1687 1776 1721; x_wconf 88' lang='lat' dir='ltr'>conclusione</span> <span class='ocrx_word' id='word_1_461' title='bbox 1793 1688 2000 1731; x_wconf 82' lang='lat' dir='ltr'>iungantur,</span> <span class='ocrx_word' id='word_1_462' title='bbox 2027 1693 2062 1720; x_wconf 86' lang='lat' dir='ltr'>et</span> <span class='ocrx_word' id='word_1_463' title='bbox 2081 1698 2189 1732; x_wconf 88' lang='lat' dir='ltr'>quare</span> <span class='ocrx_word' id='word_1_464' title='bbox 2214 1686 2253 1719; x_wconf 91' lang='lat' dir='ltr'>in</span> 
     </span>
     <span class='ocr_line' id='line_1_78' title="bbox 1272 1737 2252 1782; baseline -0.002 -9"><span class='ocrx_word' id='word_1_465' title='bbox 1272 1739 1432 1782; x_wconf 86' lang='lat' dir='ltr'>negativa</span> <span class='ocrx_word' id='word_1_466' title='bbox 1451 1737 1704 1773; x_wconf 85' lang='lat' dir='ltr'>distrahantur.</span> <span class='ocrx_word' id='word_1_467' title='bbox 1751 1737 1855 1771; x_wconf 89' lang='lat' dir='ltr'>Nunc</span> <span class='ocrx_word' id='word_1_468' title='bbox 1874 1739 1917 1771; x_wconf 87' lang='lat' dir='ltr'>ad</span> <span class='ocrx_word' id='word_1_469' title='bbox 1938 1738 2109 1782; x_wconf 86' lang='lat' dir='ltr'>quaedam</span> <span class='ocrx_word' id='word_1_470' title='bbox 2125 1749 2252 1782; x_wconf 83' lang='grc' dir='ltr'><em>τεχνο-</em></span> 
     </span>
     <span class='ocr_line' id='line_1_79' title="bbox 1274 1786 2253 1838; baseline -0.005 -14"><span class='ocrx_word' id='word_1_471' title='bbox 1274 1786 1402 1838; x_wconf 69' lang='grc' dir='ltr'><em>λογικὰ</em></span> <span class='ocrx_word' id='word_1_472' title='bbox 1433 1789 1606 1824; x_wconf 90' lang='lat' dir='ltr'>venimus.</span> <span class='ocrx_word' id='word_1_473' title='bbox 1664 1787 1795 1822; x_wconf 86' lang='lat' dir='ltr'>Causas</span> <span class='ocrx_word' id='word_1_474' title='bbox 1825 1788 1919 1821; x_wconf 86' lang='lat' dir='ltr'>enim</span> <span class='ocrx_word' id='word_1_475' title='bbox 1951 1788 2253 1831; x_wconf 83' lang='lat' dir='ltr'>investigabimus,</span> 
     </span>
     <span class='ocr_line' id='line_1_80' title="bbox 1274 1837 2251 1886; baseline -0.004 -13"><span class='ocrx_word' id='word_1_476' title='bbox 1274 1852 1382 1886; x_wconf 91' lang='lat' dir='ltr'>quare</span> <span class='ocrx_word' id='word_1_477' title='bbox 1417 1841 1504 1873; x_wconf 90' lang='lat' dir='ltr'>duas</span> <span class='ocrx_word' id='word_1_478' title='bbox 1524 1839 1783 1884; x_wconf 86' lang='lat' dir='ltr'>propositiones</span> <span class='ocrx_word' id='word_1_479' title='bbox 1807 1850 1878 1872; x_wconf 89' lang='lat' dir='ltr'>esse</span> <span class='ocrx_word' id='word_1_480' title='bbox 1903 1850 2041 1871; x_wconf 90' lang='lat' dir='ltr'>necesse</span> <span class='ocrx_word' id='word_1_481' title='bbox 2062 1838 2128 1879; x_wconf 89' lang='lat' dir='ltr'>sit,</span> <span class='ocrx_word' id='word_1_482' title='bbox 2155 1844 2189 1871; x_wconf 81' lang='lat' dir='ltr'>et</span> <span class='ocrx_word' id='word_1_483' title='bbox 2214 1837 2251 1869; x_wconf 88' lang='lat' dir='ltr'>in</span> 
     </span>
     <span class='ocr_line' id='line_1_81' title="bbox 1274 1885 2253 1932; baseline -0.005 -8"><span class='ocrx_word' id='word_1_484' title='bbox 1274 1890 1329 1925; x_wconf 80' lang='lat' dir='ltr'>his</span> <span class='ocrx_word' id='word_1_485' title='bbox 1344 1897 1481 1924; x_wconf 89' lang='lat' dir='ltr'>tantum</span> <span class='ocrx_word' id='word_1_486' title='bbox 1500 1897 1569 1924; x_wconf 89' lang='lat' dir='ltr'>tres</span> <span class='ocrx_word' id='word_1_487' title='bbox 1586 1902 1657 1923; x_wconf 89' lang='lat' dir='ltr'>esse</span> <span class='ocrx_word' id='word_1_488' title='bbox 1673 1890 1854 1924; x_wconf 86' lang='lat' dir='ltr'>terminos.</span> <span class='ocrx_word' id='word_1_489' title='bbox 1880 1887 2150 1932; x_wconf 73' lang='lat' dir='ltr'>Postea‚&#39;quare</span> <span class='ocrx_word' id='word_1_490' title='bbox 2170 1885 2253 1920; x_wconf 90' lang='lat' dir='ltr'>huic</span> 
     </span>
     <span class='ocr_line' id='line_1_82' title="bbox 1275 1938 2252 1980; baseline -0.005 -5"><span class='ocrx_word' id='word_1_491' title='bbox 1275 1941 1487 1975; x_wconf 84' lang='lat' dir='ltr'>connexioni</span> <span class='ocrx_word' id='word_1_492' title='bbox 1511 1940 1703 1973; x_wconf 83' lang='lat' dir='ltr'>necessario</span> <span class='ocrx_word' id='word_1_493' title='bbox 1736 1939 1996 1972; x_wconf 88' lang='lat' dir='ltr'>assentiendum</span> <span class='ocrx_word' id='word_1_494' title='bbox 2022 1939 2084 1980; x_wconf 87' lang='lat' dir='ltr'>sit,</span> <span class='ocrx_word' id='word_1_495' title='bbox 2123 1938 2252 1971; x_wconf 80' lang='lat' dir='ltr'>deinde</span> 
     </span>
     <span class='ocr_line' id='line_1_83' title="bbox 1276 1989 2070 2034; baseline -0.005 -8"><span class='ocrx_word' id='word_1_496' title='bbox 1276 1993 1381 2028; x_wconf 84' lang='lat' dir='ltr'>etiam</span> <span class='ocrx_word' id='word_1_497' title='bbox 1399 2003 1462 2025; x_wconf 87' lang='lat' dir='ltr'>cur</span> <span class='ocrx_word' id='word_1_498' title='bbox 1477 1998 1545 2024; x_wconf 89' lang='lat' dir='ltr'>tres</span> <span class='ocrx_word' id='word_1_499' title='bbox 1564 1989 1742 2024; x_wconf 88' lang='lat' dir='ltr'>numerari</span> <span class='ocrx_word' id='word_1_500' title='bbox 1757 1990 1883 2033; x_wconf 86' lang='lat' dir='ltr'>figuras</span> <span class='ocrx_word' id='word_1_501' title='bbox 1901 1995 2070 2034; x_wconf 79' lang='lat' dir='ltr'>oporteat.</span> 
     </span>
    </p>
   </div>
   <div class='ocr_carea' id='block_1_17' title="bbox 1300 2088 2229 2137">
    <p class='ocr_par' dir='ltr' id='par_1_18' title="bbox 1300 2088 2229 2137">
     <span class='ocr_line' id='line_1_84' title="bbox 1300 2088 2229 2137; baseline -0.003 -10"><span class='ocrx_word' id='word_1_502' title='bbox 1300 2095 1426 2135; x_wconf 83' lang='lat' dir='ltr'>Quare</span> <span class='ocrx_word' id='word_1_503' title='bbox 1453 2091 1547 2127; x_wconf 79' lang='lat' dir='ltr'>duas</span> <span class='ocrx_word' id='word_1_504' title='bbox 1573 2103 1654 2126; x_wconf 80' lang='lat' dir='ltr'>esse</span> <span class='ocrx_word' id='word_1_505' title='bbox 1675 2093 1946 2137; x_wconf 76' lang='lat' dir='ltr'>propositiones</span> <span class='ocrx_word' id='word_1_506' title='bbox 1972 2101 2123 2125; x_wconf 80' lang='lat' dir='ltr'>necesse</span> <span class='ocrx_word' id='word_1_507' title='bbox 2147 2088 2229 2125; x_wconf 77' lang='lat' dir='ltr'>est?</span> 
     </span>
    </p>
   </div>
   <div class='ocr_carea' id='block_1_18' title="bbox 1275 2158 2256 2711">
    <p class='ocr_par' dir='ltr' id='par_1_19' title="bbox 1275 2158 2256 2711">
     <span class='ocr_line' id='line_1_85' title="bbox 1379 2158 2254 2202; baseline 0.003 -10"><span class='ocrx_word' id='word_1_508' title='bbox 1379 2158 1421 2192; x_wconf 93' lang='lat' dir='ltr'>In</span> <span class='ocrx_word' id='word_1_509' title='bbox 1444 2159 1557 2202; x_wconf 88' lang='lat' dir='ltr'>prima</span> <span class='ocrx_word' id='word_1_510' title='bbox 1579 2158 1687 2201; x_wconf 82' lang='lat' dir='ltr'>figura</span> <span class='ocrx_word' id='word_1_511' title='bbox 1712 2158 1854 2192; x_wconf 84' lang='lat' dir='ltr'>collatio</span> <span class='ocrx_word' id='word_1_512' title='bbox 1877 2158 2048 2193; x_wconf 89' lang='lat' dir='ltr'>illustrior</span> <span class='ocrx_word' id='word_1_513' title='bbox 2071 2166 2140 2201; x_wconf 86' lang='lat' dir='ltr'>est,</span> <span class='ocrx_word' id='word_1_514' title='bbox 2174 2161 2254 2195; x_wconf 87' lang='lat' dir='ltr'>ideo</span> 
     </span>
     <span class='ocr_line' id='line_1_86' title="bbox 1275 2209 2256 2256; baseline 0.001 -12"><span class='ocrx_word' id='word_1_515' title='bbox 1275 2209 1413 2244; x_wconf 86' lang='lat' dir='ltr'>facilius</span> <span class='ocrx_word' id='word_1_516' title='bbox 1430 2209 1480 2243; x_wconf 85' lang='lat' dir='ltr'>ibi</span> <span class='ocrx_word' id='word_1_517' title='bbox 1497 2220 1598 2242; x_wconf 86' lang='lat' dir='ltr'>causa</span> <span class='ocrx_word' id='word_1_518' title='bbox 1615 2209 1724 2243; x_wconf 89' lang='lat' dir='ltr'>totius</span> <span class='ocrx_word' id='word_1_519' title='bbox 1744 2209 1991 2253; x_wconf 85' lang='lat' dir='ltr'>disputationis</span> <span class='ocrx_word' id='word_1_520' title='bbox 2014 2211 2168 2255; x_wconf 86' lang='lat' dir='ltr'>conspici</span> <span class='ocrx_word' id='word_1_521' title='bbox 2191 2224 2256 2256; x_wconf 85' lang='lat' dir='ltr'>po-</span> 
     </span>
     <span class='ocr_line' id='line_1_87' title="bbox 1276 2259 2255 2306; baseline 0.001 -12"><span class='ocrx_word' id='word_1_522' title='bbox 1276 2267 1353 2295; x_wconf 87' lang='lat' dir='ltr'>test.</span> <span class='ocrx_word' id='word_1_523' title='bbox 1404 2259 1527 2293; x_wconf 89' lang='lat' dir='ltr'>Dicam</span> <span class='ocrx_word' id='word_1_524' title='bbox 1543 2259 1650 2302; x_wconf 82' lang='lat' dir='ltr'>igitur</span> <span class='ocrx_word' id='word_1_525' title='bbox 1666 2260 1710 2293; x_wconf 88' lang='lat' dir='ltr'>de</span> <span class='ocrx_word' id='word_1_526' title='bbox 1732 2259 1844 2303; x_wconf 90' lang='lat' dir='ltr'>prima</span> <span class='ocrx_word' id='word_1_527' title='bbox 1868 2260 1994 2303; x_wconf 81' lang='lat' dir='ltr'>figura,</span> <span class='ocrx_word' id='word_1_528' title='bbox 2020 2260 2056 2293; x_wconf 87' lang='lat' dir='ltr'>in</span> <span class='ocrx_word' id='word_1_529' title='bbox 2080 2273 2150 2306; x_wconf 83' lang='lat' dir='ltr'>qua</span> <span class='ocrx_word' id='word_1_530' title='bbox 2174 2274 2255 2295; x_wconf 86' lang='lat' dir='ltr'>cum</span> 
     </span>
     <span class='ocr_line' id='line_1_88' title="bbox 1277 2310 2254 2356; baseline 0.002 -12"><span class='ocrx_word' id='word_1_531' title='bbox 1277 2311 1367 2345; x_wconf 91' lang='lat' dir='ltr'>ratio</span> <span class='ocrx_word' id='word_1_532' title='bbox 1384 2310 1551 2350; x_wconf 87' lang='lat' dir='ltr'>cernitur,</span> <span class='ocrx_word' id='word_1_533' title='bbox 1573 2316 1690 2353; x_wconf 81' lang='lat' dir='ltr'>postea</span> <span class='ocrx_word' id='word_1_534' title='bbox 1708 2310 1856 2343; x_wconf 88' lang='lat' dir='ltr'>iudicari</span> <span class='ocrx_word' id='word_1_535' title='bbox 1873 2317 1905 2344; x_wconf 89' lang='lat' dir='ltr'>et</span> <span class='ocrx_word' id='word_1_536' title='bbox 1924 2311 2079 2356; x_wconf 88' lang='lat' dir='ltr'>reliquae</span> <span class='ocrx_word' id='word_1_537' title='bbox 2094 2318 2254 2356; x_wconf 83' lang='lat' dir='ltr'>possunt.</span> 
     </span>
     <span class='ocr_line' id='line_1_89' title="bbox 1276 2360 2256 2406; baseline 0 -10"><span class='ocrx_word' id='word_1_538' title='bbox 1276 2360 1323 2396; x_wconf 85' lang='lat' dir='ltr'>Et</span> <span class='ocrx_word' id='word_1_539' title='bbox 1341 2361 1432 2394; x_wconf 90' lang='lat' dir='ltr'>infra</span> <span class='ocrx_word' id='word_1_540' title='bbox 1451 2361 1495 2393; x_wconf 89' lang='lat' dir='ltr'>de</span> <span class='ocrx_word' id='word_1_541' title='bbox 1521 2361 1599 2393; x_wconf 86' lang='lat' dir='ltr'>aliis</span> <span class='ocrx_word' id='word_1_542' title='bbox 1622 2361 1755 2400; x_wconf 86' lang='lat' dir='ltr'>dicam,</span> <span class='ocrx_word' id='word_1_543' title='bbox 1783 2373 1878 2394; x_wconf 89' lang='lat' dir='ltr'>nunc</span> <span class='ocrx_word' id='word_1_544' title='bbox 1901 2362 1944 2394; x_wconf 89' lang='lat' dir='ltr'>de</span> <span class='ocrx_word' id='word_1_545' title='bbox 1967 2363 2092 2406; x_wconf 87' lang='lat' dir='ltr'>prima.</span> <span class='ocrx_word' id='word_1_546' title='bbox 2144 2361 2256 2404; x_wconf 83' lang='lat' dir='ltr'>Quic-</span> 
     </span>
     <span class='ocr_line' id='line_1_90' title="bbox 1277 2411 2256 2458; baseline 0.001 -13"><span class='ocrx_word' id='word_1_547' title='bbox 1277 2412 1363 2458; x_wconf 90' lang='lat' dir='ltr'>quid</span> <span class='ocrx_word' id='word_1_548' title='bbox 1380 2412 1608 2444; x_wconf 75' lang='lat' dir='ltr'>confirmatur</span> <span class='ocrx_word' id='word_1_549' title='bbox 1623 2418 1682 2445; x_wconf 85' lang='lat' dir='ltr'>ant</span> <span class='ocrx_word' id='word_1_550' title='bbox 1700 2411 1886 2453; x_wconf 80' lang='lat' dir='ltr'>refutatur,</span> <span class='ocrx_word' id='word_1_551' title='bbox 1912 2423 1975 2455; x_wconf 86' lang='lat' dir='ltr'>per</span> <span class='ocrx_word' id='word_1_552' title='bbox 1996 2411 2148 2456; x_wconf 86' lang='lat' dir='ltr'>aliquam</span> <span class='ocrx_word' id='word_1_553' title='bbox 2172 2424 2256 2446; x_wconf 90' lang='lat' dir='ltr'>cau-</span> 
     </span>
     <span class='ocr_line' id='line_1_91' title="bbox 1277 2461 2255 2497; baseline 0.001 -1"><span class='ocrx_word' id='word_1_554' title='bbox 1277 2475 1348 2496; x_wconf 86' lang='lat' dir='ltr'>sam</span> <span class='ocrx_word' id='word_1_555' title='bbox 1367 2462 1596 2494; x_wconf 81' lang='lat' dir='ltr'>confirmatur</span> <span class='ocrx_word' id='word_1_556' title='bbox 1612 2469 1672 2495; x_wconf 85' lang='lat' dir='ltr'>aut</span> <span class='ocrx_word' id='word_1_557' title='bbox 1687 2462 1873 2496; x_wconf 80' lang='lat' dir='ltr'>refutatur.</span> <span class='ocrx_word' id='word_1_558' title='bbox 1913 2461 2002 2495; x_wconf 82' lang='lat' dir='ltr'>Eam</span> <span class='ocrx_word' id='word_1_559' title='bbox 2019 2473 2155 2494; x_wconf 85' lang='lat' dir='ltr'>causam</span> <span class='ocrx_word' id='word_1_560' title='bbox 2175 2476 2255 2497; x_wconf 87' lang='lat' dir='ltr'>cum</span> 
     </span>
     <span class='ocr_line' id='line_1_92' title="bbox 1277 2513 2255 2558; baseline 0.001 -12"><span class='ocrx_word' id='word_1_561' title='bbox 1277 2513 1431 2558; x_wconf 88' lang='lat' dir='ltr'>primum</span> <span class='ocrx_word' id='word_1_562' title='bbox 1453 2513 1618 2555; x_wconf 86' lang='lat' dir='ltr'>ponimus</span> <span class='ocrx_word' id='word_1_563' title='bbox 1634 2524 1771 2546; x_wconf 84' lang='lat' dir='ltr'>necesse</span> <span class='ocrx_word' id='word_1_564' title='bbox 1788 2520 1838 2546; x_wconf 89' lang='lat' dir='ltr'>est</span> <span class='ocrx_word' id='word_1_565' title='bbox 1855 2524 1960 2546; x_wconf 88' lang='lat' dir='ltr'>unam</span> <span class='ocrx_word' id='word_1_566' title='bbox 1977 2513 2255 2555; x_wconf 78' lang='lat' dir='ltr'>propositionem</span> 
     </span>
     <span class='ocr_line' id='line_1_93' title="bbox 1278 2563 2255 2607; baseline 0.001 -10"><span class='ocrx_word' id='word_1_567' title='bbox 1278 2563 1463 2603; x_wconf 85' lang='lat' dir='ltr'>constitui,</span> <span class='ocrx_word' id='word_1_568' title='bbox 1497 2575 1586 2607; x_wconf 89' lang='lat' dir='ltr'>qnae</span> <span class='ocrx_word' id='word_1_569' title='bbox 1609 2575 1746 2595; x_wconf 87' lang='lat' dir='ltr'>causam</span> <span class='ocrx_word' id='word_1_570' title='bbox 1770 2563 1911 2602; x_wconf 80' lang='lat' dir='ltr'>recitat,</span> <span class='ocrx_word' id='word_1_571' title='bbox 1947 2569 1979 2594; x_wconf 91' lang='lat' dir='ltr'>et</span> <span class='ocrx_word' id='word_1_572' title='bbox 2004 2563 2102 2606; x_wconf 83' lang='lat' dir='ltr'>quasi</span> <span class='ocrx_word' id='word_1_573' title='bbox 2127 2564 2255 2598; x_wconf 81' lang='lat' dir='ltr'>sunda·</span> 
     </span>
     <span class='ocr_line' id='line_1_94' title="bbox 1278 2611 2255 2656; baseline 0.001 -9"><span class='ocrx_word' id='word_1_574' title='bbox 1278 2621 1434 2647; x_wconf 89' lang='lat' dir='ltr'>mentum</span> <span class='ocrx_word' id='word_1_575' title='bbox 1452 2620 1501 2647; x_wconf 90' lang='lat' dir='ltr'>est</span> <span class='ocrx_word' id='word_1_576' title='bbox 1516 2613 1624 2647; x_wconf 88' lang='lat' dir='ltr'>totius</span> <span class='ocrx_word' id='word_1_577' title='bbox 1642 2613 1803 2648; x_wconf 81' lang='lat' dir='ltr'>aedificii.</span> <span class='ocrx_word' id='word_1_578' title='bbox 1855 2611 1947 2645; x_wconf 91' lang='lat' dir='ltr'>Huic</span> <span class='ocrx_word' id='word_1_579' title='bbox 1969 2613 2112 2646; x_wconf 85' lang='lat' dir='ltr'>additur</span> <span class='ocrx_word' id='word_1_580' title='bbox 2135 2615 2255 2656; x_wconf 84' lang='lat' dir='ltr'>altera,</span> 
     </span>
     <span class='ocr_line' id='line_1_95' title="bbox 1277 2662 2255 2711; baseline 0 -13"><span class='ocrx_word' id='word_1_581' title='bbox 1277 2677 1365 2711; x_wconf 81' lang='lat' dir='ltr'>quae</span> <span class='ocrx_word' id='word_1_582' title='bbox 1388 2676 1527 2698; x_wconf 82' lang='lat' dir='ltr'>causam</span> <span class='ocrx_word' id='word_1_583' title='bbox 1550 2665 1595 2698; x_wconf 86' lang='lat' dir='ltr'>ad</span> <span class='ocrx_word' id='word_1_584' title='bbox 1616 2664 1812 2698; x_wconf 83' lang='lat' dir='ltr'>subiectum</span> <span class='ocrx_word' id='word_1_585' title='bbox 1837 2662 2072 2696; x_wconf 85' lang='lat' dir='ltr'>conclusionis</span> <span class='ocrx_word' id='word_1_586' title='bbox 2088 2664 2126 2696; x_wconf 88' lang='lat' dir='ltr'>in</span> <span class='ocrx_word' id='word_1_587' title='bbox 2141 2664 2255 2709; x_wconf 82' lang='lat' dir='ltr'>prima</span> 
     </span>
    </p>
   </div>
  </div>
 </body>
</html>
