2379 2948
117 101 133 134 1
140 99 213 135 405

107 243 255 271 testatur
265 235 447 279 Christus,
467 238 649 283 inquiens:
679 239 750 282 Qui
770 241 948 283 negaverit
968 255 1023 275 me
1040 255 1099 276 co—

107 300 183 321 ram
210 286 434 329 hominibus,
461 290 597 332 negabo
625 298 656 322 et
681 302 742 333 ego
769 292 883 334 ipsum
902 305 1018 325 coram
1038 306 1100 337 pa-

106 346 158 373 tre
184 352 260 371 meo
287 340 442 373 coelesti.
496 339 542 372 Et
564 339 671 376 Rom.
700 341 773 374 10.:
802 341 916 375 Corde
942 345 1098 377 creditur

106 391 149 423 ad
169 390 362 430 iusticiam,
389 402 449 423 ore
475 396 591 423 autem
622 392 658 425 fit
681 392 852 425 confessio
878 394 921 425 ad
941 394 1099 428 salutem.

106 440 226 483 Quare
254 441 409 483 ingentia
439 447 575 484 peccata
605 449 706 482 sunt,
741 450 800 476 aut
834 444 948 486 palam
983 457 1098 488 oppu—
1124 457 1126 484 ,³

105 503 212 535 gnare
237 503 354 523 veram
383 492 600 531 doctrinam,
627 500 686 526 ant
711 493 930 527 dissimulata
958 497 1094 529 confes·
1124 493 1126 497 ¹

105 542 224 581 sione,
266 540 477 575 confirmare
519 542 674 575 furorem
708 541 862 578 bostium
899 544 1097 589 Evangelii.

104 592 214 626 Multi
239 593 300 638 qui
327 599 459 626 norunt
482 593 680 633 veritatem,
711 601 827 629 ticent
851 604 945 630 metu
971 606 1096 641 poten·
1123 617 1125 628 <

104 650 201 684 tum,
230 652 261 677 et
278 644 418 677 interim
438 644 575 687 fingunt
596 646 769 688 speciosas
795 659 937 688 causas,
964 656 1095 682 curta-
1122 651 1125 680 l

105 702 221 733 ceant,
251 695 351 728 aiunt
374 707 409 727 se
427 695 539 727 vereri
556 707 599 728 ne
618 697 726 739 magis
745 699 947 731 exacerbent
971 707 1096 742 poten-

104 753 179 780 tum
196 745 355 787 animos,
374 753 432 779 aut
450 758 493 778 ne
510 746 589 793 plus
607 748 824 780 tumultuum
844 749 991 783 oriatur.
1020 750 1096 783 Hae

104 803 187 830 sunt
210 797 358 829 frivolae
377 798 617 830 excusationes
633 800 817 831 danmatae
833 795 982 832 Christi
1001 814 1096 842 voce,

103 860 182 881 cum
202 848 265 880 ait:
293 846 408 890 Quem
436 849 543 892 pudet
563 860 760 882 sermonem
779 862 956 892 meorum,
984 851 1096 886 Filius
1123 880 1125 886 s

101 897 260 932 hominis
278 899 472 932 confundet
494 911 585 934 eum.

153 980 240 1029 Ego
256 987 375 1016 autem
393 979 613 1017 humiliatus
633 996 713 1017 sum
736 983 855 1021 valde.

204 1049 416 1095 Exemplum
441 1063 544 1084 suum
568 1053 737 1099 proponit
760 1053 928 1086 adversus
946 1055 1092 1087 scanda-

102 1103 177 1136 lum
195 1102 319 1134 crucis.
373 1101 534 1135 Mundus
553 1103 645 1135 enirn
662 1103 859 1137 offenditur
883 1105 1093 1138 calamitati-

101 1153 168 1186 bus
193 1153 352 1196 piorum‚
378 1153 459 1197 quia
493 1153 583 1186 ratio
618 1153 750 1188 iudicat
774 1155 898 1198 bonis,
935 1156 994 1200 qni
1020 1156 1094 1189 Deo

101 1204 272 1244 credunt,
299 1204 361 1248 qui
385 1204 567 1238 veritatem
594 1205 821 1247 profitentur,
850 1218 888 1238 ac
914 1207 991 1239 Deo
1021 1219 1091 1239 ser-

101 1255 222 1296 viunt,
256 1256 383 1288 debere
413 1255 504 1288 bene
535 1267 617 1288 esse.

101 1305 298 1339 conflictari
324 1306 525 1350 asperrimis
552 1307 752 1347 aerumnis,
786 1320 824 1339 ex
853 1305 907 1340 his
943 1309 1093 1341 miseriis

102 1357 237 1390 iudicat
263 1368 377 1401 neque
403 1357 601 1389 doctrinam
630 1370 735 1401 quam
767 1359 996 1400 profitentur,
1033 1372 1094 1391 ne-

102 1420 170 1452 que
186 1407 280 1451 ipsos
293 1408 371 1440 Deo
390 1407 538 1450 placere.
591 1406 686 1449 Ergo
706 1408 808 1441 toties
825 1410 868 1440 ab
886 1409 988 1443 initio
1007 1422 1093 1442 con-

101 1459 234 1493 solatus
262 1465 312 1491 est
331 1456 524 1491 Ecclesiam
545 1458 730 1501 exemplis,
760 1465 793 1492 et
817 1461 988 1502 expressis
1013 1473 1093 1494 sen-

100 1509 238 1550 tentiis,
273 1509 311 1542 in
336 1508 466 1554 quibus
495 1508 705 1552 significavit
738 1508 931 1542 Ecclesiam
963 1512 999 1543 in
1029 1510 1092 1544 hac

101 1560 243 1594 mortali
271 1561 342 1594 vita
373 1559 564 1593 subiectam
597 1560 672 1592 fore
704 1560 809 1594 cruci.
872 1560 949 1594 Hoc
979 1562 1092 1606 prima

101 1612 226 1646 concio
244 1612 362 1644 docet:
391 1610 545 1655 Serpens
560 1611 739 1645 mordebit
756 1612 958 1645 calcaneum
969 1612 1091 1646 Eccle-

100 1663 183 1698 siae.
221 1661 264 1695 Et
280 1675 360 1694 mox
377 1668 493 1695 secuta
512 1668 595 1695 sunt
611 1663 786 1705 exempla⁷
805 1670 844 1696 ut
862 1664 964 1702 Abel,
977 1664 1092 1696 Abra-

101 1712 185 1751 hae,
216 1713 329 1751 Isaac,
360 1712 484 1753 Iacob,
520 1720 552 1746 et
585 1713 713 1746 deinde
737 1711 1019 1757 Prophetarum,
1054 1723 1091 1748 ut

99 1764 246 1806 Esaiae,
283 1763 469 1803 Ieremiae,
501 1770 534 1796 et
564 1764 798 1807 plurimorum
824 1765 995 1804 aliorum,
1032 1767 1092 1810 qui

99 1817 244 1849 fuerunt
268 1815 404 1848 lumina
430 1812 617 1847 Ecclesiae.

101 1865 189 1913 Ego
207 1871 326 1900 aulem
343 1863 564 1899 humiliatus
579 1877 659 1898 sum
676 1865 800 1901 nimis.

204 1918 366 1963 Tyranni
396 1924 433 1950 ut
464 1917 604 1950 deleant
633 1916 887 1960 Evaugdium,
929 1925 1090 1951 exercent

101 1969 282 2003 saevitiam
302 1969 337 2001 in
356 1969 569 2012 professores
581 1980 681 2001 verae
693 1969 886 2002 doctrinae.
916 1968 983 2003 Sed
1008 1967 1091 2002 haec

100 2123 366 2157 afflictionibus.

99 2174 235 2207 clesiae.

100 2277 218 2309 videm
251 2275 408 2308 ociosum
437 2275 644 2322 praecipitat
676 2275 713 2307 in
740 2275 933 2318 flagitium,
970 2285 1087 2319 postea

100 2333 280 2371 oppugnat
308 2338 388 2358 eum
414 2326 670 2369 desperatione.
728 2325 777 2360 lta
799 2338 981 2371 nunquam
1008 2333 1091 2360 sunt

101 2385 195 2412 extra
223 2377 417 2421 periculum
440 2376 563 2411 sancti.
627 2376 883 2411 Formidantur
914 2378 1087 2426 supplicia

103 2429 281 2472 corporis,
309 2440 387 2460 cum
413 2427 577 2460 audimus
600 2428 677 2471 pios
697 2428 863 2466 interfici,
892 2430 950 2461 sed
976 2429 1089 2461 multo

101 2480 210 2523 magis
229 2479 421 2512 formidare
438 2479 548 2511 ociosi
563 2479 770 2513 deberemus
789 2480 934 2512 insidias
945 2480 1090 2520 diaboli,

102 2532 184 2576 quia
217 2542 353 2574 semper
380 2530 517 2575 quaerit
541 2530 740 2563 occasiones
766 2531 952 2564 mordendi
978 2532 1089 2564 calca-

228 2580 275 2616 Et
295 2582 381 2615 alios
399 2581 475 2614 aliis
493 2581 608 2614 modis
627 2581 797 2614 adoritur.

204 2633 427 2676 Iutelligatnr
444 2632 552 2675 igitur
569 2633 780 2676 generaliter
797 2633 928 2666 dictum
942 2632 1088 2666 Psalmi:

101 2682 189 2730 Ego
203 2688 323 2717 aulem
343 2680 569 2718 hutniliatus
591 2695 673 2716 sum
695 2682 825 2722 nimis,
854 2685 949 2729 quod
968 2683 1088 2716 Eccle-

103 2583 173 2616 nei.

712 102 774 140 IX.
830 102 1192 142 COMMENTARII
1229 106 1279 142 IN
1313 108 1554 148 PSALMOS.

214 185 321 229 Quod
349 193 465 221 autem
483 187 656 222 confessio
682 189 726 223 sit
743 190 958 223 necessarius
975 191 1100 232 cultus,
1128 202 1130 211 ’

678 1255 840 1301 Cumque
873 1257 990 1291 videat
1019 1259 1093 1300 pios
1122 1277 1123 1296 ;
1166 1294 1187 1302 Ἴ,
1209 1294 1215 1300 ⁶
1475 1297 1480 1302 ¹
1819 1297 1832 1305 ⁷„
1884 1299 1890 1304 ,

1120 1297 1124 1325 Ι
1152 1294 1241 1326 ἱὼο
1268 1306 1349 1334 suo,
1377 1294 1532 1329 Domino
1557 1305 1676 1330 nostro
1704 1296 1780 1331 Iesu
1805 1296 1958 1333 (Amsm.

673 1813 723 1849 Ita
748 1812 805 1848 hic
824 1816 939 1861 inquit
957 1816 1091 1850 David:
1118 1826 1120 1847 3

1118 1852 1120 1857 ·
1146 1837 1234 1871 aliis.

2050 115 2145 150 1406

1127 234 1130 243 .
1154 193 1240 225 siam
1261 202 1417 237 oporteat
1436 196 1626 231 subiectam
1647 209 1719 232 esse
1737 199 1852 243 cruci,
1880 200 1953 233 sive
1979 213 1998 234 a
2015 208 2139 247 tyran-

1126 245 1129 276 ἒ
1153 244 1226 284 nis,
1254 245 1325 277 sive
1341 258 1359 278 a
1378 247 1520 280 diabolo
1538 249 1699 282 oriantur
1715 250 1934 292 afflictiones,
1958 259 1996 285 ut
2013 254 2140 292 morbi,

1125 295 1362 348 [detrimenta
1397 298 1624 338 facultatum,
1671 313 1817 344 pavores
1852 302 1979 341 animi,
2021 304 2139 348 qualia

1125 346 1309 390 'exempla
1343 356 1537 382 cernuntur
1570 350 1606 382 in
1639 348 1783 385 historia
1812 351 1882 387 lob.
1937 352 2017 386 IIuc
2042 366 2140 387 acce-

1125 412 1127 450 !
1151 397 1239 429 dunt
1257 397 1451 440 singulares
1471 411 1632 443 pavores,
1662 403 1834 437 divinitus
1853 404 1983 437 incussi
2001 405 2039 437 in
2057 417 2141 449 poe-

1153 448 1312 482 nitentia.

1123 500 1126 547 i
1251 513 1315 546 His
1349 516 1523 549 exercitiis
1557 527 1725 553 oneratur
1747 517 1922 562 Ecclesia,
1957 528 1995 555 ut
2027 522 2064 554 in
2091 522 2140 555 eis

1124 559 1125 609 ᾗ
1151 563 1264 598 luceat
1290 566 1391 605 fides,
1433 576 1465 600 et
1497 578 1697 603 exerceatur
1729 571 1916 605 invocatio.
1976 572 2015 606 Si
2043 573 2138 605 enim

1124 633 1125 645 ι
1150 621 1285 649 tantum
1306 617 1460 650 suaviter
1479 619 1611 653 viveret
1636 633 1735 662 caro,
1765 634 1837 655 non
1863 623 2139 665 intelligeremus

1123 685 1125 719 ἰ
1150 678 1238 709 opus
1259 679 1330 699 esse
1349 668 1413 701 Dei
1431 670 1582 711 auxilio,
1611 684 1683 704 non
1711 681 1972 715 expectaremus
1999 686 2062 706 nec
2078 686 2139 716 pe—

1123 729 1125 758 ;
1150 725 1301 750 teremus
1327 719 1418 751 bona
1444 732 1462 751 a
1488 719 1573 753 Deo.
1630 721 1714 756 Vult
1740 724 1843 756 etiam
1863 723 1957 757 Deus
1981 725 2137 768 conspici

1150 780 1246 800 suam
1267 770 1497 812 praesentiam
1516 779 1547 805 et
1568 773 1780 815 potentiam,
1811 787 1889 807 cum
1915 775 2140 807 mirabilibus

1150 820 1263 852 modis
1281 820 1407 854 liberat
1423 819 1616 855 Ecclesiam
1633 824 1894 858 conflictantem
1919 832 2014 858 tanta
2041 826 2140 858 infir-

1151 870 1291 914 mitate,
1327 878 1360 904 et
1388 872 1654 915 belligerantem
1688 887 1767 908 cuin
1803 876 1938 920 potenti
1970 888 2008 909 ac
2036 888 2138 909 saevo

1151 918 1260 956 hoste.

1253 987 1346 1021 Mira
1372 990 1515 1034 quidem
1541 998 1590 1025 est
1615 988 1699 1025 haec
1725 992 1934 1035 gubernatio
1953 990 2141 1031 Ecclesiae,

1150 1045 1183 1072 et
1201 1037 1397 1073 abhorrens
1413 1054 1430 1074 a
1450 1042 1592 1074 iudiciis
1617 1040 1798 1076 humanis:
1829 1044 1908 1076 ideo
1933 1045 2062 1077 multos
2087 1046 2140 1077 of-

1149 1090 1299 1124 fendunt
1322 1093 1484 1125 scandala
1513 1093 1647 1133 crucis,
1682 1096 1741 1127 sed
1766 1102 1885 1128 tamen
1923 1095 1970 1137 pii
2001 1096 2139 1128 discant

1122 1161 1124 1172 .
1150 1139 1239 1174 hanc
1254 1153 1326 1175 esse
1345 1143 1563 1177 voluntatem
1582 1144 1664 1184 Dei,
1688 1152 1724 1178 ut
1734 1145 1890 1178 Ecclesia
1908 1146 1945 1178 in
1964 1143 2026 1178 hac
2042 1158 2138 1179 mor-

1149 1192 1211 1224 tali
1230 1193 1299 1225 vita
1323 1202 1543 1232 exerceatur,
1577 1202 1608 1228 et
1636 1193 1718 1228 huic
1749 1197 1923 1229 voluntati
1951 1197 2137 1241 obtempe-

1150 1244 1298 1276 randum
1317 1255 1399 1278 esse.
1452 1244 1553 1278 Ilanc
1572 1248 1790 1280 voluntatem
1815 1247 1970 1281 ostendit
1988 1246 2082 1281 Deus
2100 1248 2136 1280 in

2019 1298 2138 1341 Quare

1152 1345 1279 1377 Paulus
1296 1345 1429 1390 inquit:
1459 1345 1611 1391 Oportet
1636 1361 1699 1381 nos
1724 1349 1797 1382 fieri
1820 1349 1951 1382 similes
1973 1350 2138 1393 imaginis

1149 1394 1231 1428 Filii
1250 1396 1336 1430 eius.

1171 1495 1258 1542 Ego
1275 1494 1362 1530 dixi
1378 1497 1417 1531 in
1437 1500 1728 1535 consternatione
1745 1513 1845 1535 mea:
1873 1499 2008 1536 Omnis
2028 1500 2137 1537 homo

1221 1547 1395 1585 mendas.

1248 1631 1316 1665 Hic
1348 1633 1542 1667 versiculus
1566 1635 1633 1668 iam
1660 1637 1702 1669 de
1727 1637 1877 1671 utilitate
1902 1639 2137 1673 afflictionum

1146 1684 1387 1720 concionatur.
1450 1684 1532 1718 Ideo
1557 1694 1738 1721 exercetur
1761 1701 1858 1729 caro,
1893 1697 1932 1723 ut
1956 1690 2138 1725 videamus

1147 1747 1226 1775 nos,
1256 1748 1334 1768 cum
1352 1747 1473 1769 sumus
1487 1738 1594 1770 ociosi
1615 1751 1646 1772 et
1663 1740 1796 1779 securi,
1825 1737 1954 1773 habere
1970 1741 2135 1775 fiduciam

1148 1786 1276 1827 nostri,
1311 1787 1478 1820 delectari
1504 1796 1621 1822 nostra
1647 1791 1840 1837 sapientia,
1878 1794 2006 1825 nostris
2031 1793 2134 1827 donis

1297 1835 1392 1871 Haec
1424 1852 1502 1871 cum
1534 1841 1778 1882 excutiuntur,
1808 1842 1968 1876 videmus
1996 1856 2060 1877 nos
2085 1845 2134 1878 eis

1147 1889 1272 1921 abusos
1289 1900 1379 1927 esse,
1410 1887 1573 1923 habuisse
1591 1904 1715 1925 vanam
1739 1893 1903 1926 fiduciam
1931 1907 2088 1928 aversam
2116 1907 2135 1928 a

1146 1939 1238 1980 Deo,
1273 1940 1379 1973 fuisse
1407 1941 1696 1985 negligentiores,
1730 1956 1802 1976 non
1826 1945 1983 1978 timuisse
2008 1945 2135 1985 Deum,

100 2020 222 2054 concio
240 2019 386 2053 Davidis
404 2032 476 2052 non
492 2026 629 2052 tantum
654 2020 696 2052 de
715 2027 947 2065 tyrannorum
966 2022 1092 2053 crude-
1117 2022 1119 2049 Γ
1144 2003 1219 2023 bum
1245 1990 1370 2024 filiuem
1396 1991 1462 2026 Del
1489 2005 1702 2038 qlldeswmse
1733 1992 1888 2028 humana
1928 1997 2072 2030 confflha
2102 2004 2135 2031 et

100 2073 198 2106 litate
217 2071 452 2114 intelligatur,
481 2071 541 2103 sed
567 2070 603 2102 in
629 2071 854 2108 universum,
883 2072 925 2103 de
951 2071 1088 2114 piorum
1117 2096 1118 2099 ,

420 2120 593 2154 Diabolus
609 2121 702 2153 enim
729 2122 919 2154 insidiatur
943 2123 1003 2155 toti
1023 2121 1092 2155 Ec—

287 2172 376 2206 Cum
397 2172 482 2206 Saul
499 2172 672 2206 extinctus
690 2173 759 2205 iam
775 2185 847 2206 non
865 2185 1088 2218 persequere-

100 2233 158 2260 tur
174 2224 368 2262 Davidem,
396 2236 505 2256 novas
520 2223 662 2257 fraudes
688 2224 791 2257 struit
810 2225 990 2264 diabolus,
1016 2223 1088 2257 Da—
1116 2238 1117 2263 γ

1146 2042 1330 2086 praesidia.
1385 2041 1480 2076 Haec
1495 2053 1735 2087 agnoscuntur
1752 2046 1788 2078 in
1806 2047 2071 2083 afflictionibus.

1248 2118 1331 2152 ldeo
1357 2116 1532 2163 Propheta
1561 2120 1696 2165 inquit,
1732 2133 1767 2153 se
1792 2122 1827 2154 in
1851 2123 2045 2165 pavoribus
2068 2124 2131 2168 qui

1145 2172 1312 2204 accedunt
1340 2170 1383 2202 ad
1406 2171 1522 2203 omnis
1548 2172 1683 2213 generis
1700 2173 1939 2212 adflictiones,
1965 2174 2131 2208 didicisse

1145 2220 1236 2254 hanc
1259 2222 1456 2255 doctrinam
1483 2223 1526 2254 de
1550 2222 1754 2256 infirmitate
1775 2221 1939 2257 humana.
1995 2221 2130 2258 Omnis

1144 2269 1251 2305 homo
1268 2270 1447 2313 mendax,
1476 2273 1509 2305 id
1527 2280 1596 2313 est,
1614 2285 1685 2305 non
1705 2281 1797 2307 recte
1813 2275 1965 2308 sentiens
1982 2277 2025 2309 de
2041 2275 2129 2316 Deo,

1144 2324 1218 2357 sine
1243 2322 1441 2357 vehementi
1467 2324 1615 2367 timore,
1651 2325 1725 2357 siue
1749 2327 1885 2359 ardenti
1911 2327 1994 2368 fide,
2022 2328 2130 2360 dubi-

1144 2382 1238 2419 tans,
1263 2376 1417 2419 fugitans
1434 2374 1567 2416 Deum,
1583 2387 1753 2420 quaerens
1772 2374 1923 2410 humana
1944 2378 2129 2422 praesidia,

1144 2427 1339 2471 voluptates
1364 2433 1485 2460 contra
1518 2428 1723 2460 mandatum
1750 2427 1837 2468 Dei,
1865 2441 1938 2461 non
1965 2430 2129 2463 ardenter

1143 2478 1311 2511 invocans
1337 2476 1471 2517 Deum,
1505 2489 1576 2509 non
1611 2485 1794 2522 expectans
1827 2480 2018 2521 auxilium,
2058 2481 2128 2513 fre—

1143 2541 1241 2561 mens
1264 2529 1481 2571 impatientia
1505 2529 1541 2561 in
1566 2541 1686 2567 cruce,
1714 2542 1785 2563 non
1814 2531 1896 2564 satis
1922 2531 2129 2565 obedienter

1143 2580 1258 2612 ferens
1288 2579 1516 2617 afflictiones,
1553 2586 1717 2623 expetens
1750 2581 1959 2622 vindictam,
1999 2580 2127 2616 huma—

1145 2643 1224 2663 nam
1261 2631 1427 2674 gloriam,
1461 2631 1662 2674 concipiens
1693 2631 1852 2666 flammas
1882 2645 2041 2666 amorum
2072 2634 2126 2666 vel

1143 2682 1308 2715 odiorum
1327 2688 1448 2715 contra
1468 2682 1684 2716 voluntatem
1704 2681 1781 2718 Dei.
1836 2682 1931 2717 Haec
1951 2692 1982 2718 et
1999 2684 2127 2718 similia
