2379 2948
192 128 264 164 567

200 212 312 245 Causa
330 212 483 245 efficiens
500 212 648 244 noticiae
672 211 708 242 in
735 210 911 243 mentibus
928 207 1024 243 Deus
1049 216 1098 242 est
1123 208 1179 241 in-

201 274 317 295 serens
341 260 404 295 hoc
431 263 560 295 lumen.
615 260 727 293 Causa
753 261 885 302 finalis,
912 267 949 294 ut
975 258 1042 293 hoc
1064 260 1178 303 ipsum

203 314 320 346 lumen
346 319 488 345 testetur
511 323 582 343 esse
607 309 740 351 Deum,
773 320 803 345 et
831 319 1024 345 monstrato
1053 310 1179 343 discri-

203 365 296 396 mine
324 361 551 396 honestorum
577 369 608 395 et
634 363 812 406 turpium,
846 364 968 396 doceat
994 362 1108 406 qualis
1136 361 1179 393 sit

202 414 314 452 Deus,
342 413 471 445 scilicet
498 413 645 446 essentia
672 413 891 456 intelligens,
923 425 1043 453 verax,
1077 413 1179 450 iusta,

204 464 373 503 benefica,
410 470 519 503 casta,
551 471 613 497 etc.
674 464 809 497 Deinde
842 473 879 498 nt
905 474 1018 497 mores
1041 469 1179 496 nostros

203 521 296 557 regat
321 521 351 546 et
375 514 505 547 iudicet
537 512 619 547 haec
650 516 791 549 noticia.
847 515 1035 558 Quomodo
1064 520 1178 546 antem

203 576 324 597 causae
352 566 573 608 quaerendae
604 566 694 607 sint,
727 566 761 598 in
792 566 876 598 locis
905 566 1094 598 dicendum
1120 570 1178 596 est.

202 614 290 647 Nam
309 627 386 647 cum
406 615 514 648 latent
537 628 673 655 causae,
699 629 717 649 a
741 617 849 659 signis
877 623 909 649 et
931 616 1111 648 effectibus
1136 616 1177 646 ad

201 666 636 709 earuminvestigationem
657 667 738 707 itur,
754 675 804 700 ut:
836 667 996 700 Medicus
1015 678 1052 698 ex
1071 665 1180 708 signis

201 717 243 749 de
260 716 371 749 causis
387 717 499 749 morbi
517 717 655 749 iudicat.

306 766 419 800 Multa
444 768 600 811 exempla
628 769 748 800 talium
783 768 1029 800 definitionum
1063 766 1179 811 quoti-

202 817 307 850 diana
324 818 394 850 vita
410 819 579 850 ostendet.
633 817 823 861 Praecipue
839 826 955 852 autem
979 815 1036 850 hic
1061 820 1182 850 obser-

203 875 284 900 vent
304 868 460 900 iuniores
480 869 624 900 nomina
650 869 864 909 officiorum,
892 870 928 902 in
955 869 1084 914 quibus
1110 867 1183 901 usi-

202 925 312 950 tatum
337 925 386 951 est
419 931 538 951 causas
567 919 687 951 finales
720 921 878 959 recitari,
910 927 963 954 ut:
999 919 1103 952 Miles
1133 925 1182 951 est

202 980 351 1012 persona
373 967 439 1002 Dei
466 970 646 1002 voluntate
667 972 707 1002 ad
735 970 800 1004 hoc
822 983 910 1014 opus
934 971 1117 1011 ordinata,
1145 975 1183 1001 ut
1210 986 1211 989 =

202 1020 239 1051 in
260 1020 462 1052 defensione
481 1021 588 1060 insta,
616 1022 669 1053 vel
686 1033 796 1065 poena
824 1022 997 1065 legitima,
1025 1021 1131 1053 armis
1151 1027 1184 1052 et

202 1081 412 1115 quocunque
436 1071 556 1103 labore
581 1072 724 1104 militari
750 1073 843 1105 iuxta
872 1073 1089 1105 vocationem
1119 1083 1183 1114 pu-
1210 1098 1212 1100 ,

203 1128 283 1163 gnet
301 1133 363 1164 pro
381 1119 537 1154 Ecclesia
554 1121 618 1155 Dei
647 1129 679 1155 ct
698 1134 760 1165 pro
781 1121 925 1155 honesta
942 1122 1081 1166 Repnb.

335 1212 426 1249 Quae
449 1212 639 1243 nominatur
662 1212 793 1244 collecta
816 1223 860 1243 m·
880 1211 1058 1255 partibus?

306 1271 478 1306 Definitio
506 1274 648 1307 collecta
674 1287 713 1308 ex
741 1277 1006 1308 coacervatione
1031 1275 1183 1320 partium

204 1329 254 1355 est
270 1323 382 1356 oratio
398 1324 547 1357 recitans
565 1332 699 1369 partes,
726 1338 785 1359 sen
805 1327 1027 1367 essentiales,
1055 1338 1114 1359 seu
1130 1325 1185 1357 in-

204 1374 368 1415 tegrales,
394 1375 599 1418 praecipuas
623 1388 745 1409 omnes
768 1376 842 1409 eius
863 1377 933 1417 rei,
959 1389 1046 1421 quae
1071 1377 1184 1408 decla-

205 1430 314 1463 ratur,
340 1431 396 1456 ut:
429 1422 659 1469 Philosophia
679 1433 728 1459 est
745 1428 897 1470 cognitio
917 1428 1046 1460 artium
1065 1428 1186 1459 dicen-

206 1474 261 1514 di,
290 1472 568 1516 Mathematum,
592 1474 776 1521 Physices,
803 1485 835 1511 et
855 1478 1035 1511 doctrinae
1052 1478 1094 1510 de
1110 1489 1185 1509 mo-

205 1525 322 1565 ribus,
351 1537 439 1570 quae
457 1526 529 1559 acie
546 1523 721 1560 humanae
746 1529 873 1562 mentis
899 1528 1051 1571 intelligi
1076 1535 1108 1561 et
1132 1528 1186 1560 in-

206 1575 316 1608 dicari
334 1583 459 1619 potest.
512 1576 648 1611 Multae
670 1586 750 1612 sunt
776 1580 862 1612 tales
888 1580 1109 1612 definitiones
1133 1579 1184 1610 fo-

204 1626 361 1658 rensium
390 1627 642 1660 vocabulorum
664 1636 696 1662 et
720 1629 913 1670 virtutum,
948 1642 1036 1675 quae
1059 1629 1186 1662 multas

205 1677 291 1709 alias
310 1678 455 1710 virtutes
479 1679 671 1713 continent.
723 1679 769 1713 Ut
791 1679 1114 1727 Tartm‘oqpoozjt‘ry
1138 1686 1186 1712 est

206 1734 350 1771 propter
373 1728 588 1772 agnitionem
615 1731 775 1774 propriae
803 1732 1017 1765 infirmitatis
1048 1738 1080 1764 et
1111 1742 1186 1763 sor-

207 1778 325 1818 dium,
359 1788 440 1811 vere
466 1791 709 1823 expavescere,
744 1794 782 1814 ac
810 1784 931 1817 timere
955 1782 1089 1821 Deum,
1123 1793 1186 1814 nec

207 1840 278 1861 sese
309 1830 466 1871 ingerere
490 1831 644 1873 negociis
669 1830 745 1864 sine
770 1834 973 1875 vocatione,
1011 1841 1042 1866 et
1069 1840 1185 1866 tamen

207 1879 351 1912 obedire
368 1881 543 1913 vocationi
561 1893 620 1925 spe
637 1883 758 1915 anxilii
779 1885 912 1923 divini,
940 1897 1003 1918 nec
1024 1885 1110 1917 alios
1127 1885 1187 1916 de-

207 1930 357 1973 spicere,
395 1932 452 1963 sed
483 1931 638 1965 tribuere
670 1933 816 1976 singulis
848 1948 949 1969 suum
980 1936 1114 1975 locum,
1156 1941 1188 1967 et

208 1991 413 2023 agnoscere,
441 1982 528 2014 alios
547 1983 651 2016 etiam
671 1996 743 2017 esse
758 1985 824 2018 Dei
844 1998 972 2029 organa
985 2014 993 2027 ‚
1021 1998 1082 2030 per
1099 1997 1188 2030 quae

207 2032 373 2064 salutaria
391 2032 481 2065 effici
500 2033 652 2075 possint:
680 2035 752 2068 imo
770 2038 874 2070 estin
892 2037 1088 2070 calamitate
1111 2048 1188 2068 mo-

208 2083 326 2115 derate
347 2083 440 2115 serre
461 2095 608 2126 poenas,
635 2093 778 2129 propter
801 2088 1016 2130 agnitionem
1043 2087 1186 2120 delicto-

209 2144 306 2174 rum,
335 2140 367 2167 et
384 2133 542 2167 iusticiae
560 2133 624 2168 Dei
652 2137 815 2176 obedire,
843 2139 937 2172 iuxta
964 2139 1070 2170 illud:
1105 2137 1189 2170 Tibi

209 2181 363 2216 Domine
401 2185 551 2219 iusticia.
609 2185 830 2221 Poenitentia
875 2196 926 2223 est
964 2200 1189 2231 expavescere

211 2235 390 2277 agnitione
421 2236 492 2268 irae
519 2236 587 2269 Dei
619 2238 785 2272 adversus
817 2247 955 2284 peccata
986 2248 1127 2278 nostra,
1159 2246 1190 2271 et
1216 2238 1218 2244 ¹

213 2297 332 2318 rursus
355 2286 441 2328 erigi
464 2285 551 2325 fide,
585 2288 776 2332 accipiente
802 2291 1044 2324 remissionem
1071 2303 1190 2334 pecca-

212 2342 327 2369 torum
345 2337 471 2369 fiducia
488 2338 550 2370 filii
569 2337 653 2379 Dei,
681 2347 712 2373 et
730 2340 766 2372 in
786 2339 850 2375 hac
865 2342 931 2374 fide
953 2353 1081 2374 novam
1107 2342 1191 2374 obe·
1218 2350 1219 2366 ³

212 2387 378 2420 dientiam
400 2385 577 2423 inchoare.

217 2475 306 2513 Quae
330 2479 518 2511 ηοηιῖηιιίῑιν
542 2480 688 2521 delinitio
712 2482 844 2514 collecta
875 2492 919 2513 ea:
947 2478 1193 2513 accidentibus?
1218 2490 1220 2504 =

318 2541 487 2574 Definitio
511 2544 652 2578 collecta
679 2557 717 2578 ex
743 2545 1007 2578 coacervatione
1031 2544 1191 2577 acciden—

217 2590 304 2623 tium
334 2599 384 2624 est
410 2593 521 2625 oratio
545 2596 663 2636 generi
689 2597 741 2628 vel
763 2597 892 2639 speciei
916 2596 1111 2639 adiungens
1138 2596 1191 2627 vel

216 2642 356 2684 propria
377 2642 567 2676 accidentia
589 2646 657 2686 rei,
687 2647 741 2679 vel
765 2648 868 2681 talem
892 2647 1191 2680 coacervationem

214 2695 455 2728 communium
471 2695 714 2741 accidentium,
732 2710 820 2742 quae
837 2698 1012 2732 discernat
1028 2709 1103 2731 eam
1119 2709 1191 2730 rem

432 125 638 162 SCRlPTA
667 125 742 159 PH.
772 121 885 157 MEL.
915 121 982 157 AD
1007 121 1132 157 HIST.
1159 119 1301 159 PROF.
1328 120 1395 157 ET
1423 119 1613 158 PHlLOS.
1641 119 1960 160 SPECTANTIA.

2133 123 2205 159 568

1204 212 1207 233 ¹
1233 207 1277 241 ab
1292 207 1389 249 aliis,
1416 213 1473 241 ut:
1503 206 1598 251 Ignis
1615 213 1665 241 est
1683 207 1895 241 elementum
1912 209 2062 243 calidum
2087 217 2120 244 et
2143 211 2211 244 sic-

1234 270 1333 299 cum,
1362 265 1393 292 et
1421 258 1560 293 levitate
1583 258 1750 291 omnibus
1773 259 1992 295 antecellens.
2054 259 2211 294 Multum

1205 337 1207 358 Ε
1233 315 1349 342 autem
1367 307 1431 342 hac
1449 310 1561 343 forma
1579 309 1714 342 utimur
1731 309 1769 341 in
1791 309 2088 353 descriptionibus
2111 312 2213 355 plan-

1234 366 1369 401 tarum,
1406 361 1488 393 item
1521 361 1556 392 in
1588 360 1874 399 individuorum,
1911 367 1950 394 ut
1984 371 2213 404 personarum

1234 410 1496 444 discriminibus
1523 410 1743 451 indicandis,
1779 417 1833 445 ut:
1868 410 2058 444 Mitionem
2089 419 2121 445 et
2142 411 2214 446 De-

1234 473 1345 493 meam
1373 462 1577 495 discernunt
1601 461 1803 496 accidentia.
1857 461 2070 496 Notissimus
2098 463 2215 495 omni-

1235 512 1298 544 bus
1323 518 1373 545 est
1398 513 1533 553 frutex,
1570 513 1629 557 qui
1659 513 1725 546 sert
1757 513 1933 553 fructum,
1969 524 2071 558 quem
2097 520 2217 547 nostra

1234 562 1354 604 lingua
1379 575 1544 596 vocamus
1567 563 1772 609 Speimbotett·
1826 562 1918 596 Huic
1938 563 2057 597 frutici
2086 576 2217 597 nomen

1235 620 1284 646 est
1301 611 1530 657 Cynosbatos.
1586 613 1753 648 Definitio
1771 614 1850 648 talis
1877 621 1943 655 est,
1971 613 2153 659 pertinens
2171 615 2215 648 ad

1235 661 1325 696 hanc
1363 671 1524 709 quartam
1562 664 1732 698 formam:
1773 663 1993 710 Cynosbatos
2024 673 2074 700 est
2102 666 2217 699 frutex

1235 714 1350 747 maior
1375 715 1482 753 ruho,
1511 715 1646 748 arboris
1672 715 1798 753 instar,
1833 716 1963 749 aculeis
1988 717 2079 749 circa
2105 716 2220 760 virgas

1235 765 1409 806 robustis,
1447 766 1598 799 fructum
1626 767 1741 798 serens
1766 766 1914 799 similem
1943 767 2077 800 nucleis
2107 767 2220 800 oliva-

1236 827 1335 856 rum,
1370 817 1426 849 sed
1448 817 1633 850 rubentem
1655 828 1734 849 cum
1755 818 1973 859 maturescit,
2003 818 2101 851 lanea
2126 818 2221 852 intus

1208 893 1210 902 ,
1236 873 1380 907 natura,
1408 875 1470 900 ete.

1338 934 1515 969 Recensui
1534 936 1664 967 formas
1689 935 1955 975 definitionum,
1988 949 2136 982 quarum
2162 949 2221 970 ex-

1238 986 1351 1030 empla
1369 986 1405 1018 in
1423 986 1641 1031 quotidianis
1658 986 1869 1020 lectionibus
1885 994 2081 1022 monstrent
2097 985 2146 1029 hi,
2161 988 2222 1033 qui

1237 1038 1364 1071 docent
1381 1037 1556 1078 iuniores,
1582 1044 1615 1070 et
1632 1037 1737 1070 simul
1756 1038 1798 1070 de
1819 1038 1971 1072 utilitate
1989 1049 2047 1071 eos
2063 1050 2220 1072 commo-

1237 1088 1431 1130 nefaciant,
1461 1089 1608 1121 doceant
1635 1088 1672 1120 in
1689 1088 1786 1120 omni
1805 1088 2031 1133 quaestione,
2058 1101 2137 1122 cum
2154 1087 2221 1122 ho-

1239 1139 1351 1171 mines
1376 1138 1525 1171 docendi
1549 1145 1649 1179 sunt,
1683 1139 1816 1171 sontem
1843 1151 1915 1172 esse
1941 1140 2049 1172 totius
2073 1140 2223 1183 explica-

1239 1190 1346 1223 tionis
1369 1201 1486 1222 veram
1509 1189 1771 1228 definitionem,
1805 1189 1854 1223 Ut
1877 1201 1940 1223 nos
1964 1201 2086 1223 omnes
2105 1190 2224 1235 quoti-

1239 1241 1344 1273 diana
1369 1241 1546 1274 invocatio
1572 1240 1882 1281 commonefaciat,
1914 1241 2050 1285 quoties
2076 1242 2118 1274 de
2146 1239 2222 1274 Deo

1239 1291 1451 1334 cogitamus,
1493 1290 1735 1324 definitionem
1773 1291 1847 1324 cius
1885 1291 2106 1334 cogitandam
2141 1303 2225 1332 esse,

1240 1343 1317 1387 quis
1345 1343 1388 1375 sit
1413 1353 1516 1387 quem
1539 1341 1748 1386 alloqueris,
1776 1343 1955 1385 quomodo
1971 1343 2225 1375 discernendus

1239 1394 1283 1426 sit
1301 1404 1319 1425 a
1339 1392 1594 1425 commenticiis
1612 1391 1839 1429 numinibus,
1868 1399 1900 1425 et
1917 1403 1935 1424 a
1953 1392 2055 1424 malis
2079 1404 2118 1425 ac
2141 1405 2222 1437 per-

1239 1442 1381 1475 niciosis
1398 1442 1590 1486 spiritibus.
1635 1440 1844 1475 Recitantur
1861 1442 1991 1475 multae
2008 1444 2141 1476 formae
2160 1445 2225 1477 de-

1240 1494 1442 1527 finitionum
1465 1494 1556 1536 apud
1576 1492 1742 1526 Bo'e‘tiurn
1757 1519 1765 1532 ,
1793 1494 1851 1525 sed
1871 1493 2078 1538 plaeraeque
2104 1493 2225 1527 distri-

1241 1545 1300 1577 bui
1332 1550 1478 1588 possunt
1504 1543 1541 1575 iu
1567 1540 1653 1575 haec
1677 1543 1789 1587 capita
1816 1555 1875 1575 seu
1902 1555 2027 1586 genera
2052 1556 2139 1588 quae
2166 1542 2223 1578 hic

1240 1595 1523 1628 commemoravi.
1585 1593 1707 1626 ludico
1741 1600 1856 1626 tamen
1881 1596 2049 1639 quasdam
2076 1606 2224 1628 nomen-

1240 1646 1391 1679 claturas
1407 1644 1541 1678 utiliter
1558 1645 1651 1678 addi.

1342 1712 1509 1746 Definitio
1527 1708 1622 1745 κατὰ
1639 1707 1730 1756 πρός
1744 1724 1788 1746 τι.
1827 1710 1921 1744 Haec
1940 1711 2081 1755 propria
2102 1718 2152 1745 est
2169 1725 2224 1746 re-

1241 1762 1450 1801 lativorum,
1478 1774 1566 1807 quae
1593 1762 1640 1795 sic
1670 1762 1725 1803 fit,
1750 1763 1955 1796 nominatur
1979 1774 2087 1810 genus
2112 1770 2146 1797 et
2161 1765 2226 1797 ad-

1241 1814 1339 1847 ditur
1362 1813 1674 1854 correlativorum,
1701 1820 1756 1847 ut:
1786 1813 1891 1846 Pater
1917 1821 1965 1846 cst
1992 1825 2140 1857 persona
2161 1812 2224 1847 ha-

1244 1866 1328 1898 bens
1351 1865 1475 1899 filium.

1342 1931 1516 1964 Definitio
1540 1927 1634 1964 κατὰ
1658 1928 1855 1977 ἀφαίρεσιν
1883 1932 1947 1964 τοῦ
1970 1927 2159 1972 ἐναντίου,
2186 1931 2223 1964 id

1242 1989 1309 2022 est,
1336 1994 1424 2027 quae
1438 1982 1473 2014 fit
1492 1982 1685 2014 remotione
1711 1981 1897 2021 contrarii,
1925 1987 1978 2014 ut:
2001 1980 2155 2024 Spiritus
2174 1989 2224 2016 est

1243 2033 1437 2066 substantia
1464 2032 1688 2075 incorporea,
1724 2032 1937 2075 intelligens.
1996 2029 2144 2065 Castitas
2170 2039 2223 2067 est

1243 2084 1375 2123 virtus,
1403 2095 1491 2127 qnae
1517 2083 1602 2116 vitat
1625 2094 1746 2115 omnes
1771 2094 1872 2125 vagas
1892 2081 2057 2116 libidines
2076 2089 2107 2116 et
2127 2095 2224 2116 com-

1245 2134 1429 2168 mixtiones
1444 2147 1460 2167 a
1479 2134 1555 2166 Deo
1576 2130 1782 2176 prohibitas,
1835 2133 1894 2166 Sic
1908 2133 2028 2166 omnia
2050 2133 2224 2177 privativa

1245 2186 1414 2219 vocabula
1449 2184 1678 2217 definiuntur.
1741 2183 1924 2216 Tenebrae
1950 2190 2034 2217 sunt
2066 2185 2223 2219 absentia

1245 2237 1343 2271 lucis.
1371 2235 1525 2270 Caecitas
1541 2242 1591 2267 est
1606 2235 1759 2267 desectus
1778 2235 1872 2267 visus
1892 2234 1926 2266 in
1944 2234 2099 2268 animali.
2124 2235 2223 2270 Talis

1217 2280 1219 2329 i
1245 2295 1295 2322 est
1322 2287 1480 2320 definitio
1504 2292 1593 2318 recte
1618 2292 1650 2318 et
1676 2286 1855 2318 dialectice
1884 2285 1993 2328 posita
2015 2286 2051 2318 in
2074 2286 2220 2330 epistola

1247 2336 1432 2372 lobannis:
1461 2335 1481 2382 ἡ
1498 2334 1660 2381 ἁμαρτία
1679 2334 1777 2369 ἐστὶν
1796 2333 1953 2380 ἀνομία,
1981 2336 2015 2369 id
2041 2344 2112 2377 est,
2139 2348 2221 2380 pec-

1246 2396 1360 2424 catum
1376 2395 1425 2421 est
1443 2399 1601 2431 pugnans
1619 2387 1786 2431 quiddam
1803 2399 1880 2420 cum
1900 2387 1986 2429 lege.
2019 2385 2108 2420 Cum
2125 2388 2219 2424 enirn

1218 2458 1220 2478 ι
1246 2448 1345 2474 antea
1369 2440 1503 2484 prolixe
1527 2438 1754 2471 concionatus
1780 2445 1866 2471 esset
1893 2436 2065 2470 lohannes
2093 2438 2135 2470 de
2165 2439 2220 2471 vi-

1245 2491 1360 2526 tandis
1379 2490 1538 2534 peccatis,
1566 2489 1781 2531 interrogare
1800 2495 1918 2531 gentes
1934 2494 2105 2531 poterant,
2133 2489 2219 2533 quid

1218 2562 1220 2606 1
1245 2542 1444 2575 nominaret
1462 2547 1637 2583 peccatum
1653 2567 1661 2580 ,
1688 2540 1768 2584 quia
1794 2539 1876 2572 vitia
1901 2538 2070 2582 quaedam
2094 2540 2221 2574 usitata

1218 2612 1220 2630 ·,
1245 2600 1344 2628 erant
1374 2591 1551 2635 gentibus,
1590 2603 1678 2635 quae
1704 2602 1776 2623 non
1804 2588 2040 2633 puniebantur
2071 2588 2221 2624 ethnicis

1218 2643 1220 2685 ξ
1244 2644 1389 2687 legibus,
1444 2641 1488 2675 Ut
1514 2642 1622 2685 igitur
1645 2642 1754 2674 sciant
1778 2651 1937 2672 normam
1962 2639 2220 2674 discernentem

1244 2707 1298 2730 res
1316 2694 1389 2728 Deo
1406 2694 1601 2739 placentes,
1629 2699 1660 2726 et
1677 2693 1857 2725 damnatas
1879 2702 1897 2723 a
1914 2689 2012 2731 Deo,
2039 2692 2221 2726 constituit
