2379 2948
88 103 186 139 1389

86 188 206 229 conio,
242 190 336 234 quod
361 188 436 222 sint
462 187 683 223 benedictin
709 187 811 229 Deo,
847 191 881 223 id
908 197 977 232 est,
1015 188 1077 223 ha-

85 240 207 274 bentes
232 238 346 274 Deum
380 241 572 285 placatum,
606 242 802 283 faventem,
838 243 1075 275 cumulantem

84 302 141 324 eos
163 291 262 325 omni
282 303 408 335 genere
433 293 622 328 bonorum.
677 292 854 326 Discernit
877 305 956 336 ergo
982 291 1076 326 hunc

84 348 242 382 coetum,
276 340 465 376 habentem
498 345 644 376 verbum
671 350 703 376 et
729 345 996 387 promissiones,
1032 345 1075 377 ab

83 393 250 426 omnibus
266 393 344 427 aliis
361 394 536 437 gentibus·
591 394 709 428 Solius
728 392 833 428 huius
852 396 974 439 populi
993 393 1076 428 haec

83 450 134 478 est
153 444 283 487 gloria,
310 447 404 489 quod
430 457 509 478 vere
527 442 654 478 habeat
671 453 704 480 et
721 446 812 479 colat
830 445 964 487 Deum,
992 447 1073 491 quia

82 492 187 528 hahet
211 495 377 535 verbum,
404 493 509 529 habet
526 496 729 530 testimonia
747 509 893 541 operum
912 497 995 537 Dei,
1020 510 1073 530 sa-

81 546 277 579 cerdotium
293 554 326 580 et
342 557 489 589 regnum
506 547 679 581 divinitus
695 548 908 583 institutum.
955 548 1073 591 Quare

79 596 117 629 in
144 595 211 630 hoc
232 597 365 641 populo
391 610 471 631 vere
495 605 608 643 potest
633 600 789 643 conspici
812 600 917 635 Deus.
972 599 1073 633 Hanc

79 648 228 690 gloriam
260 660 333 681 non
365 646 498 683 habent
530 650 619 683 aliae
646 657 785 694 gentes,
822 664 910 696 quae
935 651 1071 684 etiamsi

79 696 212 733 habent
243 699 398 744 aliquam
427 701 593 734 noticiam
619 703 715 746 quod
738 702 783 735 sit
805 700 916 735 Deus:
955 709 1070 735 tamen

78 750 160 795 quia
185 757 268 784 sunt
285 751 360 784 sine
378 752 503 793 verbo,
535 765 604 798 quo
621 765 655 786 se
675 753 835 796 patefecit
852 753 948 787 Deus
961 781 969 794 ,
998 766 1071 786 non

77 808 169 834 recte
196 799 471 846 apprehendunt
494 802 628 843 Deum,
664 816 735 837 non
768 812 965 848 agnoscunt
996 805 1070 837 eius

75 853 267 893 beneficia,
302 855 383 895 sed,
407 860 447 887 ut
473 866 577 898 supra
604 855 697 896 dixi,
723 856 898 889 iactantur
921 856 1070 889 erranti-

75 905 142 937 bus
166 904 399 948 opinionibus
424 907 467 939 de
492 904 587 948 Deo,
616 919 689 940 non
714 919 793 940 vere
817 914 976 940 statuunt
994 906 1068 940 Deo
1095 950 1097 958 Ι

76 966 179 988 curae
211 967 283 988 esse
314 968 368 989 res
402 954 592 996 humanas,
627 958 741 991 Deum
770 958 903 1003 ubique
936 959 1067 998 adesse,
1094 963 1097 969 ’

75 1006 195 1039 omnia
212 1007 283 1050 regi
299 1014 332 1041 et
350 1008 539 1050 gubernari
556 1009 666 1052 ipsius
682 1009 829 1042 consilio
847 1016 879 1042 et
901 1010 1067 1053 potentia,

75 1064 169 1091 certo
192 1058 337 1102 respici,
366 1059 474 1103 recipi
497 1067 528 1093 et
547 1060 706 1094 exaudiri
724 1061 905 1093 credentes
924 1067 1068 1105 propter

73 1107 206 1142 Filium
236 1110 467 1154 promissum:
503 1112 562 1144 sed
591 1118 717 1156 putant
741 1123 795 1144 res
819 1109 992 1145 humanas
1016 1119 1066 1145 te—

73 1171 168 1193 mere
184 1166 217 1193 et
231 1172 312 1194 casu
329 1161 426 1197 ferri.
481 1160 600 1204 Quare
618 1175 691 1196 non
707 1174 788 1196 vere
806 1162 1066 1201 timentDeum,

73 1222 146 1244 non
171 1211 356 1246 confidunt
382 1211 477 1253 Deo,
504 1225 578 1246 non
603 1215 770 1248 invocant
794 1226 858 1247 nec
884 1221 1067 1258 expectant

71 1262 164 1296 bona
182 1274 200 1296 a
218 1261 304 1299 Deo.
359 1262 455 1297 Hace
470 1271 520 1298 est
537 1266 684 1298 caecitas
700 1272 732 1298 et
747 1265 923 1308 ignoratio
940 1263 1066 1298 huma—

71 1325 134 1355 na,
162 1326 241 1347 cum
263 1312 424 1348 homines
443 1322 563 1349 carent
583 1317 690 1349 verbo
709 1316 880 1349 divinitus
899 1317 1039 1351 tradito,

172 1364 326 1398 Econtra
351 1366 419 1409 pii,
446 1366 507 1411 qui
528 1364 660 1400 habent
677 1365 743 1399 hoc
760 1379 937 1400 summum
957 1368 1064 1400 bene-

70 1415 205 1457 ficium,
247 1413 285 1448 hi
322 1417 464 1449 demum
504 1425 598 1451 recte
633 1415 906 1462 apprehendunt
938 1417 1064 1458 Deum,

69 1468 191 1501 vident
219 1473 254 1501 et
283 1474 479 1511 agnoscunt
510 1468 584 1502 eius
611 1468 863 1513 praesentiam,
899 1470 993 1513 quod
1020 1469 1064 1502 sit

68 1518 233 1552 conditor
263 1524 296 1551 et
329 1526 557 1553 conservator
588 1520 748 1553 omnium
783 1532 923 1559 rerum,
965 1521 1059 1563 quod

68 1570 240 1614 gubernet
266 1570 404 1611 omnia,
433 1571 526 1615 quod
554 1571 724 1605 irascatur
747 1578 910 1614 peccato,
938 1571 1063 1615 puniat

68 1621 269 1664 improbos,
294 1628 327 1655 et
342 1621 536 1654 benefaciat
559 1622 672 1656 iustis.
727 1621 798 1655 Nec
814 1629 950 1656 tantum
970 1620 1061 1656 hanc

66 1673 152 1716 legis
176 1671 344 1705 noticiam
367 1669 519 1713 habent,
547 1674 605 1706 sed
635 1673 738 1707 etiam
757 1680 893 1707 norunt
909 1674 1062 1718 promis-

67 1724 182 1758 siones
201 1721 407 1766 Evangelii,
432 1725 526 1769 quod
544 1722 640 1757 Deus
657 1724 742 1758 velit
761 1726 964 1758 condonare
980 1737 1060 1769 pec-

67 1782 160 1813 cata,
196 1781 229 1808 et
257 1775 412 1818 recipere
439 1773 602 1808 homines
625 1782 769 1820 propter
789 1775 921 1809 Filium
946 1788 1060 1817 suum,

66 1839 169 1872 quem
185 1826 298 1859 voluit
312 1826 387 1860 fieri
403 1825 581 1859 victimam
597 1839 661 1870 pro
676 1827 790 1860 nobis.
845 1826 964 1870 Quare
980 1840 1059 1860 vere

64 1884 260 1921 agnoscunt
278 1875 411 1918 Deum,
436 1877 552 1911 sciunt
571 1890 648 1911 eum
668 1878 769 1911 irasci
789 1886 950 1922 peccato,
978 1879 1057 1912 ideo

64 1941 145 1962 vere
177 1929 320 1967 timent,
356 1940 478 1962 rursus
506 1941 578 1962 sese
603 1929 743 1972 erigunt
766 1930 893 1962 fiducia
919 1930 1056 1963 miseri-

64 1980 203 2014 cordiae
228 1980 419 2024 promissae
444 1987 589 2024 propter
606 1978 805 2020 Christum,
831 1988 864 2013 et
881 1979 946 2013 hac
964 1982 1056 2014 fidu-

64 2032 116 2065 cia
139 2032 316 2064 invocant.
372 2030 493 2076 Itaque
520 2038 700 2074 praestant
718 2043 818 2065 veros
837 2032 971 2072 cultus,
998 2045 1054 2065 ex-

63 2088 200 2127 pectant
231 2082 334 2115 etiam
369 2089 401 2116 et
432 2089 555 2126 petunt
584 2094 600 2115 a
627 2081 702 2116 Deo
727 2083 923 2127 corporalia
950 2084 1054 2123 bona,

62 2134 254 2167 necessaria
276 2134 312 2165 in
329 2131 392 2166 hac
410 2134 500 2171 vita,
528 2135 677 2174 victum,
705 2134 966 2175 defensionem,
992 2148 1054 2179 pa-

61 2198 134 2219 cem
168 2185 343 2229 publicam
370 2191 433 2220 etc.
498 2185 602 2218 Tales
635 2197 716 2228 ergo
743 2198 824 2218 vere
851 2187 1053 2228 praedicant

59 2236 191 2276 Deum,
219 2237 313 2281 quod
332 2233 389 2268 hic
407 2235 519 2275 Deus,
549 2237 648 2270 cuius
668 2237 814 2270 verbnm
835 2234 985 2277 habent,
1010 2238 1053 2271 sit
1080 2280 1081 2287 ἵ

60 2301 139 2322 vere
164 2287 279 2328 Deus,
306 2288 550 2332 omnipotens,
577 2288 744 2321 conditor
769 2295 801 2321 et
826 2296 1053 2322 conservator
1079 2296 1080 2310 ³

879 2341 1052 2383 gubernet
1078 2357 1079 2372 π

58 2339 218 2372 omnium
259 2350 395 2377 rerum,
446 2339 504 2383 qui
543 2339 676 2384 ubique
716 2340 827 2379 adsit,

57 2390 194 2431 omnia,
222 2396 254 2422 et
278 2390 455 2434 impertiat
478 2390 599 2422 divina
623 2391 811 2429 beneficia,
841 2397 871 2423 et
889 2391 1051 2433 verbum,

57 2455 127 2488 quo
151 2441 294 2485 agnosci
321 2447 353 2474 et
376 2441 442 2474 coli
466 2441 595 2485 possit,
623 2442 679 2475 det
704 2442 787 2475 item
814 2442 906 2475 hona
925 2455 1050 2486 corpo-

56 2494 162 2534 ralia,
188 2492 338 2532 victum,
366 2492 626 2533 defensionem,
655 2494 958 2527 conservationem
979 2501 1050 2528 sta-
1075 2488 1078 2515 Ῑ

56 2552 112 2579 tus
133 2543 269 2588 politici
287 2550 349 2577 etc.

155 2594 252 2628 Haec
276 2594 455 2639 praedicat
480 2591 537 2627 bic
565 2607 700 2628 versus:
736 2591 844 2629 Coeli
868 2594 1046 2629 coelorum
1073 2599 1075 2631 ἐ

53 2645 216 2681 Domini
246 2650 350 2684 sunt,
388 2646 422 2678 id
456 2653 523 2686 est,
562 2644 618 2679 hic
646 2644 742 2679 Deus
775 2647 907 2692 ubique
938 2633 1075 2697 adem!

53 2701 224 2743 gubernat
247 2705 279 2731 et
304 2705 487 2731 conservat
512 2698 713 2730 universam
734 2705 895 2731 naturam
915 2711 1045 2741 rerum,

695 103 756 139 lx.
810 102 1176 140 COMMENTARH
1213 103 1263 137 IN
1296 103 1538 141 PSALMOS.

2027 111 2123 146 1390

1131 201 1170 223 ac
1192 190 1238 223 ita
1263 191 1404 233 agnosci
1422 192 1514 233 vult,
1543 192 1637 236 quod
1657 192 1788 237 ubique
1806 195 1985 237 respiciat,
2015 210 2120 231 exau-

1131 242 1221 282 diat,
1255 248 1368 275 servet
1402 243 1495 286 pios,
1529 250 1591 278 etc.
1650 243 1804 278 Deinde:
1839 243 1996 280 Terram
2023 246 2120 282 (ledit

1118 289 1221 336 filiis
1243 288 1457 333 hominum,
1487 295 1520 326 id
1548 301 1614 335 est,
1641 295 1701 328 ille
1726 296 1800 339 ipse
1818 297 1913 331 Deus
1938 299 2041 332 etiam
2061 302 2119 334 dat

1130 344 1221 376 bona
1247 345 1461 388 corporalia,
1489 347 1682 379 necessaria
1709 347 1745 379 in
1766 345 1830 382 hac
1848 349 1937 389 vita,
1966 351 2119 393 regimen

1129 395 1332 438 politicum,
1362 397 1601 429 defensionem
1621 406 1682 431 etc.
1732 397 1827 433 Haec
1841 401 1944 434 etiam
1963 402 2120 445 largitur,

1129 452 1167 478 ut
1190 444 1345 478 Ecclesia
1377 447 1413 479 in
1445 449 1579 481 mundo
1609 449 1737 482 durare
1762 452 1887 494 possit,
1922 459 1960 485 ut
1986 454 2034 494 pii
2058 451 2120 486 ha-

1129 498 1232 530 beant
1257 497 1373 541 aliqua
1399 500 1581 531 commoda
1602 500 1702 535 vitae.
1758 500 1853 535 Haec
1873 511 1955 537 suut
1973 503 2039 536 Dei
2057 505 2120 537 be-

1128 548 1268 588 neficia,
1304 560 1367 581 nec
1399 557 1480 583 sunt
1510 550 1546 581 in
1579 557 1748 593 potestate
1775 550 1948 595 humana,
1984 556 2121 588 etiamsi

1129 599 1229 642 impii
1246 605 1274 631 et
1294 600 1436 644 tyranni
1456 601 1597 643 rapiunt
1615 602 1779 645 imperia,
1808 612 1983 639 conantur
1999 607 2119 649 oppri—

1127 662 1223 682 mere
1250 650 1344 693 pios,
1378 651 1533 694 eripiunt
1559 653 1608 684 eis
1632 656 1815 687 commoda
1844 656 1954 693 vitae,
1985 657 2118 689 etiarnsi

1126 701 1289 734 diabolus
1322 714 1384 745 per
1414 700 1576 735 homines
1607 703 1787 747 improbos
1813 718 1913 751 saepe
1939 709 2120 750 perturbat

1126 759 1272 792 statum,
1309 760 1340 785 et
1366 753 1660 798 tranquillitatem
1686 757 1891 800 rerumpub.
1920 759 2038 798 bellis,
2066 771 2119 791 se—

1125 803 1321 837 ditionibus
1349 811 1382 837 et
1406 805 1483 836 aliis
1508 805 1638 837 modis:
1673 812 1789 839 tamen
1810 807 1906 841 Deus
1934 818 2118 842 conservat

1125 855 1265 898 respub.
1291 862 1322 888 et
1347 855 1503 888 defendit
1528 856 1623 899 pios,
1653 864 1797 900 propter
1816 870 1873 891 eos
1892 859 2039 902 largitur
2060 874 2119 904 pa-

1124 917 1197 938 cem
1216 913 1249 938 et
1267 906 1333 938 alia
1353 906 1538 947 beneficia,
1565 915 1604 940 ut
1623 907 1665 940 sit
1686 909 1804 953 aliqua
1824 907 1991 943 Ecclesia.

1224 980 1290 1016 Est
1312 990 1427 1017 autem
1455 984 1674 1017 observanda
1703 983 1788 1018 haec
1812 987 2004 1030 particula,
2031 1000 2118 1033 quae

1122 1034 1187 1067 ait:
1223 1030 1378 1066 Terram
1414 1031 1512 1068 dedit
1528 1032 1632 1079 filiis
1656 1032 1869 1076 hominum,
1906 1039 1988 1083 quia
2015 1036 2118 1072 habet

1121 1085 1246 1118 utilem
1271 1086 1471 1119 doctrinam
1495 1088 1536 1120 de
1561 1088 1666 1120 rebus
1688 1089 1840 1131 politicis
1857 1095 1888 1122 et
1905 1101 2023 1122 earum
2042 1102 2119 1131 usu,

1121 1142 1268 1170 testatur
1301 1137 1462 1181 politicas
1493 1145 1527 1171 et
1548 1139 1634 1171 alias
1659 1151 1712 1171 res
1738 1140 1950 1172 necessarias
1973 1142 2014 1173 ad
2042 1153 2115 1174 rem

1121 1188 1361 1231 corporalem,
1388 1200 1459 1221 esse
1483 1201 1537 1223 res
1559 1202 1576 1222 a
1602 1189 1677 1222 Deo
1703 1192 1882 1232 conditas,
1911 1193 1953 1224 ad
1981 1193 2116 1226 utilita-

1123 1245 1190 1271 tem
1209 1236 1356 1272 humani
1374 1241 1528 1282 generis,
1557 1248 1589 1274 et
1604 1242 1648 1274 ab
1665 1242 1740 1285 ipso
1759 1243 1836 1275 dari
1853 1250 1885 1277 et
1902 1245 2115 1278 conservari.

1121 1288 1241 1332 Quare
1265 1291 1437 1332 significat
1459 1304 1580 1325 earum
1605 1304 1706 1325 usum
1733 1305 1936 1327 concessum
1964 1306 2055 1335 esse,
2083 1302 2116 1328 et

1120 1342 1309 1384 approbari
1337 1355 1353 1374 a
1379 1342 1463 1376 Deo.
1525 1343 1618 1386 Quia
1645 1344 1738 1376 enim
1764 1346 1850 1379 dicit
1877 1343 1960 1378 baec
1985 1358 2115 1390 appro-

1120 1392 1195 1424 bari
1221 1404 1239 1424 a
1265 1391 1340 1425 Deo
1365 1406 1422 1426 seu
1453 1406 1524 1426 esse
1549 1395 1643 1427 dona
1668 1394 1752 1435 Dei,
1778 1397 1939 1442 sequitur
1967 1408 2037 1430 esse
2061 1409 2115 1430 res

1118 1443 1250 1482 bonas,
1278 1450 1310 1476 et
1337 1445 1430 1488 quod
1457 1457 1578 1477 earum
1601 1457 1684 1479 usus
1702 1447 1836 1490 placeat
1854 1447 1947 1487 Deo,
1976 1449 2066 1481 sicut
2083 1456 2115 1481 et

1118 1492 1250 1528 Paulus
1272 1495 1391 1540 inquit
1411 1497 1453 1527 de
1471 1493 1537 1529 boc
1554 1508 1697 1539 genere:
1727 1496 1857 1532 Omnis
1875 1506 2032 1532 creatura
2050 1498 2115 1532 Dei

1117 1545 1210 1577 bona
1237 1553 1300 1579 est.
1365 1545 1485 1588 Quare
1512 1559 1565 1580 res
1592 1548 1775 1591 politicae,
1807 1550 1973 1593 imperia,
2008 1550 2114 1583 iuris-

1117 1595 1311 1637 dictiones,
1348 1598 1592 1640 magistratus,
1622 1599 1750 1633 divisio
1776 1608 1809 1635 et
1832 1601 2030 1645 proprietas
2057 1613 2112 1634 re-

1116 1659 1194 1680 rum
1214 1648 1310 1681 iuxta
1328 1648 1438 1691 leges,
1466 1655 1686 1690 contractus,
1714 1652 1844 1685 iudicia
1865 1659 1926 1686 etc,
1945 1659 2026 1686 sunt
2046 1664 2112 1693 res,

1086 1712 1088 1715 ·
1116 1710 1266 1740 quarum
1298 1711 1401 1732 usum
1432 1699 1528 1733 Deus
1561 1702 1752 1747 approbat,
1791 1711 1823 1737 et
1857 1704 1894 1736 in
1928 1703 1994 1747 piis
2027 1716 2113 1737 usus

1116 1761 1234 1782 earum
1256 1757 1305 1784 est
1322 1762 1411 1795 opus
1427 1749 1503 1784 Deo
1523 1752 1673 1796 placens.

1217 1826 1311 1860 Haec
1335 1829 1479 1872 prodest
1501 1835 1621 1863 tenere
1644 1832 1686 1863 ad
1711 1831 1918 1866 refutandas
1936 1833 2109 1877 imagina-

1113 1877 1226 1911 tiones
1245 1877 1510 1924 hypocritarum
1529 1888 1562 1914 et
1575 1882 1828 1921 fanaticorum,
1857 1885 1919 1928 qui
1937 1886 2108 1920 damnant

1112 1941 1213 1962 usum
1241 1942 1358 1963 rerum
1383 1931 1627 1973 politicarum,
1656 1941 1716 1967 aut
1741 1941 1832 1967 certe
1858 1948 1930 1968 non
1952 1937 2033 1970 satis
2052 1949 2107 1970 re-

1112 1987 1275 2014 verenter
1299 1983 1342 2014 de
1367 1982 1415 2014 eis
1436 1984 1606 2018 sentiunt.
1660 1984 1727 2019 Sed
1750 1983 1833 2018 haec
1851 1987 2012 2021 doctrina
2032 2000 2106 2021 am-

1111 2032 1242 2075 plificat
1272 2039 1303 2065 et
1335 2040 1438 2066 ornat
1464 2035 1671 2077 dignitatem
1696 2036 1964 2079 magistratuum
1992 2046 2025 2073 et
2052 2051 2106 2073 re—

1110 2095 1188 2115 rum
1216 2084 1459 2127 politicarum,
1496 2086 1571 2119 vult
1596 2098 1660 2120 nos
1684 2095 1886 2122 reverenter
1909 2090 2038 2123 sentire
2062 2092 2104 2123 de

1109 2131 1182 2175 his,
1210 2141 1378 2180 tanquam
1405 2136 1582 2170 beneficiis
1600 2138 1772 2172 divinitus
1789 2140 1950 2179 donatis,
1980 2142 2106 2175 excitat

1080 2196 1082 2202 ⁸
1109 2186 1211 2218 etiam
1237 2187 1393 2221 studium
1419 2188 1624 2231 diligentius
1648 2190 1795 2233 parendi
1821 2191 1959 2236 legibus
1977 2199 2010 2226 et
2028 2205 2104 2226 ma-

1107 2237 1322 2280 gistratibus.
1375 2238 1562 2272 Postremo
1586 2237 1671 2273 'naec
1697 2241 1868 2275 sententia
1886 2243 2053 2277 admonet
2070 2251 2103 2277 et

1107 2300 1185 2327 eos,
1214 2290 1275 2334 qui
1301 2297 1487 2323 versantur
1510 2291 1545 2323 in
1572 2292 1855 2335 magistratibus,
1885 2300 1917 2326 et
1935 2295 2101 2339 reliquos,

1106 2346 1144 2373 ut
1175 2341 1401 2374 meminerint
1435 2339 1489 2374 his
1522 2342 1627 2376 rebus
1657 2344 1900 2387 corporalibus
1927 2347 2099 2379 utendum

1107 2403 1177 2424 esse
1199 2398 1366 2437 tanquam
1393 2393 1496 2425 donis
1514 2392 1598 2432 Dei,
1636 2406 1699 2427 nec
1725 2394 1773 2427 sic
1796 2396 1891 2435 dari,
1919 2403 1957 2429 ut
1982 2394 2099 2429 homi-

1105 2454 1166 2475 nes
1199 2443 1419 2477 arbitrentur
1449 2445 1623 2487 potentia‚
1659 2445 1934 2487 gubernatione,
1971 2448 2102 2491 opibus

1105 2500 1164 2526 aut
1199 2494 1278 2526 aliis
1313 2495 1417 2528 rebus
1447 2508 1511 2539 pro
1546 2507 1606 2528 sua
1641 2497 1792 2529 libidine
1817 2499 1989 2531 utendum
2017 2511 2099 2539 esse,

1104 2552 1224 2578 contra
1253 2546 1471 2579 voluntatem
1497 2545 1579 2587 Dei,
1609 2549 1649 2580 ad
1678 2549 1868 2592 explendas
1893 2560 1971 2582 suas
1997 2551 2097 2583 volu-

1102 2603 1233 2640 ptates,
1269 2604 1329 2630 aut
1360 2598 1402 2630 ad
1439 2598 1590 2630 aliorum
1621 2599 1808 2640 iniuriam,
1844 2607 1877 2634 et
1904 2601 1946 2634 ad
1974 2602 2096 2645 oppri-

1100 2648 1248 2681 mendos
1272 2648 1349 2691 pios
1370 2655 1434 2684 etc.
1488 2648 1581 2692 Quia
1599 2648 1695 2683 Deus
1714 2651 1774 2696 qui
1795 2658 1844 2685 est
1863 2659 1966 2685 autor
1984 2660 2014 2686 et
2035 2654 2096 2686 da-

1101 2705 1155 2732 tor
1188 2696 1316 2732 horum
1342 2700 1540 2742 bonorum,
1575 2714 1649 2734 uon
1677 2703 1752 2736 vult
1780 2710 1816 2737 ut
1842 2715 1879 2736 ea
1905 2700 2103 2737 habeamus.
