2379 2948
144 87 214 121 881
547 84 592 121 V.

141 177 192 204 est
209 177 501 212 consentaneum,
528 170 618 204 velle
631 169 746 204 Deum
769 171 881 205 iacere
898 171 1047 205 deletam
1067 183 1131 215 po-

139 221 253 254 litiam
280 222 430 263 diutius,
459 234 563 266 quam
588 222 730 262 florere,
759 222 786 254 si
806 234 880 254 eam
907 222 976 255 iam
1001 234 1130 266 appro-
1154 240 1155 251 ι

139 273 249 305 baret.
303 272 394 306 Sunt
413 279 528 306 autem
546 273 666 304 annia
684 273 762 305 data
782 273 855 314 lege
878 284 989 317 usque
1005 275 1047 306 ad
1070 286 1128 305 ex-

139 323 272 357 cidium
292 322 634 368 Hierosolymorum,
660 330 757 366 capta
777 323 864 356 urbe
880 323 1005 364 aTito,
1032 325 1129 357 inille

140 374 326 419 quingenti
344 375 518 418 sexaginta
537 380 700 418 quatuor.
753 372 857 406 Nunc
882 381 1024 408 econtra
1042 375 1128 409 iacet

140 425 265 469 politia
283 426 395 459 deleta
421 425 524 458 annis
541 423 638 458 1468
659 435 770 468 usque
792 426 835 457 ad
863 422 957 458 hunc
981 438 1127 468 annum,

139 488 209 520 quo
239 476 307 509 iam
329 486 555 508 numeramus
578 485 597 508 a
613 481 694 508 nato
712 473 854 509 Christo
877 474 984 512 1542,
1038 478 1125 511 Cum

139 527 247 570 igitur
270 534 338 560 tam
358 526 419 559 diu
445 526 553 559 iaceat
578 525 701 569 politia
730 525 891 567 Iudaica,
920 540 1057 560 necesse
1077 536 1127 561 est

139 578 345 611 vaticinium
383 575 484 609 [acob
518 576 702 620 impletum
738 589 828 619 esse,
869 591 908 611 ac
942 576 1124 613 Clu-istum

138 640 285 663 venisse.

238 684 291 720 Ac
307 684 524 719 voluitDeus
540 683 631 719 hanc
649 687 809 731 politiam
830 686 951 726 deleri,
979 695 1066 729 tum,
1087 695 1125 722 ut

138 744 226 772 esset
243 736 441 780 exemplum
465 737 538 770 irae
553 738 721 771 adversus
744 738 892 782 impios,
919 746 992 773 tum
1007 767 1015 780 ,
1042 740 1125 784 quia

138 801 210 823 non
229 787 398 832 potuisset
414 788 518 820 eximi
536 789 715 832 persuasio
736 787 944 823 hominibus
962 791 1004 823 de
1022 790 1124 824 iusti-

137 840 190 873 cia
212 838 316 882 legis,
351 839 380 871 si
403 839 563 873 durasset
591 851 629 872 ea
657 840 793 883 politia.
849 839 974 874 Voluit
1006 848 1122 875 autem

134 889 230 924 Deus
263 891 447 924 ostendere
479 891 568 924 ritus
600 891 699 931 illos,
734 903 807 924 non
834 903 907 924 esse
935 892 1122 925 iusticiam.

135 939 243 981 Item,
273 939 452 974 Iusticiam
481 942 564 984 legis
588 954 661 974 non
685 953 756 975 esse
774 943 967 984 iusticiam,
995 944 1037 976 de
1056 956 1123 988 qua

134 992 394 1025 concionantur
410 992 672 1035 promissiones.
699 992 785 1027 Item
801 993 914 1027 voluit
931 1005 1125 1039 exaequare

135 1041 268 1077 Gentes
289 1042 445 1084 Iudaeis,
471 1050 511 1076 ut
534 1044 810 1088 intelligeremus
828 1045 1016 1089 perspicue
1044 1057 1124 1088 gra-

134 1093 260 1128 tuitam
280 1093 618 1130 reconciliationem.

236 1161 348 1195 Porro
364 1160 505 1194 Danieli
523 1162 628 1195 etiam
646 1174 814 1196 numerus
829 1174 1006 1196 annorum
1024 1175 1123 1196 reve-

134 1213 227 1246 latus
251 1219 300 1246 est
325 1225 436 1257 usque
459 1213 502 1245 ad
528 1210 661 1247 Christi
686 1213 985 1257 praedicationem
1011 1221 1043 1248 et
1068 1226 1124 1247 re-

135 1264 401 1297 surrectionem.
446 1262 536 1296 Nam
553 1270 671 1307 postea
693 1271 770 1308 post
787 1265 989 1297 missionem
1008 1264 1124 1309 Spiri-

134 1321 190 1348 tus
206 1314 335 1354 sancti‚
362 1320 394 1347 et
411 1313 584 1346 incoatam
602 1313 788 1358 Evangelii
815 1317 1125 1358 praedicationem,

134 1365 287 1409 populus
305 1363 468 1397 Iudaicus
489 1364 619 1398 desinit
641 1376 714 1398 esse
740 1367 892 1409 populus
908 1366 983 1399 Dei.
1039 1365 1123 1399 Ideo

133 1428 208 1449 non
239 1415 399 1460 loquitur
426 1416 469 1448 de
492 1427 586 1448 anno
611 1416 758 1457 excidii,
791 1418 849 1450 sed
873 1418 916 1450 de
943 1417 1125 1461 prioribus

133 1479 244 1512 usque
260 1468 301 1499 ad
320 1463 450 1501 Christi
467 1467 759 1500 resurrectionem
776 1473 808 1501 et
825 1468 974 1503 circiter.

235 1525 406 1559 Nominat
447 1532 564 1559 autem
602 1527 823 1569 septuaginta
862 1525 1125 1568 hebdomadas,

134 1589 224 1623 quae
248 1577 382 1610 faciunt
413 1588 525 1609 annos
551 1577 829 1621 quadringentos
854 1587 887 1612 et
920 1579 1125 1622 nonaginta.

135 1629 227 1663 Sunt
258 1628 351 1660 enim
387 1627 638 1670 intelligendae
670 1640 846 1661 annorum
872 1627 1124 1671 hebdomades,

135 1692 218 1714 nam
245 1680 280 1712 in
301 1678 484 1722 scripturis
500 1685 636 1712 tantum
656 1686 737 1712 sunt
754 1680 808 1712 vel
827 1679 964 1713 dierum
983 1681 1037 1712 vel
1060 1692 1124 1712 an-

135 1743 263 1764 norum
290 1727 540 1764 hebdomades.
594 1729 827 1763 Manifestum
854 1738 903 1764 est
928 1737 1043 1764 autem
1067 1728 1125 1764 hic

135 1783 273 1815 dierum
299 1778 541 1814 hebdomadas
564 1781 745 1813 numerari
771 1793 842 1813 non
868 1793 979 1825 posse.
1034 1781 1123 1814 Nam

135 1832 355 1877 septuaginta
383 1829 622 1864 hebdomades
647 1831 785 1865 dierum
807 1844 880 1865 non
900 1832 1033 1866 faciunt
1056 1833 1124 1865 nisi

135 1895 289 1921 annum,
318 1882 341 1916 4
357 1892 494 1915 menses
517 1888 550 1915 et
572 1882 645 1914 dies
675 1882 730 1916 14.
784 1880 837 1916 Eo
862 1890 1019 1927 tempore
1044 1883 1125 1917 satis

136 1942 272 1969 constat
305 1946 367 1966 nec
398 1933 677 1966 aedificationem
714 1934 986 1979 Hierosolymae
1018 1934 1125 1968 fuisse

135 1986 352 2025 absolutam,
387 1996 452 2017 nec
480 1984 653 2028 populum
684 1985 890 2018 universum
921 1982 1037 2018 adhuc
1070 1997 1126 2018 re-

138 2038 293 2070 ductum.
346 2034 492 2068 Necesse
515 2042 564 2068 est
581 2035 690 2078 igitur
713 2037 895 2069 numerari
913 2033 970 2069 hic
987 2033 1125 2069 hebdo-

137 2087 256 2120 madas
273 2098 458 2127 annorum,
486 2093 524 2120 ut
540 2085 688 2119 Levitici
706 2085 766 2120 25.
784 2088 821 2119 fit
838 2088 969 2121 mentio
986 2084 1124 2121 hebdo-

136 2138 279 2170 madum
306 2149 492 2172 annorum.
553 2136 645 2171 Sunt
669 2138 776 2180 igitur
801 2138 850 2171 70
887 2136 1126 2172 hebdomades

139 2200 313 2222 annorum
332 2187 601 2231 intelligendae,
628 2189 792 2222 videlicet
809 2189 884 2222 490
902 2189 997 2223 anni.

371 2289 573 2326 Subducta)
597 2290 885 2333 hebdomadum.

241 2357 471 2392 Manifestum
498 2366 565 2399 est,
591 2358 767 2402 Angelum
788 2361 876 2394 velle
901 2367 1038 2403 tempus
1063 2372 1125 2404 pa-

138 2410 304 2447 tefacere,
332 2421 371 2443 ac
389 2409 576 2457 praefinire
599 2417 678 2453 post
701 2411 845 2445 exilium
863 2410 1123 2457 Babylonicum

139 2473 250 2506 usque
268 2461 310 2494 ad
329 2458 511 2494 Christum
533 2471 594 2493 seu
617 2469 818 2495 nascentem
841 2474 901 2496 seu
919 2462 1125 2507 praedican-

138 2520 226 2550 tem,
254 2518 291 2545 ut
311 2518 342 2544 et
368 2524 404 2544 ea
431 2517 523 2544 aetas
540 2511 583 2543 de
605 2511 758 2545 adventu
777 2512 928 2547 Messiae
956 2514 1126 2547 admone-

139 2570 256 2603 retur,
285 2569 318 2596 et
343 2575 407 2596 nos
432 2561 743 2602 confirmaremur,
769 2575 808 2596 ac
827 2572 921 2598 certo
947 2564 1127 2604 sciremus,

140 2614 253 2647 deleta
284 2614 445 2647 funditus
471 2611 613 2645 Iudaica
645 2613 790 2656 politia,
824 2614 893 2648 iam
921 2615 1127 2662 adparuisse

141 2664 318 2698 Messiam.

193 2717 368 2748 Mum-Tu.
400 2717 502 2748 Ormi.
533 2715 730 2748 V01..XIII.

648 84 698 120 IN
723 83 985 120 DANIELEM
1013 83 1330 120 PROPHETAM
1357 86 1777 129 COMMENTARIUS.

2098 100 2171 135 882

1284 168 1337 204 Ac
1353 170 1491 207 Iudaeis
1507 175 1649 219 quidem
1668 184 1746 220 post
1761 176 1947 213 Danielem
1965 182 2077 217 facilis
2101 185 2168 219 fuit

1180 222 1380 255 observatio
1406 236 1602 266 annorum,
1637 229 1841 271 praesertim
1868 243 1944 264 cum
1976 233 2013 265 in
2037 246 2076 268 eo
2103 248 2166 279 po-

1181 272 1265 316 pulo
1288 275 1485 308 sacerdotes
1504 283 1660 320 tempora
1679 280 1869 323 diligenter
1886 290 2107 325 annotarent,
2132 294 2165 320 et

1179 323 1284 356 multi
1308 331 1422 358 essent
1448 326 1620 369 longaevi.
1674 328 1863 365 Nehernias
1892 334 1954 378 qui
1978 333 2165 370 Danielem

1179 385 1297 406 senem
1318 374 1455 409 viderat
1479 377 1699 419 adolescens,
1724 380 1965 417 Alexandrum
1988 397 2093 420 senex
2112 388 2166 420 vi-

1179 425 1244 458 dit.
1297 424 1422 459 Postea
1443 425 1614 460 Antiochi
1630 436 1785 474 tempore
1805 435 1907 468 multi
1931 447 2029 470 senes
2053 438 2165 472 inter-

1179 475 1260 509 fecti
1275 483 1369 511 sunt.
1411 477 1574 512 Servavit
1596 486 1712 513 tamen
1730 480 1825 516 Deus
1843 487 2079 528 posteritatem
2100 490 2166 522 ali-

1179 538 1304 571 quam,
1331 527 1477 561 Simeon
1498 530 1559 574 qui
1579 527 1756 564 Christum
1775 533 1946 569 infantem
1963 540 2109 580 gestavit
2127 541 2165 573 in

1179 579 1277 618 sinu,
1305 579 1394 612 vidit
1419 580 1623 614 adolescens
1640 594 1755 620 senes,
1784 585 1844 628 qui
1864 585 2095 623 Macabaeum
2110 592 2165 623 vi-

1179 630 1315 664 derant.
1370 630 1475 663 Tales
1503 631 1568 663 viri
1601 639 1758 676 tempore
1787 648 1857 680 qno
1881 635 2041 672 Christus
2063 648 2166 675 natus

1152 686 1153 709 1
1179 686 1228 712 est
1247 680 1496 715 intellexerunt
1515 694 1627 716 annos
1643 681 1699 717 hic
1720 686 1921 728 praefinitos
1945 698 2062 724 exacte
2079 704 2166 736 qua-

1178 732 1282 764 drare
1301 732 1342 763 ad
1360 729 1494 766 Christi
1513 734 1716 770 adventum.

1280 789 1380 825 Esset
1401 800 1517 825 autem
1543 801 1575 828 et
1600 795 1704 827 nobis
1723 795 1861 829 facilior
1875 802 2165 843 accommodatio,

1182 841 1208 873 si
1230 843 1313 874 anni
1339 843 1581 885 regniPersici
1601 846 1729 879 certius
1747 849 1905 882 annotati
1925 858 2047 885 essent.
2076 852 2166 886 Nam

1178 899 1272 925 retro
1299 906 1316 925 a
1342 891 1476 927 Christi
1507 896 1692 929 nativitate
1713 909 1824 942 usque
1854 901 1898 932 ad
1923 900 2166 937 Alexandrum

1178 944 1284 976 series
1306 956 1481 978 annorum
1511 947 1682 980 mediocri
1708 948 1891 991 diligentia
1921 952 2167 989 animadversa

1178 1001 1212 1027 et
1230 995 1441 1039 praescripta
1459 1004 1520 1032 est.
1573 997 1677 1032 Extat
1693 999 1787 1031 enim
1804 1000 1841 1032 in
1858 1000 2059 1037 Ptolemaeo
2078 1012 2166 1038 tem-

1178 1057 1243 1089 pus
1265 1053 1494 1085 annotatum,
1531 1059 1550 1081 a
1574 1056 1687 1082 morte
1710 1051 1905 1085 Alexandri
1933 1054 1978 1086 ad
2011 1056 2166 1099 primum

1178 1108 1310 1128 anuum
1330 1097 1592 1140 regniAugusti
1610 1099 1848 1143 postAntonii
1865 1111 2026 1140 mortem.
2067 1106 2167 1140 Anni

1178 1148 1341 1181 videlicet
1364 1147 1450 1182 294.
1505 1149 1621 1183 Locus
1639 1157 1690 1184 est
1707 1152 1743 1183 in
1760 1152 1829 1185 fine
1848 1153 1932 1187 libri
1953 1156 2063 1189 tertii:

1176 1219 1240 1251 ἀπὸ
1265 1222 1299 1252 δὲ
1322 1223 1375 1259 τῆς
1397 1219 1590 1262 ἀλεξάνδρου
1614 1226 1770 1262 τελευτῆς,
1793 1229 1889 1268 μεχρὶ
1913 1229 1966 1265 τῆς
1988 1227 2169 1269 αι”γούστου

1345 1275 1512 1311 βασιλείας
1535 1272 1585 1311 ἔτι]
1609 1275 1681 1305 294.

1279 1348 1373 1392 Ergo
1391 1350 1419 1382 si
1439 1351 1656 1395 principium
1673 1351 1825 1397 Augusti
1849 1363 1927 1398 post
1946 1357 2168 1394 interfectum

1175 1398 1358 1432 Caesarem
1378 1398 1510 1434 hahere
1527 1402 1632 1443 voles,
1656 1403 1868 1439 detrahendi
1885 1415 1990 1442 erunt
2006 1411 2089 1443 anni
2110 1413 2168 1447 12.

1175 1449 1361 1496 Eruntque
1384 1464 1402 1484 a
1427 1459 1540 1486 morte
1556 1452 1750 1487 Alexandri
1768 1457 1810 1488 ad
1831 1457 2054 1493 intersectum
2078 1461 2167 1495 Cae—

1175 1513 1286 1535 sarem
1316 1502 1402 1536 282.
1462 1502 1527 1536 His
1544 1505 1634 1537 adde
1659 1518 1772 1540 annos
1791 1509 1837 1541 42
1853 1509 2016 1552 Augusti,
2046 1521 2168 1547 erunt-

1176 1565 1244 1596 que
1260 1554 1301 1586 ad
1320 1561 1441 1586 natum
1460 1552 1642 1589 Christum
1660 1568 1677 1588 a
1694 1566 1806 1592 morte
1828 1559 2043 1603 Alexandri,
2072 1564 2168 1597 iuxta

1176 1602 1266 1636 hanc
1278 1605 1591 1647 computationem,
1616 1608 1799 1646 anni324,
1820 1611 2034 1648 velcirciter.
2063 1615 2167 1648 Adde

1175 1666 1289 1687 annos
1312 1655 1362 1689 30
1389 1653 1523 1689 Christi
1546 1668 1656 1701 usque
1680 1661 1721 1691 ad
1752 1661 1964 1704 baptismum
1989 1664 2080 1705 eius;
2119 1666 2167 1699 ita

1176 1713 1281 1739 erunt
1303 1706 1387 1738 anni
1411 1705 1497 1741 354.
1542 1706 1647 1740 Adde
1667 1721 1683 1741 a
1712 1718 1824 1743 morte
1851 1710 2047 1747 Alexandri
2074 1724 2167 1750 retro

1175 1757 1339 1790 collectos
1370 1768 1483 1790 annos
1516 1770 1627 1802 usque
1660 1761 1704 1792 ad
1734 1763 1927 1796 secundum
1954 1764 2169 1808 Longimani

1175 1809 1270 1840 iuxta
1313 1819 1472 1850 graecam
1517 1812 1803 1853 supputationem
1840 1826 1952 1847 annos
1987 1817 2075 1858 1363
2120 1819 2168 1852 ita

1176 1865 1280 1891 erunt
1297 1859 1381 1891 anni
1400 1871 1416 1891 a
1435 1861 1589 1893 secundo
1608 1861 1820 1905 Longimani
1837 1868 2007 1909 usquead
2033 1868 2168 1913 baptis-

1176 1922 1272 1941 mum
1307 1907 1440 1943 Christi
1467 1909 1552 1943 490.
1608 1911 1679 1946 Tot
1713 1914 1798 1946 anni
1832 1924 1912 1950 suut
1948 1921 2167 1963 septuaginta

1176 1957 1452 1994 hebdomadum.

1277 2018 1351 2053 Cur
1375 2026 1492 2054 autem
1517 2022 1701 2055 ordiamur
1724 2020 1813 2057 hanc
1830 2028 2130 2070 computationem
2148 2044 2167 2065 a

1176 2072 1329 2104 secundo
1349 2071 1560 2114 Longimani
1584 2085 1676 2106 anno
1698 2081 1814 2117 postea
1833 2076 1997 2113 dicemus.
2052 2081 2120 2115 Sed
2139 2084 2167 2115 si

1176 2122 1230 2155 cui
1250 2134 1323 2155 non
1349 2122 1461 2166 placet
1482 2123 1595 2156 ordiri
1619 2137 1638 2157 a
1662 2124 1903 2168 Longimano,
1932 2131 1991 2162 sed
2011 2131 2128 2174 potius
2146 2146 2165 2167 a

1174 2172 1260 2219 Cyri
1284 2171 1490 2207 monarchia
1513 2182 1589 2218 post
1611 2182 1746 2219 captam
1769 2176 2008 2223 Babylonem,
2037 2194 2166 2217 conve-

1176 2225 1276 2257 nient
1295 2222 1534 2258 hebdomades
1549 2223 1709 2259 Danielis
1728 2229 1771 2260 ad
1800 2236 1936 2273 tempus
1960 2243 2029 2276 quo
2050 2235 2164 2268 nasci-

1175 2283 1234 2310 tur
1248 2273 1429 2316 Christus,
1457 2288 1530 2308 non
1549 2289 1618 2321 quo
1636 2278 1842 2321 baptizatur.

1278 2357 1330 2393 Ac
1347 2366 1385 2393 ut
1408 2359 1581 2402 intelligat
1609 2360 1717 2393 lector
1736 2358 1825 2394 hanc
1851 2365 2164 2411 computationem,

1175 2423 1279 2456 quam
1298 2411 1369 2444 dixi
1395 2411 1612 2454 probabilem
1637 2422 1727 2451 esse,
1756 2413 1938 2447 annotatio
1965 2422 2164 2462 temporum

1176 2462 1243 2495 alia
1263 2463 1474 2495 conseratur.
1527 2459 1669 2494 Certum
1694 2469 1744 2495 est
1763 2462 2008 2500 Alexandrum
2033 2470 2164 2514 cepisse

1176 2525 1321 2556 regnare
1364 2510 1579 2557 Olympiade
1621 2512 1807 2546 centesima
1848 2517 2047 2553 undecima.
2110 2522 2163 2557 Ita

1178 2575 1305 2606 magno
1335 2573 1508 2596 consensu
1542 2563 1712 2602 traditur,
1748 2572 1781 2598 et
1807 2575 2083 2604 consentaneum
2111 2582 2162 2608 est

1177 2622 1323 2659 propter
1340 2613 1620 2656 magnitudinem
1638 2626 1755 2648 rerum
1772 2624 1946 2659 gestarum
1957 2618 2163 2663 Alexandri,

1178 2672 1315 2710 tempus
1332 2664 1520 2707 diligenter
1535 2671 1743 2699 annotatum
1762 2679 1843 2702 esse.

1645 2715 1694 2750 56
