2379 2948
151 98 245 133 1421

146 195 183 217 se
206 194 392 227 agnoscere
408 183 543 227 Deum,
571 193 604 220 et
629 187 757 229 gratias
783 199 883 231 agere
906 200 971 232 pro
992 189 1142 232 acceptis

147 235 327 269 beneficiis
341 263 349 277 ‚
377 243 410 270 et
431 243 471 270 ut
489 237 642 270 Vlcissim
658 238 688 271 ei
707 246 883 282 praestent
899 240 1139 274 obedientiam

146 286 314 322 debitam.
369 286 492 332 Itaque
508 286 752 322 Eucharistica
778 290 944 323 sacrificia
964 302 1140 333 vocamus,

145 338 349 371 universam
386 339 627 373 obedientiam
660 347 693 374 et
723 341 817 374 bona
849 354 955 385 opera
987 343 1140 386 piorum,

145 389 208 433 qui
238 389 309 421 iam
334 396 416 423 sunt
441 389 542 430 iusti,
576 390 611 423 id
637 399 705 430 est,
741 393 873 436 accepti
896 391 971 426 Deo
996 400 1141 437 propter

143 437 345 480 Christum,
376 440 542 474 videlicet
568 441 693 482 fidem,
728 443 1011 487 invocationem,
1056 456 1140 477 con-

142 490 350 530 fessionem,
384 492 576 534 gratiarum
600 493 794 535 actionem,
821 495 864 528 de
885 495 1014 540 quibus
1036 496 1140 529 audi-

142 552 222 575 mus
239 541 444 575 concionari
463 541 655 578 psalmum.

248 608 368 653 Quare
401 611 568 645 universa
604 612 676 646 vita
701 609 905 646 Christiana
936 621 986 647 est
1017 627 1140 660 perpe-

142 669 243 696 tuum
268 661 477 695 sacrificium
502 661 782 709 εὐχαρισῑικὸν,
809 665 846 696 in
872 677 940 709 qua
966 666 1082 699 lucere
1106 673 1139 699 et

142 712 299 756 conspici
331 713 436 746 debet
463 714 596 756 agnitio
630 714 714 756 Dei,
758 722 791 749 et
827 716 1030 749 obedientia
1059 729 1138 760 erga

140 765 277 802 Deum,
314 770 347 797 et
373 772 540 808 perpetua
570 766 757 800 celebratio
783 767 1035 800 beneficiorum
1059 768 1138 804 Dei,

140 814 241 849 Sicut
259 812 317 848 hie
332 814 494 848 Psalmus
513 817 718 860 profitetur,
745 829 782 850 se
801 818 1026 852 redditurum
1046 827 1137 858 vota,

139 867 176 900 id
201 873 269 906 est,
297 872 457 899 acturum
482 868 630 910 gratias,
658 869 916 902 celebraturum
940 867 1005 903 Dei
1029 871 1137 903 bene-

138 918 234 956 ficia,
264 924 302 951 ut
325 917 522 952 innotescat
540 920 679 952 bonitas
695 920 783 960 Dei,
809 927 842 954 et
861 920 920 952 alii
941 921 1137 955 invitentur

137 970 181 1003 ad
203 970 465 1012 agnoscendum
489 967 584 1004 hunc
603 969 739 1014 Deum,
767 977 800 1004 et
824 973 1053 1016 praestandos
1077 985 1135 1006 ve·

137 1032 196 1054 ros
214 1020 346 1061 cultus,
374 1027 437 1054 etc.

241 1087 393 1132 Semper
416 1094 531 1121 autem
555 1089 751 1123 tenendum
775 1096 826 1123 est
850 1090 894 1122 de
917 1087 984 1123 hoc
1009 1102 1136 1133 genere

137 1139 318 1179 sacrificii,
347 1140 443 1184 quod
467 1151 573 1183 supra
597 1140 730 1174 dictum
755 1147 823 1179 est,
856 1141 1134 1175 considerandae

135 1197 220 1225 sunt
242 1201 384 1231 causae,
412 1191 594 1232 videlicet,
619 1199 659 1225 ut
681 1192 751 1225 sint
773 1204 879 1235 opera
903 1204 921 1225 a
938 1191 1014 1226 Deo
1033 1205 1134 1226 man-

134 1243 236 1281 data,
266 1248 299 1275 et
321 1240 410 1275 fiant
432 1242 526 1275 iusto
550 1253 611 1276 seu
637 1243 757 1277 debito
780 1242 872 1284 fine,
900 1255 944 1276 ne
968 1251 1133 1288 putemus

135 1306 175 1327 ea
197 1293 326 1326 mereri
350 1293 595 1326 remissionem
616 1295 747 1338 peccati
767 1306 827 1327 seu
844 1295 986 1338 culpae,
1014 1296 1073 1328 sed
1093 1303 1133 1329 ut

132 1343 210 1379 Deo
240 1351 436 1388 praestetur
463 1345 666 1378 obedientia
698 1346 837 1385 debita,
871 1352 903 1378 et
934 1347 1029 1390 quod
1059 1358 1132 1379 non

132 1396 311 1441 placeant,
338 1395 407 1427 nisi
425 1395 462 1428 in
480 1395 540 1435 iis,
568 1395 628 1440 qui
645 1397 795 1429 credunt
810 1407 845 1428 se
862 1403 1007 1440 propter
1025 1394 1130 1430 Chri-

132 1454 225 1481 stum
250 1446 360 1490 recipi
385 1445 423 1479 in
447 1446 614 1489 gratiam,
642 1453 675 1480 et
699 1447 866 1491 consequi
885 1447 1129 1480 remissionem

130 1504 368 1543 peccatorum.
420 1495 505 1530 Ideo
522 1497 560 1529 in
575 1509 700 1541 genere
717 1500 760 1531 de
769 1496 992 1531 Ceremoniis
1008 1505 1130 1532 tenea·

130 1556 190 1584 tur
215 1548 354 1591 regula,
383 1549 479 1593 quod
503 1560 609 1592 opera
627 1549 860 1582 traditionum
878 1546 1130 1591 humanarum,

131 1612 193 1635 seu
215 1600 332 1633 cultus
357 1599 418 1644 qui
440 1600 529 1633 fiunt
553 1599 629 1632 sine
654 1601 822 1633 mandato
842 1599 927 1639 Dei,
962 1612 1036 1633 non
1059 1601 1130 1634 sint

130 1651 299 1686 sacrificia
329 1656 391 1684 aut
420 1663 527 1695 opera
558 1651 734 1695 placentia
764 1651 859 1692 Deo,
893 1652 989 1685 iuxta
1022 1651 1128 1685 illud:

129 1702 278 1738 Frustra
303 1702 425 1736 colunt
451 1714 506 1734 me
531 1702 707 1736 mandatis
733 1699 934 1736 hominum.
990 1701 1128 1736 Deinde

129 1761 164 1789 et
189 1752 258 1788 hoc
283 1753 467 1787 sciendum
494 1759 563 1792 est,
588 1754 682 1799 quod
711 1765 754 1786 ne
779 1753 840 1787 illa
858 1754 1003 1799 quidem
1022 1766 1127 1799 opera

128 1818 220 1852 quae
244 1802 377 1838 habent
401 1802 714 1845 mandatumeei‚
742 1805 832 1838 facta
857 1818 875 1838 a
899 1806 1024 1846 nobis,
1057 1806 1128 1839 sint

127 1856 304 1891 eiusmodi
326 1856 514 1897 sacrificia,
546 1867 635 1901 quae
657 1862 861 1890 mereantur
882 1857 1126 1891 remissionem

127 1915 364 1954 peccatorum.

229 1976 282 2011 Ex
307 1973 363 2009 his
385 1976 489 2009 facile
512 1983 563 2009 est
587 1975 762 2016 iudicare,
789 1976 874 2021 quid
900 1977 1125 2011 sentiendum

127 2030 172 2064 sit
195 2030 238 2062 de
254 2027 424 2061 Leviticis
449 2027 660 2060 ceremoniis
672 2053 682 2070 ,
711 2039 800 2072 quae
818 2026 884 2061 etsi
902 2035 1004 2062 erant
1020 2041 1125 2072 opera

126 2081 292 2114 mandata
318 2077 429 2112 aDeo
454 2079 665 2123 praestanda
692 2078 744 2111 illi
770 2079 919 2122 populo,
949 2087 983 2113 et
1007 2079 1043 2112 in
1070 2077 1125 2113 his

125 2132 298 2179 quaedam
325 2131 519 2163 vocabatur
535 2129 816 2174 Propiciatoria,
846 2136 885 2163 ut
909 2128 1124 2173 holocausta,

125 2184 210 2218 item
241 2182 450 2216 sacrificium
479 2193 542 2225 pro
570 2187 729 2225 peccato,
756 2187 819 2215 etc.
884 2180 1022 2215 Tamen
1049 2195 1122 2216 non

124 2235 356 2269 merebantur
380 2233 625 2267 remissionem
651 2244 770 2266 coram
786 2231 874 2267 Deo.
931 2232 1016 2267 Ideo
1033 2233 1122 2267 Pro-

123 2285 251 2332 phetae
271 2285 398 2319 acriter
419 2281 728 2329 reprehendebant
746 2296 901 2317 errorem
917 2282 1121 2331 hypocrita—

122 2350 221 2379 rum,
247 2337 311 2382 qui
333 2336 521 2370 assuebant
540 2335 748 2380 opinionem
765 2335 882 2369 meriti
901 2336 1121 2370 remissionis

121 2395 366 2435 peccatorum,
396 2393 430 2421 et
452 2387 694 2420 admonebant
716 2387 794 2431 pios
820 2388 863 2420 de
880 2400 964 2420 vero
981 2399 1047 2421 usu
1064 2400 1120 2421 ce-

122 2440 384 2479 remoniarum,
415 2438 589 2471 docebant
620 2435 685 2471 hos
717 2438 807 2472 ritus
837 2450 910 2472 esse
938 2439 1119 2472 institutos

121 2501 291 2538 tanquam
324 2497 444 2535 typos,
483 2489 544 2534 qui
574 2489 809 2524 admonerent
840 2490 1117 2534 promissionum

121 2546 165 2578 de
183 2541 350 2582 Christo,
378 2541 439 2586 qui
464 2548 538 2574 erat
561 2540 703 2574 futurus
726 2541 868 2575 victima
887 2554 951 2586 pro
969 2542 1118 2586 peccatis

121 2595 259 2640 generis
283 2591 451 2633 humani,
475 2592 565 2625 sicut
580 2590 704 2625 Esaias
729 2594 895 2635 exponit,
921 2593 1002 2626 illos
1028 2593 1116 2627 ritus

120 2648 228 2680 fuisse
251 2645 395 2679 umbras
416 2650 450 2677 et
473 2643 572 2686 signa
599 2643 673 2676 veri
693 2643 874 2686 sacrificii,
898 2657 977 2678 cum
997 2645 1116 2690 inquit

120 2699 164 2732 de
180 2695 340 2733 Christo:
370 2695 448 2742 Ipse
464 2701 572 2740 ponet
589 2694 744 2728 animam
762 2707 860 2729 suam
878 2693 1030 2730 hostiam
1049 2708 1113 2741 pro

747 99 810 137 IX.
859 98 1228 138 COMMENTARII
1259 101 1309 136 IN
1337 102 1580 140 PSALMOS.

2091 110 2187 146 1422

1193 196 1354 233 peccato,
1383 190 1483 235 quasi
1505 191 1618 236 dicat,
1654 189 1739 226 haec
1764 194 1907 227 demum
1936 196 2002 230 erit
2025 208 2104 229 vera
2133 198 2187 230 vi—

1194 240 1315 278 ctima,
1351 253 1473 274 verum
1500 243 1708 277 sacrificium
1732 256 1796 288 pro
1820 252 1978 288 peccato,
2007 248 2106 280 cuius
2130 260 2185 282 sa—

1193 291 1315 324 crificii
1332 292 1406 337 typi
1425 300 1458 327 et
1473 294 1620 327 umbrae
1638 302 1718 329 sunt
1739 294 1917 330 Leviticae
1936 295 2083 334 hostiae.

1294 359 1346 392 Ita
1363 360 1485 401 sancti,
1513 361 1581 395 fide
1597 369 1756 397 tenentes
1770 364 2023 407 promissiones
2039 367 2082 399 de
2092 365 2186 400 Filio

1192 408 1277 451 Dei,
1313 410 1559 454 intelligebant
1590 411 1681 447 hanc
1706 427 1814 448 unam
1840 427 1913 449 esse
1939 429 2058 450 veram
2082 417 2186 451 victi-

1192 473 1286 494 mam
1312 463 1529 506 propositam
1553 476 1571 497 a
1594 463 1693 508 Deo,
1720 473 1759 499 ut
1780 467 1992 502 satisfaceret
2016 481 2080 513 pro
2106 480 2186 512 pec-

1192 512 1298 554 catis,
1334 519 1366 546 et
1393 513 1532 548 tolleret
1557 515 1645 548 iram
1669 516 1755 556 Dei,
1784 525 1822 552 ut
1848 516 2023 552 Iohannes
2050 519 2185 564 inquit:

1191 561 1282 596 Ecce
1299 564 1423 607 Agnus
1437 564 1520 606 Dei,
1548 567 1610 611 qui
1633 568 1725 602 tollit
1744 575 1881 613 peccata
1897 571 2034 606 mundi.
2087 570 2132 604 Et
2148 571 2186 603 in

1193 614 1263 647 illis
1277 614 1446 648 Leviticis
1463 618 1670 660 spectaculis
1687 620 1754 653 fide
1773 620 2007 655 intuebantur
2024 622 2060 654 in
2078 619 2186 655 Chri-

1165 662 1167 669 *
1192 672 1304 707 stum,
1332 673 1366 700 et
1389 669 1590 702 statuebant
1613 681 1648 702 se
1672 678 1816 715 propter
1836 672 1953 716 ipsum
1973 684 1990 705 a
2008 671 2083 706 Deo
2101 685 2186 705 con—

1192 717 1291 762 sequi
1322 718 1565 752 remissionem
1590 728 1824 763 peccatorum.
1883 722 2008 757 Postea
2036 724 2186 757 uteban-

1191 775 1250 801 tur
1281 768 1352 801 illis
1375 769 1504 803 ritibus
1530 777 1697 815 tanquam
1724 773 1834 816 signis
1859 785 1920 807 seu
1944 775 2186 813 sacramentis,

1191 819 1320 863 quihus
1352 821 1525 855 admoniti
1558 822 1835 865 promissionum
1858 825 1902 858 de
1927 823 2090 866 Christo,
2127 838 2186 859 ex-

1191 871 1345 904 citabant
1378 871 1502 912 fidem,
1537 874 1717 907 credentes
1746 887 1828 908 vere
1862 877 1905 908 ad
1938 887 1974 909 se
2007 877 2186 920 pertinere

1190 922 1442 964 promissiones
1460 924 1669 967 propositaS‚
1697 932 1729 959 et
1746 938 1781 959 se
1798 938 1879 959 vere
1896 927 2065 972 consequi
2078 928 2186 961 bene-

1188 972 1265 1006 ficia
1282 974 1452 1017 promissa
1472 982 1616 1019 propter
1631 983 1820 1010 venturum
1840 977 2081 1013 liberatorem.

1291 1039 1360 1074 Hic
1385 1048 1458 1075 erat
1484 1042 1562 1085 pius
1588 1050 1620 1076 et
1639 1044 1850 1089 praecipuus
1871 1057 1955 1079 usus
1971 1046 2116 1080 illorum
2136 1048 2186 1080 ri-

1188 1096 1289 1124 tuum
1322 1092 1360 1124 in
1391 1093 1571 1126 sacrificiis
1598 1093 1786 1136 Leviticis,
1823 1109 1977 1141 quorum
2012 1099 2184 1142 quaedam

1189 1144 1409 1177 vocabantur
1430 1143 1706 1188 Propiciatoria,
1743 1154 1887 1191 propter
1911 1148 2184 1182 similitudinem

1187 1200 1221 1227 et
1236 1194 1529 1237 significationem
1541 1223 1549 1236 ‚
1577 1198 1659 1241 quia
1677 1204 1777 1231 erant
1794 1199 1986 1242 proposita,
2014 1207 2053 1234 ut
2070 1208 2186 1234 essent

1186 1245 1357 1288 imagines
1388 1252 1421 1279 et
1454 1247 1633 1290 picturae,
1667 1261 1756 1293 quae
1781 1250 2017 1285 admonerent
2041 1252 2118 1296 pios
2141 1253 2185 1285 de

1186 1297 1486 1339 promissionibus
1515 1296 1724 1343 Evangelii,
1760 1307 1792 1334 et
1821 1301 1866 1333 de
1897 1314 1981 1335 vero
2013 1302 2183 1337 sacrificio

1185 1344 1331 1381 Christi.
1386 1347 1437 1382 lta
1461 1356 1493 1383 et
1511 1348 1633 1383 Patres
1653 1348 1857 1385 habuerunt
1874 1353 2060 1398 utriusque
2076 1365 2184 1396 gene-

1184 1398 1232 1430 ris
1249 1399 1417 1432 sacrificia
1430 1426 1438 1440 ‚
1467 1400 1549 1444 quia
1566 1401 1634 1433 fide
1651 1409 1683 1435 et
1701 1402 1769 1445 ipsi
1786 1404 1954 1439 tenebant
1970 1404 2060 1438 illud
2079 1403 2184 1439 Chri-

1184 1449 1227 1482 sti
1251 1450 1481 1490 sacrificium,
1511 1458 1628 1494 postea
1655 1453 1758 1485 etiam
1779 1455 1958 1489 addebant
1975 1454 2184 1502 εὐχαριστι-

1183 1496 1250 1540 zoi,
1279 1498 1346 1533 hoc
1371 1507 1440 1541 est,
1468 1501 1560 1535 bona
1587 1515 1693 1546 opera
1713 1505 1830 1537 omnis
1843 1506 2000 1548 generis,
2026 1514 2065 1541 ut
2082 1519 2183 1551 prae-

1183 1557 1316 1585 starent
1338 1552 1580 1586 obedientiam
1605 1560 1638 1587 et
1662 1567 1765 1588 veros
1791 1557 1926 1596 cultus,
1962 1558 2057 1592 iuxta
2081 1571 2183 1592 man-

1183 1602 1303 1636 datum
1322 1601 1399 1636 Dei.

1285 1661 1442 1703 Deinde,
1476 1670 1513 1697 ut
1545 1664 1587 1697 de
1612 1677 1676 1699 usu
1700 1674 2000 1701 sacramentorum
2025 1670 2183 1710 docetur,

1185 1714 1279 1758 quod
1301 1713 1507 1758 principalis
1526 1716 1604 1749 finis
1621 1717 1685 1757 sit,
1712 1725 1750 1751 ut
1768 1718 1838 1751 illis
1853 1726 1997 1752 utamur
2012 1727 2181 1765 tanquam

1183 1765 1415 1803 testimoniis,
1444 1766 1574 1811 quibus
1591 1767 1687 1800 Deus
1705 1780 1769 1802 nos
1787 1771 1954 1804 admonet
1972 1772 2180 1815 promissio-

1182 1815 1238 1848 nis
1255 1814 1460 1859 Evangelii,
1486 1824 1520 1851 et
1537 1825 1682 1852 testatur
1698 1821 1792 1864 quod
1810 1821 1955 1866 recipiat
1972 1834 2036 1856 nos
2048 1850 2057 1864 ‚
2083 1825 2179 1868 quod

1181 1867 1361 1910 impertiat
1386 1869 1490 1902 nobis
1513 1870 1682 1903 beneficia
1709 1869 1855 1908 Christi.
1908 1870 1955 1907 Et
1979 1880 2096 1907 tamen
2123 1875 2180 1907 in-

1180 1919 1284 1952 terim
1309 1920 1480 1954 accedunt
1505 1921 1608 1953 etiam
1627 1921 1687 1954 alii
1706 1922 1812 1962 fines,
1840 1924 1929 1958 sicut
1948 1925 1986 1957 in
2003 1937 2068 1958 usu
2087 1924 2179 1959 Coe-

1180 1981 1247 2002 nae
1270 1968 1439 2009 Domini,
1467 1971 1531 2004 etsi
1555 1973 1765 2017 praecipuus
1791 1975 1871 2008 finis
1893 1987 1966 2009 esse
1990 1977 2113 2018 debet,
2140 1985 2179 2010 ut

1180 2021 1332 2054 sciamus
1363 2033 1428 2055 nos
1455 2034 1536 2055 vere
1559 2024 1717 2067 accipere
1745 2026 1991 2060 remissionem
2018 2035 2179 2072 peccato-

1180 2084 1280 2113 rum,
1313 2072 1462 2116 adiungi
1491 2071 1636 2108 Christo
1668 2082 1838 2122 tanquam
1871 2079 2041 2114 membra.
2106 2078 2177 2111 Ta-

1178 2135 1260 2156 men
1284 2124 1389 2157 simul
1415 2125 1550 2159 accedit
1573 2133 1605 2159 et
1630 2123 1687 2159 hic
1706 2139 1789 2160 usus
1804 2155 1812 2168 ‚
1840 2135 1978 2162 utentes
1998 2127 2062 2162 hac
2079 2142 2175 2163 cere-

1179 2175 1315 2216 monia,
1343 2178 1573 2210 recordamur
1587 2178 1711 2211 mortis
1726 2177 1893 2220 Domini,
1921 2177 1988 2213 hoc
2006 2188 2074 2222 est,
2099 2182 2173 2224 agi-

1177 2238 1254 2259 mus
1278 2227 1425 2269 gratias,
1453 2228 1673 2261 celebramus
1696 2236 1728 2262 et
1747 2231 1992 2273 praedicamus
2010 2229 2094 2266 haec
2111 2234 2173 2266 be-

1176 2277 1318 2318 neficia,
1346 2286 1408 2312 etc.
1461 2278 1511 2312 Ita
1528 2278 1694 2313 Patribus
1719 2281 1824 2314 etiam
1843 2282 1896 2315 illi
1916 2283 2004 2316 ritus
2021 2282 2172 2317 Levitici

1175 2329 1307 2362 fiebant
1331 2330 1497 2363 sacrificia
1515 2328 1773 2376 εὐχαριστικα,
1803 2333 1934 2378 quibus
1951 2335 2172 2368 testabantur

1174 2391 1209 2413 se
1227 2392 1414 2424 agnoscere
1429 2380 1566 2423 Deum,
1592 2384 1744 2426 agebant
1762 2385 1910 2427 gratias,
1939 2392 1971 2419 et
1989 2387 2172 2430 praedica-

1173 2431 1258 2465 bant
1275 2432 1349 2465 eius
1366 2433 1544 2466 beneficia.

1276 2490 1345 2525 Sed
1369 2499 1408 2525 ut
1432 2492 1470 2524 in
1493 2493 1626 2536 populo
1645 2492 1753 2528 Israe'l
1775 2496 1818 2528 de
1834 2496 2012 2530 sacrificiis
2031 2508 2170 2542 semper

1171 2543 1329 2587 obrepsit
1352 2555 1470 2584 error,
1498 2544 1558 2588 qui
1584 2544 1734 2588 fingebat
1759 2543 1844 2580 haec
1869 2560 1974 2591 opera
1997 2560 2069 2582 esse
2092 2551 2168 2583 cul—

1170 2600 1246 2635 tus,
1281 2594 1341 2639 qui
1367 2595 1548 2638 placarent
1570 2595 1659 2629 iram
1686 2597 1775 2639 Dei,
1811 2605 1842 2632 et
1866 2607 2088 2634 mererentur
2112 2613 2167 2634 re-

1170 2646 1376 2680 missionem
1398 2653 1636 2690 peccatorum:
1664 2648 1712 2682 ita
1734 2649 1772 2681 in
1791 2647 1950 2684 Ecclesia
1975 2649 2167 2686 haeserunt

1169 2697 1274 2731 multi
1305 2703 1338 2731 et
1362 2698 1555 2743 perniciosi
1580 2711 1738 2741 errores,
1774 2701 1817 2735 de
1841 2699 1908 2736 hoc
1929 2714 2055 2747 genere
2078 2716 2165 2748 ope·-
