2379 2948
149 114 224 149 539

151 198 261 242 recipi
296 203 329 230 et
364 194 523 229 exaudiri
558 191 764 229 statuimus,
809 196 843 224 et
879 201 958 223 eum
993 188 1139 221 invoca-

152 263 186 283 m
216 261 243 283 s.

190 263 212 284 u
255 300 342 343 Spes
376 304 424 329 est
456 293 649 338 expectatio
681 292 774 326 vitae
810 298 971 325 aeternae
997 297 1142 335 propter

154 402 262 437 tionis
286 397 526 432 calamitatum
550 396 588 428 in
613 394 678 428 hac
702 395 792 435 vita,
827 395 923 428 iuxta
954 392 1143 426 consilium

153 453 232 488 Dei.
256 449 437 484 Differunt
452 446 538 482 fides
557 453 589 480 et
606 458 700 491 spes,
724 446 805 491 quia
823 446 906 478 fides
925 453 959 479 et
975 443 1145 477 noticiam

155 502 348 547 significat,
381 507 414 533 et
441 500 570 532 deinde
595 497 760 532 fiduciam
787 498 824 529 in
847 497 1031 530 voluntate
1055 493 1146 527 acci-

155 555 275 598 piente
299 563 462 597 praesens
485 550 694 584 benef-cium
717 549 866 586 scilicet,
902 546 1146 580 remissionem

155 611 388 649 peccatorum.
443 601 529 646 Spes
552 607 671 634 autem
698 606 748 632 est
777 599 969 643 expectatio
1006 598 1147 630 futurae

156 654 389 689 liberationis,

258 713 411 748 Dilectio
431 718 481 745 est
498 711 643 744 obedire
667 710 834 742 omnibus
858 707 1052 752 praeceptis
1069 704 1147 742 Dei,

158 768 196 799 in
213 778 293 798 vera
312 765 379 797 fide
397 770 428 796 et
447 774 525 795 cum
545 762 697 805 quadam
716 760 873 800 laeticia,
903 757 1149 802 principaliter

158 825 197 850 nt
215 818 329 861 ipsum
348 813 484 847 honore
502 812 706 845 afficiamus.
750 811 809 844 Sic
829 808 1005 843 lohannes
1020 809 1057 841 in
1076 807 1149 851 pri—
1174 829 1176 834 -

160 881 215 901 ma
239 866 398 910 Epistola
427 863 595 896 describit
621 863 868 896 dilectionem:
901 860 1054 893 Dilectio
1082 858 1148 891 Dei

159 927 225 957 est,
254 918 417 950 mandata
435 916 508 948 eius
527 926 676 947 servare.
730 913 798 947 Sed
817 913 846 946 si
862 913 1027 945 arderent
1044 911 1148 943 corda

160 977 279 1003 nostra
307 979 434 1011 magno
460 966 626 999 incendio
650 965 781 998 amoris
808 975 887 1007 erga
904 964 1041 999 Deum,
1066 959 1151 993 haec

160 1020 317 1054 definitio
338 1018 448 1061 magis
467 1017 620 1060 intelligi
637 1023 764 1060 posset.
800 1014 891 1048 Nam
909 1026 989 1047 vera
1006 1012 1150 1046 dilectio

161 1079 211 1105 est
232 1072 269 1104 in
290 1082 370 1103 vera
389 1071 456 1102 fide.
472 1076 504 1101 et
521 1068 582 1100 illo
599 1068 764 1100 incendio
789 1066 919 1098 amoris
945 1071 979 1098 et
1002 1064 1151 1103 laeticia,

162 1122 307 1156 obedire
325 1121 492 1154 omnibus
507 1119 712 1163 praeceptis,
742 1118 836 1162 quod
856 1116 920 1149 etsi
940 1117 977 1148 in
996 1113 1061 1148 hac
1080 1115 1151 1148 vita

162 1171 403 1206 inchoandum
431 1177 500 1209 est,
526 1176 644 1203 tamen
670 1169 772 1201 valde
789 1168 998 1211 languidum
1016 1173 1086 1207 est,
1114 1173 1153 1198 ut

162 1225 246 1257 alias
268 1223 444 1268 copiosius
465 1221 607 1256 dicitur.

265 1282 392 1315 Timor
409 1280 495 1319 Dei,
523 1280 585 1325 qui
601 1286 748 1313 vocatur
773 1279 929 1319 servilis,
955 1284 988 1310 et
1017 1284 1067 1310 est
1093 1287 1152 1308 cu-

165 1343 234 1368 stos
259 1333 488 1377 disciplinae,
517 1338 567 1364 est
590 1329 751 1371 habitus,
776 1331 836 1375 qui
862 1329 1012 1362 inclinat
1034 1334 1073 1361 ut
1099 1339 1154 1359 re-

164 1397 245 1418 vera
263 1392 532 1428 expavescamus
544 1381 723 1423 agnitione
739 1381 811 1413 irae
822 1379 890 1413 Dei
905 1386 936 1413 et
950 1389 1153 1423 poenarum.

165 1436 235 1470 Sed
254 1447 332 1468 cum
350 1433 483 1466 accedit
499 1432 604 1470 fides,
634 1443 723 1477 quae
741 1432 846 1464 corda
864 1431 902 1462 in
928 1441 1058 1473 pavore
1086 1428 1153 1460 eri-

166 1494 297 1530 guntur
323 1483 586 1523 consolatione,
620 1489 655 1516 et
681 1483 853 1515 accedunt
878 1481 923 1514 ad
949 1480 1084 1520 Deum,
1118 1479 1155 1512 fit

166 1539 280 1571 virtus
298 1543 332 1569 et
349 1536 457 1568 timor
477 1535 607 1568 filialis.

270 1593 475 1628 Tolerantia
494 1600 544 1627 est
566 1593 680 1627 virtus
703 1592 873 1625 obediens
889 1591 965 1625 Deo
991 1590 1029 1623 in
1053 1601 1156 1622 aeru-

167 1648 278 1685 mnis,
301 1657 388 1691 quas
406 1646 508 1678 docet
526 1644 753 1688 perferendas
772 1655 863 1683 esse,
890 1644 937 1676 ita
950 1667 959 1681 ,
988 1654 1031 1675 ne
1057 1640 1156 1673 fracti

168 1700 290 1732 dolore
308 1697 476 1730 faciamus
493 1702 615 1729 contra
632 1696 797 1727 mandata
814 1693 901 1735 Dei,
930 1701 1049 1738 estque
1072 1703 1156 1724 con-

167 1752 285 1783 iuncta
303 1747 504 1781 obedientia
523 1758 602 1780 cum
628 1758 687 1791 spe
705 1746 828 1779 auxilii
854 1745 988 1786 divini,
1016 1749 1158 1789 propter

167 1801 300 1834 Filium
320 1798 572 1833 Mediatorem.

385 1891 670 1937 Philosophicae
693 1889 941 1938 definitiones.

272 1961 414 1995 Iusticia
439 1960 651 1994 universalis
673 1966 723 1992 est
750 1960 895 1994 obedire
917 1959 1084 1992 omnibus
1109 1959 1158 1991 le—

170 2015 290 2058 gibus,
317 2024 406 2058 quae
424 2012 467 2044 ad
485 2023 549 2044 nos
568 2011 756 2054 pertinent.

272 2072 416 2106 Iusticia
434 2069 658 2114 particularis
675 2076 726 2102 est
747 2070 878 2109 virtus,
908 2081 1010 2102 suum
1032 2069 1160 2113 cuique

170 2125 342 2158 tribuens.
372 2121 475 2155 Hanc
489 2120 735 2154 definitionem
752 2120 852 2154 Plato
868 2121 991 2154 scribit
1005 2133 1022 2152 a
1041 2119 1160 2154 Simo-

171 2177 254 2209 nide
271 2174 437 2207 traditam
458 2184 542 2207 esse.
584 2170 631 2205 Et
646 2172 740 2216 quod
759 2172 795 2204 in
813 2179 908 2205 textu
927 2172 1072 2205 dicitur:
1097 2169 1168 2203 Est'

172 2234 335 2260 constans
362 2232 394 2257 et
411 2231 579 2268 perpetua
597 2223 772 2256 voluntas.
824 2221 920 2255 Haec
948 2224 1052 2256 verba
1079 2229 1161 2255 sunt

172 2277 362 2320 descriptio
386 2273 548 2315 habitus,
575 2275 674 2319 quasi
697 2274 807 2307 dicat:
838 2273 979 2307 lusticia
997 2281 1046 2307 est
1061 2274 1160 2306 firma

172 2326 400 2373 προαίρεσις,
432 2338 492 2359 seu
518 2326 660 2358 firmum
693 2326 893 2365 decretum,
928 2337 988 2357 seu
1020 2325 1161 2357 firmum

172 2379 393 2423 propositum
412 2377 622 2418 voluntatis,
649 2383 690 2410 ut
705 2388 808 2410 suum
826 2377 954 2421 cuique
971 2376 1112 2410 tribuat.

274 2436 413 2470 Veritas
433 2448 493 2470 seu
519 2436 690 2470 veracitas
714 2443 765 2469 est
788 2436 919 2477 virtus,
947 2447 1037 2480 quae
1058 2435 1162 2467 incli—

175 2494 236 2521 nat
251 2487 479 2527 voluntatem,
507 2495 546 2521 ut
562 2499 661 2521 veras
675 2488 867 2521 sententias
885 2497 1061 2527 amemus,
1081 2499 1160 2519 vera

175 2544 376 2572 constanter
406 2538 562 2572 dicamus
589 2546 622 2572 et
642 2545 821 2579 tueamur,
857 2545 887 2572 et
913 2539 950 2571 in
971 2538 1045 2582 ipsa
1072 2537 1162 2571 vitae

175 2589 289 2633 specie
308 2587 459 2621 vitemus
474 2589 716 2623 simulationes
736 2598 769 2624 et
787 2590 1051 2623 occultationes

276 2638 454 2672 Modestia
474 2646 523 2672 est
541 2640 652 2674 virtus
665 2667 672 2681 ,
701 2654 768 2686 qua
787 2642 823 2674 in
842 2641 1013 2686 opinione
1030 2641 1074 2673 de
1097 2652 1161 2673 no-

175 2690 229 2724 bis
251 2697 284 2724 et
309 2689 346 2722 in
370 2700 531 2723 sermone
554 2697 587 2725 et
611 2699 708 2734 gestu
737 2704 917 2726 servamus
947 2692 1162 2726 convenien-

391 105 600 144 SCRlPTA
628 104 704 140 PH.
733 99 848 137 MEL.
878 100 946 136 AD
970 99 1098 135 HtsT.
1123 98 1268 138 PROF.
1295 100 1361 136 ET
1390 98 1581 137 PHILOS.
1610 98 1931 138 SPECTANTIA.

2105 101 2180 139 540

1191 188 1298 233 tiam,
1325 187 1491 221 videlicet
1514 199 1558 220 ne
1575 186 1680 220 nobis
1703 187 1742 219 in
1767 187 1936 231 opinione
1962 195 2023 223 aut
2045 189 2082 222 in
2106 201 2180 224 ser—

1192 251 1298 272 mone
1313 240 1445 273 maiora
1462 239 1706 272 imbecillitate
1722 245 1842 271 nostra
1860 239 2070 282 tribuamus,
2093 254 2181 275 neve

1165 323 1168 338 4
1194 298 1399 335 appetamus
1423 291 1578 331 maiora,
1613 302 1701 322 neve
1728 290 1766 321 in
1798 295 1896 332 gestu
1919 290 2138 326 discedamus
2162 306 2182 327 a

153 353 264 386 filium
291 349 357 382 Dei
383 352 495 386 certa,
523 352 555 378 et
581 343 775 388 expectatio
805 343 928 376 auxilii
954 350 986 376 et
1003 341 1142 384 mitiga-
1166 340 1168 345 '

1195 350 1321 376 natura
1333 369 1342 383 ,
1370 349 1403 375 et
1419 354 1589 386 personae
1605 354 1643 374 ac
1661 341 1821 374 locorum
1837 340 1975 373 ordine.

1298 402 1490 435 Fortitudo
1520 408 1571 434 est
1600 401 1710 434 virtus
1734 400 1989 444 propugnatrix
2017 402 2184 445 iusticiae,

1170 479 1172 489 ,
1196 453 1361 486 videlicet
1388 453 1569 497 depellens
1596 452 1771 497 pericula,
1807 463 1895 496 quae
1912 458 2003 485 recta
2024 454 2112 486 ratio
2130 455 2185 487 iu-

1198 504 1257 536 bet
1280 504 1475 548 depellere,
1511 512 1542 538 et
1571 504 1619 537 ita
1648 504 1827 547 perferens
1860 515 2067 548 aerumnas,
2101 517 2186 550 quas

1198 561 1291 588 recta
1308 555 1400 588 ratio
1420 556 1518 588 iubet
1539 555 1714 598 perferre,
1743 566 1786 587 ne
1809 554 1912 587 fracti
1936 555 2057 588 dolore
2081 556 2188 589 sacia-

1199 618 1277 638 mns
1295 613 1417 638 contra
1435 606 1627 645 iusticiam,
1655 612 1714 638 aut
1731 606 1814 637 alias
1832 607 1990 648 virtuteS,
2017 615 2070 641 ut:
2099 606 2186 640 Cato

1201 668 1273 689 non
1292 664 1341 690 est
1358 656 1476 697 furtis,
1502 656 1584 700 quia
1604 656 1736 689 fractus
1754 657 1878 689 dolore
1896 657 1978 690 facit
1994 666 2115 692 contra
2132 659 2188 692 iu-

1200 708 1357 747 sticiam,
1387 720 1467 740 cum
1487 719 1560 740 sese
1580 707 1756 739 interficit.

1306 764 1381 799 Etsi
1396 773 1510 799 autem
1524 763 1609 798 haec
1621 766 1781 798 doctrina
1794 766 1836 798 de
1853 765 2043 799 virtutibus
2059 766 2097 798 in
2112 767 2191 799 aliis

1202 818 1303 851 libris
1319 818 1551 861 proponenda
1574 824 1641 857 est,
1669 823 1786 850 tamen
1812 817 1968 861 exempla
1992 815 2050 850 hic
2070 817 2191 862 aliqua

1203 869 1340 902 recitari
1358 880 1495 901 necesse
1516 876 1586 909 est,
1613 875 1651 901 ut
1668 868 1889 901 domicilium
1906 875 2126 911 agnoscatur,
2153 869 2191 901 in

1203 933 1274 966 quo
1293 921 1520 953 collocandae
1545 927 1627 953 sunt
1653 919 1817 959 virtutes,
1845 925 1877 952 et
1901 932 1986 953 usus
2008 920 2190 963 praedica-

1205 979 1405 1004 mentorum
1424 971 1484 1004 fiat
1503 971 1696 1011 illustrior,
1722 982 1760 1003 ac
1785 971 2053 1014 praecipuarum
2080 971 2193 1004 virtu-

1204 1031 1278 1056 tum
1297 1022 1550 1066 descriptiones
1571 1033 1672 1065 saepe
1698 1022 1869 1054 inculcari
1894 1022 1983 1055 utile
2005 1029 2064 1055 est.
2117 1019 2192 1055 Ex-

1205 1074 1387 1118 perientur
1418 1074 1521 1106 etiam
1546 1073 1695 1106 studiosi
1722 1080 1840 1117 postea
1866 1073 1903 1105 iu
1928 1071 2136 1117 theologicis
2159 1079 2194 1106 et

1205 1123 1330 1158 ethicis
1353 1124 1636 1168 disputionibus,
1664 1136 1699 1156 se
1722 1124 1838 1157 iuvari
1865 1122 1929 1157 hac
1954 1125 2193 1169 qualicunque

1205 1176 1446 1209 declaratione
1464 1173 1619 1214 babitus,
1648 1183 1681 1208 et
1699 1175 1927 1208 distinctione
1944 1176 2194 1211 subiectorum.

1310 1234 1516 1275 Videndum
1532 1241 1581 1268 est
1604 1234 1726 1271 etiarn,
1753 1246 1842 1279 quae
1865 1235 2012 1269 virtutes
2035 1235 2198 1280 superio-

1207 1298 1285 1319 rum
1304 1287 1435 1330 species
1454 1286 1536 1326 sint,
1559 1292 1611 1319 ut:
1639 1284 1830 1318 Gratitudo
1848 1287 2094 1331 complectitur
2109 1288 2196 1320 duas

1207 1338 1375 1378 virtutes,
1403 1338 1587 1370 veritatem
1607 1343 1639 1370 et
1657 1337 1843 1370 iusticiam.
1893 1337 2084 1370 Profitetur
2100 1337 2195 1370 enim

1209 1387 1352 1426 Gratus,
1381 1400 1460 1419 vere
1479 1387 1622 1419 aliunde
1638 1397 1672 1418 se
1690 1386 1900 1420 beneficium
1919 1387 2104 1432 accepisse,
2132 1400 2197 1421 nec

1209 1438 1274 1471 sibi
1295 1438 1450 1470 alienum
1478 1438 1584 1470 decus
1608 1443 1814 1479 arroganter
1840 1438 1984 1479 tribuit,
2011 1447 2044 1473 et
2064 1438 2196 1483 obligat

1209 1500 1244 1521 se
1262 1488 1416 1521 vicissim
1437 1489 1481 1521 ad
1502 1489 1619 1533 aliqua
1642 1488 1767 1522 officia.

1312 1548 1490 1582 Sedulitas
1519 1547 1623 1580 etiam
1660 1554 1711 1580 est
1739 1547 1900 1580 iusticiae
1932 1549 2080 1592 species,
2115 1562 2198 1585 suos

1211 1599 1338 1644 cuique
1356 1599 1493 1631 labores
1510 1598 1718 1632 attribuens.
1771 1596 1836 1631 Est
1855 1599 1947 1631 enim
1965 1600 2076 1634 virtus
2094 1602 2199 1636 incli-

1210 1661 1318 1690 nans,
1344 1657 1383 1683 nt
1399 1662 1471 1682 non
1486 1650 1687 1692 ingeramus
1706 1660 1770 1681 nos
1788 1649 1912 1683 alienis
1938 1652 2108 1694 negotiis,
2136 1655 2197 1687 sed

1211 1708 1373 1734 nostrum
1392 1701 1548 1733 osticium
1574 1707 1667 1732 recte
1690 1700 1870 1735 faciamus.
1924 1699 2089 1736 Extrema
2116 1713 2198 1740 sunt

1212 1752 1350 1795 ignavia
1369 1759 1401 1785 et
1417 1747 1772 1798 πολυπραγμοσύνη,
1792 1764 1880 1796 quae
1897 1753 1981 1786 vitia
2000 1755 2104 1788 ambo
2119 1768 2198 1789 cum

1211 1804 1350 1836 iusticia
1371 1810 1541 1847 pugnant.
1597 1803 1748 1846 ignavus
1767 1803 1876 1837 multa
1895 1805 2086 1848 negligens,
2111 1805 2200 1841 Rei-

1213 1856 1297 1899 pub.
1314 1861 1374 1887 ant
1398 1855 1469 1887 suis
1494 1860 1609 1886 nocet.
1662 1853 1945 1902 πολυπράχιιων
1970 1856 2135 1900 ingerens
2163 1870 2199 1891 se

1213 1906 1476 1950 intempestive,
1504 1906 1622 1939 turbat
1642 1905 1823 1945 ordinem,
1856 1913 1889 1939 et
1906 1906 2053 1950 impedit
2079 1920 2200 1943 neces-

1212 1969 1313 1991 saria.

1316 2014 1380 2050 Est
1405 2023 1438 2049 et
1460 2014 1628 2049 Amicitia
1656 2016 1786 2059 species
1821 2012 2000 2058 iusticiae,
2037 2019 2120 2064 quia
2151 2027 2201 2054 est

1214 2069 1344 2108 virtus,
1368 2080 1432 2112 pro
1451 2079 1532 2100 vera
1552 2067 1796 2100 benevolentia
1818 2068 1969 2102 reddens
1993 2082 2112 2103 veram
2140 2071 2201 2104 be-

1214 2120 1472 2156 nevolentiam,
1501 2125 1533 2151 et
1551 2125 1728 2162 praestans
1745 2125 1867 2152 mutua
1892 2121 2064 2164 quaedam
2088 2121 2202 2156 officia

1215 2183 1278 2215 pro
1313 2172 1419 2204 niodo
1452 2170 1657 2203 facultatum
1687 2169 1825 2202 liberali
1859 2179 2017 2215 pectore,
2060 2172 2203 2208 virtutis

1216 2234 1329 2255 cansa.

1319 2281 1390 2315 Sed
1420 2281 1555 2324 integra
1582 2280 1742 2312 doctrina
1767 2281 1809 2312 de
1836 2281 2028 2315 virtutibus
2057 2284 2202 2318 aliunde

1216 2340 1394 2375 sumatur,
1424 2344 1512 2377 quae
1531 2331 1673 2377 quidem
1693 2332 1848 2365 studiose
1875 2332 2061 2376 discenda,
2090 2342 2122 2367 et
2146 2347 2202 2369 as—

1216 2385 1316 2417 sidue
1349 2384 1534 2427 cogitanda
1567 2390 1636 2425 est,
1672 2395 1745 2415 non
1775 2383 1910 2422 solum,
1945 2391 1983 2417 ut
2007 2396 2131 2418 norma
2156 2387 2203 2421 sit

1217 2447 1377 2474 morum,
1403 2435 1462 2467 sed
1486 2434 1590 2468 etiam
1612 2441 1757 2478 propter
1782 2432 1845 2467 bas
1869 2435 1957 2467 duas
1979 2436 2203 2478 gravissimas

1217 2498 1355 2527 causas,
1380 2498 1529 2531 quarum
1545 2485 1652 2518 altera
1670 2493 1736 2526 est,
1764 2486 1860 2531 quod
1878 2486 2011 2528 agnitio
2029 2487 2202 2522 virtutum

1217 2545 1249 2571 et
1273 2537 1489 2570 discriminis
1518 2534 1749 2570 honestorum
1783 2544 1816 2570 et
1841 2537 1997 2580 turpium
2023 2538 2058 2571 in
2085 2546 2203 2574 mente

1216 2587 1383 2626 humana,
1410 2589 1552 2621 firmum
1571 2595 1604 2622 et
1619 2588 1757 2622 illustre
1774 2587 2015 2621 testimouium
2036 2597 2098 2631 est,
2116 2603 2202 2624 con-

1217 2641 1360 2673 firmans
1377 2651 1449 2672 esse
1466 2638 1592 2674 Deum.
1646 2640 1766 2673 Altera
1785 2651 1887 2672 causa
1911 2647 1981 2682 est,
2010 2645 2105 2686 quod
2129 2642 2202 2675 vir-

1217 2698 1331 2726 tutum
1349 2691 1549 2726 intellectus
1564 2697 1701 2732 monet,
1729 2690 1843 2735 qualis
1871 2691 1915 2725 sit
1932 2690 2046 2731 Deus,
2074 2700 2107 2727 et
2129 2693 2204 2726 dis-
