2379 2948
112 112 188 148 477

744 112 806 149 IV.
858 107 1135 146 ELEMENTA
1161 109 1497 152 RHETORICES.

2062 123 2135 159 478

107 196 256 242 quisque
279 196 500 239 observabit,
533 208 639 242 quam
669 195 903 239 multiplicem
931 195 1004 228 vim
1036 194 1092 228 in-
1143 196 1224 229 dam
1250 208 1323 229 non
1349 200 1583 243 explicamus,
1618 203 1678 237 sed
1709 203 1925 239 aestimanda
1958 205 2133 243 iudicibus

105 247 233 287 standi,
258 246 513 290 indignationis
525 254 558 282 et
573 246 742 281 similium
759 246 948 279 affectuum
965 243 1093 280 habeat

104 297 349 340 interrogatio.

206 355 406 398 Subiectio‚
451 367 529 389 cum
568 353 636 398 ipsi
665 354 919 398 respondemus
948 360 1089 388 nostrae

106 406 394 450 interrogationi:
429 404 525 448 Quid
555 405 681 448 igitur,
724 405 967 448 peccabimus,
1004 406 1087 450 quia

102 469 178 491 non
197 468 316 491 sumus
331 455 508 498 sublege?
532 467 616 488 non.
650 453 832 490 Subiectio
850 451 1086 502 ἀνθυπιίφο-

102 520 176 554 ραν
192 507 365 546 continet,
392 507 436 539 de
454 517 521 551 qna
540 506 632 539 infra
652 506 819 543 dicemus,

203 565 441 605 Exclamatio,
468 565 572 609 quale
591 564 680 598 illud
707 572 772 599 est:
802 563 837 599 O
863 562 1036 610 tempora,
1064 578 1085 599 o

101 617 236 652 mores!
270 615 336 649 Hei
352 613 440 648 mihi
459 615 572 661 qualis
590 622 664 649 erat
679 623 852 660 quantum
871 624 1023 652 mutatus
1041 618 1085 650 ab

103 668 179 702 illo.
217 667 296 701 Huc
321 666 501 709 pertinent
528 665 809 709 imprecationes.
870 666 958 702 Item
984 670 1085 702 obte-

100 719 282 754 stationes:
306 715 374 749 Per
390 728 452 760 ego
465 715 528 749 has
544 714 732 750 lachrimas
743 718 971 763 dextramque
986 725 1082 752 tuam

98 777 144 806 te.
195 768 300 808 Item,
325 767 579 806 ominafiones,
605 775 644 801 ut
657 767 772 810 Virg.:
801 768 928 802 Turno
947 775 1083 812 tempus

97 820 164 854 erit
179 830 305 862 magno
320 830 400 852 cum
418 818 590 864 optaverit
607 825 782 862 emptum,
809 817 983 853 Intactum
1000 818 1083 852 Pal-

95 872 202 905 lanta.

198 928 396 963 Dubitatio.
451 926 579 962 Graeci
599 934 725 961 vocant
741 926 903 974 ἀπορίαν
922 942 999 963 cum
1017 930 1083 962 du-

96 981 210 1015 bitare
226 986 258 1013 et
278 980 412 1012 nescire
429 991 493 1012 nos
512 979 648 1024 aliquid
666 979 916 1022 significamus.
951 978 1083 1012 Exem—

95 1032 193 1076 plum
213 1038 262 1065 est
286 1030 324 1063 in
348 1030 492 1063 exordio
516 1030 609 1074 apud
627 1028 835 1063 Ciceronem
860 1031 903 1063 de
928 1031 1082 1074 perfecto

95 1081 260 1118 Oratore.

195 1140 394 1184 Cognatum
428 1146 479 1173 est
509 1135 723 1185 παράδοξον
753 1151 814 1174 seu
845 1140 1081 1184 inopinatum,

94 1199 150 1227 ut:
176 1190 370 1236 Nunquam
388 1190 523 1223 credidi
540 1192 615 1223 sore
633 1190 777 1231 iudices,
803 1196 842 1224 ut
859 1203 918 1223 reo
937 1190 1082 1231 Scauro,

94 1255 142 1276 ne
160 1242 246 1287 quid
262 1242 299 1274 in
319 1241 393 1274 eius
408 1240 539 1274 iudicio
556 1241 667 1283 gratia
683 1242 824 1274 valeret.
878 1239 931 1274 Ac
947 1241 1081 1274 somnae

92 1294 226 1328 multae
249 1298 331 1326 sunt
355 1289 462 1324 huius
485 1291 634 1333 generis,
687 1289 751 1325 Est
768 1292 862 1324 enim
880 1291 1080 1329 admiratio,

93 1351 132 1377 ut
147 1344 275 1380 miror,
304 1342 483 1387 quomodo
502 1341 566 1374 tihi
586 1341 624 1373 in
648 1342 884 1385 suspicionem
911 1342 1079 1374 venerim.

91 1393 181 1428 Item
199 1389 408 1433 ἀδύνατον,
435 1403 506 1435 quo
523 1392 723 1435 saepissime
740 1393 777 1425 in
797 1392 896 1425 omni
919 1403 1079 1425 sermone

90 1444 239 1478 utimur.
292 1440 373 1474 Non
391 1451 533 1484 possum
551 1443 667 1475 verbIS
691 1443 875 1486 consequi,
907 1449 1078 1487 quantum

91 1495 214 1528 literae
239 1504 294 1525 me
317 1498 398 1525 tuae
420 1491 683 1525 delectaverint.
743 1489 873 1525 Poetae
896 1492 1079 1524 abundant

92 1544 279 1588 exemplis,
306 1549 361 1576 ut:
389 1541 470 1575 Non
494 1538 583 1573 mihi
607 1541 636 1574 si
661 1541 803 1584 linguae
829 1547 970 1575 centum
996 1542 1079 1583 sint,

91 1607 224 1640 oraque
242 1599 394 1634 centum,
422 1590 549 1625 Ferrea
567 1604 645 1633 vox,
659 1604 782 1626 omnes
794 1592 966 1627 scelerum
983 1605 1078 1626 com-

90 1644 310 1690 prehendere
327 1644 458 1676 sormas
475 1649 538 1676 etc.

192 1710 489 1748 communicatio,
507 1721 587 1743 cum
605 1710 847 1744 adversarium
866 1710 980 1755 ipsum
992 1722 1078 1744 con-

90 1764 251 1803 sulimus,
268 1768 327 1795 aut
344 1772 424 1795 cum
440 1760 617 1794 iudicibus
634 1760 883 1801 deliberamus,
909 1768 962 1794 ut:
979 1760 1077 1795 Cedo

89 1816 121 1849 si
146 1825 207 1847 vos
230 1826 270 1846 eo
295 1813 372 1845 loco
399 1811 536 1852 essetis,
563 1811 649 1856 quid
670 1812 830 1845 faceretis
849 1811 971 1845 aliud?
1025 1811 1077 1845 Ita

88 1862 347 1899 Demosthenes
362 1863 554 1904 interrogat
573 1859 804 1901 Aeschinem,
831 1861 1025 1903 interrogat
1044 1868 1077 1894 et

86 1916 239 1955 iudices,
278 1914 362 1958 quid
396 1913 597 1945 faciendum
633 1911 740 1944 fuerit
775 1923 853 1944 cum
889 1909 1076 1955 Philippus

88 1966 268 2002 transisset
284 1965 320 1996 in
333 1963 485 1996 Atticam
504 1974 584 1995 cum
603 1961 770 2001 exercitu,
793 1973 838 1994 an
858 1962 965 1995 fuerit
980 1963 1074 1995 ultro

88 2017 308 2063 proiicienda
327 2014 486 2051 libertas,
516 2019 549 2046 et
565 2013 650 2045 urbs
666 2012 853 2045 dedenda?
890 2011 960 2045 Hic
976 2012 1075 2045 locus

86 2067 282 2114 plurimum
302 2066 346 2098 ad
364 2064 545 2097 victoriam
563 2063 714 2107 prodest.
765 2061 964 2107 Extorquet
980 2064 1074 2096 enim

89 2117 189 2164 quasi
212 2116 351 2150 tacitam
372 2114 642 2148 confessionem.
695 2112 818 2158 Neque
848 2114 935 2147 alibi
967 2111 1073 2147 vehe-

87 2168 241 2204 mentius
262 2173 359 2209 urget
373 2163 603 2205 Aeschinem,
626 2176 731 2209 quam
747 2165 785 2197 in
807 2176 845 2197 ea
869 2172 969 2209 parte
992 2176 1073 2197 ora-

89 2219 215 2256 tionis,
250 2217 373 2250 obiicit
397 2217 448 2254 ei,
476 2216 571 2261 quod
597 2222 682 2249 tunc
705 2227 785 2248 cum
809 2216 967 2248 dandum
985 2222 1073 2248 esset

85 2269 274 2306 consilium
292 2266 504 2310 reipublicae
521 2278 595 2299 non
613 2265 834 2306 dissenserit,
861 2278 956 2299 nunc
976 2273 1073 2310 post-

89 2333 195 2368 quam
219 2328 317 2351 secus
340 2317 474 2357 evenit,
508 2315 756 2360 reprehendat.
811 2316 850 2349 Id
883 2317 969 2350 dicit
999 2329 1071 2350 esse

89 2383 163 2406 non
187 2368 354 2407 oratoris,
381 2367 440 2399 sed
464 2365 719 2411 sycophantae,
753 2379 824 2400 non
853 2367 889 2399 in
914 2374 1071 2411 tempore

87 2432 251 2461 monere,
285 2419 344 2451 sed
369 2423 447 2461 post
471 2417 601 2450 factum
626 2418 773 2451 consilia
800 2415 1070 2461 reprehendere.

87 2471 152 2507 Est
168 2471 282 2504 vicina
301 2467 383 2501 'nuic
398 2468 528 2510 figurae
545 2474 579 2501 et
594 2469 880 2501 commemoratio
905 2480 964 2501 seu
990 2481 1071 2502 vera

89 2535 150 2557 seu
166 2522 244 2555 ficta
260 2519 383 2554 tacitae
402 2517 582 2562 opinionis
599 2518 755 2551 iudicum
767 2545 776 2559 ‚
801 2526 839 2553 ut
855 2520 947 2563 apud
967 2519 1069 2552 Cice-

90 2585 211 2607 ronem
231 2583 294 2616 pro
312 2569 466 2603 Milone:
494 2566 583 2601 Eius
600 2568 706 2610 igitur
722 2569 844 2602 mortis
864 2570 992 2603 sedetis
1015 2570 1071 2603 ul-

91 2631 194 2662 tores,
219 2622 318 2655 cuius
335 2620 442 2653 vitam
459 2618 486 2651 si
505 2618 633 2662 putetis
651 2629 712 2661 per
728 2629 789 2650 vos
806 2619 940 2652 restitui
961 2631 1070 2663 posse,

91 2674 212 2707 nolitis
228 2679 291 2707 etc.
343 2667 408 2704 Est
432 2676 465 2703 et
488 2669 601 2702 vicina
629 2668 830 2713 permissio,
856 2681 934 2702 cum
962 2682 1068 2715 quae—

1142 247 1400 292 relinquimus,
1424 257 1483 284 aut
1501 253 1604 285 etiam
1622 254 1845 290 adversariis.

1245 311 1454 347 Praeteritio
1470 314 1704 364 παράλειψις,
1731 331 1809 353 cum
1828 319 2035 355 simulamus
2053 335 2126 357 non

1120 363 1277 408 aliquid
1301 364 1521 409 relinquere,
1555 375 1615 401 aut
1640 370 1818 410 omittere,
1853 372 1949 415 quod
1976 373 2127 407 maxime

1140 413 1347 454 obiicimus,
1383 421 1517 449 utnon
1544 417 1657 450 dicam
1679 431 1742 462 pro
1772 422 1913 464 quantis
1946 423 2126 458 beneficiis

1139 464 1243 498 talem
1262 462 1351 497 mihi
1368 465 1515 508 gratiam
1533 468 1740 504 reddideris.

1239 530 1387 565 Aversio
1415 530 1632 580 ἀποστροφὴ
1661 536 1846 580 multiplex
1867 546 1917 574 est
1950 548 1982 575 et
2013 542 2124 575 maxi-

1138 594 1233 615 mam
1250 583 1322 615 vim
1342 580 1460 624 habet,
1478 596 1556 616 cum
1577 597 1725 629 persona
1742 595 1898 622 mutatur
1913 591 1950 622 in
1964 593 2123 626 oratione

1137 633 1248 666 veluti
1274 633 1476 677 appellandi
1503 635 1652 669 alicuius
1676 647 1797 678 causa,
1830 645 1886 672 ut:
1924 640 1996 674 Vos
2027 644 2121 675 enim

1137 684 1208 717 iam
1235 696 1297 727 ego
1322 684 1456 717 Albani
1482 686 1611 719 tumuli
1638 694 1744 732 atque
1769 688 1850 724 luci.
1901 688 2043 733 Virgil.:
2071 692 2122 725 Ne

1136 735 1256 778 pueri,
1289 746 1334 767 ne
1361 741 1458 769 tanta
1484 736 1590 769 nimis
1613 739 1798 772 assuescite
1821 740 1933 781 bella,
1960 739 2037 774 Neu
2062 754 2121 785 pa-

1136 785 1223 819 triae
1242 785 1377 818 validas
1393 786 1431 818 in
1447 787 1720 822 viscera-vertite
1737 789 1843 824 vires.

1238 852 1397 887 Licentia
1417 852 1598 901 παρησία,
1627 868 1705 889 cum
1727 858 1820 900 apud
1846 870 1923 899 eos,
1951 871 2039 904 quos
2063 872 2121 894 ve—

1135 903 1205 936 reri
1232 904 1467 947 debebamus,
1501 907 1601 951 quasi
1625 907 1828 940 liberiorem
1854 921 2040 953 personam
2064 911 2120 943 in—

1135 955 1296 995 duimus,
1323 962 1383 989 aut
1399 956 1435 988 in
1461 958 1828 1000 commonefaciendo,
1854 967 1914 994 aut
1937 961 1974 993 iu
1998 961 2121 994 obiur—

1135 1005 1271 1047 gand0,
1306 1011 1344 1038 ut
1367 1004 1491 1040 Cicero
1516 1019 1580 1051 pro
1604 1008 1709 1041 Sexto
1735 1007 1867 1043 Roscio
1893 1011 2055 1055 queritur
2077 1014 2120 1044 de

1133 1054 1276 1088 licentia
1295 1055 1490 1089 nobilitatis
1504 1083 1512 1097 ,
1535 1057 1572 1090 in
1590 1058 1708 1103 Syllae
1725 1059 1885 1093 victoria.
1922 1059 2057 1094 Idcirco
2076 1074 2120 1095 ne

1134 1112 1331 1149 experrecta
1358 1107 1525 1140 nobilitas
1550 1109 1656 1141 armis
1679 1115 1783 1153 atque
1806 1110 1899 1143 ferro
1924 1112 2118 1155 rempubli-

1133 1167 1208 1189 cam
1233 1157 1472 1200 recuperavit,
1512 1165 1551 1191 ut
1576 1159 1619 1191 ad
1651 1159 1837 1193 libidinem
1871 1173 1969 1194 suam
2000 1162 2118 1196 liberti

1133 1206 1334 1249 servulique
1351 1207 1526 1240 nobilium
1551 1209 1662 1248 hona,
1689 1209 1848 1243 fortunas
1874 1219 2022 1253 vestras,
2049 1225 2116 1245 no-

1133 1264 1293 1301 strasque
1311 1269 1433 1290 vexare
1458 1266 1613 1301 possent.
1665 1257 1713 1293 Et
1737 1260 1775 1292 in
1793 1260 1938 1294 Verrem
1963 1263 2048 1297 dicit
2074 1264 2118 1296 de

1132 1307 1271 1351 publica
1297 1307 1441 1341 infamia
1464 1309 1690 1344 iudiciorum.
1743 1309 1783 1342 ln
1806 1308 1872 1344 hoc
1890 1324 2016 1354 genere
2043 1325 2117 1346 cre-

1131 1359 1215 1391 brae
1232 1364 1349 1391 extant
1367 1358 1629 1401 obiurgationes
1646 1360 1770 1403 populi
1782 1359 2009 1395 Atheniensis
2024 1365 2117 1407 apud

1130 1405 1422 1448 Demosthenem,
1442 1415 1496 1442 ut:
1514 1407 1622 1452 ὁρᾶτε
1639 1407 1713 1455 γὰρ
1730 1407 1778 1446 ὡς
1795 1410 1832 1443 ἐκ
1855 1414 1918 1444 τοῦ
1939 1410 2030 1457 πρὸς
2048 1410 2118 1456 χά-

1131 1469 1189 1501 ριν
1199 1455 1425 1503 δημηγορεῖν
1435 1454 1554 1496 ἐνίους
1571 1458 1619 1496 εἷς
1636 1460 1712 1492 πᾶν
1727 1457 1955 1505 προελήλυθε
1968 1463 2116 1508 μοχθη-

1131 1504 1220 1553 ρήας
1244 1504 1289 1540 τὰ
1312 1504 1481 1553 παρόντα
1502 1505 1717 1556 πράγλιιατα.
1774 1510 1894 1556 Neque
1918 1524 2000 1546 vero
2027 1525 2115 1557 opus

1130 1565 1182 1592 est
1205 1557 1327 1590 multis
1354 1559 1543 1602 exemplis,
1577 1572 1656 1592 cum
1687 1560 1953 1595 concionatores
1987 1561 2114 1597 horum

1130 1616 1328 1651 temporum
1367 1609 1403 1641 in
1436 1610 1575 1654 templis
1609 1610 1684 1643 sine
1719 1613 1826 1644 modo
1861 1620 2008 1647 utantur
2048 1612 2113 1647 hoc

1130 1657 1315 1693 schemate.
1369 1658 1437 1692 Sed
1458 1666 1507 1693 est
1523 1662 1700 1705 quoddam
1727 1674 1836 1705 genus
1859 1676 1937 1697 cum
1963 1666 2113 1709 quadam

1129 1709 1355 1743 simulatione
1370 1710 1543 1744 libertatis
1558 1719 1617 1745 aut
1635 1719 1772 1753 nostra,
1800 1721 1859 1748 aut
1885 1714 2035 1747 aliorum
2058 1727 2113 1748 er-

1128 1767 1201 1794 rata
1233 1760 1282 1793 ita
1313 1758 1625 1804 reprehendimus,
1669 1770 1709 1796 ut
1743 1763 1888 1805 figurate
1915 1765 2112 1806 adulemur,

1128 1811 1231 1855 quale
1246 1810 1335 1843 illud
1355 1818 1404 1843 est
1424 1823 1486 1853 pro
1505 1811 1663 1853 Ligario:
1691 1812 1875 1847 M.Cicero
1892 1816 1985 1857 apud
2003 1822 2035 1848 te
2051 1817 2112 1848 de-

1127 1860 1242 1894 fendit
1266 1860 1373 1892 alium
1403 1860 1438 1892 in
1462 1872 1499 1893 ea
1524 1861 1705 1895 voluntate
1731 1874 1803 1895 non
1828 1864 1952 1904 fuisse,
1980 1865 2015 1897 in
2043 1878 2110 1909 qua

1127 1911 1279 1954 seipsum
1313 1911 1500 1944 confitetur
1531 1911 1648 1947 fuisse.
1712 1912 1797 1946 Item
1830 1921 1988 1957 suscepto
2016 1916 2111 1948 bello

1126 1960 1270 2001 Caesar,
1295 1967 1389 2003 gesto
1408 1962 1511 1994 etiam
1529 1973 1568 1994 ex
1587 1974 1711 2005 magna
1735 1971 1851 2007 parte,
1880 1966 1977 1998 nulla
1999 1966 2033 1998 vi
2052 1979 2110 1999 co-

1126 2019 1244 2050 actus,
1272 2011 1405 2044 iudicio
1423 2023 1514 2051 meo,
1541 2024 1580 2045 ac
1598 2014 1781 2047 voluntate
1799 2016 1840 2048 ad
1857 2027 1895 2048 ea
1914 2028 2009 2049 arma
2028 2028 2109 2060 pro-

1124 2063 1235 2096 fectus
1261 2073 1358 2102 sum,
1385 2074 1475 2107 quae
1497 2070 1596 2096 erant
1617 2071 1753 2107 sumpta
1778 2072 1898 2097 contra
1916 2072 1959 2099 te.
2014 2066 2109 2099 Haec

1125 2113 1204 2146 ideo
1222 2119 1563 2152 commemorantur,
1591 2119 1628 2146 ut
1644 2114 1826 2148 clementia
1845 2116 2031 2149 collatione
2051 2129 2107 2149 er-

1124 2163 1191 2197 rati
1217 2169 1449 2205 exaggeretur.
1512 2162 1581 2196 Sed
1610 2171 1660 2197 est
1682 2165 1967 2198 venustissimum
1991 2178 2107 2199 exem-

1123 2215 1221 2259 plum
1245 2213 1337 2257 apud
1358 2211 1592 2249 Herodotum.
1644 2213 1733 2248 Cum
1752 2216 1941 2260 Cambyses
1967 2217 2107 2260 vitupe-

1123 2272 1220 2298 ratus
1236 2270 1383 2308 propter
1406 2264 1628 2304 ebrietatem,
1658 2264 1826 2299 Senatum
1851 2264 1982 2299 Persici
2008 2268 2105 2310 regni

1128 2321 1370 2354 convocasset,
1397 2327 1436 2348 ac
1453 2314 1637 2358 Principes
1661 2315 1816 2349 iussisset
1841 2316 1954 2359 palam
1980 2318 2106 2358 dicere,

1122 2366 1248 2411 Siquid
1269 2365 1306 2398 in
1323 2377 1363 2398 eo
1381 2363 1712 2409 reprehendendum
1737 2372 1918 2409 putarent,
1946 2379 2025 2400 cum
2050 2379 2106 2401 res

1122 2423 1236 2451 tantas
1253 2416 1421 2459 gessisset.
1474 2415 1541 2448 Hic
1558 2427 1635 2448 cum
1654 2415 1780 2448 ordine
1803 2415 1934 2458 singuli
1960 2417 2104 2461 amplis·

1122 2467 1218 2500 simis
1244 2466 1410 2500 laudibus
1433 2464 1629 2510 Cambysen
1660 2472 1803 2508 propter
1826 2472 1957 2500 metum
1981 2479 2105 2501 ornas-

1121 2525 1197 2551 sent
1207 2543 1221 2558 ,-
1243 2529 1280 2550 ac
1296 2516 1387 2561 patri
1404 2514 1496 2559 Cyro
1514 2515 1777 2558 praetulissent,
1805 2516 1886 2561 quia
1904 2517 2102 2563 Aegyptum

1122 2569 1208 2614 Cyri
1241 2578 1348 2610 regno
1381 2565 1571 2600 adiecisset.
1633 2564 1794 2599 Tandem
1819 2565 1966 2601 Croesus
1991 2569 2103 2602 iussus

1120 2619 1254 2658 dicere,
1288 2612 1513 2660 reprehendit
1535 2614 1685 2649 aliorum
1712 2617 1907 2658 orationes,
1939 2618 2103 2664 inquiens

1121 2669 1282 2702 nondum
1308 2677 1379 2700 esse
1401 2677 1523 2710 parem
1539 2664 1635 2712 Cyro
1654 2665 1871 2713 Cambysen,
1897 2668 1980 2714 quia
1996 2667 2103 2703 Cam-
