2379 2948
154 99 251 137 1445

1172 194 1175 214 i

249 188 410 223 Primum
430 191 526 224 enim
544 196 638 224 certa
655 193 778 229 etluna
797 192 958 225 doctrina
978 199 1046 233 est,
1074 200 1147 226 tra-
1171 215 1174 261 Ι

148 239 221 273 dita
241 253 302 284 per
320 240 452 275 Filium
471 241 555 282 Dei,
582 242 759 285 patribus,
788 241 979 287 Prophetis
998 251 1031 277 et
1047 243 1145 283 Apo-
1171 265 1173 286 ἱ

146 292 266 330 stolis,
295 293 387 326 sicut
416 293 465 327 ait
501 293 668 326 Ioannes:
705 293 816 328 Filius
842 295 904 340 qui
928 302 978 328 est
1001 296 1039 328 in
1063 296 1144 328 sinu

145 343 275 386 patris,
311 344 386 387 ipse
407 344 587 378 enarravit
611 345 726 379 nobis.
788 345 833 379 Et
857 352 1019 380 aeternus
1044 354 1144 391 pater

144 393 237 426 clara
255 406 339 427 voce
358 395 401 427 de
419 395 517 428 coelo
535 396 739 436 mandavit,
768 394 862 430 hunc
880 397 992 430 filium
1012 398 1142 439 audiri,

143 442 274 479 Matth.
295 444 369 479 17.:
396 445 464 479 Hic
490 452 539 478 est
562 446 656 479 filius
680 459 778 479 meus
804 448 971 485 dilectus,
1008 449 1043 481 in
1070 462 1140 494 quo

142 495 392 539 complacitum
419 503 469 529 est
493 494 601 536 mihi,
637 494 733 530 hunc
761 499 892 532 audite.
953 498 1020 533 Hic
1046 500 1139 534 filius

142 553 238 580 certo
259 547 422 591 patefacit
436 548 656 581 voluntatem
681 548 748 582 Dei
775 551 818 583 de
839 551 1140 592 reconciliatione,

141 598 185 631 de
208 598 369 632 tollendo
396 606 536 642 peccato
567 606 599 632 et
631 607 766 640 morte,
794 608 827 635 et
853 602 895 633 de
920 603 1035 635 danda
1065 604 1135 638 vita

141 655 297 683 aeterna.
351 649 445 683 Huic
464 650 536 683 filio
557 651 632 684 vult
649 652 762 691 credi,
792 660 825 686 et
845 653 921 687 vult
939 654 1136 687 doctrinam

141 700 216 733 eius
241 701 409 735 anteferri
443 702 551 735 totius
589 703 714 736 muudi
741 704 901 742 iudiciis,
938 711 969 738 et
995 703 1132 749 opinio-

140 752 258 786 nibus.

241 801 290 837 Et
309 801 465 838 Ecclesia
494 804 611 838 unitas
639 805 802 839 consistit·
825 806 862 838 iu
886 806 1050 840 societate
1068 804 1135 840 hu-

140 855 194 888 ius
219 856 327 888 unius
350 856 532 890 doctrinae
550 854 737 899 Evangelii
760 857 842 890 inde
869 870 980 902 usque
999 871 1015 890 a
1033 859 1134 900 prin-

138 905 231 950 cipio
249 908 291 939 ad
310 907 425 940 finem.
480 906 522 939 In
546 904 611 940 hac
638 920 721 940 voce
739 906 941 951 Evangelii,
971 910 1134 943 videlicet
1160 933 1162 936 v

137 957 175 989 in
191 959 426 1002 promissione
443 956 612 999 Messiae,
640 959 832 992 consociati
852 960 998 994 fuerunt
1020 968 1132 1003 patres

137 1016 219 1042 ante
245 1010 569 1050 circumcisionem,
602 1017 636 1044 et
658 1010 787 1043 deinde
810 1012 996 1054 posteritas
1014 1011 1131 1045 Abra-

136 1056 220 1101 hae,
248 1073 328 1094 cum
352 1061 474 1094 multis
492 1061 553 1105 qui
578 1062 804 1095 crediderunt
829 1074 868 1095 ex
886 1063 1066 1105 gentibus,
1093 1070 1131 1096 ut

134 1109 320 1145 Nahaman
367 1112 496 1158 Syrus,
549 1112 835 1156 Nabugdonosor
880 1121 912 1147 et
955 1115 1036 1153 alii,
1092 1127 1130 1147 ac

136 1170 315 1206 postremo
346 1162 505 1196 Ecclesia
533 1164 677 1198 collecta
705 1176 767 1208 per
794 1164 985 1209 Apostolos
1011 1172 1043 1199 et
1070 1165 1130 1198 Ιιι-

136 1215 233 1248 daeis
257 1222 289 1248 et
310 1213 499 1250 Gentibus.

237 1266 318 1300 Non
336 1266 431 1299 enim
449 1272 560 1310 potest
578 1264 674 1299 Deus
691 1267 794 1300 aliter
809 1268 876 1301 coli
901 1276 960 1302 aut
985 1269 1128 1301 iux-oca-

133 1319 184 1356 ri,
212 1318 281 1350 nisi
307 1317 542 1361 Evangelium
567 1318 610 1350 de
635 1316 765 1351 Messia
790 1320 1060 1362 amplectamur,
1096 1327 1127 1353 et

133 1371 170 1402 in
188 1367 255 1402 hoc
274 1369 351 1413 ipso
371 1370 479 1402 verbo
505 1380 736 1411 agnoscamus
751 1370 1031 1402 misericordiam
1051 1368 1127 1410 Dei,

131 1427 165 1454 et
183 1427 377 1454 statuamus
392 1431 456 1452 nos
475 1419 634 1452 exaudiri
660 1427 693 1451 et
709 1420 848 1454 salvari.
905 1420 986 1453 ldeo
1004 1422 1125 1453 clami-

131 1478 206 1506 tant
231 1470 395 1516 Apostoli
428 1470 554 1504 Petrus
579 1477 613 1503 et
639 1469 782 1503 Paulus.
842 1469 972 1515 Ephes.
992 1474 1025 1506 2.
1055 1470 1126 1505 Ec-

130 1522 272 1556 clesiam
288 1522 505 1555 aedificatam
523 1532 594 1554 esse
611 1533 715 1564 supra
731 1519 826 1555 hunc
842 1522 995 1566 lapidem
1013 1536 1126 1566 angu-

130 1575 250 1608 larem.
306 1573 401 1607 Idem
421 1574 523 1606 docet
542 1573 572 1607 1.
590 1570 754 1607 Corinth.
773 1573 806 1607 3.
828 1573 1006 1618 iuquiens:
1026 1574 1124 1607 Fun-

131 1627 336 1660 damentum
360 1625 457 1658 aliud
482 1636 585 1657 nemo
612 1630 725 1667 potest
748 1636 894 1668 ponere,
922 1633 1060 1669 praeter
1088 1626 1123 1658 id

130 1678 226 1723 quod
246 1677 399 1720 positum
420 1683 486 1716 est,
504 1676 598 1720 qnod
617 1682 667 1708 est
682 1676 778 1708 Iesus
790 1674 964 1710 Christus.
1003 1676 1123 1720 Quare

130 1735 227 1763 extra
246 1726 312 1762 hoc
330 1728 581 1765 ministerium,
603 1728 698 1771 quod
717 1727 1035 1770 praedicatFilium
1048 1727 1123 1768 Dei,

130 1792 203 1813 non
236 1787 286 1814 est
310 1777 489 1819 Ecclesia,
527 1790 591 1811 nec
623 1778 790 1821 salvatio,
828 1779 916 1813 sicut
941 1787 973 1814 et
998 1779 1123 1813 Petrus

129 1833 250 1866 Actor.
267 1830 301 1865 4.
329 1830 461 1876 inquit:
492 1829 571 1863 Non
598 1836 649 1863 est
672 1830 767 1863 aliud
787 1842 930 1871 nomen,
945 1844 1008 1875 per
1024 1832 1121 1876 quod

129 1889 288 1928 oporteat
308 1883 423 1915 salvos
443 1882 539 1925 fieri,
568 1881 636 1914 nisi
655 1893 784 1914 nomen
801 1880 947 1917 Christi.
1001 1882 1121 1925 Quare

129 1941 212 1968 sunt
227 1934 357 1967 exclusi
374 1946 392 1966 a
412 1933 483 1966 vita
501 1940 641 1965 aeterna
658 1945 791 1973 omnes,
818 1945 924 1977 super
943 1945 1031 1978 quos
1047 1946 1120 1966 non

129 1993 179 2019 est
206 1986 409 2019 invocatum
434 1996 565 2017 nomen
593 1983 744 2025 Christi,
772 1991 810 2018 ut
833 1991 954 2027 gentes
978 1985 1120 2028 ignarae
1145 1976 1147 1984 ⁴

127 2035 335 2080 Evangelii,
359 2043 417 2069 aut
436 2033 679 2078 blasphemae,
707 2043 745 2069 ut
764 2034 930 2080 Epicurei
958 2036 1118 2069 omnium

128 2089 297 2132 gentium.
353 2087 441 2121 Item
468 2086 608 2125 ludaei,
637 2084 927 2128 Mahometistae‚
962 2088 1120 2133 tyranni,

127 2140 189 2186 qui
213 2139 409 2173 defendunt
432 2139 561 2183 impios
586 2138 701 2172 cultus
725 2138 858 2183 Papae,
885 2145 917 2172 et
945 2146 1120 2173 conantur
1144 2162 1146 2176 i

127 2203 246 2225 veram
273 2197 307 2225 et
335 2191 524 2224 salutarem
551 2190 749 2224 doctrinam
777 2191 820 2222 de
838 2190 1016 2224 beneficiis
1034 2190 1116 2223 Filii
1144 2217 1146 2232 ,

125 2242 210 2283 Dei,
234 2249 268 2276 et
291 2243 334 2275 de
359 2242 427 2275 fide
451 2243 661 2286 opprimere.
715 2240 825 2280 Item,
852 2240 1120 2285 Anabaptistae,
1144 2256 1145 2274 1

125 2295 188 2340 qui
206 2295 426 2328 contendunt
442 2293 546 2327 etiam
566 2294 718 2327 infantes
735 2301 829 2326 extra
848 2292 1059 2334 Ecclesiam,
1087 2302 1119 2327 et
1144 2337 1145 2348 ἵ

127 2347 202 2380 sine
220 2346 446 2379 invocatione
465 2346 621 2378 nominis
639 2343 770 2379 Christi
789 2345 926 2379 salvari.
1144 2353 1146 2379 t

229 2397 340 2431 Docet
366 2397 474 2441 igitur
497 2395 553 2429 hic
576 2397 789 2437 versiculus,
819 2409 905 2441 quae
930 2397 974 2430 sit
997 2396 1120 2430 Eccle-
1144 2413 1146 2448 ξ

126 2449 192 2489 sia,
223 2455 255 2482 et
270 2455 310 2482 ut
329 2449 484 2493 conspici
503 2449 629 2493 possit,
652 2449 822 2492 proponit
839 2455 968 2481 certam
988 2455 1119 2489 notam,

125 2501 256 2534 scilicet
272 2497 368 2533 hunc
388 2500 542 2544 lapidem
561 2500 784 2542 angularem,
820 2497 911 2532 hanc
928 2512 1035 2532 unam
1055 2501 1119 2533 do-
1144 2535 1145 2546 ἵ

126 2552 275 2586 ctrinam
295 2551 461 2585 traditam
478 2551 561 2584 inde
578 2563 690 2597 usque
707 2551 751 2584 ab
770 2551 873 2584 initio
892 2552 935 2584 de
952 2551 1043 2584 Filio
1053 2550 1120 2584 Dei
1143 2547 1146 2572 l

127 2604 312 2638 salvatore.
369 2601 535 2647 impietas
560 2610 593 2636 et
612 2603 805 2646 impostura
823 2610 892 2643 est,
919 2615 1118 2647 proponere

126 2655 231 2688 aliam
247 2654 465 2694 doctrinam,
491 2666 556 2697 pro
576 2654 810 2687 fundamento
834 2666 895 2688 seu
913 2655 1031 2699 lapide
1055 2667 1118 2687 an-
1144 2673 1145 2690 1

125 2706 258 2751 gulari,
285 2706 551 2740 dissentientem
574 2705 618 2739 ab
629 2703 847 2749 Evangelio,
875 2706 965 2740 sicut
982 2706 1118 2740 faciunt
1143 2729 1145 2743 2

759 103 821 141 lx.
877 103 1241 142 COMMENTARH
1279 106 1328 141 IN
1363 105 1606 145 PSALMOS.

2106 119 2201 154 1446

1202 191 1342 233 Iudaei,
1368 191 1639 230 Mahometistae
1658 204 1690 231 et
1705 198 1908 234 defensores
1927 214 2086 237 errorum
2107 218 2196 250 pon-

1199 244 1402 279 tificiorunl.

1287 294 1474 330 Caeterum
1493 298 1556 331 ubi
1575 311 1696 333 verum
1719 301 1991 338 fundamentum
2010 307 2193 349 retinetur,

1197 346 1281 379 siin
1297 348 1449 381 externis
1474 349 1623 383 noribus
1639 349 1796 386 Ecclesia
1826 351 1930 388 habet
1956 356 2091 402 aliquas
2119 367 2190 393 tra—

1196 398 1368 439 ditiones,
1397 396 1460 432 hae
1477 412 1549 433 non
1567 410 1764 446 aequentur
1780 405 2025 449 fundamento,
2052 421 2114 443 nec
2132 412 2190 443 di-

1195 456 1320 483 cantur
1344 461 1415 482 esse
1442 463 1496 484 res
1524 455 1756 495 necessariae,
1785 457 1845 489 sed
1870 457 2102 502 adiaphorae,
2132 463 2188 495 in-

1195 501 1338 534 stitutae
1362 509 1507 546 propter
1533 504 1717 547 politicum
1747 507 1926 548 ordinem,
1965 517 2003 544 ut
2028 520 2111 546 sunt
2136 515 2186 546 se-

1194 551 1265 585 riae
1285 559 1317 585 et
1334 559 1446 585 certae
1471 553 1644 589 lectiones.
1698 555 1826 591 Nullae
1850 559 1935 592 tales
1962 573 2016 594 res
2040 573 2187 606 possunt

1192 614 1264 636 esse
1283 605 1565 638 ‘fundamentum
1597 613 1656 639 aut
1688 607 1777 652 lapis
1810 611 1989 653 angularis
2026 617 2185 659 perpetui

1192 655 1362 693 aedificii,
1393 656 1487 700 quod
1505 658 1662 690 manebit
1681 658 1716 690 in
1740 659 1809 693 vita
1829 669 1983 698 aeterna.

1294 705 1478 747 Secundo,
1496 706 1603 751 Lapis
1620 710 1798 751 angularis
1816 719 1867 746 est
1889 724 1949 747 seu
1968 715 2184 751 fundamen-

1191 763 1264 789 tum
1293 754 1478 800 Christus,
1513 770 1586 791 non
1619 766 1755 793 tantum
1794 771 1938 807 propter
1972 768 2182 808 doctrinam,

1189 809 1247 840 sed
1266 809 1371 841 etiarn
1389 815 1534 852 propter
1549 809 1750 843 efficaciam.
1806 813 1844 846 ld
1871 816 2090 850 considerari
2116 818 2182 854 hoc

1190 859 1266 891 loco
1295 871 1434 892 necesse
1459 867 1518 893 est.
1576 857 1728 905 Oportet
1748 864 1842 896 enim
1869 865 2019 901 discerni
2049 868 2181 905 Filium

1188 909 1252 942 Dei
1277 911 1486 944 salvatorem
1512 924 1528 944 a
1549 912 1709 955 patribus
1732 920 1764 947 ct
1784 913 1972 958 Prophetis
1989 926 2020 952 et
2037 924 2182 956 caeteris

1186 962 1370 995 ministris.
1423 962 1529 995 Dicat
1552 963 1647 996 enim
1673 965 1830 998 fortassis
1848 967 1995 1012 aliquis,
2022 983 2085 1005 cur
2109 986 2181 1007 non

1186 1019 1218 1045 et
1239 1012 1372 1046 Moises
1386 1009 1604 1057 intelligitur
1621 1015 1710 1059 lapis
1728 1017 1927 1059 angularis,
1956 1033 2034 1053 cum
2054 1031 2087 1057 et
2105 1025 2179 1069 ipse

1185 1064 1228 1096 sit
1256 1062 1469 1098 architectus
1493 1065 1699 1109 pulcerrimi
1725 1068 1895 1107 aedificii,
1932 1072 2082 1114 scilicet,
2117 1089 2180 1120 po-

1185 1115 1281 1148 litiae
1302 1115 1427 1155 lsrael,
1458 1114 1524 1149 hoc
1540 1123 1608 1154 est,
1637 1119 1760 1152 doctor
1778 1119 1879 1163 legis,
1908 1134 1974 1167 qua
1994 1129 2177 1162 consocia—

1184 1174 1239 1199 tus
1257 1173 1307 1200 est
1331 1168 1483 1211 populns
1504 1167 1624 1203 lsrael.

1285 1217 1354 1252 Sed
1372 1220 1662 1262 respondendum
1681 1228 1749 1262 est,
1779 1219 1836 1255 hic
1860 1223 1934 1257 fieri
1959 1228 2176 1264 mentionem

1183 1270 1224 1301 de
1253 1269 1369 1314 lapide
1394 1271 1577 1313 angulari,
1613 1271 1675 1316 qui
1705 1284 1778 1307 nou
1804 1280 1941 1308 tantum
1967 1285 2015 1311 est
2043 1280 2176 1321 doctor,

1183 1321 1241 1353 sed
1264 1321 1415 1354 salvator
1433 1329 1466 1355 et
1486 1322 1654 1355 liberator
1675 1335 1692 1355 a
1713 1331 1826 1358 morte
1842 1333 2000 1369 aeterna,
2021 1332 2081 1375 qui
2100 1334 2175 1366 dis-

1181 1373 1378 1404 cernendus
1405 1379 1454 1405 est
1483 1385 1499 1405 a
1528 1374 1705 1416 patribus,
1741 1374 1928 1420 Prophetis
1965 1386 1997 1413 et
2030 1386 2174 1418 caeteris

1181 1423 1370 1463 ministris,
1400 1424 1489 1458 sicut
1504 1422 1855 1470 IohannesBiptista
1882 1430 2068 1475 aliquoties
2096 1448 2174 1469 mo-

1180 1473 1267 1506 nuit.
1322 1473 1461 1513 Patres,
1482 1473 1681 1519 Prophetae
1698 1483 1731 1509 et
1749 1479 1876 1512 caeteri
1895 1481 2068 1524 ministri,
2095 1493 2172 1520 tan-

1179 1532 1253 1558 tum
1284 1531 1368 1558 sunt
1402 1526 1580 1559 doctores:
1621 1534 1655 1560 at
1688 1528 1781 1562 filius
1814 1528 1881 1563 Dei
1913 1540 1963 1573 est
1991 1541 2023 1568 et
2049 1537 2174 1572 doctor

1179 1574 1365 1619 Evangelii
1391 1583 1422 1609 et
1454 1577 1620 1611 salvator.
1679 1576 1725 1612 Et
1750 1586 1800 1613 est
1826 1592 1965 1626 semper
1991 1586 2110 1621 efficax
2135 1590 2171 1623 iu

1178 1626 1350 1667 Ecclesia,
1384 1627 1532 1661 remittit
1563 1637 1701 1672 peccata
1734 1632 1977 1675 credentibus,
2017 1641 2172 1681 exaudit,

1178 1679 1237 1711 dat
1253 1677 1426 1722 Spiritum
1452 1687 1632 1720 sanctum,
1666 1683 1860 1717 sanctificat
1887 1688 1992 1720 corda
2022 1692 2171 1724 creden-

1177 1730 1283 1767 tium,
1318 1730 1447 1763 liberat
1472 1743 1530 1764 eos
1555 1743 1572 1764 a
1601 1734 1788 1778 tyrannide
1811 1735 1964 1778 diaboli,
1998 1741 2085 1783 regit
2113 1755 2170 1776 eos

1177 1781 1389 1814 mirabiliter
1406 1789 1438 1815 et
1456 1782 1552 1815 iuvat
1571 1783 1607 1815 in
1626 1785 1812 1827 periculis,
1839 1787 1898 1820 dat
1925 1789 2033 1823 vitam
2058 1801 2170 1828 aeter-

1175 1844 1277 1872 nam,
1303 1840 1334 1866 et
1361 1833 1506 1875 depellit
1523 1833 1719 1869 diabolum.
1773 1836 1874 1870 Haec
1897 1840 2036 1876 assidua
2060 1844 2168 1879 bene-

1175 1884 1249 1916 ficia
1289 1884 1444 1928 impertit
1484 1897 1586 1917 verae
1618 1884 1816 1928 Ecclesiae,
1875 1891 1963 1924 sicut
2009 1902 2041 1928 et
2083 1898 2168 1931 alias

1175 1946 1276 1979 saepe
1307 1935 1454 1968 dicitur:
1508 1935 1593 1970 Sine
1638 1950 1693 1970 me
1725 1937 1816 1972 nihil
1856 1944 1999 1985 potestis
2043 1946 2166 1983 facere.

1145 1997 1147 2008 ⁴
1176 1986 1281 2019 Item:
1309 1984 1500 2026 Ascendit,
1525 1989 1699 2032 captivam
1718 1991 1818 2025 duxit
1835 1995 2086 2039 captivitatem,
2109 2002 2167 2034 dat

1174 2038 1266 2071 dona
1298 2035 1517 2073 hominibuS.
1579 2040 1662 2073 Non
1690 2042 1883 2085 cogitemus
1914 2047 2071 2080 ociosum
2095 2064 2167 2085 esse

1174 2090 1382 2133 dominum,
1411 2092 1469 2123 sed
1489 2088 1545 2124 hic
1562 2091 1651 2136 lapis
1669 2094 1848 2136 angularis
1874 2109 1954 2129 vere
1981 2107 2167 2142 sustentat,

1173 2148 1204 2174 et
1221 2147 1327 2184 gestat
1345 2154 1420 2181 nos,
1450 2155 1488 2175 ac
1509 2143 1583 2176 vult
1601 2144 1766 2177 beneficia
1784 2157 1802 2178 a
1820 2147 1924 2179 nobis
1941 2148 2103 2195 intelligi,
2128 2163 2165 2188 et

1173 2193 1239 2225 fide
1257 2193 1347 2236 peti,
1375 2206 1464 2238 quae
1481 2194 1624 2239 quidem
1644 2196 1875 2238 experiuntur
1889 2202 1999 2234 sancti
2027 2203 2061 2235 in
2081 2207 2166 2238 assi-

1173 2244 1251 2276 duis
1268 2245 1559 2285 liberationibus,
1587 2246 1675 2279 sicut
1696 2247 1861 2282 viderunt
1881 2244 2071 2287 Ecclesiam
2097 2258 2165 2289 mi-

1172 2295 1332 2329 rabiliter
1362 2297 1493 2329 servari
1527 2303 1559 2329 et
1593 2298 1753 2338 defendi,
1796 2298 1890 2341 Noti,
1920 2301 2070 2347 Mones,
2099 2307 2166 2341 Sa-

1144 2384 1146 2390 ,
1174 2347 1285 2387 muel,
1312 2348 1446 2391 David,
1475 2345 1656 2387 Ezechias,
1687 2348 1870 2391 Ieremias,
1899 2351 2036 2394 Daniel,
2067 2356 2166 2402 Apo..

1172 2399 1254 2431 stoli
1270 2405 1303 2432 et
1321 2400 1446 2432 caeteri
1474 2399 1534 2443 pii.
1587 2397 1720 2444 Estque
1749 2399 1805 2435 hic
1829 2404 1943 2437 cultus
1971 2418 2071 2441 verae
2097 2408 2165 2444 Ec-

1144 2461 1146 2465 ·
1173 2450 1312 2490 clesiae,
1340 2450 1377 2482 in
1396 2448 1461 2483 hac
1476 2451 1543 2483 fide
1560 2450 1726 2484 invocare
1741 2452 1881 2495 Deum,
1912 2464 2026 2499 petere
2052 2468 2081 2494 et
2108 2475 2166 2496 ex-

1173 2508 1311 2545 pectare
1334 2502 1507 2535 auxilium
1539 2508 1572 2535 et
1596 2502 1862 2544 liberationem,
1900 2516 2044 2552 propter
2072 2512 2165 2547 Mes-

1172 2553 1278 2591 siam,
1307 2553 1367 2598 qui
1392 2561 1442 2587 est
1467 2553 1556 2598 lapis
1580 2554 1768 2597 angularis.
1823 2557 1921 2593 Sicut
1947 2559 2020 2603 ipse
2045 2564 2166 2598 clami-

1171 2611 1236 2638 tat:
1262 2603 1390 2637 Venite
1407 2606 1448 2638 ad
1469 2617 1524 2638 me
1542 2617 1685 2646 omnes,
1715 2607 1776 2652 qui
1795 2608 1962 2644 laboratis
1981 2620 2013 2646 et
2029 2618 2165 2650 onerati

1172 2656 1272 2694 estis,
1301 2663 1333 2690 et
1359 2667 1421 2699 ego
1446 2656 1599 2690 reficiam
1628 2669 1701 2691 vos.
1766 2657 1870 2693 Item:
1899 2661 2078 2710 Quicquid
2108 2681 2168 2712 pe-

1172 2707 1299 2741 tieritis
1319 2715 1453 2752 patrem
1473 2709 1509 2741 in
1527 2708 1673 2741 nomine
1692 2722 1792 2753 meo,
1812 2709 1878 2746 hoc
1895 2714 2028 2749 faciam.
2067 2717 2170 2753 Item:

1572 2758 1650 2793 91*
