2379 2948
5 1501 13 1586 -ν-ν-ικι
16 1479 17 1482 „

12 1840 20 1896 .υ-
9 1797 12 1810 ⁴·

12 1900 21 1940 -...‚

144 110 219 145 733
761 105 805 141 V.

143 191 266 225 cienda
290 196 340 223 est
364 195 480 222 autem
508 188 782 234 consequentia,
810 195 849 222 nt
873 198 978 231 supra
1000 187 1043 219 de
1061 199 1138 219 am-

141 241 257 285 biguis
277 241 412 274 dictum
429 247 499 280 est,
527 240 611 285 quia
629 240 721 273 fiunt
738 246 892 284 quatuor
908 237 1063 271 termini.

244 298 333 332 Tale
352 305 385 332 et
402 304 501 331 vetus
519 296 697 331 Graecum
714 295 913 339 exemplum
932 301 998 328 est:

864 103 1188 140 EROTEMATA
1222 100 1562 138 DIALECTICES.

2108 95 2181 130 734

1191 198 1274 219 nor:
1302 184 1413 218 Nemo
1428 191 1541 219 servat
1558 184 1732 217 mandata.
1787 181 1862 215 Imo
1880 191 2001 215 omnes
2018 183 2179 216 conversi

1190 238 1233 270 ad
1259 235 1374 269 Deum
1401 243 1541 269 servant
1571 236 1757 275 mandata,
1792 232 2025 278 imputatione
2058 239 2090 265 et
2123 233 2178 266 in-

1162 274 1396 337 {choationffi
1433 287 1467 320 id
1501 293 1567 327 est,
1600 286 1739 330 placent
1762 284 1838 318 Deo
1870 289 2014 329 propter
2039 282 2179 316 Media-

298 349 480 394 Quicquid
501 354 552 381 est
569 348 606 380 in
624 358 701 379 mea
719 347 839 389 domo,
867 345 971 379 estin
988 345 1134 390 oppido,
1162 340 1163 353 ¹
1188 345 1300 372 torem
1333 338 1420 379 fide,
1463 344 1496 371 et
1527 334 1659 370 habent
1695 333 1896 369 inchoatam
1927 334 2178 375 obedientiam,

293 400 430 435 Unicus
447 400 527 432 sons
545 404 594 431 est
611 397 649 429 in
668 408 744 430 mea
763 397 881 430 domo.

296 450 391 495 Ergo
408 450 532 484 unicus
549 449 630 482 fons
646 455 697 481 est
714 448 751 480 in
769 448 914 492 oppido.

142 718 179 749 in
199 727 274 750 mea
292 715 419 753 domo,
447 711 551 745 simul
571 712 674 746 estin
693 711 837 756 oppido.

244 773 331 808 Tale
351 778 384 806 et
401 771 492 806 illud
512 778 578 806 est:

294 824 378 859 Sola
396 823 560 857 voluntas
578 824 665 864 vult,

294 874 470 908 Voluntas
486 886 670 919 nunquam
688 881 739 908 est
758 874 844 912 sola,

294 926 408 970 Igitur
426 937 500 959 non
519 926 594 960 vult
610 926 695 960 sola.

240 985 430 1021 Exclusiva
451 985 665 1020 determinat
684 985 941 1030 praedicatum:
972 986 1067 1027 vult,
1098 986 1134 1019 id

139 1046 208 1078 est,
237 1038 403 1072 voluntas
422 1037 517 1079 vult,
545 1045 578 1072 et
595 1050 668 1071 non
686 1038 752 1071 alia
771 1037 940 1080 potentia.
995 1037 1135 1070 Interea

137 1098 256 1125 tamen
278 1101 353 1123 non
372 1095 423 1122 est
441 1088 527 1124 sola.
583 1087 624 1121 In
642 1086 799 1122 Ecclesia
817 1095 850 1122 et
869 1088 907 1121 in
926 1088 1004 1122 foro
1020 1089 1134 1133 pluri-

137 1153 194 1175 ma
217 1147 299 1175 sunt
321 1140 478 1184 exempla
494 1137 603 1174 huius
619 1139 793 1173 fallaciae.
846 1139 958 1184 Saepe
975 1140 1133 1173 membra

138 1193 176 1225 in
207 1192 312 1226 dictis
343 1188 561 1236 propheticis
592 1198 625 1225 et
645 1190 848 1235 apostolicis
870 1197 902 1224 et
929 1191 1015 1224 alibi
1042 1191 1134 1224 male

138 1243 423 1287 distinguuntur,
440 1248 479 1275 ut
496 1239 631 1278 loh.1.:
657 1241 764 1284 Quod
781 1242 911 1275 facturn
928 1242 1029 1275 estin
1047 1242 1134 1286 ipso,

138 1301 213 1328 erat
246 1295 338 1336 vita,
376 1293 516 1336 insigne
549 1300 704 1327 erratum
738 1300 788 1326 est
822 1293 860 1325 in
891 1293 1134 1327 distinctione.

137 1344 228 1378 Nam
252 1341 338 1376 haec
361 1344 553 1387 parlim-¹1³³
590 1343 697 1385 QUOd
721 1344 855 1377 factum
879 1350 946 1384 ‘'St)
981 1345 1134 1388 Pertinet
1159 1362 1161 1400 ’ξ
1187 1373 1251 1405 pro
1279 1371 1386 1400 sono,
1414 1359 1469 1392 vel
1493 1365 1532 1391 ut
1553 1358 1591 1389 in
1615 1357 1750 1389 artibus
1779 1355 1924 1399 aliquod
1946 1353 1995 1386 eis
2019 1353 2180 1385 accidens

137 1397 182 1429 ad
213 1394 375 1438 superius
406 1393 624 1426 membrum:
657 1391 743 1426 Sine
774 1395 850 1436 ipso
881 1392 975 1425 nihil
1000 1395 1132 1427 factum

138 1453 199 1481 est.
236 1444 308 1479 Nec
327 1451 377 1478 est
394 1444 510 1477 ociosa
527 1440 772 1491 ταυτολογία,
799 1443 860 1476 sed
878 1443 1052 1477 exclusive
1069 1457 1133 1489 po-

138 1498 248 1532 nitur.

138 1606 172 1633 et
190 1605 352 1632 mortem.

240 1649 330 1683 Item
355 1659 456 1692 saepe
479 1647 635 1682 citantur
655 1647 818 1681 mutilata
835 1647 1034 1681 testimonia
1048 1673 1057 1686 ‚
1085 1655 1136 1689 ut,

138 1713 218 1736 cum
238 1700 360 1734 Iudaei
384 1699 560 1744 colligunt
583 1699 677 1732 dicta
700 1700 743 1731 de
767 1698 925 1731 victoriis
950 1706 984 1731 et
1007 1699 1136 1732 trium-

138 1750 218 1797 phis
236 1750 409 1790 Messiae,
436 1756 467 1782 et
493 1749 703 1793 praecidunt
719 1749 922 1782 testimonia
940 1750 983 1782 de
1000 1750 1135 1794 passio-

139 1815 191 1837 ne.
260 1800 308 1836 Et
331 1800 437 1835 multi
463 1800 573 1833 citant
597 1801 689 1834 dicta
715 1800 758 1833 de
785 1800 878 1843 lege,
912 1812 976 1833 nec
999 1801 1136 1834 addunt

139 1854 226 1898 legis
251 1852 566 1897 interpretationes
591 1864 631 1884 ex
647 1849 856 1894 Evangelio.
910 1850 1009 1885 Talis
1025 1852 1136 1885 muti-

138 1906 224 1940 latio
241 1904 395 1950 pertinet
413 1903 455 1936 ad
474 1903 649 1936 fallaciam
668 1902 870 1938 divisionis.

534 2000 741 2044 Exemplum.

297 2065 335 2100 Si
351 2064 403 2098 vis
419 2064 558 2108 ingredi
576 2065 614 2098 in
632 2065 761 2106 vitam,
789 2076 887 2098 serva
907 2064 1084 2105 mandata,

296 2116 409 2150 Nemo
442 2124 559 2150 servat
588 2117 755 2150 mandata
780 2117 818 2149 in
841 2114 907 2150 hac
930 2116 1135 2149 infirmitate

349 2173 496 2201 naturae
513 2165 705 2210 humanae,
733 2168 771 2201 in
788 2180 856 2214 qua
874 2179 979 2201 nemo
997 2173 1047 2201 est
1060 2167 1135 2200 sine
1160 2187 1161 2190 =

350 2225 502 2262 peccato,

297 2267 394 2313 Ergo
412 2281 516 2303 nemo
535 2269 737 2314 ingreditur
754 2271 792 2304 in
812 2271 933 2305 vitam.

246 2327 456 2373 Responde:
492 2327 611 2362 Maior
642 2337 744 2364 sonat
776 2337 816 2365 ut
843 2343 911 2363 vox
934 2329 1039 2373 legis,
1075 2329 1133 2362 sed

143 2381 306 2415 addenda
324 2385 376 2413 est
393 2378 639 2422 interpretatio
656 2394 696 2415 ex
711 2381 928 2426 Evangelio,
956 2381 1037 2426 quia
1055 2380 1135 2413 finis

143 2433 230 2476 legis
263 2437 313 2465 est
345 2427 520 2464 Christus.
600 2430 711 2466 Docet
739 2440 856 2467 autem
886 2430 1134 2476 Evangelfflm,

144 2493 332 2518 conversos
357 2482 400 2515 ad
424 2479 539 2514 Deum
563 2481 673 2516 iustos
696 2495 768 2517 esse
792 2485 860 2518 fide
886 2491 1031 2528 propter
1054 2483 1133 2516 Me-
1158 2500 1160 2528 j

1159 2536 1160 2540 ¹
1187 2544 1220 2571 et
1242 2542 1390 2575 crescat,
1418 2541 1450 2567 et
1474 2545 1547 2567 non
1573 2530 1735 2565 funditus
1761 2529 1909 2562 intereat
1927 2525 2083 2561 Ecclesia
2105 2533 2177 2561 tua.

144 2535 333 2572 diatorem‚
360 2539 394 2567 et
406 2530 748 2567 habereinchoatam
762 2536 1016 2573 obedientiam,
1045 2547 1133 2580 quae

143 2586 247 2620 etiam
284 2584 398 2629 placet
439 2590 583 2629 propter
624 2583 860 2619 Mediatorem
892 2585 1026 2620 Filium
1057 2585 1159 2630 Dei.{

142 2637 237 2671 Haec
261 2642 360 2670 tanta
383 2642 416 2669 et
440 2642 510 2668 tam
532 2635 645 2669 dulcis
663 2633 832 2671 ἐπιείκεια
847 2637 992 2671 additur
1008 2637 1076 2681 legi
1094 2638 1132 2670 in

143 2685 348 2731 Evangelio.

398 2683 580 2731 Explicata
610 2687 761 2729 maiore,
797 2688 956 2732 neganda
986 2695 1036 2722 est
1065 2688 1132 2721 mi·
1156 2725 1159 2727 ,

1160 404 1163 438 3
1189 401 1278 435 quae
1302 389 1339 422 in
1364 389 1495 423 talibus
1521 387 1627 421 etiam
1644 386 1719 419 Deo
1741 388 1870 430 placet,
1899 392 1930 419 et
1956 385 2094 419 iusticia
2111 396 2178 418 no-

1160 440 1162 482 l
1187 441 1355 473 minatur.

244 510 341 554 Nego
365 507 674 553 consequentiam,
704 506 786 551 quia
803 507 1012 550 ambiguitas
1029 514 1076 541 est
1097 508 1134 540 in
1160 488 1162 548 Jy
1189 499 1222 526 et
1240 491 1433 525 ⁰0n01U510·

142 562 398 608 compositione
422 558 615 603 particulae
638 556 804 604 (unicus)
829 570 919 603 quae
936 570 1010 592 non
1030 559 1135 594 debet
1160 555 1162 589 ἰ

142 615 265 648 referri
282 614 323 646 ad
344 610 583 656 praedicatum
600 608 659 655 (in
680 607 846 654 oppido),
871 610 930 643 sed
947 607 1033 643 haec
1049 622 1134 643 con·
1160 605 1163 640 'e

142 666 254 699 clusio
278 662 450 708 sequitur:
478 659 574 703 Ergo
600 667 633 694 et
657 657 714 693 hic
734 660 831 699 fons,
861 661 1065 705 quinniens
1084 668 1135 695 est
1159 656 1163 684 ἲ
1500 694 1508 701 ·
1570 693 1578 700 ·
1940 691 1947 697 .

1160 711 1162 730 ¹,
1188 708 1249 729 seu
1266 707 1421 734 errores,
1448 707 1510 739 qul
1527 700 1694 727 oriuntur
1709 705 1749 726 ex
1766 693 2019 736 depravatlone
2037 702 2178 723 casuum

1418 438 1564 474 Reiecta
1587 438 1696 481 igitur
1720 438 1878 477 minore,
1912 436 2101 470 reiicienda
2128 442 2179 469 est

1505 577 1646 621 Fiyura
1671 574 1862 609 dictionis.

1291 640 1573 688 Comprehendit
1602 643 1726 686 figura*
1745 640 1911 675 dictionis
1934 640 2178 683 ambiguitates

1189 754 1248 781 aut
1267 758 1435 790 generum
1447 773 1455 786 ,
1483 752 1543 779 aut
1559 757 1598 778 ex
1609 744 1995 790 Syncategorematum‚
2023 749 2063 775 ut
2078 753 2179 785 prae-

1189 799 1408 843 positionum
1431 803 1491 830 aut
1515 795 1827 836 coniunctionum,
1856 794 1980 828 abusu.
2035 791 2179 825 Talium

1189 849 1282 882 enim
1301 848 1553 893 particularum
1571 858 1696 890 magna
1713 846 1765 879 vis
1780 852 1829 879 est
1845 845 1883 878 in
1902 855 2073 878 sermone.
2122 843 2180 875 Ad

1188 899 1280 934 hanc
1296 900 1472 934 fallaciam
1492 899 1642 943 pertinet
1658 897 1760 930 etiam
1779 909 1889 936 error,
1916 907 1994 928 curn
2011 906 2084 928 non
2101 894 2180 926 ani-

1188 952 1377 985 madvertit
1396 951 1523 990 lector,
1547 962 1592 983 an
1610 949 1820 982 vocabulum
1839 947 1991 992 positum
2009 946 2054 979 sit
2071 945 2180 988 signi-

1188 1003 1342 1044 ficative,
1376 1014 1421 1035 an
1455 1013 1537 1034 vero
1568 1001 1742 1045 τεχνικῶς
1774 1011 1835 1032 seu
1856 997 2105 1034 materialiter,
2140 1002 2179 1029 ut

1189 1055 1293 1098 vulgo
1308 1054 1508 1087 nominant.
1561 1050 1775 1095 Exemplum
1792 1050 1885 1095 apud
1896 1048 2074 1094 *Senecam
2093 1053 2159 1080 est:

1343 1104 1427 1138 Mus
1444 1103 1540 1137 rodit
1557 1114 1708 1143 caseum,

1342 1155 1426 1189 Mus
1443 1162 1490 1188 est
1509 1154 1654 1199 syllaba,

1341 1207 1454 1249 Igitur
1470 1206 1603 1251 syllaba
1622 1204 1717 1238 rodit
1732 1215 1883 1238 caseum.

1290 1258 1411 1292 Sciant
1437 1264 1552 1290 autem
1579 1256 1737 1289 iuniores
1762 1253 1933 1287 vocabula
1959 1251 2044 1296 poni
2061 1262 2180 1295 τεχνι-

1187 1312 1279 1349 κῶς,
1318 1321 1397 1343 cum
1429 1320 1502 1341 non
1533 1306 1762 1350 significative
1794 1310 2000 1348 ponuntur,
2036 1303 2095 1335 sed
2123 1301 2179 1334 vel

1187 1411 1376 1450 tribuitur,
1406 1415 1444 1442 ut
1462 1420 1542 1441 cum
1560 1407 1726 1440 dicimus:
1755 1403 1902 1439 Animal
1918 1410 1969 1437 est
1986 1403 2104 1436 neutri
2121 1414 2180 1446 ge·-

1159 1491 1160 1495 ,
1187 1461 1302 1501 neris,
1347 1473 1426 1493 cum
1459 1459 1496 1492 in
1530 1465 1654 1492 natura
1677 1456 1871 1502 {quodlibet
1895 1454 2027 1489 animal
2052 1454 2096 1487 sit
2119 1459 2180 1486 aut

302 1495 486 1539 Significat
509 1495 604 1528 enim
631 1495 805 1540 quaedam
829 1494 996 1528 accidisse
1013 1495 1134 1540 generi
1159 1511 1160 1534 1
1186 1524 1261 1545 mas
1277 1519 1334 1546 aut
1353 1511 1520 1545 foemina,

137 1546 316 1589 humano,
341 1558 430 1592 quae
449 1559 523 1580 non
541 1552 623 1580 sunt
639 1546 748 1587 facta,
775 1545 925 1588 scilicet,
952 1553 1133 1591 peccatum
1159 1558 1161 1567 ¹

1574 1508 1626 1543 De
1641 1508 1839 1542 mutatione
1857 1517 2000 1540 casuum
2024 1505 2180 1539 recitabo

1187 1563 1323 1608 puerile
1343 1563 1562 1606 exemplum,
1590 1568 1629 1594 ut
1646 1561 1760 1593 forma
1778 1559 1881 1593 citius
1899 1564 2127 1602 agnoscatur:

1340 1613 1470 1647 Caseus
1487 1619 1537 1646 est
1554 1624 1720 1657 nequam,

1342 1664 1402 1698 Tu
1421 1676 1456 1697 es
1473 1674 1624 1703 caseum,

1339 1713 1434 1758 Ergo
1453 1722 1491 1748 tu
1511 1725 1546 1747 es
1562 1725 1726 1759 nequam.

1291 1764 1368 1799 Etsi
1393 1773 1509 1799 autem
1534 1765 1621 1798 haec
1642 1765 1754 1797 forma
1780 1762 1931 1796 ridicula
1958 1768 2026 1802 est,
2061 1767 2178 1795 tamen

1188 1818 1299 1851 multa
1317 1830 1390 1850 non
1409 1817 1498 1850 levia
1516 1823 1628 1849 errata
1647 1815 1734 1848 oriri
1752 1826 1792 1848 ex
1810 1813 1934 1848 talium
1959 1813 2179 1846 minutarum

1189 1868 1442 1911 particularum
1460 1866 1711 1911 depravatione
1721 1871 1869 1903 constat,
1893 1870 1934 1897 ut
1944 1862 2180 1897 ostenditLa-

1189 1920 1264 1953 tina
1289 1919 1394 1953 lectio
1410 1918 1654 1958 Psalmorum,
1679 1918 1716 1950 in
1737 1929 1805 1962 qua
1824 1926 1925 1959 saepe
1945 1915 2113 1948 mendosa
2129 1920 2179 1946 est

1160 1991 1163 2006 ι
1189 1970 1452 2015 interpretatio:
1495 1969 1626 2004 Psalm.
1657 1968 1718 2003 67.
1758 1966 1939 2002 Confirma
1972 1963 2041 1999 hoc
2072 1964 2181 2004 Deus,

1189 2023 1283 2068 quod
1304 2028 1468 2066 operatus
1487 2027 1538 2054 est
1555 2020 1593 2053 in
1608 2019 1731 2060 nobis,
1759 2031 1777 2052 a
1794 2018 1926 2062 templo
1945 2024 2005 2051 tuo
2022 2017 2058 2049 in
2080 2015 2179 2049 Ieru-

1189 2074 1307 2107 salem.
1351 2072 1420 2106 Hic
1436 2071 1563 2106 Latina
1583 2071 1688 2105 lectio
1712 2068 1805 2103 nihil
1827 2068 2020 2113 significat,
2046 2080 2064 2101 a
2090 2074 2179 2101 tem-

1188 2125 1260 2169 plo.
1316 2123 1384 2159 Sed
1403 2122 1617 2168 praepositio
1634 2120 1771 2156 Ebraea
1791 2120 1877 2154 alias
1893 2120 1955 2160 ab,
1982 2119 2069 2152 alias
2085 2129 2179 2162 prae,

1188 2177 1274 2210 alias
1306 2181 1449 2220 propter
1479 2174 1665 2218 significat.
1734 2172 1774 2207 Si
1805 2169 1864 2205 hic
1886 2171 1998 2213 legas,
2034 2175 2178 2213 propter

1188 2228 1360 2272 templum
1384 2227 1451 2260 erit
1468 2226 1652 2270 perspicua
1667 2223 1853 2258 sententia.
1905 2219 1969 2254 Est
1985 2220 2078 2253 enim
2096 2219 2178 2252 dul-

1161 2294 1162 2302 *
1188 2280 1236 2313 cis
1261 2278 1432 2324 precatio,
1460 2284 1495 2311 et
1520 2288 1622 2320 saepe
1646 2273 1702 2309 his
1727 2275 1810 2319 ipsis
1835 2271 1952 2305 verbis
1977 2271 2177 2316 repetenda,

1188 2342 1340 2377 quorum
1364 2327 1449 2363 haec
1475 2335 1524 2362 est
1549 2327 1739 2362 sententia:
1773 2323 1862 2359 Cum
1887 2322 2088 2356 accenderis
2111 2322 2177 2355 do-

1187 2382 1337 2416 ctrinam
1360 2388 1393 2415 et
1419 2381 1531 2414 lucem
1557 2386 1651 2412 tuam
1668 2377 1705 2410 in
1724 2375 1845 2415 nobis,
1872 2374 2001 2407 adiuva
2019 2371 2104 2406 haec
2122 2384 2176 2406 sa-

1187 2433 1314 2468 lutaria
1340 2432 1461 2476 initia,
1491 2438 1523 2464 et
1542 2428 1740 2464 doctrinam
1757 2426 1863 2460 latius
1883 2431 2093 2469 propagato,
2120 2424 2175 2457 id-

1186 2498 1254 2531 que
1280 2483 1385 2518 facias
1409 2489 1553 2527 propter
1575 2479 1767 2522 templum,
1801 2478 1837 2510 id
1861 2483 1928 2517 est,
1955 2483 1995 2510 ut
2018 2481 2177 2509 servetur

1186 2587 1302 2631 Quam
1321 2586 1433 2619 varias
1449 2583 1703 2628 disputationes
1719 2579 1857 2624 peperit
1872 2579 2022 2612 dictum:
2051 2575 2176 2623 Aquae

1186 2651 1276 2684 quae
1296 2649 1399 2681 supra
1416 2636 1530 2669 coelos
1547 2640 1641 2668 sunt.
1696 2631 1786 2666 Cum
1803 2631 1847 2664 sit
1863 2628 2022 2675 phrasis:
2051 2629 2175 2674 Aquae

1186 2701 1274 2735 quae
1307 2695 1389 2721 sunt
1416 2698 1520 2731 supra
1549 2686 1586 2718 in
1612 2684 1754 2728 regione
1779 2682 1940 2720 caelesti,
1975 2682 2010 2714 id
2037 2687 2102 2721 est,
2138 2680 2177 2713 in
