2379 2948
100 128 192 163 1021

249 213 295 246 Et
311 221 413 246 nunc
431 221 540 259 reyes
555 212 768 259 intelligite.

198 268 413 305 Adhortatio
437 272 481 304 ad
507 272 770 314 agnoscendum
793 276 826 303 et
846 270 1090 304 venerandum

95 320 190 356 hunc
219 333 354 365 regem:
392 329 426 357 et
446 321 657 355 nominatim
684 320 880 366 alloquitur
903 332 1017 364 reges,
1051 329 1090 356 ut

94 374 206 408 sciant
237 386 271 406 se
304 385 446 419 quoque
476 372 663 405 inferiores
689 383 761 405 esse
787 370 854 405 hoc
880 370 1037 406 Domino
1061 381 1093 408 et

95 423 190 459 hunc
206 425 365 458 futurum
382 424 543 457 omnium
563 435 685 466 regum
704 423 870 457 iudicem.

196 483 243 518 Et
265 482 509 517 dulcissimum
531 478 656 520 πάθος
679 489 728 516 est
753 483 797 515 de
820 483 927 516 modo
950 483 1091 517 colendi

93 535 199 569 huius
217 534 363 568 Domini
380 534 418 566 in
435 531 491 566 his
511 533 642 566 verbis:
671 529 914 567 Osculamim'
929 531 1088 571 Filium.

94 587 320 630 significatur
342 596 424 628 ergo
449 584 499 617 sic
524 584 694 617 advenire
708 613 716 626 ‚
744 593 782 620 ut
798 586 1006 620 suavissime
1025 599 1089 621 nos

92 638 304 672 salutaturus
328 636 389 670 sit:
418 647 492 668 non
511 635 629 669 veniet
643 643 682 670 ut
700 638 823 681 perdat
838 649 948 681 genus
962 635 1088 672 huma-

93 701 179 723 num
192 714 201 727 ‚
229 689 287 721 sed
310 693 349 720 ut
368 698 491 720 omnes
510 688 554 720 ad
571 687 687 731 ipsum
704 689 945 732 confugientes
965 697 1089 732 servet,

92 742 182 774 sicut
207 739 341 784 inquit:
370 737 500 772 Venite
526 739 569 771 ad
597 751 652 773 me
678 751 801 773 omnes
826 741 887 785 qui
906 741 1086 776 laboratis.

91 791 186 825 Haec
217 802 283 823 vox
316 796 366 823 est
396 789 527 823 blanda
562 790 748 832 salutatio,
784 798 815 824 et
841 791 1086 825 dulcissimum

90 842 269 882 osculum,
312 841 408 886 quod
445 840 550 875 offert
585 841 702 877 nobis.
769 841 851 875 Non
886 842 1087 887 ingreditur

88 892 373 938 Hierosolymam
405 889 588 933 Christus,
637 900 676 927 ut
707 891 869 927 Herodes
903 895 1086 929 trucidans

90 944 281 990 populum,
310 944 369 976 sed
390 943 542 976 offerens
560 945 708 978 salutem
727 945 905 981 omnibus.

189 1001 237 1037 Et
255 1014 376 1036 rursus
392 1003 680 1036 ardentissimum
699 999 824 1042 πάθος
841 1010 909 1045 est,
936 1004 973 1037 in
991 1016 1085 1038 nun-

88 1056 275 1099 cupatione
300 1053 401 1087 Filii:
435 1060 597 1087 aeternus
627 1061 726 1099 pater
756 1054 855 1088 iubet
886 1061 925 1089 ut
951 1054 1085 1090 Filium

87 1107 357 1152 amplectamur,
385 1105 588 1147 audiamus,
617 1106 836 1147 osculemur,
865 1118 945 1150 ergo
962 1107 1085 1151 etipse

86 1159 203 1202 diligit
223 1157 308 1190 Filii
325 1156 467 1193 amicos.

188 1216 328 1251 Deinde
354 1227 487 1260 poenae
512 1217 814 1251 contemnentium
834 1217 966 1252 Filium
993 1218 1084 1252 reci-

86 1276 217 1303 tantur.
271 1266 319 1301 Et
345 1267 489 1300 additur
512 1265 698 1301 antithesis
715 1269 758 1302 de
775 1270 940 1314 praemiis
959 1282 1080 1302 eorum

86 1321 148 1367 qui
165 1320 297 1353 Filium
325 1318 496 1358 audiunt,
524 1325 557 1351 et
580 1319 623 1351 de
644 1321 750 1353 modo
770 1333 839 1365 quo
857 1321 1082 1365 adplicantur

85 1372 169 1405 Filii
192 1369 380 1405 beneficia:
407 1366 524 1401 Beati
546 1380 667 1402 omnes
686 1370 752 1417 qui
765 1369 952 1417 confidunt
972 1370 1011 1404 in
1029 1383 1079 1406 e0.

84 1423 153 1457 Hic
176 1421 338 1456 doctriua
357 1422 400 1453 de
417 1421 485 1453 fide
501 1427 533 1453 et
551 1422 594 1454 de
612 1421 749 1456 iusticia
769 1424 849 1457 fidei
868 1423 1079 1458 continetur.

85 1475 262 1509 Adfirmat
288 1473 409 1506 beatos
434 1472 509 1505 fore
534 1469 717 1515 homines,
744 1474 780 1508 id
805 1482 876 1517 est,
903 1475 1035 1508 liberos
1061 1486 1078 1507 a

85 1533 244 1573 peccato,
277 1530 409 1564 morte,
440 1523 629 1568 tyrannide
659 1525 813 1568 diaboli,
848 1527 877 1559 si
899 1527 1080 1560 confidant

85 1592 120 1613 se
142 1584 286 1623 propter
306 1575 418 1607 filium
442 1587 459 1607 a
479 1572 554 1607 Deo
578 1575 707 1620 recipi,
738 1584 771 1610 et
791 1590 853 1622 per
878 1578 990 1611 filium
1017 1579 1079 1610 de-

83 1631 180 1665 fendi
207 1636 240 1662 et
265 1625 409 1661 servari.
464 1623 565 1658 Hanc
589 1628 787 1661 doctrinam
810 1641 883 1662 non
903 1629 1079 1672 intellige-

83 1685 170 1718 bant
193 1679 375 1714 Pharisaei
408 1685 441 1712 et
464 1676 525 1710 alii
549 1675 773 1724 hypocritae,
809 1682 967 1725 oppressi
992 1681 1080 1713 ima-

83 1733 325 1780 ginationibus
348 1728 514 1764 humanis
533 1737 566 1763 et
584 1728 840 1774 philosophicis
856 1733 899 1765 de
918 1732 1078 1777 discipli—

83 1800 128 1821 na
141 1813 150 1830 ,
179 1793 211 1819 et
229 1784 289 1830 qui
308 1783 421 1817 Deum
438 1781 662 1815 dubitatione
681 1781 907 1818 invocabant.

186 1845 256 1880 Sed
274 1840 471 1888 Prophetae
488 1841 716 1875 inculcarunt
732 1854 851 1876 veram
870 1844 913 1876 de
931 1844 998 1877 fide
1014 1844 1078 1877 do-

82 1897 232 1933 ctrinam
245 1923 254 1941 ,
284 1903 316 1930 et
335 1902 455 1939 postea
471 1891 634 1927 Christus
650 1901 682 1927 et
699 1893 876 1938 Apostoli.
930 1894 975 1929 Et
994 1893 1078 1929 haec

82 1949 250 1984 discenda
273 1954 324 1981 est
346 1947 384 1979 in
407 1945 501 1978 veris
525 1945 697 1978 exercitiis
723 1945 972 1982 invocationis.
1026 1946 1078 1980 Ac

82 2012 225 2046 prorsus
241 2000 334 2032 idem
351 1998 437 2031 dicit
452 1995 509 2030 hic
526 1996 705 2037 Psalmus,
733 1998 827 2042 quod
843 1996 1003 2042 Baptista
1022 1999 1078 2030 in-

83 2052 161 2098 quit
176 2049 299 2085 Iohan.
317 2049 370 2083 3.:
398 2049 471 2094 Qui
486 2049 599 2082 credit
614 2048 652 2081 in
668 2047 819 2090 Filium,
847 2047 950 2083 habet
969 2049 1077 2083 vitam

83 2109 280 2142 aeternam,
307 2101 368 2146 qui
390 2113 463 2134 non
482 2100 595 2134 credit
610 2099 647 2132 in
665 2099 798 2133 Filium
812 2127 821 2141 ‚
848 2112 922 2135 non
941 2101 1078 2135 videbit

82 2155 191 2189 vitam
204 2181 213 2195 ,
241 2153 300 2186 sed
319 2152 370 2186 ira
387 2151 455 2186 Dei
472 2158 591 2186 manet
605 2163 713 2196 super
729 2163 822 2187 eum,

220 2257 559 2302 Argumentum
593 2266 643 2289 ac
677 2254 938 2300 dispositio

441 2322 602 2363 Psalmi
640 2323 715 2365 ΙΙΙ.

132 2402 293 2436 Domine
314 2397 403 2445 quid
418 2399 670 2443 multiplicati
687 2403 778 2434 sunt
795 2398 984 2435 tribulant
1002 2409 1076 2443 me,

132 2454 240 2488 multi
258 2454 461 2498 insurgunt
479 2449 682 2485 adversum
697 2449 783 2486 me?

183 2520 327 2555 Similes
351 2524 452 2559 sunt,
479 2518 517 2551 in
531 2514 672 2553 Christo
695 2526 728 2553 et
743 2519 889 2554 caeteris
905 2518 1076 2553 membris

81 2570 259 2607 Ecclesiae
282 2570 350 2605 Dei
374 2570 602 2608 afflictiones,
635 2581 764 2613 agones
789 2577 822 2604 et
845 2570 1075 2614 precationes,

82 2624 144 2658 etsi
174 2624 210 2656 in
229 2621 371 2657 Christo
402 2621 629 2655 antecellunt.
698 2619 743 2654 Et
769 2618 967 2664 Prophetae
993 2634 1074 2655 cum

83 2675 296 2709 sustinerent
313 2685 395 2707 suos
412 2684 558 2716 agones,
586 2671 757 2705 videbant
774 2669 956 2706 Christum
975 2673 1074 2705 simi-

696 124 758 160 IX.
814 123 1179 160 COMMENTARII
1216 123 1265 159 IN
1298 122 1544 161 PSALMOS.

2044 132 2141 167 1022

1146 210 1294 245 Psalmis
1329 209 1463 246 Christi
1497 220 1530 248 et
1561 215 1713 250 aliorum
1743 215 1974 261 precantium.
2046 217 2139 260 Quia

1145 270 1261 297 autem
1284 263 1322 295 in
1340 261 1406 297 hoc
1422 263 1564 299 Psalmo
1581 264 1665 301 haec
1683 274 1764 302 sunt
1780 268 1885 302 verba
1899 295 1907 309 ‚
1936 264 2023 313 Ego
2039 268 2139 314 sopi-

1144 318 1202 348 tus
1219 326 1300 348 sum
1321 318 1351 347 et
1368 315 1536 356 surrexi,
1566 318 1646 352 ideo
1664 320 1950 353 accommodatur
1967 320 2010 352 ad
2030 317 2137 352 Chri-

1147 366 1190 399 sti
1217 373 1366 400 mortem
1391 373 1423 400 et
1450 370 1762 411 resurrectionem,
1798 371 1834 404 id
1860 382 1933 404 non
1960 371 2135 415 improbo.

1145 416 1233 451 Nam
1251 416 1427 462 Propheta
1452 419 1559 453 etiam
1582 432 1660 454 curn
1680 422 1730 460 yde
1759 434 1820 455 suo
1844 422 2001 466 periculo
2024 429 2056 455 et
2076 433 2135 455 sua

1145 469 1355 503 liberatione
1388 477 1568 513 precatur,
1602 478 1720 505 tamen
1753 473 1925 516 significat
1951 471 2134 506 Christum

1144 520 1271 553 similia
1304 532 1508 565 passurum,
1550 523 1621 556 imo
1648 523 1750 557 docet
1776 536 1841 557 nos
1869 532 2012 568 propter
2034 525 2135 558 illum

1143 571 1338 605 Dominum
1363 572 1519 607 liberari.
1573 572 1753 608 Redditur
1776 575 1880 608 nobis
1897 576 1968 609 vita
1986 583 2136 615 aeterna,

1143 624 1224 668 quia
1252 621 1393 657 Christo
1419 624 1600 666 redditur,
1627 632 1666 658 ut
1690 625 1782 659 infra
1808 625 1900 662 Psal.
1922 624 1978 662 15.
2008 627 2138 661 diserte

1142 674 1275 720 inquit:
1302 673 1385 709 Non
1408 675 1588 721 relinques
1612 677 1766 710 animam
1790 689 1904 711 meam
1926 678 1963 710 in
1982 678 2136 711 inferno.

1141 726 1316 760 Adfirmat
1339 724 1483 761 Christo
1508 728 1726 761 reddendam
1751 739 1824 762 esse
1846 728 1975 769 vitam,
2003 729 2062 762 sed
2089 729 2136 761 si-

1141 778 1216 810 mul
1240 777 1486 822 complectitur
1509 790 1544 812 se
1568 786 1601 813 et
1621 779 1742 813 omnia
1765 780 1923 813 membra
1947 777 2136 815 Ecclesiae.

1140 827 1252 862 Nobis
1272 830 1439 863 omnibus
1457 837 1603 874 propter
1620 828 1803 864 Christum
1822 831 1984 865 redditur
2000 831 2083 865 vita.

1242 878 1338 913 Haec
1359 881 1479 924 regula
1502 881 1540 914 in
1556 881 1707 915 Psalmis
1733 883 1957 923 observetur,
1984 888 2022 916 ut
2046 881 2133 915 scia-

1139 942 1217 964 mus
1233 942 1334 976 saepe
1350 944 1472 965 vocem
1488 932 1638 967 Davidis
1650 960 1659 974 ,
1687 933 1794 967 simul
1811 945 1883 967 esse
1899 946 2018 966 vocem
2029 931 2134 967 Chri-

1139 981 1205 1023 sti,
1238 988 1270 1015 et
1303 989 1446 1017 econtra
1477 996 1599 1017 vocem
1626 995 1698 1018 esse
1721 983 1869 1018 Davidis
1893 997 1952 1019 seu
1977 991 2133 1018 nostram

1138 1045 1270 1069 vocem.

1240 1083 1304 1119 Est
1328 1097 1409 1129 ergo
1432 1083 1490 1119 hic
1510 1085 1671 1121 Psalmus
1694 1087 1844 1121 suasorii
1869 1087 2025 1131 generis,
2053 1100 2134 1132 pre-

1138 1136 1246 1174 catio,
1276 1143 1314 1169 ut
1339 1138 1532 1171 liberemur
1558 1139 1595 1171 in
1619 1139 1820 1173 tristissimo
1841 1150 1973 1182 agone,
2000 1139 2062 1172 ubi
2081 1139 2133 1171 vi·

1137 1187 1264 1220 demur
1288 1188 1393 1221 etiam
1419 1200 1437 1221 a
1455 1187 1531 1222 Deo
1553 1190 1691 1224 abiecti.
1740 1189 1830 1223 Nam
1857 1188 1943 1223 haec
1966 1202 2033 1223 vox
2059 1202 2132 1223 non

1136 1238 1310 1281 significat
1340 1239 1434 1273 leves
1466 1251 1670 1274 aerumnas:
1707 1237 1797 1275 Non
1827 1245 1878 1275 est
1905 1239 2012 1274 salus
2036 1240 2069 1273 ei
2093 1240 2131 1273 in

1135 1287 1219 1321 Deo
1236 1301 1315 1324 suo·
1362 1288 1409 1324 Et
1427 1290 1535 1324 mixta
1555 1298 1605 1325 est
1622 1292 1816 1335 gratiarum
1835 1292 1938 1329 actio,
1966 1304 2052 1337 quae
2068 1293 2132 1325 do-

1135 1347 1198 1381 cet,
1229 1341 1350 1386 quales
1367 1341 1439 1375 sint
1453 1342 1682 1376 liberationes
1697 1343 1851 1385 divinae,
1879 1343 2010 1376 scilicet
2028 1344 2131 1386 longe

1134 1399 1339 1435 superantes
1356 1389 1549 1425 humanam
1567 1393 1773 1437 potentiam.

1237 1441 1384 1476 Initium
1409 1450 1460 1477 est
1484 1445 1643 1489 querela:
1672 1442 1798 1491 Quam
1822 1443 1934 1479 multi
1957 1450 2043 1479 sunt
2065 1442 2131 1478 ho-

1132 1498 1204 1527 stes
1226 1493 1309 1528 mei.

1236 1545 1396 1579 Precatio
1415 1560 1421 1578 :

1132 1607 1231 1629 meus
1253 1607 1297 1631 eS.

1236 1645 1392 1682 Orditur
1411 1655 1528 1682 autem
1547 1649 1757 1693 petitionem
1776 1651 1820 1684 ab
1839 1657 2047 1694 argumento
2067 1663 2130 1695 po-

1132 1698 1262 1732 tentiae
1285 1705 1318 1732 et
1341 1699 1535 1733 voluntatis
1558 1700 1624 1734 Dei
1649 1714 1754 1747 quem
1778 1702 1934 1736 invocat:
1970 1702 2130 1736 intuetur

1132 1761 1338 1792 personam,
1385 1750 1499 1784 Deum
1531 1751 1714 1794 videlicet,
1758 1759 1792 1787 et
1820 1753 1895 1786 eius
1930 1760 2128 1798 praecepta,

1133 1801 1383 1845 promissiones
1405 1809 1439 1836 et
1463 1803 1631 1847 exempla.
1687 1803 1771 1837 Ideo
1795 1811 1828 1838 te
1851 1804 1978 1838 invoco
2002 1816 2127 1845 unum,

1134 1852 1215 1897 quia
1242 1859 1281 1886 tu
1304 1865 1339 1886 es
1362 1860 1499 1887 scutum
1525 1866 1663 1898 meum,
1697 1855 1733 1888 id
1760 1861 1829 1897 est,
1856 1862 1894 1889 tu
1920 1856 2128 1900 praecepisti

1131 1910 1165 1937 te
1189 1903 1365 1943 invocari,
1393 1911 1427 1938 et
1441 1904 1571 1939 dedisti
1589 1906 1864 1950 promissioneS,
1892 1908 1944 1940 vis
1961 1907 2127 1940 exaudire

1132 1961 1165 1988 et
1182 1954 1321 1996 iuvare,
1350 1962 1383 1992 et
1398 1956 1500 1990 toties
1516 1956 1585 1989 iam
1605 1957 1789 1992 declarasti
1806 1957 1892 2002 ipsis
1908 1958 2027 2000 factis,
2054 1970 2127 1992 ser—

1132 2006 1221 2039 vasti
1246 2018 1301 2039 me
1326 2006 1562 2042 invocantem.
1617 2006 1713 2042 Haec
1735 2009 1856 2042 omnia
1880 2010 2127 2053 complectitur

1131 2068 1210 2090 cum
1252 2057 1424 2101 significat
1463 2070 1584 2092 causas
1620 2072 1683 2093 cur
1714 2061 1757 2094 ad
1789 2061 1904 2104 ipsum
1937 2061 2126 2105 confugiat.

1130 2106 1278 2143 Constat
1296 2115 1413 2143 autem
1429 2109 1466 2142 in
1484 2110 1717 2154 petitionibus
1734 2112 1920 2156 praecipua
1937 2123 2124 2154 argumen-

1130 2165 1163 2193 ta
1195 2160 1288 2193 sumi
1311 2172 1331 2194 a
1357 2161 1540 2196 facultate:
1575 2160 1680 2196 Potes
1705 2169 1738 2196 et
1762 2162 1816 2197 vis
1839 2175 1895 2196 me
1919 2163 2058 2204 iuvare,
2091 2171 2124 2197 et

1129 2221 1231 2255 saepe
1254 2211 1323 2245 iam
1349 2212 1514 2251 servasti,
1542 2212 1597 2245 Ad
1624 2214 1668 2246 de
1690 2213 1799 2258 igitur
1814 2225 1927 2247 unum
1945 2214 2124 2257 confugio.

1128 2260 1226 2296 Haec
1243 2269 1327 2297 sunt
1343 2263 1503 2298 ardentia
1520 2261 1647 2309 πάθη,
1677 2277 1757 2299 cum
1774 2265 1812 2297 in
1829 2265 1923 2298 veris
1939 2265 2123 2300 doloribus

1128 2310 1194 2347 hac
1214 2315 1458 2349 consolatione
1482 2325 1548 2348 nos
1567 2315 1752 2358 erigimus,
1779 2315 1944 2349 videlicet
1961 2328 2039 2349 cum
2057 2317 2122 2350 ad-

1128 2361 1198 2399 huc
1223 2365 1261 2398 in
1288 2367 1393 2400 corde
1416 2372 1536 2400 manet
1558 2363 1643 2399 haec
1665 2367 1746 2406 lux,
1782 2379 1848 2400 nos
1870 2378 1944 2400 non
1969 2367 2122 2402 abiectos

1127 2427 1201 2450 esse
1218 2415 1335 2457 aDeo,
1362 2418 1423 2451 sed
1440 2429 1520 2451 vere
1537 2416 1660 2461 recipi,
1688 2417 1858 2459 exaudiri,
1889 2424 1923 2452 et
1938 2419 2122 2461 auxilium,

1126 2468 1388 2512 mitigationem
1418 2475 1451 2503 et
1483 2468 1749 2511 liberationem,
1792 2468 1965 2503 divinitus
1999 2481 2121 2505 sensu-

1127 2530 1185 2553 ros
1203 2531 1287 2554 esse.

1230 2570 1292 2604 Est
1323 2576 1439 2603 autem
1470 2567 1528 2604 hic
1559 2582 1680 2604 versus
1709 2569 1894 2605 antithesis
1927 2568 2121 2617 superioris

1126 2621 1321 2665 particulae
1340 2620 1575 2655 tristissimae:
1604 2618 1732 2655 ,Multi
1744 2619 1879 2665 dicuni,
1909 2635 1982 2656 non
1996 2628 2046 2657 est
2055 2636 2120 2657 saa

1128 2670 1187 2705 lus
1211 2671 1244 2704 ei
1269 2670 1307 2704 in
1325 2669 1409 2704 Deo
1430 2683 1508 2705 suo.
1572 2672 1668 2712 Imo,
1692 2674 1827 2719 inquit:
1855 2687 1928 2708 non
1953 2675 2076 2710 deficio
2101 2687 2120 2709 a

1481 1543 1541 1579 Τιι
1587 1551 1708 1580 antem
1742 1545 1907 1581 Domine
1948 1551 2130 1594 susceptor

81 2726 129 2760 lia
152 2737 339 2771 passurum
363 2736 452 2758 esse:
496 2724 575 2757 ideo
601 2724 723 2756 eadem
746 2735 812 2756 vox
836 2729 886 2756 est
907 2734 1009 2767 saepe
1036 2724 1072 2756 in
1097 2737 1102 2766 1
1127 2730 1179 2763 te,
1208 2722 1278 2757 scio
1297 2729 1330 2756 te
1346 2723 1437 2757 velle
1452 2723 1632 2767 invocari,
1659 2731 1692 2759 et
1710 2726 1800 2759 velle
1817 2725 1978 2762 liberare.
