<?xml version="1.0" encoding="UTF-8"?>
<!DOCTYPE html PUBLIC "-//W3C//DTD XHTML 1.0 Transitional//EN"
    "http://www.w3.org/TR/xhtml1/DTD/xhtml1-transitional.dtd">
<html xmlns="http://www.w3.org/1999/xhtml" xml:lang="en" lang="en">
 <head>
  <title>
</title>
<meta http-equiv="Content-Type" content="text/html;charset=utf-8" />
  <meta name='ocr-system' content='tesseract 3.04.00' />
  <meta name='ocr-capabilities' content='ocr_page ocr_carea ocr_par ocr_line ocrx_word'/>
</head>
<body>
  <div class='ocr_page' id='page_1' title='image "./operaquaesupersu13melauoft_0402.png"; bbox 0 0 2379 2948; ppageno 0'>
   <div class='ocr_carea' id='block_1_1' title="bbox 197 109 1622 160">
    <p class='ocr_par' dir='ltr' id='par_1_1' title="bbox 197 109 1622 160">
     <span class='ocr_line' id='line_1_1' title="bbox 197 109 1622 160; baseline -0.009 -1"><span class='ocrx_word' id='word_1_1' title='bbox 197 125 269 160; x_wconf 88' lang='lat'>779</span> <span class='ocrx_word' id='word_1_2' title='bbox 792 113 918 151; x_wconf 87' lang='lat' dir='ltr'><strong>PHIL.</strong></span> <span class='ocrx_word' id='word_1_3' title='bbox 945 111 1061 150; x_wconf 85' lang='lat' dir='ltr'><strong>MEL.</strong></span> <span class='ocrx_word' id='word_1_4' title='bbox 1089 110 1295 148; x_wconf 87' lang='lat' dir='ltr'>SCRIPTA</span> <span class='ocrx_word' id='word_1_5' title='bbox 1322 109 1622 147; x_wconf 83' lang='lat' dir='ltr'><strong>EXEGETICA.</strong></span> 
     </span>
    </p>
   </div>
   <div class='ocr_carea' id='block_1_2' title="bbox 198 197 1195 1884">
    <p class='ocr_par' dir='ltr' id='par_1_2' title="bbox 198 197 1184 296">
     <span class='ocr_line' id='line_1_2' title="bbox 198 197 1184 246; baseline -0.015 -1"><span class='ocrx_word' id='word_1_6' title='bbox 198 211 339 245; x_wconf 82' lang='lat' dir='ltr'>tabatur</span> <span class='ocrx_word' id='word_1_7' title='bbox 356 208 426 246; x_wconf 88' lang='lat' dir='ltr'>ira,</span> <span class='ocrx_word' id='word_1_8' title='bbox 453 212 486 240; x_wconf 88' lang='lat' dir='ltr'>et</span> <span class='ocrx_word' id='word_1_9' title='bbox 502 205 660 239; x_wconf 85' lang='lat' dir='ltr'>redactus</span> <span class='ocrx_word' id='word_1_10' title='bbox 681 199 803 235; x_wconf 84' lang='lat' dir='ltr'>fuisset</span> <span class='ocrx_word' id='word_1_11' title='bbox 820 199 858 233; x_wconf 91' lang='lat' dir='ltr'>in</span> <span class='ocrx_word' id='word_1_12' title='bbox 881 199 1061 245; x_wconf 91' lang='lat' dir='ltr'>pulverem</span> <span class='ocrx_word' id='word_1_13' title='bbox 1075 223 1086 241; x_wconf 91' lang='lat'>‚</span> <span class='ocrx_word' id='word_1_14' title='bbox 1114 197 1184 231; x_wconf 90' lang='lat' dir='ltr'>nisi</span> 
     </span>
     <span class='ocr_line' id='line_1_3' title="bbox 200 249 866 296; baseline -0.018 0"><span class='ocrx_word' id='word_1_15' title='bbox 200 262 316 296; x_wconf 83' lang='lat' dir='ltr'>statim</span> <span class='ocrx_word' id='word_1_16' title='bbox 335 258 560 293; x_wconf 85' lang='lat' dir='ltr'>resuscitatus</span> <span class='ocrx_word' id='word_1_17' title='bbox 578 259 667 287; x_wconf 85' lang='lat' dir='ltr'>esset</span> <span class='ocrx_word' id='word_1_18' title='bbox 683 263 766 286; x_wconf 79' lang='lat' dir='ltr'>voce</span> <span class='ocrx_word' id='word_1_19' title='bbox 785 249 866 285; x_wconf 89' lang='lat' dir='ltr'>Dei.</span> 
     </span>
    </p>

    <p class='ocr_par' dir='ltr' id='par_1_3' title="bbox 201 297 1185 707">
     <span class='ocr_line' id='line_1_4' title="bbox 302 297 1184 353; baseline -0.012 -10"><span class='ocrx_word' id='word_1_20' title='bbox 302 311 372 345; x_wconf 91' lang='lat' dir='ltr'>Hic</span> <span class='ocrx_word' id='word_1_21' title='bbox 394 308 550 353; x_wconf 87' lang='lat' dir='ltr'>primum</span> <span class='ocrx_word' id='word_1_22' title='bbox 574 306 740 342; x_wconf 82' lang='lat' dir='ltr'>observa,</span> <span class='ocrx_word' id='word_1_23' title='bbox 768 303 864 348; x_wconf 90' lang='lat' dir='ltr'>quod</span> <span class='ocrx_word' id='word_1_24' title='bbox 890 300 937 335; x_wconf 92' lang='lat' dir='ltr'>ait</span> <span class='ocrx_word' id='word_1_25' title='bbox 953 312 1094 345; x_wconf 88' lang='lat' dir='ltr'>vespere</span> <span class='ocrx_word' id='word_1_26' title='bbox 1109 297 1184 333; x_wconf 89' lang='lat' dir='ltr'>Do-</span> 
     </span>
     <span class='ocr_line' id='line_1_5' title="bbox 201 350 1185 398; baseline -0.014 -2"><span class='ocrx_word' id='word_1_27' title='bbox 201 364 337 397; x_wconf 87' lang='lat' dir='ltr'>minum</span> <span class='ocrx_word' id='word_1_28' title='bbox 359 358 601 393; x_wconf 83' lang='lat' dir='ltr'>deambulasse</span> <span class='ocrx_word' id='word_1_29' title='bbox 631 356 668 388; x_wconf 92' lang='lat' dir='ltr'>in</span> <span class='ocrx_word' id='word_1_30' title='bbox 694 353 882 392; x_wconf 74' lang='lat' dir='ltr'>paradiso,</span> <span class='ocrx_word' id='word_1_31' title='bbox 918 365 987 398; x_wconf 91' lang='lat' dir='ltr'>quo</span> <span class='ocrx_word' id='word_1_32' title='bbox 1013 350 1185 395; x_wconf 88' lang='lat' dir='ltr'>significat</span> 
     </span>
     <span class='ocr_line' id='line_1_6' title="bbox 201 401 1184 452; baseline -0.013 -6"><span class='ocrx_word' id='word_1_33' title='bbox 201 411 401 448; x_wconf 75' lang='lat' dir='ltr'>novissimis</span> <span class='ocrx_word' id='word_1_34' title='bbox 418 408 635 452; x_wconf 80' lang='lat' dir='ltr'>temporibus</span> <span class='ocrx_word' id='word_1_35' title='bbox 646 405 844 440; x_wconf 86' lang='lat' dir='ltr'>Dominum</span> <span class='ocrx_word' id='word_1_36' title='bbox 858 411 1048 437; x_wconf 87' lang='lat' dir='ltr'>venturum</span> <span class='ocrx_word' id='word_1_37' title='bbox 1066 401 1184 438; x_wconf 82' lang='lat' dir='ltr'>fuisse,</span> 
     </span>
     <span class='ocr_line' id='line_1_7' title="bbox 201 452 1184 498; baseline -0.014 0"><span class='ocrx_word' id='word_1_38' title='bbox 201 467 296 498; x_wconf 78' lang='lat' dir='ltr'>iuxta</span> <span class='ocrx_word' id='word_1_39' title='bbox 317 462 404 495; x_wconf 88' lang='lat' dir='ltr'>illud</span> <span class='ocrx_word' id='word_1_40' title='bbox 426 459 530 493; x_wconf 83' lang='lat' dir='ltr'>lo&#39;e&#39;lis</span> <span class='ocrx_word' id='word_1_41' title='bbox 546 457 699 492; x_wconf 90' lang='lat' dir='ltr'>Actuum</span> <span class='ocrx_word' id='word_1_42' title='bbox 718 456 888 490; x_wconf 89' lang='lat' dir='ltr'>secundo:</span> <span class='ocrx_word' id='word_1_43' title='bbox 917 452 963 488; x_wconf 87' lang='lat' dir='ltr'>Et</span> <span class='ocrx_word' id='word_1_44' title='bbox 980 454 1045 487; x_wconf 90' lang='lat' dir='ltr'>erit</span> <span class='ocrx_word' id='word_1_45' title='bbox 1063 453 1101 485; x_wconf 88' lang='lat' dir='ltr'>in</span> <span class='ocrx_word' id='word_1_46' title='bbox 1117 464 1184 485; x_wconf 88' lang='lat' dir='ltr'>no-</span> 
     </span>
     <span class='ocr_line' id='line_1_8' title="bbox 202 503 1185 550; baseline -0.013 -2"><span class='ocrx_word' id='word_1_47' title='bbox 202 514 354 548; x_wconf 74' lang='lat' dir='ltr'>vissimis</span> <span class='ocrx_word' id='word_1_48' title='bbox 370 511 495 545; x_wconf 88' lang='lat' dir='ltr'>diebus</span> <span class='ocrx_word' id='word_1_49' title='bbox 511 516 573 543; x_wconf 90' lang='lat' dir='ltr'>etc.</span> <span class='ocrx_word' id='word_1_50' title='bbox 623 507 759 542; x_wconf 85' lang='lat' dir='ltr'>Deinde</span> <span class='ocrx_word' id='word_1_51' title='bbox 775 519 848 540; x_wconf 88' lang='lat' dir='ltr'>non</span> <span class='ocrx_word' id='word_1_52' title='bbox 865 505 1072 550; x_wconf 90' lang='lat' dir='ltr'>simpliciter</span> <span class='ocrx_word' id='word_1_53' title='bbox 1088 503 1185 542; x_wconf 89' lang='lat' dir='ltr'>dicit,</span> 
     </span>
     <span class='ocr_line' id='line_1_9' title="bbox 201 555 1183 600; baseline -0.013 -1"><span class='ocrx_word' id='word_1_54' title='bbox 201 578 280 600; x_wconf 89' lang='lat' dir='ltr'>cum</span> <span class='ocrx_word' id='word_1_55' title='bbox 298 564 478 598; x_wconf 79' lang='lat' dir='ltr'>audissent</span> <span class='ocrx_word' id='word_1_56' title='bbox 493 560 688 594; x_wconf 88' lang='lat' dir='ltr'>Dominum</span> <span class='ocrx_word' id='word_1_57' title='bbox 701 585 710 600; x_wconf 91' lang='lat'>‚</span> <span class='ocrx_word' id='word_1_58' title='bbox 734 559 794 591; x_wconf 90' lang='lat' dir='ltr'>sed</span> <span class='ocrx_word' id='word_1_59' title='bbox 819 570 898 591; x_wconf 89' lang='lat' dir='ltr'>cum</span> <span class='ocrx_word' id='word_1_60' title='bbox 916 555 1098 589; x_wconf 86' lang='lat' dir='ltr'>audissent</span> <span class='ocrx_word' id='word_1_61' title='bbox 1123 565 1183 586; x_wconf 91' lang='lat' dir='ltr'>vo-</span> 
     </span>
     <span class='ocr_line' id='line_1_10' title="bbox 201 607 1185 654; baseline -0.016 -3"><span class='ocrx_word' id='word_1_62' title='bbox 201 629 275 652; x_wconf 89' lang='lat' dir='ltr'>cem</span> <span class='ocrx_word' id='word_1_63' title='bbox 296 613 462 651; x_wconf 82' lang='lat' dir='ltr'>Domini,</span> <span class='ocrx_word' id='word_1_64' title='bbox 496 618 535 644; x_wconf 92' lang='lat' dir='ltr'>ut</span> <span class='ocrx_word' id='word_1_65' title='bbox 559 610 814 654; x_wconf 86' lang='lat' dir='ltr'>significaretur</span> <span class='ocrx_word' id='word_1_66' title='bbox 838 608 930 640; x_wconf 88' lang='lat' dir='ltr'>filius</span> <span class='ocrx_word' id='word_1_67' title='bbox 954 607 1185 640; x_wconf 87' lang='lat' dir='ltr'>descensurus</span> 
     </span>
     <span class='ocr_line' id='line_1_11' title="bbox 202 657 1072 707; baseline -0.013 -5"><span class='ocrx_word' id='word_1_68' title='bbox 202 670 239 702; x_wconf 90' lang='lat' dir='ltr'>in</span> <span class='ocrx_word' id='word_1_69' title='bbox 258 667 431 701; x_wconf 86' lang='lat' dir='ltr'>mundum</span> <span class='ocrx_word' id='word_1_70' title='bbox 446 690 455 705; x_wconf 92' lang='lat'>‚</span> <span class='ocrx_word' id='word_1_71' title='bbox 480 662 543 707; x_wconf 91' lang='lat' dir='ltr'>qui</span> <span class='ocrx_word' id='word_1_72' title='bbox 560 674 626 694; x_wconf 77' lang='lat' dir='ltr'>vox</span> <span class='ocrx_word' id='word_1_73' title='bbox 641 673 700 694; x_wconf 90' lang='lat' dir='ltr'>seu</span> <span class='ocrx_word' id='word_1_74' title='bbox 718 660 865 693; x_wconf 82' lang='lat' dir='ltr'>verbum</span> <span class='ocrx_word' id='word_1_75' title='bbox 885 657 993 702; x_wconf 87' lang='lat' dir='ltr'>patris</span> <span class='ocrx_word' id='word_1_76' title='bbox 1011 663 1072 691; x_wconf 84' lang='lat' dir='ltr'>est.</span> 
     </span>
    </p>

    <p class='ocr_par' dir='ltr' id='par_1_4' title="bbox 202 709 1195 1884">
     <span class='ocr_line' id='line_1_12' title="bbox 306 709 1185 761; baseline -0.014 -11"><span class='ocrx_word' id='word_1_77' title='bbox 306 717 427 761; x_wconf 86' lang='lat' dir='ltr'>ltaque</span> <span class='ocrx_word' id='word_1_78' title='bbox 450 713 544 759; x_wconf 91' lang='lat' dir='ltr'>quod</span> <span class='ocrx_word' id='word_1_79' title='bbox 569 710 627 746; x_wconf 86' lang='lat' dir='ltr'>hic</span> <span class='ocrx_word' id='word_1_80' title='bbox 648 711 686 744; x_wconf 90' lang='lat' dir='ltr'>in</span> <span class='ocrx_word' id='word_1_81' title='bbox 713 711 787 744; x_wconf 89' lang='lat' dir='ltr'>solo</span> <span class='ocrx_word' id='word_1_82' title='bbox 807 709 941 749; x_wconf 86' lang='lat' dir='ltr'>Adam,</span> <span class='ocrx_word' id='word_1_83' title='bbox 968 712 1111 752; x_wconf 87' lang='lat' dir='ltr'>parente</span> <span class='ocrx_word' id='word_1_84' title='bbox 1127 716 1185 749; x_wconf 89' lang='lat' dir='ltr'>ge-</span> 
     </span>
     <span class='ocr_line' id='line_1_13' title="bbox 202 759 1186 808; baseline -0.014 -5"><span class='ocrx_word' id='word_1_85' title='bbox 202 770 296 804; x_wconf 82' lang='lat' dir='ltr'>neris</span> <span class='ocrx_word' id='word_1_86' title='bbox 320 765 468 800; x_wconf 87' lang='lat' dir='ltr'>humani</span> <span class='ocrx_word' id='word_1_87' title='bbox 493 770 627 808; x_wconf 86' lang='lat' dir='ltr'>gestum</span> <span class='ocrx_word' id='word_1_88' title='bbox 655 769 721 802; x_wconf 83' lang='lat' dir='ltr'>est,</span> <span class='ocrx_word' id='word_1_89' title='bbox 749 761 882 804; x_wconf 78' lang='lat' dir='ltr'>geritur</span> <span class='ocrx_word' id='word_1_90' title='bbox 906 759 941 792; x_wconf 93' lang='lat' dir='ltr'>in</span> <span class='ocrx_word' id='word_1_91' title='bbox 964 765 1037 792; x_wconf 90' lang='lat' dir='ltr'>toto</span> <span class='ocrx_word' id='word_1_92' title='bbox 1060 768 1186 801; x_wconf 85' lang='lat' dir='ltr'>genere</span> 
     </span>
     <span class='ocr_line' id='line_1_14' title="bbox 204 808 1187 862; baseline -0.014 -8"><span class='ocrx_word' id='word_1_93' title='bbox 204 820 360 855; x_wconf 86' lang='lat' dir='ltr'>humano</span> <span class='ocrx_word' id='word_1_94' title='bbox 379 829 438 862; x_wconf 89' lang='lat' dir='ltr'>per</span> <span class='ocrx_word' id='word_1_95' title='bbox 454 814 750 859; x_wconf 81' lang='lat' dir='ltr'>praedicationem</span> <span class='ocrx_word' id='word_1_96' title='bbox 761 810 958 854; x_wconf 78' lang='lat' dir='ltr'>Evangelii,</span> <span class='ocrx_word' id='word_1_97' title='bbox 991 808 1187 843; x_wconf 88' lang='lat' dir='ltr'>accusantis</span> 
     </span>
     <span class='ocr_line' id='line_1_15' title="bbox 203 858 1186 910; baseline -0.013 -5"><span class='ocrx_word' id='word_1_98' title='bbox 203 879 236 906; x_wconf 89' lang='lat' dir='ltr'>et</span> <span class='ocrx_word' id='word_1_99' title='bbox 252 867 461 904; x_wconf 70' lang='lat' dir='ltr'>remittentis</span> <span class='ocrx_word' id='word_1_100' title='bbox 476 872 614 910; x_wconf 79' lang='lat' dir='ltr'>peccata</span> <span class='ocrx_word' id='word_1_101' title='bbox 631 870 760 898; x_wconf 85' lang='lat' dir='ltr'>nostra.</span> <span class='ocrx_word' id='word_1_102' title='bbox 813 860 860 895; x_wconf 88' lang='lat' dir='ltr'>Et</span> <span class='ocrx_word' id='word_1_103' title='bbox 878 862 972 906; x_wconf 93' lang='lat' dir='ltr'>quod</span> <span class='ocrx_word' id='word_1_104' title='bbox 992 858 1050 894; x_wconf 84' lang='lat' dir='ltr'>hic</span> <span class='ocrx_word' id='word_1_105' title='bbox 1068 871 1186 893; x_wconf 85' lang='lat' dir='ltr'>resur-</span> 
     </span>
     <span class='ocr_line' id='line_1_16' title="bbox 204 911 1188 966; baseline -0.013 -11"><span class='ocrx_word' id='word_1_106' title='bbox 204 924 255 966; x_wconf 85' lang='lat' dir='ltr'>git</span> <span class='ocrx_word' id='word_1_107' title='bbox 271 920 385 955; x_wconf 88' lang='lat' dir='ltr'>Adam</span> <span class='ocrx_word' id='word_1_108' title='bbox 410 917 555 951; x_wconf 88' lang='lat' dir='ltr'>remisso</span> <span class='ocrx_word' id='word_1_109' title='bbox 575 921 729 959; x_wconf 86' lang='lat' dir='ltr'>peccato,</span> <span class='ocrx_word' id='word_1_110' title='bbox 758 920 790 947; x_wconf 91' lang='lat' dir='ltr'>et</span> <span class='ocrx_word' id='word_1_111' title='bbox 812 913 933 946; x_wconf 85' lang='lat' dir='ltr'>audita</span> <span class='ocrx_word' id='word_1_112' title='bbox 954 911 1188 956; x_wconf 85' lang='lat' dir='ltr'>promissione</span> 
     </span>
     <span class='ocr_line' id='line_1_17' title="bbox 203 961 1188 1012; baseline -0.013 -6"><span class='ocrx_word' id='word_1_113' title='bbox 203 975 246 1007; x_wconf 90' lang='lat' dir='ltr'>de</span> <span class='ocrx_word' id='word_1_114' title='bbox 265 969 478 1005; x_wconf 88' lang='lat' dir='ltr'>conterendo</span> <span class='ocrx_word' id='word_1_115' title='bbox 503 965 673 1012; x_wconf 89' lang='lat' dir='ltr'>serpentis</span> <span class='ocrx_word' id='word_1_116' title='bbox 696 965 827 1009; x_wconf 83' lang='lat' dir='ltr'>capite,</span> <span class='ocrx_word' id='word_1_117' title='bbox 851 964 886 997; x_wconf 92' lang='lat' dir='ltr'>id</span> <span class='ocrx_word' id='word_1_118' title='bbox 913 962 1113 1008; x_wconf 89' lang='lat' dir='ltr'>perficietur</span> <span class='ocrx_word' id='word_1_119' title='bbox 1130 961 1188 994; x_wconf 90' lang='lat' dir='ltr'>die</span> 
     </span>
     <span class='ocr_line' id='line_1_18' title="bbox 203 1011 1189 1062; baseline -0.013 -5"><span class='ocrx_word' id='word_1_120' title='bbox 203 1022 345 1062; x_wconf 89' lang='lat' dir='ltr'>iudicii,</span> <span class='ocrx_word' id='word_1_121' title='bbox 373 1032 452 1054; x_wconf 85' lang='lat' dir='ltr'>cum</span> <span class='ocrx_word' id='word_1_122' title='bbox 468 1030 562 1052; x_wconf 89' lang='lat' dir='ltr'>mors</span> <span class='ocrx_word' id='word_1_123' title='bbox 580 1018 791 1055; x_wconf 81' lang='lat' dir='ltr'>destruetur,</span> <span class='ocrx_word' id='word_1_124' title='bbox 817 1015 930 1059; x_wconf 88' lang='lat' dir='ltr'>prima</span> <span class='ocrx_word' id='word_1_125' title='bbox 946 1011 1106 1048; x_wconf 83' lang='lat' dir='ltr'>Corinth.</span> <span class='ocrx_word' id='word_1_126' title='bbox 1128 1013 1189 1045; x_wconf 86' lang='lat' dir='ltr'>de-</span> 
     </span>
     <span class='ocr_line' id='line_1_19' title="bbox 204 1065 1190 1118; baseline -0.012 -9"><span class='ocrx_word' id='word_1_127' title='bbox 204 1076 293 1109; x_wconf 92' lang='lat' dir='ltr'>cimo</span> <span class='ocrx_word' id='word_1_128' title='bbox 314 1072 450 1118; x_wconf 89' lang='lat' dir='ltr'>quinto.</span> <span class='ocrx_word' id='word_1_129' title='bbox 505 1068 700 1111; x_wconf 83' lang='lat' dir='ltr'>Interrogat</span> <span class='ocrx_word' id='word_1_130' title='bbox 717 1065 892 1100; x_wconf 89' lang='lat' dir='ltr'>Dominus</span> <span class='ocrx_word' id='word_1_131' title='bbox 910 1066 954 1098; x_wconf 90' lang='lat' dir='ltr'>de</span> <span class='ocrx_word' id='word_1_132' title='bbox 971 1070 1124 1109; x_wconf 89' lang='lat' dir='ltr'>peccato,</span> <span class='ocrx_word' id='word_1_133' title='bbox 1151 1070 1190 1097; x_wconf 90' lang='lat' dir='ltr'>ut</span> 
     </span>
     <span class='ocr_line' id='line_1_20' title="bbox 203 1114 1188 1165; baseline -0.013 -5"><span class='ocrx_word' id='word_1_134' title='bbox 203 1127 246 1161; x_wconf 88' lang='lat' dir='ltr'>ad</span> <span class='ocrx_word' id='word_1_135' title='bbox 266 1132 423 1158; x_wconf 88' lang='lat' dir='ltr'>autorem</span> <span class='ocrx_word' id='word_1_136' title='bbox 442 1119 574 1165; x_wconf 90' lang='lat' dir='ltr'>peccati</span> <span class='ocrx_word' id='word_1_137' title='bbox 593 1118 785 1163; x_wconf 85' lang='lat' dir='ltr'>perveniat,</span> <span class='ocrx_word' id='word_1_138' title='bbox 804 1114 871 1150; x_wconf 86' lang='lat' dir='ltr'>hoc</span> <span class='ocrx_word' id='word_1_139' title='bbox 888 1122 949 1157; x_wconf 87' lang='lat' dir='ltr'>est,</span> <span class='ocrx_word' id='word_1_140' title='bbox 966 1116 1061 1161; x_wconf 90' lang='lat' dir='ltr'>quod</span> <span class='ocrx_word' id='word_1_141' title='bbox 1073 1114 1188 1148; x_wconf 85' lang='lat' dir='ltr'>Adam</span> 
     </span>
     <span class='ocr_line' id='line_1_21' title="bbox 203 1165 1189 1213; baseline -0.011 -4"><span class='ocrx_word' id='word_1_142' title='bbox 203 1176 407 1213; x_wconf 87' lang='lat' dir='ltr'>mulierem,</span> <span class='ocrx_word' id='word_1_143' title='bbox 436 1170 565 1204; x_wconf 91' lang='lat' dir='ltr'>mulier</span> <span class='ocrx_word' id='word_1_144' title='bbox 579 1176 776 1213; x_wconf 75' lang='lat' dir='ltr'>serpentem</span> <span class='ocrx_word' id='word_1_145' title='bbox 795 1174 942 1201; x_wconf 86' lang='lat' dir='ltr'>accusat.</span> <span class='ocrx_word' id='word_1_146' title='bbox 996 1166 1077 1200; x_wconf 86' lang='lat' dir='ltr'>Non</span> <span class='ocrx_word' id='word_1_147' title='bbox 1094 1165 1189 1199; x_wconf 90' lang='lat' dir='ltr'>enim</span> 
     </span>
     <span class='ocr_line' id='line_1_22' title="bbox 203 1218 1190 1267; baseline -0.013 -6"><span class='ocrx_word' id='word_1_148' title='bbox 203 1229 241 1261; x_wconf 92' lang='lat' dir='ltr'>in</span> <span class='ocrx_word' id='word_1_149' title='bbox 264 1225 347 1263; x_wconf 88' lang='lat' dir='ltr'>hoc,</span> <span class='ocrx_word' id='word_1_150' title='bbox 375 1223 522 1267; x_wconf 82' lang='lat' dir='ltr'>opinor,</span> <span class='ocrx_word' id='word_1_151' title='bbox 548 1219 732 1254; x_wconf 86' lang='lat' dir='ltr'>transferri</span> <span class='ocrx_word' id='word_1_152' title='bbox 759 1219 897 1263; x_wconf 78' lang='lat' dir='ltr'>cuipam</span> <span class='ocrx_word' id='word_1_153' title='bbox 922 1218 959 1250; x_wconf 91' lang='lat' dir='ltr'>in</span> <span class='ocrx_word' id='word_1_154' title='bbox 982 1223 1190 1261; x_wconf 84' lang='lat' dir='ltr'>serpentem,</span> 
     </span>
     <span class='ocr_line' id='line_1_23' title="bbox 204 1272 1190 1324; baseline -0.011 -13"><span class='ocrx_word' id='word_1_155' title='bbox 204 1279 301 1324; x_wconf 83' lang='lat' dir='ltr'>quod</span> <span class='ocrx_word' id='word_1_156' title='bbox 327 1275 458 1308; x_wconf 84' lang='lat' dir='ltr'>vellent</span> <span class='ocrx_word' id='word_1_157' title='bbox 485 1272 597 1305; x_wconf 84' lang='lat' dir='ltr'>videri</span> <span class='ocrx_word' id='word_1_158' title='bbox 622 1283 657 1304; x_wconf 90' lang='lat' dir='ltr'>se</span> <span class='ocrx_word' id='word_1_159' title='bbox 688 1281 888 1310; x_wconf 78' lang='lat' dir='ltr'>excusasse,</span> <span class='ocrx_word' id='word_1_160' title='bbox 916 1275 977 1302; x_wconf 89' lang='lat' dir='ltr'>aut</span> <span class='ocrx_word' id='word_1_161' title='bbox 1001 1279 1128 1311; x_wconf 82' lang='lat' dir='ltr'>negare</span> <span class='ocrx_word' id='word_1_162' title='bbox 1156 1279 1190 1300; x_wconf 87' lang='lat' dir='ltr'>se</span> 
     </span>
     <span class='ocr_line' id='line_1_24' title="bbox 203 1318 1191 1374; baseline -0.011 -11"><span class='ocrx_word' id='word_1_163' title='bbox 203 1338 377 1374; x_wconf 87' lang='lat' dir='ltr'>peccasse:</span> <span class='ocrx_word' id='word_1_164' title='bbox 414 1335 497 1357; x_wconf 88' lang='lat' dir='ltr'>nam</span> <span class='ocrx_word' id='word_1_165' title='bbox 527 1321 595 1355; x_wconf 88' lang='lat' dir='ltr'>hoc</span> <span class='ocrx_word' id='word_1_166' title='bbox 625 1334 699 1355; x_wconf 87' lang='lat' dir='ltr'>non</span> <span class='ocrx_word' id='word_1_167' title='bbox 730 1322 818 1354; x_wconf 89' lang='lat' dir='ltr'>solet</span> <span class='ocrx_word' id='word_1_168' title='bbox 850 1332 930 1354; x_wconf 87' lang='lat' dir='ltr'>vera</span> <span class='ocrx_word' id='word_1_169' title='bbox 964 1318 1191 1364; x_wconf 86' lang='lat' dir='ltr'>poenitentia.</span> 
     </span>
     <span class='ocr_line' id='line_1_25' title="bbox 204 1371 1192 1420; baseline -0.013 -6"><span class='ocrx_word' id='word_1_170' title='bbox 204 1381 403 1420; x_wconf 80' lang='lat' dir='ltr'>Interrogat</span> <span class='ocrx_word' id='word_1_171' title='bbox 425 1380 542 1408; x_wconf 89' lang='lat' dir='ltr'>autem</span> <span class='ocrx_word' id='word_1_172' title='bbox 567 1373 610 1406; x_wconf 86' lang='lat' dir='ltr'>de</span> <span class='ocrx_word' id='word_1_173' title='bbox 640 1378 782 1416; x_wconf 90' lang='lat' dir='ltr'>peccato</span> <span class='ocrx_word' id='word_1_174' title='bbox 808 1378 847 1405; x_wconf 89' lang='lat' dir='ltr'>ut</span> <span class='ocrx_word' id='word_1_175' title='bbox 875 1371 1132 1404; x_wconf 88' lang='lat' dir='ltr'>condemnetur</span> <span class='ocrx_word' id='word_1_176' title='bbox 1159 1376 1192 1402; x_wconf 90' lang='lat' dir='ltr'>et</span> 
     </span>
     <span class='ocr_line' id='line_1_26' title="bbox 205 1418 1191 1468; baseline -0.015 -3"><span class='ocrx_word' id='word_1_177' title='bbox 205 1429 437 1465; x_wconf 85' lang='lat' dir='ltr'>maledicatur</span> <span class='ocrx_word' id='word_1_178' title='bbox 459 1434 611 1468; x_wconf 80' lang='lat' dir='ltr'>serpens,</span> <span class='ocrx_word' id='word_1_179' title='bbox 662 1421 752 1455; x_wconf 84' lang='lat' dir='ltr'>Nam</span> <span class='ocrx_word' id='word_1_180' title='bbox 776 1422 815 1454; x_wconf 89' lang='lat' dir='ltr'>in</span> <span class='ocrx_word' id='word_1_181' title='bbox 834 1418 901 1454; x_wconf 90' lang='lat' dir='ltr'>hoc</span> <span class='ocrx_word' id='word_1_182' title='bbox 917 1427 1013 1454; x_wconf 90' lang='lat' dir='ltr'>textu</span> <span class='ocrx_word' id='word_1_183' title='bbox 1035 1419 1191 1453; x_wconf 87' lang='lat' dir='ltr'>mirabili</span> 
     </span>
     <span class='ocr_line' id='line_1_27' title="bbox 205 1468 1191 1528; baseline -0.013 -13"><span class='ocrx_word' id='word_1_184' title='bbox 205 1479 372 1528; x_wconf 88' lang='lat' dir='ltr'>mysterio</span> <span class='ocrx_word' id='word_1_185' title='bbox 399 1475 555 1520; x_wconf 87' lang='lat' dir='ltr'>serpenti</span> <span class='ocrx_word' id='word_1_186' title='bbox 578 1472 819 1513; x_wconf 85' lang='lat' dir='ltr'>maledicitur,</span> <span class='ocrx_word' id='word_1_187' title='bbox 855 1483 933 1505; x_wconf 92' lang='lat' dir='ltr'>cum</span> <span class='ocrx_word' id='word_1_188' title='bbox 962 1468 1101 1504; x_wconf 88' lang='lat' dir='ltr'>homini</span> <span class='ocrx_word' id='word_1_189' title='bbox 1120 1482 1191 1503; x_wconf 90' lang='lat' dir='ltr'>non</span> 
     </span>
     <span class='ocr_line' id='line_1_28' title="bbox 206 1523 1192 1571; baseline -0.012 -5"><span class='ocrx_word' id='word_1_190' title='bbox 206 1531 455 1568; x_wconf 83' lang='lat' dir='ltr'>maledicatur,</span> <span class='ocrx_word' id='word_1_191' title='bbox 482 1533 521 1559; x_wconf 91' lang='lat' dir='ltr'>ut</span> <span class='ocrx_word' id='word_1_192' title='bbox 544 1523 683 1558; x_wconf 88' lang='lat' dir='ltr'>homini</span> <span class='ocrx_word' id='word_1_193' title='bbox 704 1523 928 1568; x_wconf 84' lang='lat' dir='ltr'>relinquatur</span> <span class='ocrx_word' id='word_1_194' title='bbox 946 1533 1023 1571; x_wconf 89' lang='lat' dir='ltr'>spes</span> <span class='ocrx_word' id='word_1_195' title='bbox 1045 1533 1192 1566; x_wconf 90' lang='lat' dir='ltr'>recupe-</span> 
     </span>
     <span class='ocr_line' id='line_1_29' title="bbox 206 1575 1193 1618; baseline -0.013 -1"><span class='ocrx_word' id='word_1_196' title='bbox 206 1583 336 1618; x_wconf 88' lang='lat' dir='ltr'>randae</span> <span class='ocrx_word' id='word_1_197' title='bbox 351 1577 489 1613; x_wconf 87' lang='lat' dir='ltr'>salutis:</span> <span class='ocrx_word' id='word_1_198' title='bbox 516 1583 549 1609; x_wconf 91' lang='lat' dir='ltr'>et</span> <span class='ocrx_word' id='word_1_199' title='bbox 565 1587 630 1609; x_wconf 90' lang='lat' dir='ltr'>nos</span> <span class='ocrx_word' id='word_1_200' title='bbox 646 1575 869 1613; x_wconf 83' lang='lat' dir='ltr'>disceremus,</span> <span class='ocrx_word' id='word_1_201' title='bbox 892 1580 931 1606; x_wconf 88' lang='lat' dir='ltr'>ut</span> <span class='ocrx_word' id='word_1_202' title='bbox 949 1580 1050 1606; x_wconf 87' lang='lat' dir='ltr'>antea</span> <span class='ocrx_word' id='word_1_203' title='bbox 1068 1579 1193 1616; x_wconf 81' lang='lat' dir='ltr'>poten·</span> 
     </span>
     <span class='ocr_line' id='line_1_30' title="bbox 206 1623 1193 1670; baseline -0.014 -2"><span class='ocrx_word' id='word_1_204' title='bbox 206 1636 291 1670; x_wconf 88' lang='lat' dir='ltr'>tiam</span> <span class='ocrx_word' id='word_1_205' title='bbox 323 1632 491 1669; x_wconf 83' lang='lat' dir='ltr'>Satanae,</span> <span class='ocrx_word' id='word_1_206' title='bbox 524 1638 620 1660; x_wconf 89' lang='lat' dir='ltr'>nunc</span> <span class='ocrx_word' id='word_1_207' title='bbox 647 1635 770 1658; x_wconf 89' lang='lat' dir='ltr'>rursus</span> <span class='ocrx_word' id='word_1_208' title='bbox 803 1623 1081 1656; x_wconf 87' lang='lat' dir='ltr'>imbecillitatem</span> <span class='ocrx_word' id='word_1_209' title='bbox 1107 1623 1193 1655; x_wconf 89' lang='lat' dir='ltr'>eius.</span> 
     </span>
     <span class='ocr_line' id='line_1_31' title="bbox 206 1673 1193 1721; baseline -0.013 -2"><span class='ocrx_word' id='word_1_210' title='bbox 206 1686 387 1720; x_wconf 87' lang='lat' dir='ltr'>Praeterea</span> <span class='ocrx_word' id='word_1_211' title='bbox 412 1678 479 1712; x_wconf 90' lang='lat' dir='ltr'>hoc</span> <span class='ocrx_word' id='word_1_212' title='bbox 505 1677 733 1721; x_wconf 86' lang='lat' dir='ltr'>spectandum</span> <span class='ocrx_word' id='word_1_213' title='bbox 759 1681 827 1714; x_wconf 86' lang='lat' dir='ltr'>est,</span> <span class='ocrx_word' id='word_1_214' title='bbox 860 1674 942 1719; x_wconf 88' lang='lat' dir='ltr'>quia</span> <span class='ocrx_word' id='word_1_215' title='bbox 968 1673 1193 1707; x_wconf 88' lang='lat' dir='ltr'>maledicitur</span> 
     </span>
     <span class='ocr_line' id='line_1_32' title="bbox 207 1724 1192 1774; baseline -0.013 -4"><span class='ocrx_word' id='word_1_216' title='bbox 207 1736 334 1774; x_wconf 87' lang='lat' dir='ltr'>Satan,</span> <span class='ocrx_word' id='word_1_217' title='bbox 359 1743 432 1765; x_wconf 90' lang='lat' dir='ltr'>non</span> <span class='ocrx_word' id='word_1_218' title='bbox 456 1736 569 1774; x_wconf 89' lang='lat' dir='ltr'>potest</span> <span class='ocrx_word' id='word_1_219' title='bbox 586 1727 739 1760; x_wconf 79' lang='lat' dir='ltr'>vicissim</span> <span class='ocrx_word' id='word_1_220' title='bbox 763 1737 836 1759; x_wconf 92' lang='lat' dir='ltr'>non</span> <span class='ocrx_word' id='word_1_221' title='bbox 860 1724 1083 1757; x_wconf 86' lang='lat' dir='ltr'>maledicere:</span> <span class='ocrx_word' id='word_1_222' title='bbox 1111 1735 1192 1767; x_wconf 85' lang='lat' dir='ltr'>ergo</span> 
     </span>
     <span class='ocr_line' id='line_1_33' title="bbox 206 1775 1195 1821; baseline -0.013 -1"><span class='ocrx_word' id='word_1_223' title='bbox 206 1787 370 1820; x_wconf 86' lang='lat' dir='ltr'>voluntas</span> <span class='ocrx_word' id='word_1_224' title='bbox 390 1782 463 1815; x_wconf 86' lang='lat' dir='ltr'>eius</span> <span class='ocrx_word' id='word_1_225' title='bbox 481 1787 530 1813; x_wconf 91' lang='lat' dir='ltr'>est</span> <span class='ocrx_word' id='word_1_226' title='bbox 544 1778 661 1812; x_wconf 83' lang='lat' dir='ltr'>onmia</span> <span class='ocrx_word' id='word_1_227' title='bbox 681 1777 769 1810; x_wconf 84' lang='lat' dir='ltr'>velle</span> <span class='ocrx_word' id='word_1_228' title='bbox 786 1776 922 1821; x_wconf 89' lang='lat' dir='ltr'>perdita</span> <span class='ocrx_word' id='word_1_229' title='bbox 939 1782 971 1808; x_wconf 90' lang='lat' dir='ltr'>et</span> <span class='ocrx_word' id='word_1_230' title='bbox 988 1787 1126 1819; x_wconf 88' lang='lat' dir='ltr'>pessum</span> <span class='ocrx_word' id='word_1_231' title='bbox 1144 1775 1195 1808; x_wconf 90' lang='lat' dir='ltr'>ire</span> 
     </span>
     <span class='ocr_line' id='line_1_34' title="bbox 207 1826 1194 1884; baseline -0.013 -13"><span class='ocrx_word' id='word_1_232' title='bbox 207 1849 295 1884; x_wconf 89' lang='lat' dir='ltr'>quae</span> <span class='ocrx_word' id='word_1_233' title='bbox 314 1841 394 1868; x_wconf 90' lang='lat' dir='ltr'>sunt</span> <span class='ocrx_word' id='word_1_234' title='bbox 411 1832 496 1870; x_wconf 85' lang='lat' dir='ltr'>Dei,</span> <span class='ocrx_word' id='word_1_235' title='bbox 524 1831 582 1864; x_wconf 91' lang='lat' dir='ltr'>sed</span> <span class='ocrx_word' id='word_1_236' title='bbox 602 1841 675 1863; x_wconf 90' lang='lat' dir='ltr'>non</span> <span class='ocrx_word' id='word_1_237' title='bbox 692 1827 885 1873; x_wconf 81' lang='lat' dir='ltr'>praevalet,</span> <span class='ocrx_word' id='word_1_238' title='bbox 913 1828 1007 1872; x_wconf 85' lang='lat' dir='ltr'>quod</span> <span class='ocrx_word' id='word_1_239' title='bbox 1025 1838 1043 1860; x_wconf 87' lang='lat' dir='ltr'>a</span> <span class='ocrx_word' id='word_1_240' title='bbox 1062 1826 1194 1859; x_wconf 89' lang='lat' dir='ltr'>semine</span> 
     </span>
    </p>
   </div>
   <div class='ocr_carea' id='block_1_3' title="bbox 207 1888 540 1923">
    <p class='ocr_par' dir='ltr' id='par_1_5' title="bbox 207 1888 540 1923">
     <span class='ocr_line' id='line_1_35' title="bbox 207 1888 540 1923; baseline -0.024 0"><span class='ocrx_word' id='word_1_241' title='bbox 207 1888 303 1923; x_wconf 88' lang='lat' dir='ltr'>Evae</span> <span class='ocrx_word' id='word_1_242' title='bbox 327 1889 540 1920; x_wconf 89' lang='lat' dir='ltr'>conteratur.</span> 
     </span>
    </p>
   </div>
   <div class='ocr_carea' id='block_1_4' title="bbox 362 1965 1033 2009">
    <p class='ocr_par' dir='ltr' id='par_1_6' title="bbox 362 1965 1033 2009">
     <span class='ocr_line' id='line_1_36' title="bbox 362 1965 1033 2009; baseline -0.012 -4"><span class='ocrx_word' id='word_1_243' title='bbox 362 1973 406 2005; x_wconf 83' lang='lat' dir='ltr'>Et</span> <span class='ocrx_word' id='word_1_244' title='bbox 435 1972 491 2004; x_wconf 78' lang='lat' dir='ltr'>(cit</span> <span class='ocrx_word' id='word_1_245' title='bbox 518 1966 706 2002; x_wconf 78' lang='lat' dir='ltr'>Dominus</span> <span class='ocrx_word' id='word_1_246' title='bbox 735 1965 784 1999; x_wconf 79' lang='lat' dir='ltr'>acl</span> <span class='ocrx_word' id='word_1_247' title='bbox 811 1968 1033 2009; x_wconf 77' lang='lat' dir='ltr'>serpentem.</span> 
     </span>
    </p>
   </div>
   <div class='ocr_carea' id='block_1_5' title="bbox 208 2031 1219 2737">
    <p class='ocr_par' dir='ltr' id='par_1_7' title="bbox 208 2031 1219 2737">
     <span class='ocr_line' id='line_1_37' title="bbox 303 2031 1194 2078; baseline -0.01 -6"><span class='ocrx_word' id='word_1_248' title='bbox 303 2038 380 2072; x_wconf 89' lang='lat' dir='ltr'>Hoc</span> <span class='ocrx_word' id='word_1_249' title='bbox 396 2038 473 2070; x_wconf 93' lang='lat' dir='ltr'>loco</span> <span class='ocrx_word' id='word_1_250' title='bbox 493 2036 562 2069; x_wconf 91' lang='lat' dir='ltr'>duo</span> <span class='ocrx_word' id='word_1_251' title='bbox 581 2040 842 2078; x_wconf 86' lang='lat' dir='ltr'>proponuntur,</span> <span class='ocrx_word' id='word_1_252' title='bbox 866 2031 1067 2065; x_wconf 77' lang='lat' dir='ltr'>maledictio</span> <span class='ocrx_word' id='word_1_253' title='bbox 1084 2036 1194 2064; x_wconf 88' lang='lat' dir='ltr'>aeter—</span> 
     </span>
     <span class='ocr_line' id='line_1_38' title="bbox 209 2081 1195 2129; baseline -0.012 -4"><span class='ocrx_word' id='word_1_254' title='bbox 209 2105 254 2125; x_wconf 85' lang='lat' dir='ltr'>na</span> <span class='ocrx_word' id='word_1_255' title='bbox 280 2090 431 2124; x_wconf 87' lang='lat' dir='ltr'>Satanae</span> <span class='ocrx_word' id='word_1_256' title='bbox 454 2094 487 2120; x_wconf 91' lang='lat' dir='ltr'>et</span> <span class='ocrx_word' id='word_1_257' title='bbox 507 2085 664 2129; x_wconf 90' lang='lat' dir='ltr'>corporis</span> <span class='ocrx_word' id='word_1_258' title='bbox 688 2084 803 2124; x_wconf 86' lang='lat' dir='ltr'>illius,</span> <span class='ocrx_word' id='word_1_259' title='bbox 839 2081 947 2115; x_wconf 85' lang='lat' dir='ltr'>homo</span> <span class='ocrx_word' id='word_1_260' title='bbox 976 2089 1091 2115; x_wconf 86' lang='lat' dir='ltr'>autem</span> <span class='ocrx_word' id='word_1_261' title='bbox 1123 2093 1195 2114; x_wconf 89' lang='lat' dir='ltr'>non</span> 
     </span>
     <span class='ocr_line' id='line_1_39' title="bbox 208 2133 1194 2178; baseline -0.012 -2"><span class='ocrx_word' id='word_1_262' title='bbox 208 2140 432 2176; x_wconf 86' lang='lat' dir='ltr'>maledicitur</span> <span class='ocrx_word' id='word_1_263' title='bbox 457 2143 598 2171; x_wconf 90' lang='lat' dir='ltr'>aeterna</span> <span class='ocrx_word' id='word_1_264' title='bbox 623 2135 889 2173; x_wconf 81' lang='lat' dir='ltr'>maledictione,</span> <span class='ocrx_word' id='word_1_265' title='bbox 917 2134 1010 2178; x_wconf 92' lang='lat' dir='ltr'>quod</span> <span class='ocrx_word' id='word_1_266' title='bbox 1037 2133 1194 2165; x_wconf 75' lang='lat' dir='ltr'>futurum</span> 
     </span>
     <span class='ocr_line' id='line_1_40' title="bbox 208 2184 1194 2232; baseline -0.012 -5"><span class='ocrx_word' id='word_1_267' title='bbox 208 2192 315 2227; x_wconf 83' lang='lat' dir='ltr'>suerit</span> <span class='ocrx_word' id='word_1_268' title='bbox 327 2219 335 2232; x_wconf 85' lang='lat'>‚</span> <span class='ocrx_word' id='word_1_269' title='bbox 361 2198 400 2225; x_wconf 88' lang='lat' dir='ltr'>ut</span> <span class='ocrx_word' id='word_1_270' title='bbox 415 2188 656 2223; x_wconf 87' lang='lat' dir='ltr'>redimeretur.</span> <span class='ocrx_word' id='word_1_271' title='bbox 691 2184 780 2218; x_wconf 87' lang='lat' dir='ltr'>Nam</span> <span class='ocrx_word' id='word_1_272' title='bbox 800 2196 888 2229; x_wconf 84' lang='lat' dir='ltr'>quae</span> <span class='ocrx_word' id='word_1_273' title='bbox 904 2190 1022 2228; x_wconf 91' lang='lat' dir='ltr'>postea</span> <span class='ocrx_word' id='word_1_274' title='bbox 1039 2194 1194 2227; x_wconf 86' lang='lat' dir='ltr'>sequun—</span> 
     </span>
     <span class='ocr_line' id='line_1_41' title="bbox 209 2234 1195 2287; baseline -0.013 -9"><span class='ocrx_word' id='word_1_275' title='bbox 209 2252 284 2283; x_wconf 87' lang='lat' dir='ltr'>tur,</span> <span class='ocrx_word' id='word_1_276' title='bbox 312 2253 401 2287; x_wconf 87' lang='lat' dir='ltr'>qnae</span> <span class='ocrx_word' id='word_1_277' title='bbox 416 2240 584 2273; x_wconf 83' lang='lat' dir='ltr'>videntur</span> <span class='ocrx_word' id='word_1_278' title='bbox 601 2249 672 2270; x_wconf 86' lang='lat' dir='ltr'>esse</span> <span class='ocrx_word' id='word_1_279' title='bbox 693 2247 848 2280; x_wconf 86' lang='lat' dir='ltr'>poenae,</span> <span class='ocrx_word' id='word_1_280' title='bbox 877 2247 950 2267; x_wconf 93' lang='lat' dir='ltr'>non</span> <span class='ocrx_word' id='word_1_281' title='bbox 975 2234 1195 2267; x_wconf 90' lang='lat' dir='ltr'>maledictio-</span> 
     </span>
     <span class='ocr_line' id='line_1_42' title="bbox 210 2284 1194 2332; baseline -0.012 -4"><span class='ocrx_word' id='word_1_282' title='bbox 210 2307 272 2328; x_wconf 89' lang='lat' dir='ltr'>nes</span> <span class='ocrx_word' id='word_1_283' title='bbox 288 2300 386 2332; x_wconf 84' lang='lat' dir='ltr'>sunt,</span> <span class='ocrx_word' id='word_1_284' title='bbox 414 2292 471 2324; x_wconf 91' lang='lat' dir='ltr'>sed</span> <span class='ocrx_word' id='word_1_285' title='bbox 491 2302 573 2322; x_wconf 83' lang='lat' dir='ltr'>crux</span> <span class='ocrx_word' id='word_1_286' title='bbox 598 2296 628 2322; x_wconf 85' lang='lat' dir='ltr'>et</span> <span class='ocrx_word' id='word_1_287' title='bbox 654 2286 864 2321; x_wconf 86' lang='lat' dir='ltr'>benedictio.</span> <span class='ocrx_word' id='word_1_288' title='bbox 918 2284 1074 2323; x_wconf 83' lang='lat' dir='ltr'>Deinde,</span> <span class='ocrx_word' id='word_1_289' title='bbox 1109 2285 1194 2329; x_wconf 89' lang='lat' dir='ltr'>qnid</span> 
     </span>
     <span class='ocr_line' id='line_1_43' title="bbox 210 2334 1196 2381; baseline -0.012 -2"><span class='ocrx_word' id='word_1_290' title='bbox 210 2347 252 2380; x_wconf 90' lang='lat' dir='ltr'>sit</span> <span class='ocrx_word' id='word_1_291' title='bbox 274 2352 413 2378; x_wconf 86' lang='lat' dir='ltr'>aeterna</span> <span class='ocrx_word' id='word_1_292' title='bbox 429 2340 629 2374; x_wconf 89' lang='lat' dir='ltr'>maledictio</span> <span class='ocrx_word' id='word_1_293' title='bbox 643 2339 796 2376; x_wconf 79' lang='lat' dir='ltr'>indicat,</span> <span class='ocrx_word' id='word_1_294' title='bbox 825 2349 904 2370; x_wconf 91' lang='lat' dir='ltr'>cum</span> <span class='ocrx_word' id='word_1_295' title='bbox 921 2336 1052 2381; x_wconf 89' lang='lat' dir='ltr'>inquit:</span> <span class='ocrx_word' id='word_1_296' title='bbox 1081 2334 1196 2378; x_wconf 86' lang='lat' dir='ltr'>Super</span> 
     </span>
     <span class='ocr_line' id='line_1_44' title="bbox 210 2385 1194 2441; baseline -0.012 -11"><span class='ocrx_word' id='word_1_297' title='bbox 210 2403 329 2441; x_wconf 86' lang='lat' dir='ltr'>pectus</span> <span class='ocrx_word' id='word_1_298' title='bbox 343 2403 441 2428; x_wconf 88' lang='lat' dir='ltr'>tuum</span> <span class='ocrx_word' id='word_1_299' title='bbox 461 2390 686 2435; x_wconf 82' lang='lat' dir='ltr'>ingredieris,</span> <span class='ocrx_word' id='word_1_300' title='bbox 718 2396 750 2422; x_wconf 90' lang='lat' dir='ltr'>et</span> <span class='ocrx_word' id='word_1_301' title='bbox 766 2389 946 2433; x_wconf 87' lang='lat' dir='ltr'>pulverem</span> <span class='ocrx_word' id='word_1_302' title='bbox 964 2393 1027 2422; x_wconf 88' lang='lat' dir='ltr'>etc.</span> <span class='ocrx_word' id='word_1_303' title='bbox 1081 2385 1194 2419; x_wconf 92' lang='lat' dir='ltr'>Porro</span> 
     </span>
     <span class='ocr_line' id='line_1_45' title="bbox 211 2441 1194 2490; baseline -0.011 -10"><span class='ocrx_word' id='word_1_304' title='bbox 211 2459 316 2490; x_wconf 89' lang='lat' dir='ltr'>super</span> <span class='ocrx_word' id='word_1_305' title='bbox 346 2451 464 2489; x_wconf 84' lang='lat' dir='ltr'>pectus</span> <span class='ocrx_word' id='word_1_306' title='bbox 495 2441 649 2485; x_wconf 80' lang='lat' dir='ltr'>ingredi,</span> <span class='ocrx_word' id='word_1_307' title='bbox 686 2446 736 2473; x_wconf 90' lang='lat' dir='ltr'>est</span> <span class='ocrx_word' id='word_1_308' title='bbox 768 2450 910 2484; x_wconf 84' lang='lat' dir='ltr'>pavere:</span> <span class='ocrx_word' id='word_1_309' title='bbox 946 2445 1050 2482; x_wconf 90' lang='lat' dir='ltr'>atque</span> <span class='ocrx_word' id='word_1_310' title='bbox 1081 2448 1119 2470; x_wconf 89' lang='lat' dir='ltr'>ea</span> <span class='ocrx_word' id='word_1_311' title='bbox 1144 2443 1194 2470; x_wconf 88' lang='lat' dir='ltr'>est</span> 
     </span>
     <span class='ocr_line' id='line_1_46' title="bbox 210 2486 1193 2541; baseline -0.009 -12"><span class='ocrx_word' id='word_1_312' title='bbox 210 2509 321 2541; x_wconf 85' lang='lat' dir='ltr'>poena</span> <span class='ocrx_word' id='word_1_313' title='bbox 343 2497 437 2528; x_wconf 86' lang='lat' dir='ltr'>iuxta</span> <span class='ocrx_word' id='word_1_314' title='bbox 458 2494 538 2533; x_wconf 80' lang='lat' dir='ltr'>lob,</span> <span class='ocrx_word' id='word_1_315' title='bbox 566 2492 811 2535; x_wconf 90' lang='lat' dir='ltr'>Sempiternus</span> <span class='ocrx_word' id='word_1_316' title='bbox 829 2488 957 2524; x_wconf 91' lang='lat' dir='ltr'>horror</span> <span class='ocrx_word' id='word_1_317' title='bbox 979 2486 1193 2523; x_wconf 83' lang='lat' dir='ltr'>inhabitans.</span> 
     </span>
     <span class='ocr_line' id='line_1_47' title="bbox 209 2538 1193 2581; baseline -0.009 -2"><span class='ocrx_word' id='word_1_318' title='bbox 209 2547 348 2581; x_wconf 82' lang='lat' dir='ltr'>Deinde</span> <span class='ocrx_word' id='word_1_319' title='bbox 366 2546 427 2578; x_wconf 83' lang='lat' dir='ltr'>ubi</span> <span class='ocrx_word' id='word_1_320' title='bbox 446 2543 529 2577; x_wconf 84' lang='lat' dir='ltr'>haec</span> <span class='ocrx_word' id='word_1_321' title='bbox 548 2550 688 2577; x_wconf 87' lang='lat' dir='ltr'>aeterna</span> <span class='ocrx_word' id='word_1_322' title='bbox 708 2542 867 2575; x_wconf 89' lang='lat' dir='ltr'>confusio</span> <span class='ocrx_word' id='word_1_323' title='bbox 886 2547 918 2573; x_wconf 92' lang='lat' dir='ltr'>et</span> <span class='ocrx_word' id='word_1_324' title='bbox 935 2551 1030 2573; x_wconf 87' lang='lat' dir='ltr'>mors</span> <span class='ocrx_word' id='word_1_325' title='bbox 1046 2545 1115 2576; x_wconf 89' lang='lat' dir='ltr'>est,</span> <span class='ocrx_word' id='word_1_326' title='bbox 1144 2538 1193 2570; x_wconf 87' lang='lat' dir='ltr'>ibi</span> 
     </span>
     <span class='ocr_line' id='line_1_48' title="bbox 211 2590 1219 2648; baseline -0.01 -17"><span class='ocrx_word' id='word_1_327' title='bbox 211 2610 283 2632; x_wconf 86' lang='lat' dir='ltr'>esse</span> <span class='ocrx_word' id='word_1_328' title='bbox 304 2609 375 2629; x_wconf 91' lang='lat' dir='ltr'>non</span> <span class='ocrx_word' id='word_1_329' title='bbox 400 2602 512 2639; x_wconf 84' lang='lat' dir='ltr'>potest</span> <span class='ocrx_word' id='word_1_330' title='bbox 529 2594 722 2628; x_wconf 82' lang='lat' dir='ltr'>consolatio</span> <span class='ocrx_word' id='word_1_331' title='bbox 740 2592 945 2636; x_wconf 78' lang='lat' dir='ltr'>spiritualis,</span> <span class='ocrx_word' id='word_1_332' title='bbox 998 2590 1089 2624; x_wconf 83' lang='lat' dir='ltr'>Nam</span> <span class='ocrx_word' id='word_1_333' title='bbox 1113 2601 1191 2622; x_wconf 91' lang='lat' dir='ltr'>cum</span> <span class='ocrx_word' id='word_1_334' title='bbox 1217 2626 1219 2648; x_wconf 42' lang='grc' dir='ltr'>ι</span> 
     </span>
     <span class='ocr_line' id='line_1_49' title="bbox 211 2640 1219 2690; baseline -0.01 -8"><span class='ocrx_word' id='word_1_335' title='bbox 211 2649 357 2681; x_wconf 79' lang='lat' dir='ltr'>verbum</span> <span class='ocrx_word' id='word_1_336' title='bbox 382 2646 450 2678; x_wconf 74' lang='lat' dir='ltr'>vita</span> <span class='ocrx_word' id='word_1_337' title='bbox 476 2645 537 2683; x_wconf 86' lang='lat' dir='ltr'>sit,</span> <span class='ocrx_word' id='word_1_338' title='bbox 564 2651 595 2677; x_wconf 89' lang='lat' dir='ltr'>et</span> <span class='ocrx_word' id='word_1_339' title='bbox 617 2645 692 2677; x_wconf 80' lang='lat' dir='ltr'>lux:</span> <span class='ocrx_word' id='word_1_340' title='bbox 731 2643 913 2677; x_wconf 77' lang='lat' dir='ltr'>Maledicti</span> <span class='ocrx_word' id='word_1_341' title='bbox 944 2648 1058 2675; x_wconf 88' lang='lat' dir='ltr'>autem</span> <span class='ocrx_word' id='word_1_342' title='bbox 1085 2640 1192 2673; x_wconf 81' lang='lat' dir='ltr'>verbo</span> <span class='ocrx_word' id='word_1_343' title='bbox 1217 2653 1219 2690; x_wconf 42' lang='grc' dir='ltr'><strong>ἱ</strong></span> 
     </span>
     <span class='ocr_line' id='line_1_50' title="bbox 211 2693 1219 2737; baseline -0.012 -3"><span class='ocrx_word' id='word_1_344' title='bbox 211 2706 366 2737; x_wconf 86' lang='lat' dir='ltr'>careant,</span> <span class='ocrx_word' id='word_1_345' title='bbox 405 2707 541 2729; x_wconf 87' lang='lat' dir='ltr'>necesse</span> <span class='ocrx_word' id='word_1_346' title='bbox 571 2702 620 2728; x_wconf 82' lang='lat' dir='ltr'>est</span> <span class='ocrx_word' id='word_1_347' title='bbox 646 2707 703 2727; x_wconf 86' lang='lat' dir='ltr'>eos</span> <span class='ocrx_word' id='word_1_348' title='bbox 736 2701 767 2727; x_wconf 86' lang='lat' dir='ltr'>et</span> <span class='ocrx_word' id='word_1_349' title='bbox 792 2694 860 2727; x_wconf 83' lang='lat' dir='ltr'>vita</span> <span class='ocrx_word' id='word_1_350' title='bbox 892 2701 925 2727; x_wconf 88' lang='lat' dir='ltr'>et</span> <span class='ocrx_word' id='word_1_351' title='bbox 956 2693 1033 2726; x_wconf 89' lang='lat' dir='ltr'>luce</span> <span class='ocrx_word' id='word_1_352' title='bbox 1065 2702 1192 2726; x_wconf 84' lang='lat' dir='ltr'>carere.</span> <span class='ocrx_word' id='word_1_353' title='bbox 1217 2693 1219 2728; x_wconf 82' lang='grc' dir='ltr'>Ι</span> 
     </span>
    </p>
   </div>
   <div class='ocr_carea' id='block_1_6' title="bbox 2146 115 2220 151">
    <p class='ocr_par' dir='ltr' id='par_1_8' title="bbox 2146 115 2220 151">
     <span class='ocr_line' id='line_1_51' title="bbox 2146 115 2220 151; baseline 0.027 -2"><span class='ocrx_word' id='word_1_354' title='bbox 2146 115 2220 151; x_wconf 87' lang='grc'>780</span> 
     </span>
    </p>
   </div>
   <div class='ocr_carea' id='block_1_7' title="bbox 1231 194 2223 751">
    <p class='ocr_par' dir='ltr' id='par_1_9' title="bbox 1231 194 2223 751">
     <span class='ocr_line' id='line_1_52' title="bbox 1232 194 2221 243; baseline 0.001 -12"><span class='ocrx_word' id='word_1_355' title='bbox 1232 194 1395 231; x_wconf 91' lang='lat' dir='ltr'>Alterum</span> <span class='ocrx_word' id='word_1_356' title='bbox 1427 203 1477 231; x_wconf 87' lang='lat' dir='ltr'>est</span> <span class='ocrx_word' id='word_1_357' title='bbox 1509 197 1605 242; x_wconf 88' lang='lat' dir='ltr'>quod</span> <span class='ocrx_word' id='word_1_358' title='bbox 1637 196 1819 237; x_wconf 83' lang='lat' dir='ltr'>observes,</span> <span class='ocrx_word' id='word_1_359' title='bbox 1858 198 2042 241; x_wconf 86' lang='lat' dir='ltr'>promissio</span> <span class='ocrx_word' id='word_1_360' title='bbox 2079 201 2221 243; x_wconf 81' lang='lat' dir='ltr'>gratiae,</span> 
     </span>
     <span class='ocr_line' id='line_1_53' title="bbox 1232 246 2220 294; baseline 0.003 -12"><span class='ocrx_word' id='word_1_361' title='bbox 1232 260 1294 293; x_wconf 91' lang='lat' dir='ltr'>per</span> <span class='ocrx_word' id='word_1_362' title='bbox 1309 260 1415 294; x_wconf 90' lang='lat' dir='ltr'>quam</span> <span class='ocrx_word' id='word_1_363' title='bbox 1432 247 1703 293; x_wconf 86' lang='lat' dir='ltr'>promissionem</span> <span class='ocrx_word' id='word_1_364' title='bbox 1719 246 1915 281; x_wconf 88' lang='lat' dir='ltr'>vivificatus</span> <span class='ocrx_word' id='word_1_365' title='bbox 1932 254 1981 282; x_wconf 88' lang='lat' dir='ltr'>est</span> <span class='ocrx_word' id='word_1_366' title='bbox 1996 248 2123 284; x_wconf 85' lang='lat' dir='ltr'>Adam.</span> <span class='ocrx_word' id='word_1_367' title='bbox 2155 250 2220 285; x_wconf 80' lang='lat' dir='ltr'>Est</span> 
     </span>
     <span class='ocr_line' id='line_1_54' title="bbox 1232 297 2220 344; baseline 0.005 -12"><span class='ocrx_word' id='word_1_368' title='bbox 1232 306 1350 333; x_wconf 89' lang='lat' dir='ltr'>autem</span> <span class='ocrx_word' id='word_1_369' title='bbox 1368 297 1465 333; x_wconf 87' lang='lat' dir='ltr'>haec.</span> <span class='ocrx_word' id='word_1_370' title='bbox 1520 298 1638 343; x_wconf 90' lang='lat' dir='ltr'>lpsum</span> <span class='ocrx_word' id='word_1_371' title='bbox 1665 310 1784 331; x_wconf 90' lang='lat' dir='ltr'>semen</span> <span class='ocrx_word' id='word_1_372' title='bbox 1803 305 1960 333; x_wconf 83' lang='lat' dir='ltr'>conteret</span> <span class='ocrx_word' id='word_1_373' title='bbox 1981 307 2084 344; x_wconf 89' lang='lat' dir='ltr'>caput</span> <span class='ocrx_word' id='word_1_374' title='bbox 2107 309 2220 338; x_wconf 86' lang='lat' dir='ltr'>tuum.</span> 
     </span>
     <span class='ocr_line' id='line_1_55' title="bbox 1231 347 2221 397; baseline 0.002 -13"><span class='ocrx_word' id='word_1_375' title='bbox 1231 350 1297 385; x_wconf 83' lang='lat' dir='ltr'>Est</span> <span class='ocrx_word' id='word_1_376' title='bbox 1313 357 1430 385; x_wconf 91' lang='lat' dir='ltr'>autem</span> <span class='ocrx_word' id='word_1_377' title='bbox 1451 361 1569 384; x_wconf 81' lang='lat' dir='ltr'>semen</span> <span class='ocrx_word' id='word_1_378' title='bbox 1585 349 1744 383; x_wconf 90' lang='lat' dir='ltr'>mulieris</span> <span class='ocrx_word' id='word_1_379' title='bbox 1761 347 1943 390; x_wconf 81' lang='lat' dir='ltr'>Christus,</span> <span class='ocrx_word' id='word_1_380' title='bbox 1969 356 2002 384; x_wconf 88' lang='lat' dir='ltr'>et</span> <span class='ocrx_word' id='word_1_381' title='bbox 2018 351 2221 397; x_wconf 86' lang='lat' dir='ltr'>quicunque</span> 
     </span>
     <span class='ocr_line' id='line_1_56' title="bbox 1233 398 2220 445; baseline 0.001 -11"><span class='ocrx_word' id='word_1_382' title='bbox 1233 407 1316 435; x_wconf 91' lang='lat' dir='ltr'>sunt</span> <span class='ocrx_word' id='word_1_383' title='bbox 1335 401 1373 434; x_wconf 90' lang='lat' dir='ltr'>in</span> <span class='ocrx_word' id='word_1_384' title='bbox 1382 399 1537 442; x_wconf 88' lang='lat' dir='ltr'>Christo,</span> <span class='ocrx_word' id='word_1_385' title='bbox 1562 398 1678 445; x_wconf 88' lang='lat' dir='ltr'>Caput</span> <span class='ocrx_word' id='word_1_386' title='bbox 1695 406 1811 434; x_wconf 91' lang='lat' dir='ltr'>autem</span> <span class='ocrx_word' id='word_1_387' title='bbox 1829 400 2001 444; x_wconf 85' lang='lat' dir='ltr'>serpentis</span> <span class='ocrx_word' id='word_1_388' title='bbox 2019 402 2220 445; x_wconf 88' lang='lat' dir='ltr'>propriissi-</span> 
     </span>
     <span class='ocr_line' id='line_1_57' title="bbox 1232 450 2221 496; baseline 0 -10"><span class='ocrx_word' id='word_1_389' title='bbox 1232 464 1287 486; x_wconf 88' lang='lat' dir='ltr'>me</span> <span class='ocrx_word' id='word_1_390' title='bbox 1312 463 1460 496; x_wconf 84' lang='lat' dir='ltr'>regnum</span> <span class='ocrx_word' id='word_1_391' title='bbox 1485 451 1617 496; x_wconf 90' lang='lat' dir='ltr'>peccati</span> <span class='ocrx_word' id='word_1_392' title='bbox 1640 458 1673 485; x_wconf 91' lang='lat' dir='ltr'>et</span> <span class='ocrx_word' id='word_1_393' title='bbox 1697 451 1821 484; x_wconf 91' lang='lat' dir='ltr'>mortis</span> <span class='ocrx_word' id='word_1_394' title='bbox 1840 457 1906 484; x_wconf 87' lang='lat' dir='ltr'>est:</span> <span class='ocrx_word' id='word_1_395' title='bbox 1935 450 2120 486; x_wconf 89' lang='lat' dir='ltr'>Peccatum</span> <span class='ocrx_word' id='word_1_396' title='bbox 2140 464 2221 486; x_wconf 90' lang='lat' dir='ltr'>acu-</span> 
     </span>
     <span class='ocr_line' id='line_1_58' title="bbox 1233 499 2222 548; baseline 0 -12"><span class='ocrx_word' id='word_1_397' title='bbox 1233 503 1307 536; x_wconf 90' lang='lat' dir='ltr'>leus</span> <span class='ocrx_word' id='word_1_398' title='bbox 1323 502 1447 536; x_wconf 89' lang='lat' dir='ltr'>mortis</span> <span class='ocrx_word' id='word_1_399' title='bbox 1462 509 1524 544; x_wconf 89' lang='lat' dir='ltr'>est,</span> <span class='ocrx_word' id='word_1_400' title='bbox 1550 502 1663 547; x_wconf 91' lang='lat' dir='ltr'>prima</span> <span class='ocrx_word' id='word_1_401' title='bbox 1673 499 1945 536; x_wconf 91' lang='lat' dir='ltr'>Corinthiorum</span> <span class='ocrx_word' id='word_1_402' title='bbox 1964 503 2098 536; x_wconf 89' lang='lat' dir='ltr'>decimo</span> <span class='ocrx_word' id='word_1_403' title='bbox 2116 503 2222 548; x_wconf 88' lang='lat' dir='ltr'>quin-</span> 
     </span>
     <span class='ocr_line' id='line_1_59' title="bbox 1234 553 2222 597; baseline 0.001 -10"><span class='ocrx_word' id='word_1_404' title='bbox 1234 560 1287 592; x_wconf 90' lang='lat' dir='ltr'>to,</span> <span class='ocrx_word' id='word_1_405' title='bbox 1315 554 1353 587; x_wconf 88' lang='lat' dir='ltr'>id</span> <span class='ocrx_word' id='word_1_406' title='bbox 1371 560 1431 594; x_wconf 85' lang='lat' dir='ltr'>est,</span> <span class='ocrx_word' id='word_1_407' title='bbox 1457 564 1552 586; x_wconf 91' lang='lat' dir='ltr'>mors</span> <span class='ocrx_word' id='word_1_408' title='bbox 1569 553 1662 586; x_wconf 89' lang='lat' dir='ltr'>vires</span> <span class='ocrx_word' id='word_1_409' title='bbox 1679 553 1806 597; x_wconf 91' lang='lat' dir='ltr'>accipit</span> <span class='ocrx_word' id='word_1_410' title='bbox 1821 565 1839 586; x_wconf 91' lang='lat' dir='ltr'>a</span> <span class='ocrx_word' id='word_1_411' title='bbox 1856 559 2010 597; x_wconf 82' lang='lat' dir='ltr'>peccato,</span> <span class='ocrx_word' id='word_1_412' title='bbox 2034 560 2075 588; x_wconf 87' lang='lat' dir='ltr'>ut</span> <span class='ocrx_word' id='word_1_413' title='bbox 2090 554 2133 587; x_wconf 89' lang='lat' dir='ltr'>sit</span> <span class='ocrx_word' id='word_1_414' title='bbox 2148 566 2222 588; x_wconf 90' lang='lat' dir='ltr'>me-</span> 
     </span>
     <span class='ocr_line' id='line_1_60' title="bbox 1234 601 2223 639; baseline 0.001 -1"><span class='ocrx_word' id='word_1_415' title='bbox 1234 611 1290 638; x_wconf 92' lang='lat' dir='ltr'>tus</span> <span class='ocrx_word' id='word_1_416' title='bbox 1322 610 1482 637; x_wconf 87' lang='lat' dir='ltr'>aeternae</span> <span class='ocrx_word' id='word_1_417' title='bbox 1514 603 1587 636; x_wconf 89' lang='lat' dir='ltr'>irae</span> <span class='ocrx_word' id='word_1_418' title='bbox 1618 601 1696 637; x_wconf 87' lang='lat' dir='ltr'>Dei.</span> <span class='ocrx_word' id='word_1_419' title='bbox 1751 603 1862 637; x_wconf 91' lang='lat' dir='ltr'>Porro</span> <span class='ocrx_word' id='word_1_420' title='bbox 1895 604 2043 637; x_wconf 88' lang='lat' dir='ltr'>insidiae</span> <span class='ocrx_word' id='word_1_421' title='bbox 2074 604 2223 639; x_wconf 88' lang='lat' dir='ltr'>Satanae</span> 
     </span>
     <span class='ocr_line' id='line_1_61' title="bbox 1234 654 2223 697; baseline 0.001 -8"><span class='ocrx_word' id='word_1_422' title='bbox 1234 661 1334 696; x_wconf 90' lang='lat' dir='ltr'>sunt,</span> <span class='ocrx_word' id='word_1_423' title='bbox 1361 654 1508 688; x_wconf 89' lang='lat' dir='ltr'>victoria</span> <span class='ocrx_word' id='word_1_424' title='bbox 1526 660 1643 687; x_wconf 85' lang='lat' dir='ltr'>autem</span> <span class='ocrx_word' id='word_1_425' title='bbox 1663 661 1782 688; x_wconf 91' lang='lat' dir='ltr'>nostra</span> <span class='ocrx_word' id='word_1_426' title='bbox 1801 661 1869 696; x_wconf 85' lang='lat' dir='ltr'>est,</span> <span class='ocrx_word' id='word_1_427' title='bbox 1898 655 1993 689; x_wconf 85' lang='lat' dir='ltr'>iuxta</span> <span class='ocrx_word' id='word_1_428' title='bbox 2014 656 2118 697; x_wconf 89' lang='lat' dir='ltr'>illud,</span> <span class='ocrx_word' id='word_1_429' title='bbox 2148 655 2223 690; x_wconf 94' lang='lat' dir='ltr'>Ab-</span> 
     </span>
     <span class='ocr_line' id='line_1_62' title="bbox 1235 704 1799 751; baseline -0.005 -11"><span class='ocrx_word' id='word_1_430' title='bbox 1235 712 1352 751; x_wconf 90' lang='lat' dir='ltr'>sorpta</span> <span class='ocrx_word' id='word_1_431' title='bbox 1370 712 1420 740; x_wconf 90' lang='lat' dir='ltr'>est</span> <span class='ocrx_word' id='word_1_432' title='bbox 1438 716 1533 739; x_wconf 90' lang='lat' dir='ltr'>mors</span> <span class='ocrx_word' id='word_1_433' title='bbox 1550 704 1587 748; x_wconf 82' lang='lat' dir='ltr'>in</span> <span class='ocrx_word' id='word_1_434' title='bbox 1606 704 1799 739; x_wconf 90' lang='lat' dir='ltr'>victoriam.</span> 
     </span>
    </p>
   </div>
   <div class='ocr_carea' id='block_1_8' title="bbox 1505 790 1958 836">
    <p class='ocr_par' dir='ltr' id='par_1_10' title="bbox 1505 790 1958 836">
     <span class='ocr_line' id='line_1_63' title="bbox 1505 790 1958 836; baseline 0.002 -12"><span class='ocrx_word' id='word_1_435' title='bbox 1505 790 1661 824; x_wconf 75' lang='lat' dir='ltr'>Mulieri</span> <span class='ocrx_word' id='word_1_436' title='bbox 1683 801 1825 836; x_wconf 83' lang='lat' dir='ltr'>quoque</span> <span class='ocrx_word' id='word_1_437' title='bbox 1848 790 1958 826; x_wconf 66' lang='lat' dir='ltr'>discit.</span> 
     </span>
    </p>
   </div>
   <div class='ocr_carea' id='block_1_9' title="bbox 1236 854 2231 1857">
    <p class='ocr_par' dir='ltr' id='par_1_11' title="bbox 1236 854 2229 1360">
     <span class='ocr_line' id='line_1_64' title="bbox 1339 854 2224 903; baseline 0.005 -14"><span class='ocrx_word' id='word_1_438' title='bbox 1339 854 1439 890; x_wconf 86' lang='lat' dir='ltr'>Mors</span> <span class='ocrx_word' id='word_1_439' title='bbox 1463 863 1497 891; x_wconf 90' lang='lat' dir='ltr'>et</span> <span class='ocrx_word' id='word_1_440' title='bbox 1529 868 1652 890; x_wconf 90' lang='lat' dir='ltr'>omnes</span> <span class='ocrx_word' id='word_1_441' title='bbox 1683 857 1892 892; x_wconf 81' lang='lat' dir='ltr'>afflictiones</span> <span class='ocrx_word' id='word_1_442' title='bbox 1923 858 2081 902; x_wconf 87' lang='lat' dir='ltr'>corporis</span> <span class='ocrx_word' id='word_1_443' title='bbox 2112 871 2224 903; x_wconf 77' lang='lat' dir='ltr'>poena</span> 
     </span>
     <span class='ocr_line' id='line_1_65' title="bbox 1236 908 2225 953; baseline 0.003 -13"><span class='ocrx_word' id='word_1_444' title='bbox 1236 913 1318 940; x_wconf 88' lang='lat' dir='ltr'>sunt</span> <span class='ocrx_word' id='word_1_445' title='bbox 1335 908 1465 951; x_wconf 88' lang='lat' dir='ltr'>peccati</span> <span class='ocrx_word' id='word_1_446' title='bbox 1483 908 1608 952; x_wconf 91' lang='lat' dir='ltr'>primi,</span> <span class='ocrx_word' id='word_1_447' title='bbox 1635 909 1695 941; x_wconf 90' lang='lat' dir='ltr'>sed</span> <span class='ocrx_word' id='word_1_448' title='bbox 1715 920 1752 941; x_wconf 89' lang='lat' dir='ltr'>ea</span> <span class='ocrx_word' id='word_1_449' title='bbox 1771 921 1884 953; x_wconf 89' lang='lat' dir='ltr'>poena</span> <span class='ocrx_word' id='word_1_450' title='bbox 1904 910 2006 943; x_wconf 86' lang='lat' dir='ltr'>desiit</span> <span class='ocrx_word' id='word_1_451' title='bbox 2024 920 2095 942; x_wconf 89' lang='lat' dir='ltr'>esse</span> <span class='ocrx_word' id='word_1_452' title='bbox 2113 922 2225 953; x_wconf 90' lang='lat' dir='ltr'>poena</span> 
     </span>
     <span class='ocr_line' id='line_1_66' title="bbox 1236 958 2227 1004; baseline 0.003 -13"><span class='ocrx_word' id='word_1_453' title='bbox 1236 958 1450 1000; x_wconf 88' lang='lat' dir='ltr'>iustificatis,</span> <span class='ocrx_word' id='word_1_454' title='bbox 1498 958 1606 1004; x_wconf 91' lang='lat' dir='ltr'>fitque</span> <span class='ocrx_word' id='word_1_455' title='bbox 1648 959 1924 993; x_wconf 88' lang='lat' dir='ltr'>instrumentum</span> <span class='ocrx_word' id='word_1_456' title='bbox 1962 960 2227 994; x_wconf 85' lang='lat' dir='ltr'>mortificandae</span> 
     </span>
     <span class='ocr_line' id='line_1_67' title="bbox 1236 1007 2227 1052; baseline 0.003 -10"><span class='ocrx_word' id='word_1_457' title='bbox 1236 1009 1372 1050; x_wconf 88' lang='lat' dir='ltr'>carnis,</span> <span class='ocrx_word' id='word_1_458' title='bbox 1399 1007 1465 1043; x_wconf 89' lang='lat' dir='ltr'>hoc</span> <span class='ocrx_word' id='word_1_459' title='bbox 1489 1017 1558 1051; x_wconf 88' lang='lat' dir='ltr'>est,</span> <span class='ocrx_word' id='word_1_460' title='bbox 1586 1010 1788 1044; x_wconf 85' lang='lat' dir='ltr'>maledictio</span> <span class='ocrx_word' id='word_1_461' title='bbox 1813 1011 1950 1044; x_wconf 87' lang='lat' dir='ltr'>sublata</span> <span class='ocrx_word' id='word_1_462' title='bbox 1969 1017 2036 1052; x_wconf 89' lang='lat' dir='ltr'>est,</span> <span class='ocrx_word' id='word_1_463' title='bbox 2064 1018 2096 1045; x_wconf 90' lang='lat' dir='ltr'>et</span> <span class='ocrx_word' id='word_1_464' title='bbox 2118 1012 2227 1045; x_wconf 88' lang='lat' dir='ltr'>bene-</span> 
     </span>
     <span class='ocr_line' id='line_1_68' title="bbox 1236 1059 2227 1096; baseline 0.003 -3"><span class='ocrx_word' id='word_1_465' title='bbox 1236 1060 1329 1094; x_wconf 90' lang='lat' dir='ltr'>dicta</span> <span class='ocrx_word' id='word_1_466' title='bbox 1355 1072 1439 1094; x_wconf 85' lang='lat' dir='ltr'>crux</span> <span class='ocrx_word' id='word_1_467' title='bbox 1460 1067 1521 1096; x_wconf 83' lang='lat' dir='ltr'>est.</span> <span class='ocrx_word' id='word_1_468' title='bbox 1575 1059 1634 1094; x_wconf 92' lang='lat' dir='ltr'>Ad</span> <span class='ocrx_word' id='word_1_469' title='bbox 1662 1073 1741 1095; x_wconf 90' lang='lat' dir='ltr'>eum</span> <span class='ocrx_word' id='word_1_470' title='bbox 1767 1062 1912 1095; x_wconf 89' lang='lat' dir='ltr'>modum</span> <span class='ocrx_word' id='word_1_471' title='bbox 1939 1059 1996 1095; x_wconf 84' lang='lat' dir='ltr'>hic</span> <span class='ocrx_word' id='word_1_472' title='bbox 2030 1074 2109 1095; x_wconf 92' lang='lat' dir='ltr'>cum</span> <span class='ocrx_word' id='word_1_473' title='bbox 2137 1064 2227 1096; x_wconf 91' lang='lat' dir='ltr'>mori</span> 
     </span>
     <span class='ocr_line' id='line_1_69' title="bbox 1236 1109 2228 1158; baseline 0.003 -14"><span class='ocrx_word' id='word_1_474' title='bbox 1236 1112 1448 1155; x_wconf 86' lang='lat' dir='ltr'>oportuisset</span> <span class='ocrx_word' id='word_1_475' title='bbox 1481 1111 1615 1156; x_wconf 89' lang='lat' dir='ltr'>primos</span> <span class='ocrx_word' id='word_1_476' title='bbox 1640 1109 1822 1152; x_wconf 86' lang='lat' dir='ltr'>homines,</span> <span class='ocrx_word' id='word_1_477' title='bbox 1856 1112 2024 1146; x_wconf 87' lang='lat' dir='ltr'>vivificati</span> <span class='ocrx_word' id='word_1_478' title='bbox 2049 1120 2130 1147; x_wconf 90' lang='lat' dir='ltr'>sunt</span> <span class='ocrx_word' id='word_1_479' title='bbox 2155 1115 2228 1158; x_wconf 88' lang='lat' dir='ltr'>spi-</span> 
     </span>
     <span class='ocr_line' id='line_1_70' title="bbox 1236 1162 2228 1208; baseline 0.003 -13"><span class='ocrx_word' id='word_1_480' title='bbox 1236 1163 1328 1203; x_wconf 90' lang='lat' dir='ltr'>ritu,</span> <span class='ocrx_word' id='word_1_481' title='bbox 1363 1169 1397 1196; x_wconf 91' lang='lat' dir='ltr'>et</span> <span class='ocrx_word' id='word_1_482' title='bbox 1421 1162 1585 1207; x_wconf 85' lang='lat' dir='ltr'>imposita</span> <span class='ocrx_word' id='word_1_483' title='bbox 1610 1169 1661 1196; x_wconf 89' lang='lat' dir='ltr'>est</span> <span class='ocrx_word' id='word_1_484' title='bbox 1688 1164 1737 1196; x_wconf 89' lang='lat' dir='ltr'>eis</span> <span class='ocrx_word' id='word_1_485' title='bbox 1763 1176 1867 1202; x_wconf 87' lang='lat' dir='ltr'>crux,</span> <span class='ocrx_word' id='word_1_486' title='bbox 1901 1175 1990 1208; x_wconf 91' lang='lat' dir='ltr'>quae</span> <span class='ocrx_word' id='word_1_487' title='bbox 2022 1175 2127 1208; x_wconf 91' lang='lat' dir='ltr'>porro</span> <span class='ocrx_word' id='word_1_488' title='bbox 2152 1177 2228 1199; x_wconf 87' lang='lat' dir='ltr'>car-</span> 
     </span>
     <span class='ocr_line' id='line_1_71' title="bbox 1237 1213 2229 1258; baseline 0.004 -12"><span class='ocrx_word' id='word_1_489' title='bbox 1237 1225 1318 1246; x_wconf 92' lang='lat' dir='ltr'>nem</span> <span class='ocrx_word' id='word_1_490' title='bbox 1336 1213 1533 1248; x_wconf 88' lang='lat' dir='ltr'>mortificet.</span> <span class='ocrx_word' id='word_1_491' title='bbox 1589 1213 1790 1248; x_wconf 88' lang='lat' dir='ltr'>Vivificatio</span> <span class='ocrx_word' id='word_1_492' title='bbox 1814 1214 1959 1258; x_wconf 86' lang='lat' dir='ltr'>spiritus</span> <span class='ocrx_word' id='word_1_493' title='bbox 1975 1213 2064 1248; x_wconf 84' lang='lat' dir='ltr'>facta</span> <span class='ocrx_word' id='word_1_494' title='bbox 2083 1223 2132 1249; x_wconf 88' lang='lat' dir='ltr'>est</span> <span class='ocrx_word' id='word_1_495' title='bbox 2151 1229 2229 1250; x_wconf 83' lang='lat' dir='ltr'>ver-</span> 
     </span>
     <span class='ocr_line' id='line_1_72' title="bbox 1238 1259 2229 1312; baseline 0.003 -14"><span class='ocrx_word' id='word_1_496' title='bbox 1238 1265 1282 1298; x_wconf 89' lang='lat' dir='ltr'>bo</span> <span class='ocrx_word' id='word_1_497' title='bbox 1317 1264 1582 1308; x_wconf 87' lang='lat' dir='ltr'>promissionis,</span> <span class='ocrx_word' id='word_1_498' title='bbox 1626 1259 1747 1309; x_wconf 83' lang='lat' dir='ltr'>Ipsum</span> <span class='ocrx_word' id='word_1_499' title='bbox 1780 1277 1896 1299; x_wconf 89' lang='lat' dir='ltr'>semen</span> <span class='ocrx_word' id='word_1_500' title='bbox 1933 1272 2091 1300; x_wconf 88' lang='lat' dir='ltr'>conteret</span> <span class='ocrx_word' id='word_1_501' title='bbox 2125 1275 2229 1312; x_wconf 90' lang='lat' dir='ltr'>caput</span> 
     </span>
     <span class='ocr_line' id='line_1_73' title="bbox 1238 1316 2127 1360; baseline 0.002 -12"><span class='ocrx_word' id='word_1_502' title='bbox 1238 1322 1354 1349; x_wconf 87' lang='lat' dir='ltr'>tuum:</span> <span class='ocrx_word' id='word_1_503' title='bbox 1390 1323 1424 1349; x_wconf 91' lang='lat' dir='ltr'>et</span> <span class='ocrx_word' id='word_1_504' title='bbox 1439 1327 1523 1349; x_wconf 84' lang='lat' dir='ltr'>crux</span> <span class='ocrx_word' id='word_1_505' title='bbox 1541 1316 1738 1359; x_wconf 85' lang='lat' dir='ltr'>imponitur</span> <span class='ocrx_word' id='word_1_506' title='bbox 1755 1317 1871 1349; x_wconf 85' lang='lat' dir='ltr'>verbis</span> <span class='ocrx_word' id='word_1_507' title='bbox 1887 1317 2127 1360; x_wconf 83' lang='lat' dir='ltr'>sequentibus.</span> 
     </span>
    </p>

    <p class='ocr_par' dir='ltr' id='par_1_12' title="bbox 1239 1365 2231 1857">
     <span class='ocr_line' id='line_1_74' title="bbox 1341 1365 2229 1410; baseline 0.003 -11"><span class='ocrx_word' id='word_1_508' title='bbox 1341 1365 1475 1399; x_wconf 89' lang='lat' dir='ltr'>Mirum</span> <span class='ocrx_word' id='word_1_509' title='bbox 1494 1377 1598 1406; x_wconf 90' lang='lat' dir='ltr'>vero,</span> <span class='ocrx_word' id='word_1_510' title='bbox 1625 1367 1721 1410; x_wconf 89' lang='lat' dir='ltr'>quod</span> <span class='ocrx_word' id='word_1_511' title='bbox 1746 1366 1851 1410; x_wconf 79' lang='lat' dir='ltr'>simul</span> <span class='ocrx_word' id='word_1_512' title='bbox 1876 1367 2047 1410; x_wconf 87' lang='lat' dir='ltr'>praecipit</span> <span class='ocrx_word' id='word_1_513' title='bbox 2067 1375 2105 1401; x_wconf 84' lang='lat' dir='ltr'>ut</span> <span class='ocrx_word' id='word_1_514' title='bbox 2128 1369 2229 1402; x_wconf 86' lang='lat' dir='ltr'>labo-</span> 
     </span>
     <span class='ocr_line' id='line_1_75' title="bbox 1240 1416 2228 1456; baseline 0.003 -7"><span class='ocrx_word' id='word_1_515' title='bbox 1240 1427 1374 1456; x_wconf 85' lang='lat' dir='ltr'>remus,</span> <span class='ocrx_word' id='word_1_516' title='bbox 1403 1416 1509 1449; x_wconf 90' lang='lat' dir='ltr'>simul</span> <span class='ocrx_word' id='word_1_517' title='bbox 1533 1416 1711 1450; x_wconf 86' lang='lat' dir='ltr'>maledicit</span> <span class='ocrx_word' id='word_1_518' title='bbox 1735 1423 1866 1454; x_wconf 89' lang='lat' dir='ltr'>terrae,</span> <span class='ocrx_word' id='word_1_519' title='bbox 1894 1423 1933 1449; x_wconf 92' lang='lat' dir='ltr'>ut</span> <span class='ocrx_word' id='word_1_520' title='bbox 1955 1417 2082 1451; x_wconf 81' lang='lat' dir='ltr'>frustra</span> <span class='ocrx_word' id='word_1_521' title='bbox 2107 1419 2228 1452; x_wconf 82' lang='lat' dir='ltr'>videa-</span> 
     </span>
     <span class='ocr_line' id='line_1_76' title="bbox 1239 1466 2229 1514; baseline 0.003 -14"><span class='ocrx_word' id='word_1_522' title='bbox 1239 1478 1320 1500; x_wconf 88' lang='lat' dir='ltr'>mur</span> <span class='ocrx_word' id='word_1_523' title='bbox 1338 1466 1553 1507; x_wconf 88' lang='lat' dir='ltr'>laboraturi,</span> <span class='ocrx_word' id='word_1_524' title='bbox 1579 1466 1754 1511; x_wconf 90' lang='lat' dir='ltr'>siquidem</span> <span class='ocrx_word' id='word_1_525' title='bbox 1771 1474 1864 1501; x_wconf 88' lang='lat' dir='ltr'>terra</span> <span class='ocrx_word' id='word_1_526' title='bbox 1883 1466 1974 1500; x_wconf 87' lang='lat' dir='ltr'>nihil</span> <span class='ocrx_word' id='word_1_527' title='bbox 1997 1476 2134 1512; x_wconf 88' lang='lat' dir='ltr'>praeter</span> <span class='ocrx_word' id='word_1_528' title='bbox 2156 1471 2229 1514; x_wconf 88' lang='lat' dir='ltr'>spi—</span> 
     </span>
     <span class='ocr_line' id='line_1_77' title="bbox 1241 1517 2230 1561; baseline 0.004 -11"><span class='ocrx_word' id='word_1_529' title='bbox 1241 1529 1304 1550; x_wconf 88' lang='lat' dir='ltr'>nas</span> <span class='ocrx_word' id='word_1_530' title='bbox 1321 1524 1354 1551; x_wconf 89' lang='lat' dir='ltr'>et</span> <span class='ocrx_word' id='word_1_531' title='bbox 1376 1517 1529 1551; x_wconf 90' lang='lat' dir='ltr'>tribulos</span> <span class='ocrx_word' id='word_1_532' title='bbox 1546 1518 1661 1550; x_wconf 86' lang='lat' dir='ltr'>latura</span> <span class='ocrx_word' id='word_1_533' title='bbox 1679 1518 1752 1550; x_wconf 76' lang='lat' dir='ltr'>est?</span> <span class='ocrx_word' id='word_1_534' title='bbox 1804 1517 2038 1561; x_wconf 82' lang='lat' dir='ltr'>Respondeo,</span> <span class='ocrx_word' id='word_1_535' title='bbox 2064 1519 2101 1552; x_wconf 87' lang='lat' dir='ltr'>in</span> <span class='ocrx_word' id='word_1_536' title='bbox 2129 1532 2230 1554; x_wconf 90' lang='lat' dir='ltr'>cruce</span> 
     </span>
     <span class='ocr_line' id='line_1_78' title="bbox 1240 1567 2231 1614; baseline -0.001 -13"><span class='ocrx_word' id='word_1_537' title='bbox 1240 1568 1464 1612; x_wconf 85' lang='lat' dir='ltr'>potissimum</span> <span class='ocrx_word' id='word_1_538' title='bbox 1492 1567 1560 1600; x_wconf 91' lang='lat' dir='ltr'>hoc</span> <span class='ocrx_word' id='word_1_539' title='bbox 1586 1578 1657 1600; x_wconf 88' lang='lat' dir='ltr'>esse</span> <span class='ocrx_word' id='word_1_540' title='bbox 1687 1569 1989 1611; x_wconf 84' lang='lat' dir='ltr'>cognoscendum,</span> <span class='ocrx_word' id='word_1_541' title='bbox 2016 1571 2111 1614; x_wconf 91' lang='lat' dir='ltr'>quod</span> <span class='ocrx_word' id='word_1_542' title='bbox 2139 1583 2231 1605; x_wconf 76' lang='lat' dir='ltr'>non-</span> 
     </span>
     <span class='ocr_line' id='line_1_79' title="bbox 1241 1616 2231 1660; baseline 0.004 -8"><span class='ocrx_word' id='word_1_543' title='bbox 1241 1621 1324 1652; x_wconf 92' lang='lat' dir='ltr'>dum</span> <span class='ocrx_word' id='word_1_544' title='bbox 1342 1619 1535 1651; x_wconf 90' lang='lat' dir='ltr'>deseruerit</span> <span class='ocrx_word' id='word_1_545' title='bbox 1556 1630 1621 1651; x_wconf 88' lang='lat' dir='ltr'>nos</span> <span class='ocrx_word' id='word_1_546' title='bbox 1639 1617 1826 1653; x_wconf 80' lang='lat' dir='ltr'>Dominus,</span> <span class='ocrx_word' id='word_1_547' title='bbox 1881 1617 1932 1652; x_wconf 88' lang='lat' dir='ltr'>Ita</span> <span class='ocrx_word' id='word_1_548' title='bbox 1958 1616 2035 1660; x_wconf 87' lang='lat' dir='ltr'>hic,</span> <span class='ocrx_word' id='word_1_549' title='bbox 2063 1621 2141 1654; x_wconf 92' lang='lat' dir='ltr'>ideo</span> <span class='ocrx_word' id='word_1_550' title='bbox 2161 1629 2231 1656; x_wconf 83' lang='lat' dir='ltr'>ter—</span> 
     </span>
     <span class='ocr_line' id='line_1_80' title="bbox 1241 1668 2231 1715; baseline 0.005 -13"><span class='ocrx_word' id='word_1_551' title='bbox 1241 1681 1299 1702; x_wconf 93' lang='lat' dir='ltr'>rae</span> <span class='ocrx_word' id='word_1_552' title='bbox 1335 1669 1534 1709; x_wconf 88' lang='lat' dir='ltr'>maledicit,</span> <span class='ocrx_word' id='word_1_553' title='bbox 1568 1675 1608 1702; x_wconf 91' lang='lat' dir='ltr'>ut</span> <span class='ocrx_word' id='word_1_554' title='bbox 1640 1669 1726 1703; x_wconf 85' lang='lat' dir='ltr'>sciat</span> <span class='ocrx_word' id='word_1_555' title='bbox 1751 1668 1867 1703; x_wconf 89' lang='lat' dir='ltr'>Adam</span> <span class='ocrx_word' id='word_1_556' title='bbox 1892 1671 2026 1703; x_wconf 90' lang='lat' dir='ltr'>donum</span> <span class='ocrx_word' id='word_1_557' title='bbox 2051 1670 2117 1705; x_wconf 85' lang='lat' dir='ltr'>Dei</span> <span class='ocrx_word' id='word_1_558' title='bbox 2142 1673 2231 1715; x_wconf 79' lang='lat' dir='ltr'>fore,</span> 
     </span>
     <span class='ocr_line' id='line_1_81' title="bbox 1242 1720 2230 1769; baseline 0 -17"><span class='ocrx_word' id='word_1_559' title='bbox 1242 1720 1417 1766; x_wconf 89' lang='lat' dir='ltr'>quidquid</span> <span class='ocrx_word' id='word_1_560' title='bbox 1433 1727 1524 1754; x_wconf 84' lang='lat' dir='ltr'>terra</span> <span class='ocrx_word' id='word_1_561' title='bbox 1541 1720 1680 1760; x_wconf 86' lang='lat' dir='ltr'>tulerit,</span> <span class='ocrx_word' id='word_1_562' title='bbox 1708 1726 1740 1753; x_wconf 88' lang='lat' dir='ltr'>et</span> <span class='ocrx_word' id='word_1_563' title='bbox 1758 1720 1907 1753; x_wconf 88' lang='lat' dir='ltr'>laturam</span> <span class='ocrx_word' id='word_1_564' title='bbox 1933 1727 2090 1763; x_wconf 90' lang='lat' dir='ltr'>tantum,</span> <span class='ocrx_word' id='word_1_565' title='bbox 2116 1736 2230 1769; x_wconf 85' lang='lat' dir='ltr'>quan-</span> 
     </span>
     <span class='ocr_line' id='line_1_82' title="bbox 1242 1768 2229 1813; baseline 0.003 -7"><span class='ocrx_word' id='word_1_566' title='bbox 1242 1779 1316 1806; x_wconf 86' lang='lat' dir='ltr'>tum</span> <span class='ocrx_word' id='word_1_567' title='bbox 1340 1782 1405 1804; x_wconf 90' lang='lat' dir='ltr'>nos</span> <span class='ocrx_word' id='word_1_568' title='bbox 1429 1770 1622 1810; x_wconf 82' lang='lat' dir='ltr'>credimus,</span> <span class='ocrx_word' id='word_1_569' title='bbox 1657 1768 1749 1803; x_wconf 84' lang='lat' dir='ltr'>nihil</span> <span class='ocrx_word' id='word_1_570' title='bbox 1773 1771 1945 1813; x_wconf 85' lang='lat' dir='ltr'>laturam,</span> <span class='ocrx_word' id='word_1_571' title='bbox 1979 1773 2040 1806; x_wconf 91' lang='lat' dir='ltr'>ubi</span> <span class='ocrx_word' id='word_1_572' title='bbox 2068 1785 2132 1808; x_wconf 91' lang='lat' dir='ltr'>nos</span> <span class='ocrx_word' id='word_1_573' title='bbox 2158 1788 2229 1809; x_wconf 92' lang='lat' dir='ltr'>non</span> 
     </span>
     <span class='ocr_line' id='line_1_83' title="bbox 1243 1823 1430 1857; baseline -0.011 0"><span class='ocrx_word' id='word_1_574' title='bbox 1243 1823 1430 1857; x_wconf 85' lang='lat' dir='ltr'>credimus.</span> 
     </span>
    </p>
   </div>
   <div class='ocr_carea' id='block_1_10' title="bbox 1455 1906 2016 1952">
    <p class='ocr_par' dir='ltr' id='par_1_13' title="bbox 1455 1906 2016 1952">
     <span class='ocr_line' id='line_1_84' title="bbox 1455 1906 2016 1952; baseline 0.004 -10"><span class='ocrx_word' id='word_1_575' title='bbox 1455 1911 1503 1943; x_wconf 89' lang='lat' dir='ltr'>Et</span> <span class='ocrx_word' id='word_1_576' title='bbox 1526 1906 1592 1942; x_wconf 77' lang='lat' dir='ltr'>sub</span> <span class='ocrx_word' id='word_1_577' title='bbox 1614 1910 1687 1942; x_wconf 77' lang='lat' dir='ltr'>viri</span> <span class='ocrx_word' id='word_1_578' title='bbox 1712 1912 1902 1952; x_wconf 76' lang='lat' dir='ltr'>potestate</span> <span class='ocrx_word' id='word_1_579' title='bbox 1931 1912 2016 1944; x_wconf 79' lang='lat' dir='ltr'>eris.</span> 
     </span>
    </p>
   </div>
   <div class='ocr_carea' id='block_1_11' title="bbox 1243 1974 2231 2579">
    <p class='ocr_par' dir='ltr' id='par_1_14' title="bbox 1243 1974 2231 2579">
     <span class='ocr_line' id='line_1_85' title="bbox 1348 1974 2228 2017; baseline 0.003 -8"><span class='ocrx_word' id='word_1_580' title='bbox 1348 1974 1606 2010; x_wconf 88' lang='lat' dir='ltr'>Observandus</span> <span class='ocrx_word' id='word_1_581' title='bbox 1636 1980 1687 2010; x_wconf 88' lang='lat' dir='ltr'>est</span> <span class='ocrx_word' id='word_1_582' title='bbox 1718 1974 1816 2008; x_wconf 88' lang='lat' dir='ltr'>locus</span> <span class='ocrx_word' id='word_1_583' title='bbox 1849 1976 2084 2017; x_wconf 79' lang='lat' dir='ltr'>necessarius,</span> <span class='ocrx_word' id='word_1_584' title='bbox 2120 1978 2157 2010; x_wconf 88' lang='lat' dir='ltr'>in</span> <span class='ocrx_word' id='word_1_585' title='bbox 2189 1992 2228 2013; x_wconf 87' lang='lat' dir='ltr'>eo</span> 
     </span>
     <span class='ocr_line' id='line_1_86' title="bbox 1244 2024 2229 2073; baseline 0.003 -13"><span class='ocrx_word' id='word_1_586' title='bbox 1244 2028 1338 2073; x_wconf 89' lang='lat' dir='ltr'>quod</span> <span class='ocrx_word' id='word_1_587' title='bbox 1367 2028 1429 2061; x_wconf 87' lang='lat' dir='ltr'>ait:</span> <span class='ocrx_word' id='word_1_588' title='bbox 1473 2024 1548 2059; x_wconf 89' lang='lat' dir='ltr'>Sub</span> <span class='ocrx_word' id='word_1_589' title='bbox 1576 2031 1745 2069; x_wconf 86' lang='lat' dir='ltr'>potestate</span> <span class='ocrx_word' id='word_1_590' title='bbox 1773 2026 1841 2058; x_wconf 85' lang='lat' dir='ltr'>viri</span> <span class='ocrx_word' id='word_1_591' title='bbox 1865 2026 1949 2065; x_wconf 88' lang='lat' dir='ltr'>eris,</span> <span class='ocrx_word' id='word_1_592' title='bbox 1985 2029 2078 2072; x_wconf 89' lang='lat' dir='ltr'>quod</span> <span class='ocrx_word' id='word_1_593' title='bbox 2104 2029 2229 2063; x_wconf 89' lang='lat' dir='ltr'>iisdem</span> 
     </span>
     <span class='ocr_line' id='line_1_87' title="bbox 1245 2076 2229 2122; baseline 0.002 -11"><span class='ocrx_word' id='word_1_594' title='bbox 1245 2078 1361 2111; x_wconf 91' lang='lat' dir='ltr'>verbis</span> <span class='ocrx_word' id='word_1_595' title='bbox 1386 2077 1463 2110; x_wconf 87' lang='lat' dir='ltr'>viro</span> <span class='ocrx_word' id='word_1_596' title='bbox 1489 2076 1673 2110; x_wconf 88' lang='lat' dir='ltr'>commissa</span> <span class='ocrx_word' id='word_1_597' title='bbox 1699 2083 1749 2110; x_wconf 91' lang='lat' dir='ltr'>est</span> <span class='ocrx_word' id='word_1_598' title='bbox 1777 2083 1928 2120; x_wconf 88' lang='lat' dir='ltr'>potestas</span> <span class='ocrx_word' id='word_1_599' title='bbox 1958 2080 2122 2122; x_wconf 81' lang='lat' dir='ltr'>regendi,</span> <span class='ocrx_word' id='word_1_600' title='bbox 2157 2092 2229 2115; x_wconf 91' lang='lat' dir='ltr'>non</span> 
     </span>
     <span class='ocr_line' id='line_1_88' title="bbox 1244 2127 2230 2171; baseline 0.003 -9"><span class='ocrx_word' id='word_1_601' title='bbox 1244 2129 1428 2162; x_wconf 89' lang='lat' dir='ltr'>mulierem</span> <span class='ocrx_word' id='word_1_602' title='bbox 1453 2134 1610 2165; x_wconf 87' lang='lat' dir='ltr'>tantum,</span> <span class='ocrx_word' id='word_1_603' title='bbox 1645 2127 1704 2160; x_wconf 90' lang='lat' dir='ltr'>sed</span> <span class='ocrx_word' id='word_1_604' title='bbox 1737 2134 1874 2171; x_wconf 89' lang='lat' dir='ltr'>praeter</span> <span class='ocrx_word' id='word_1_605' title='bbox 1898 2139 1972 2161; x_wconf 88' lang='lat' dir='ltr'>eam</span> <span class='ocrx_word' id='word_1_606' title='bbox 2001 2130 2130 2165; x_wconf 88' lang='lat' dir='ltr'>omnia.</span> <span class='ocrx_word' id='word_1_607' title='bbox 2190 2131 2230 2166; x_wconf 92' lang='lat' dir='ltr'>Id</span> 
     </span>
     <span class='ocr_line' id='line_1_89' title="bbox 1245 2175 2231 2225; baseline 0.002 -11"><span class='ocrx_word' id='word_1_608' title='bbox 1245 2180 1437 2224; x_wconf 86' lang='lat' dir='ltr'>Apostolus</span> <span class='ocrx_word' id='word_1_609' title='bbox 1465 2178 1577 2222; x_wconf 90' lang='lat' dir='ltr'>prima</span> <span class='ocrx_word' id='word_1_610' title='bbox 1602 2175 1872 2212; x_wconf 88' lang='lat' dir='ltr'>Corinthiorum</span> <span class='ocrx_word' id='word_1_611' title='bbox 1897 2179 2086 2215; x_wconf 87' lang='lat' dir='ltr'>undecimo</span> <span class='ocrx_word' id='word_1_612' title='bbox 2116 2183 2231 2225; x_wconf 84' lang='lat' dir='ltr'>sentit,</span> 
     </span>
     <span class='ocr_line' id='line_1_90' title="bbox 1245 2229 2228 2276; baseline 0.003 -12"><span class='ocrx_word' id='word_1_613' title='bbox 1245 2244 1322 2264; x_wconf 91' lang='lat' dir='ltr'>cum</span> <span class='ocrx_word' id='word_1_614' title='bbox 1343 2231 1456 2263; x_wconf 86' lang='lat' dir='ltr'>virum</span> <span class='ocrx_word' id='word_1_615' title='bbox 1476 2236 1579 2272; x_wconf 90' lang='lat' dir='ltr'>caput</span> <span class='ocrx_word' id='word_1_616' title='bbox 1597 2229 1756 2262; x_wconf 86' lang='lat' dir='ltr'>mulieris</span> <span class='ocrx_word' id='word_1_617' title='bbox 1777 2236 1885 2262; x_wconf 87' lang='lat' dir='ltr'>vocat.</span> <span class='ocrx_word' id='word_1_618' title='bbox 1934 2230 2021 2264; x_wconf 85' lang='lat' dir='ltr'>Item</span> <span class='ocrx_word' id='word_1_619' title='bbox 2040 2231 2228 2276; x_wconf 76' lang='lat' dir='ltr'>imaginem</span> 
     </span>
     <span class='ocr_line' id='line_1_91' title="bbox 1245 2279 2227 2327; baseline 0.002 -11"><span class='ocrx_word' id='word_1_620' title='bbox 1245 2289 1278 2316; x_wconf 88' lang='lat' dir='ltr'>et</span> <span class='ocrx_word' id='word_1_621' title='bbox 1294 2282 1440 2325; x_wconf 85' lang='lat' dir='ltr'>gloriam</span> <span class='ocrx_word' id='word_1_622' title='bbox 1459 2279 1543 2321; x_wconf 86' lang='lat' dir='ltr'>Dei,</span> <span class='ocrx_word' id='word_1_623' title='bbox 1570 2279 1606 2312; x_wconf 88' lang='lat' dir='ltr'>id</span> <span class='ocrx_word' id='word_1_624' title='bbox 1627 2287 1692 2321; x_wconf 83' lang='lat' dir='ltr'>est,</span> <span class='ocrx_word' id='word_1_625' title='bbox 1720 2280 1976 2324; x_wconf 85' lang='lat' dir='ltr'>praesidentem</span> <span class='ocrx_word' id='word_1_626' title='bbox 1994 2289 2026 2315; x_wconf 92' lang='lat' dir='ltr'>et</span> <span class='ocrx_word' id='word_1_627' title='bbox 2041 2291 2227 2327; x_wconf 85' lang='lat' dir='ltr'>regentem.</span> 
     </span>
     <span class='ocr_line' id='line_1_92' title="bbox 1244 2331 2227 2375; baseline 0.003 -10"><span class='ocrx_word' id='word_1_628' title='bbox 1244 2332 1347 2366; x_wconf 88' lang='lat' dir='ltr'>Nunc</span> <span class='ocrx_word' id='word_1_629' title='bbox 1367 2344 1446 2365; x_wconf 90' lang='lat' dir='ltr'>cum</span> <span class='ocrx_word' id='word_1_630' title='bbox 1464 2331 1541 2364; x_wconf 88' lang='lat' dir='ltr'>viro</span> <span class='ocrx_word' id='word_1_631' title='bbox 1555 2331 1789 2365; x_wconf 87' lang='lat' dir='ltr'>committitur</span> <span class='ocrx_word' id='word_1_632' title='bbox 1802 2331 2011 2375; x_wconf 86' lang='lat' dir='ltr'>imperium,</span> <span class='ocrx_word' id='word_1_633' title='bbox 2041 2335 2115 2367; x_wconf 84' lang='lat' dir='ltr'>vult</span> <span class='ocrx_word' id='word_1_634' title='bbox 2132 2333 2227 2368; x_wconf 90' lang='lat' dir='ltr'>Deus</span> 
     </span>
     <span class='ocr_line' id='line_1_93' title="bbox 1244 2381 2228 2428; baseline 0.001 -11"><span class='ocrx_word' id='word_1_635' title='bbox 1244 2396 1307 2428; x_wconf 92' lang='lat' dir='ltr'>per</span> <span class='ocrx_word' id='word_1_636' title='bbox 1329 2384 1431 2416; x_wconf 89' lang='lat' dir='ltr'>illum</span> <span class='ocrx_word' id='word_1_637' title='bbox 1456 2393 1528 2415; x_wconf 89' lang='lat' dir='ltr'>non</span> <span class='ocrx_word' id='word_1_638' title='bbox 1547 2381 1732 2415; x_wconf 88' lang='lat' dir='ltr'>mulierem</span> <span class='ocrx_word' id='word_1_639' title='bbox 1756 2388 1914 2424; x_wconf 83' lang='lat' dir='ltr'>tantum,</span> <span class='ocrx_word' id='word_1_640' title='bbox 1941 2385 2001 2417; x_wconf 90' lang='lat' dir='ltr'>sed</span> <span class='ocrx_word' id='word_1_641' title='bbox 2020 2385 2136 2417; x_wconf 87' lang='lat' dir='ltr'>omnia</span> <span class='ocrx_word' id='word_1_642' title='bbox 2161 2382 2228 2419; x_wconf 87' lang='lat' dir='ltr'>hu-</span> 
     </span>
     <span class='ocr_line' id='line_1_94' title="bbox 1243 2433 2228 2481; baseline 0.003 -13"><span class='ocrx_word' id='word_1_643' title='bbox 1243 2446 1346 2468; x_wconf 88' lang='lat' dir='ltr'>mana</span> <span class='ocrx_word' id='word_1_644' title='bbox 1367 2433 1451 2477; x_wconf 86' lang='lat' dir='ltr'>regi,</span> <span class='ocrx_word' id='word_1_645' title='bbox 1479 2445 1496 2466; x_wconf 91' lang='lat' dir='ltr'>a</span> <span class='ocrx_word' id='word_1_646' title='bbox 1514 2439 1612 2476; x_wconf 86' lang='lat' dir='ltr'>patre</span> <span class='ocrx_word' id='word_1_647' title='bbox 1630 2433 1786 2467; x_wconf 88' lang='lat' dir='ltr'>sobolem</span> <span class='ocrx_word' id='word_1_648' title='bbox 1805 2440 1838 2466; x_wconf 92' lang='lat' dir='ltr'>et</span> <span class='ocrx_word' id='word_1_649' title='bbox 1855 2434 2027 2467; x_wconf 86' lang='lat' dir='ltr'>familiam</span> <span class='ocrx_word' id='word_1_650' title='bbox 2044 2440 2121 2473; x_wconf 87' lang='lat' dir='ltr'>etc.‚</span> <span class='ocrx_word' id='word_1_651' title='bbox 2138 2448 2228 2481; x_wconf 86' lang='lat' dir='ltr'>quae</span> 
     </span>
     <span class='ocr_line' id='line_1_95' title="bbox 1243 2482 2229 2532; baseline -0.003 -14"><span class='ocrx_word' id='word_1_652' title='bbox 1243 2486 1421 2519; x_wconf 86' lang='lat' dir='ltr'>ordinatio</span> <span class='ocrx_word' id='word_1_653' title='bbox 1446 2491 1479 2518; x_wconf 89' lang='lat' dir='ltr'>et</span> <span class='ocrx_word' id='word_1_654' title='bbox 1503 2484 1540 2516; x_wconf 89' lang='lat' dir='ltr'>in</span> <span class='ocrx_word' id='word_1_655' title='bbox 1559 2482 1737 2526; x_wconf 82' lang='lat' dir='ltr'>Decalogo</span> <span class='ocrx_word' id='word_1_656' title='bbox 1756 2484 1975 2525; x_wconf 88' lang='lat' dir='ltr'>continetur,</span> <span class='ocrx_word' id='word_1_657' title='bbox 2002 2483 2148 2519; x_wconf 89' lang='lat' dir='ltr'>Honora</span> <span class='ocrx_word' id='word_1_658' title='bbox 2166 2499 2229 2532; x_wconf 82' lang='lat' dir='ltr'>pa-</span> 
     </span>
     <span class='ocr_line' id='line_1_96' title="bbox 1243 2535 2229 2579; baseline -0.003 -10"><span class='ocrx_word' id='word_1_659' title='bbox 1243 2543 1331 2570; x_wconf 89' lang='lat' dir='ltr'>trem</span> <span class='ocrx_word' id='word_1_660' title='bbox 1349 2543 1381 2569; x_wconf 89' lang='lat' dir='ltr'>et</span> <span class='ocrx_word' id='word_1_661' title='bbox 1400 2542 1544 2569; x_wconf 89' lang='lat' dir='ltr'>matrem</span> <span class='ocrx_word' id='word_1_662' title='bbox 1557 2560 1565 2573; x_wconf 90' lang='lat'>,</span> <span class='ocrx_word' id='word_1_663' title='bbox 1594 2535 1654 2568; x_wconf 88' lang='lat' dir='ltr'>ubi</span> <span class='ocrx_word' id='word_1_664' title='bbox 1684 2536 1888 2579; x_wconf 85' lang='lat' dir='ltr'>parentibus</span> <span class='ocrx_word' id='word_1_665' title='bbox 1906 2535 2138 2570; x_wconf 87' lang='lat' dir='ltr'>committitur</span> <span class='ocrx_word' id='word_1_666' title='bbox 2161 2538 2229 2571; x_wconf 86' lang='lat' dir='ltr'>im-</span> 
     </span>
    </p>
   </div>
   <div class='ocr_carea' id='block_1_12' title="bbox 1217 2584 2227 2631">
    <p class='ocr_par' dir='ltr' id='par_1_15' title="bbox 1217 2584 2227 2631">
     <span class='ocr_line' id='line_1_97' title="bbox 1217 2584 2227 2631; baseline 0 -11"><span class='ocrx_word' id='word_1_667' title='bbox 1217 2620 1219 2623; x_wconf 86' lang='grc'><strong>,</strong></span> <span class='ocrx_word' id='word_1_668' title='bbox 1243 2587 1391 2631; x_wconf 89' lang='lat' dir='ltr'>perium.</span> <span class='ocrx_word' id='word_1_669' title='bbox 1437 2585 1514 2620; x_wconf 92' lang='lat' dir='ltr'>Hoc</span> <span class='ocrx_word' id='word_1_670' title='bbox 1531 2586 1612 2619; x_wconf 88' lang='lat' dir='ltr'>item</span> <span class='ocrx_word' id='word_1_671' title='bbox 1630 2592 1678 2618; x_wconf 90' lang='lat' dir='ltr'>est</span> <span class='ocrx_word' id='word_1_672' title='bbox 1697 2586 1789 2631; x_wconf 88' lang='lat' dir='ltr'>quod</span> <span class='ocrx_word' id='word_1_673' title='bbox 1809 2584 1914 2620; x_wconf 86' lang='lat' dir='ltr'>Rom.</span> <span class='ocrx_word' id='word_1_674' title='bbox 1932 2586 2133 2628; x_wconf 81' lang='lat' dir='ltr'>tredecimo,</span> <span class='ocrx_word' id='word_1_675' title='bbox 2161 2587 2227 2622; x_wconf 82' lang='lat' dir='ltr'>Dei</span> 
     </span>
    </p>
   </div>
   <div class='ocr_carea' id='block_1_13' title="bbox 1244 2634 2227 2730">
    <p class='ocr_par' dir='ltr' id='par_1_16' title="bbox 1244 2634 2227 2730">
     <span class='ocr_line' id='line_1_98' title="bbox 1244 2634 2227 2682; baseline 0.003 -11"><span class='ocrx_word' id='word_1_676' title='bbox 1244 2638 1504 2671; x_wconf 85' lang='lat' dir='ltr'>ordinationem</span> <span class='ocrx_word' id='word_1_677' title='bbox 1522 2643 1727 2682; x_wconf 82' lang='lat' dir='ltr'>potestatem</span> <span class='ocrx_word' id='word_1_678' title='bbox 1745 2643 1862 2669; x_wconf 83' lang='lat' dir='ltr'>vocat:</span> <span class='ocrx_word' id='word_1_679' title='bbox 1891 2648 1973 2669; x_wconf 91' lang='lat' dir='ltr'>nam</span> <span class='ocrx_word' id='word_1_680' title='bbox 1998 2634 2061 2671; x_wconf 86' lang='lat' dir='ltr'>hac</span> <span class='ocrx_word' id='word_1_681' title='bbox 2081 2640 2227 2673; x_wconf 86' lang='lat' dir='ltr'>ordina-</span> 
     </span>
     <span class='ocr_line' id='line_1_99' title="bbox 1244 2687 2227 2730; baseline 0.002 -8"><span class='ocrx_word' id='word_1_682' title='bbox 1244 2690 1357 2728; x_wconf 87' lang='lat' dir='ltr'>tione,</span> <span class='ocrx_word' id='word_1_683' title='bbox 1392 2701 1470 2722; x_wconf 85' lang='lat' dir='ltr'>cum</span> <span class='ocrx_word' id='word_1_684' title='bbox 1504 2689 1580 2721; x_wconf 83' lang='lat' dir='ltr'>viro</span> <span class='ocrx_word' id='word_1_685' title='bbox 1614 2687 1847 2721; x_wconf 86' lang='lat' dir='ltr'>committitur</span> <span class='ocrx_word' id='word_1_686' title='bbox 1879 2688 2108 2730; x_wconf 86' lang='lat' dir='ltr'>gubernatio,</span> <span class='ocrx_word' id='word_1_687' title='bbox 2143 2691 2227 2726; x_wconf 85' lang='lat' dir='ltr'>facit</span> 
     </span>
    </p>
   </div>
   <div class='ocr_carea' id='block_1_14' title="bbox 2350 0 2367 672">
    <p class='ocr_par' dir='ltr' id='par_1_17' title="bbox 2350 0 2367 672">
     <span class='ocr_line' id='line_1_100' title="bbox 2350 0 2367 672; textangle 90"><span class='ocrx_word' id='word_1_688' title='bbox 2350 611 2360 672; x_wconf 44' lang='lat' dir='ltr'>ffl‘t</span> <span class='ocrx_word' id='word_1_689' title='bbox 2351 554 2361 580; x_wconf 54' lang='lat' dir='ltr'>j</span> <span class='ocrx_word' id='word_1_690' title='bbox 2351 0 2367 544; x_wconf 46' lang='grc' dir='ltr'>ΕΣᾼΛἫ</span> 
     </span>
    </p>
   </div>
  </div>
 </body>
</html>
