2379 2948
100 126 174 162 649

95 221 188 245 cesse
210 217 272 244 est.
323 210 399 245 IIae
416 208 535 245 ‘metae
562 217 733 244 vocantur
763 209 956 255 syllogismi
986 215 1076 242 recte

93 262 186 295 facti.
238 259 285 295 Et
303 263 384 307 quia
403 263 495 296 inter
511 262 641 306 primos
659 261 880 306 syllogismos
900 266 981 293 sunt
1006 260 1076 304 syl-

92 311 231 356 logismi
263 311 495 354 arithmetici,
526 313 564 345 in
595 309 650 344 his
682 310 965 354 perspicuitatem
990 323 1075 343 con-

92 363 294 408 sequentiae
311 364 580 397 consideremus.
609 361 763 395 Naturae
778 367 882 394 notae
899 367 981 394 sunt
993 373 1074 404 pro-

91 414 283 458 portiones.

91 466 217 498 ordine
232 465 356 509 positis
372 465 484 498 tribus
500 463 673 504 numeris,
701 470 866 508 quartum
892 463 991 508 sequi
1011 475 1072 496 ne-

91 527 183 549 cesse
201 522 268 549 est:

244 564 321 600 Una
336 564 427 597 libra
444 575 541 596 cerae
561 564 652 597 valet
671 561 837 597 drachma
854 576 922 597 una
934 592 942 606 ‚

240 615 308 649 Hic
324 621 405 648 sunt
420 613 532 648 librae
548 615 665 648 decem
676 642 684 656 ,

241 665 337 709 Ergo
353 666 471 698 decem
489 664 677 699 drachmae
694 673 798 700 erunt
815 667 983 711 precium.

189 717 257 750 Hic
280 717 367 750 ordo
393 723 442 749 est
467 717 600 760 primae
624 718 754 760 figurae
773 718 1068 763 syllogismorum,

87 770 116 802 si
140 770 258 802 dextre
279 769 533 804 accommodes.
586 767 675 801 Nam
699 769 814 802 maior
837 781 900 813 pro
925 767 1069 801 univer-

86 820 149 853 sali
165 818 327 863 ponitur:
355 817 544 860 Quaelibet
562 818 652 852 libra
679 820 768 852 valet
792 831 863 853 una
887 816 1068 857 drachma,

85 871 140 904 vel
155 875 240 915 quot
257 876 339 902 sunt
354 869 484 911 librae,
515 877 566 903 tot
589 877 671 904 sunt
688 869 887 904 drachmae.
942 868 987 903 Ut
1005 879 1067 901 au-

84 929 152 956 tem
168 920 370 965 proportio,
399 933 488 965 quae
506 922 659 955 naturali
676 922 752 955 luce
770 922 898 955 mentis
918 919 1067 953 iudicari

83 978 215 1016 potest,
249 971 404 1005 ostendit
433 974 719 1017 consequentiam
744 973 780 1005 in
805 973 936 1006 talibus
959 971 1066 1016 syllo-

80 1022 201 1067 gismis
217 1020 449 1056 arithmeticis
471 1023 606 1064 valere,
634 1031 667 1057 et
691 1024 876 1057 immotam
903 1035 990 1056 esse:
1019 1022 1066 1054 ita

81 1126 263 1158 immotam
291 1136 362 1158 esse
387 1125 604 1169 conspicitur
633 1138 672 1159 ex
702 1124 1066 1159 demonstrationibus

82 1188 156 1209 non
180 1176 303 1220 procul
328 1176 520 1217 accersitis,
548 1178 607 1209 sed
633 1177 749 1210 obviis
771 1183 804 1210 et
829 1176 1065 1213 evidentibus,

79 1277 253 1311 munitam
269 1289 342 1311 esse
359 1277 607 1311 certitudinem
625 1279 661 1310 iu
678 1279 934 1312 ratiocinando.
974 1276 1064 1310 Cum

79 1329 187 1372 igitur
209 1328 529 1362 demonstrationes
556 1330 747 1371 figurarum
781 1329 852 1362 sint
881 1328 1004 1361 obviae
1033 1334 1065 1360 et

77 1380 249 1417 illustres,
275 1379 401 1412 usitate
417 1379 549 1413 dicitur
565 1386 598 1413 et
614 1380 776 1413 ordinem
795 1380 833 1412 in
854 1379 1065 1424 syllogismis

76 1437 202 1464 natura
218 1436 342 1464 notum
363 1441 446 1463 esse.

248 1515 432 1557 Quomodo
461 1513 651 1562 differunt
675 1515 893 1561 principia?

180 1583 235 1618 Sit
250 1580 317 1616 hoc
340 1583 495 1627 primum
519 1584 709 1617 discrimen
735 1596 775 1617 ex
798 1582 945 1617 materia
967 1593 1064 1614 sum-

76 1642 167 1669 tum:
196 1633 278 1668 Alia
293 1640 376 1667 sunt
393 1634 651 1678 Speculabilia,
677 1635 744 1668 alia
760 1634 928 1668 Praetica.

177 1684 414 1729 Speculabilia
434 1693 605 1719 vocantur
625 1686 775 1719 noticiae
792 1685 984 1723 naturales,
1003 1695 1064 1716 seu

77 1737 336 1782 propositiones
351 1743 477 1769 natura
494 1743 614 1778 notae,
641 1749 681 1770 ex
700 1737 828 1782 quibus
844 1734 1008 1781 physicae
1031 1741 1064 1768 et

76 1785 343 1821 mathematicae
369 1787 530 1821 doctrina
553 1794 781 1829 extruuntur,
814 1794 852 1821 ut
876 1794 989 1821 totum
1014 1792 1065 1818 est

76 1839 191 1872 maius
208 1839 366 1883 qualibet
380 1850 439 1872 sua
460 1846 573 1883 parte:
602 1839 702 1882 Quae
719 1845 801 1872 sunt
817 1838 879 1871 uni
894 1837 1064 1883 aequalia,

75 1890 170 1924 inter
184 1900 257 1923 sese
271 1896 355 1923 sunt
370 1890 546 1935 aequalia:
576 1889 691 1924 Unius
708 1889 867 1935 corporis
883 1888 1064 1934 simplicis,

75 1940 201 1975 unicus
217 1947 268 1974 est
283 1947 398 1974 motus
416 1940 598 1977 naturalis.

178 1991 335 2025 Praetica
352 1998 524 2025 vocantur
538 1992 691 2026 noticiae
701 1992 890 2032 naturales,
906 2002 965 2025 seu
980 2003 1062 2035 pro—

76 2041 267 2087 positiones
291 2050 417 2076 natura
441 2049 566 2084 notae,
599 2056 689 2089 quae
720 2050 847 2086 regunt
874 2040 1061 2076 hominum

76 2104 202 2131 mores,
226 2099 264 2127 ut
279 2101 404 2128 natura
424 2092 579 2127 humana
598 2095 765 2138 intelligit
783 2093 973 2127 discrimen
998 2091 1063 2126 ho-

76 2150 258 2177 nestorum
273 2150 306 2177 et
322 2145 497 2189 turpium,
524 2146 696 2180 divinitus
712 2145 858 2180 insitum
873 2144 1063 2178 mentibus.

75 2194 211 2229 Natura
234 2191 391 2228 humana
416 2196 582 2240 intelligit
605 2197 682 2232 Deo
714 2197 954 2231 obediendum
989 2207 1062 2229 esse

76 2247 114 2279 in
131 2245 302 2279 faciendis
314 2243 481 2288 honestis,
498 2254 532 2281 et
544 2248 685 2282 vitanda
703 2248 937 2293 turpitudine,
956 2244 1061 2280 homo

77 2297 241 2331 conditus
259 2302 310 2329 est
326 2297 368 2329 ad
387 2298 586 2332 societatem
598 2327 607 2341 ,
627 2300 710 2345 quia
727 2300 823 2333 solus
841 2311 915 2332 non
939 2298 1061 2342 gignit.

75 2346 302 2382 Conveniens
319 2354 369 2381 est
390 2344 547 2390 homini,
573 2351 663 2384 tueri
687 2351 888 2385 societatem
915 2350 1061 2383 colenda

75 2398 232 2440 iusticia,
265 2398 480 2431 conveniens
511 2407 580 2440 est,
612 2403 814 2436 turbantem
848 2401 978 2435 iniuste
1004 2412 1061 2433 so-

77 2449 236 2484 cietatem
254 2449 458 2493 reprimere.
497 2448 573 2483 Hae
590 2459 622 2485 et
639 2453 770 2486 similes
790 2452 1062 2497 propositiones,

77 2513 165 2545 quae
181 2508 308 2544 regunt
322 2512 449 2541 mores,
464 2500 632 2535 dicuntur
647 2504 773 2537 usitate
790 2503 940 2548 practica
959 2503 1061 2547 prin-

77 2552 178 2595 cipia,
196 2552 292 2597 quod
308 2564 348 2585 eo
365 2552 571 2595 diligentius
585 2554 881 2588 considerandum
900 2561 960 2593 est,
979 2554 1061 2598 quia

77 2613 156 2636 cum
173 2604 216 2636 de
231 2603 305 2645 lege
322 2609 469 2637 naturae
485 2603 621 2637 erudite
639 2604 780 2645 dicitur,
808 2602 891 2637 hinc
908 2604 1062 2638 sumitur

77 2664 157 2686 vera
183 2660 215 2687 et
240 2654 387 2687 illustris
418 2654 626 2698 descriptio:
669 2655 778 2698 Leges
810 2661 955 2688 naturae
988 2667 1060 2688 esse

76 2702 247 2748 principia
266 2705 417 2749 practica
434 2711 468 2739 et
490 2706 735 2740 conclusiones
758 2706 951 2739 necessaria
976 2717 1060 2739 con-

710 124 753 161 V.
806 120 1129 160 EROTEMATA
1156 119 1495 157 DIALECTICES.

338 413 379 447 In
399 412 523 447 harum
541 413 747 453 collatione,
774 423 856 445 vero
880 412 1072 457 syllogismi
1099 441 1100 446 ,

80 1238 167 1272 quas
192 1238 296 1270 supra
321 1227 498 1267 recensui,
536 1240 686 1272 quarum
714 1227 889 1261 evidentia
914 1228 1065 1260 sciamus
1090 1226 1092 1258 l
1119 1228 1202 1260 iude
1221 1228 1345 1266 factas,
1374 1226 1489 1258 firmas
1507 1230 1538 1256 et
1557 1223 1719 1254 immotas
1743 1230 1824 1251 esse.

2043 113 2116 149 650

1101 208 1106 228 ³
1129 208 1310 254 sequentia
1339 219 1378 240 ex
1401 205 1455 240 his
1480 205 1664 250 principiis
1693 208 1882 242 extructas,
1917 212 2005 246 quae
2033 200 2112 244 qui-

1129 262 1208 294 dem
1224 259 1308 293 etin
1326 265 1442 291 mente
1459 258 1579 290 diviua
1597 262 1678 289 sunt
1701 262 1862 289 aeternae
1887 258 1920 285 et
1944 251 2109 283 immotae

1100 351 1102 354 .
1129 311 1296 350 noticiae,
1322 321 1360 342 ac
1380 320 1502 341 norma
1522 309 1703 341 virtutum.
1745 304 1864 348 Quare
1880 309 1914 336 et
1930 307 2109 347 praecepta

1100 382 1101 389 κ
1126 361 1294 404 Decalogi
1318 368 1399 393 suut
1424 359 1684 397 conclusiones,
1711 369 1751 389 ex
1774 355 1903 389 talibus
1925 351 2110 398 principiis

1127 419 1248 453 natae,
1275 419 1313 446 ut
1331 411 1415 444 alibi
1432 409 1607 452 copiosius
1623 408 1762 440 dicitur.

1507 498 1585 529 Alia
1607 497 1727 528 divisio.

1228 563 1492 607 principiorum
1509 561 1577 593 alia
1595 559 1672 592 aliis
1689 556 1880 590 illustriora
1892 579 1899 593 ‚
1928 552 2106 587 autetiam

1126 616 1244 660 priora
1263 621 1355 654 sunt,
1384 612 1596 646 Geometrae
1612 610 1726 654 primo
1745 614 1776 640 et
1793 605 1941 638 maxime
1956 604 2107 637 illustria

1125 673 1251 700 vocant
1281 662 1407 702 κοινὰς
1436 660 1597 702 ἐννοίας,
1639 657 1701 694 καὶ
1735 653 1947 700 ἀξιώματα,
1988 662 2106 697 postea

1123 725 1294 751 vocantur
1324 712 1553 762 hypotheses,
1590 712 1675 745 alias
1699 710 1815 742 aliter.
1877 702 2107 748 Philosophia

1123 770 1266 802 moralis
1294 781 1333 801 ex
1358 764 1508 805 Physica
1532 762 1677 797 assumit
1699 759 1788 793 hanc
1812 756 2106 803 propositionem:

1121 819 1254 853 Natura
1273 807 1430 852 hominis
1447 816 1587 850 condita
1605 820 1653 846 est
1672 813 1716 845 ad
1739 817 1870 844 certum
1895 807 2011 841 finem.
2067 804 2107 838 Id

1122 871 1157 903 iu
1175 869 1329 916 physicis
1347 870 1623 905 demonstratur,
1640 875 1713 897 non
1727 861 1956 895 confirmatur
1974 858 2011 889 in
2020 854 2107 889 Phi-

1120 920 1282 966 losophia
1299 920 1437 954 morali.
1491 918 1560 952 Sed
1587 915 1774 958 recipitur,
1803 919 1969 955 tanquam
1993 906 2107 952 hypo-

1092 983 1094 992 ¹
1121 971 1246 1011 thesis,
1275 972 1310 1005 id
1330 978 1397 1011 est,
1425 971 1522 1002 firma
1541 966 1753 1012 propositio,
1781 962 1924 996 aliunde
1943 964 2108 997 assumta,

1120 1031 1158 1057 ut
1177 1025 1220 1058 sit
1237 1021 1415 1056 inchoatio
1433 1019 1613 1054 doctrinae
1630 1015 1786 1050 moralis,
1814 1012 1862 1047 Ut
1874 1018 1989 1045 autem
2007 1009 2105 1054 prin-

80 1075 118 1106 in
146 1074 290 1107 caeteris
315 1074 527 1119 syllogismis
550 1075 667 1108 valere
689 1074 997 1119 consequentiam,
1033 1079 1066 1105 et
1091 1085 1093 1111 ι
1119 1075 1210 1118 cipia
1230 1072 1450 1108 arithmetica
1471 1079 1503 1105 et
1520 1068 1748 1114 geometrica,
1776 1072 1809 1098 et
1831 1060 2105 1096 demonstratio-

1120 1138 1180 1158 nes
1198 1126 1280 1158 inde
1298 1125 1408 1157 factae
1425 1124 1544 1155 firmae
1570 1127 1602 1153 et
1627 1120 1793 1151 immotae
1816 1121 1915 1154 sunt,
1942 1113 1989 1145 ita
2016 1111 2105 1144 scia-

1119 1189 1208 1217 mus,
1235 1188 1354 1209 revera
1375 1172 1548 1219 principia
1569 1169 1718 1215 practica
1739 1174 1771 1200 et
1788 1163 2106 1198 demonstrationes

1880 1214 1928 1249 Ut
1944 1223 2104 1247 assensus

1119 1280 1239 1311 firmus
1259 1285 1290 1311 et
1306 1283 1495 1321 perpetuus
1513 1280 1579 1314 est,
1601 1285 1671 1317 quo
1690 1269 1861 1304 assentior
1875 1264 1957 1299 huic
1975 1275 2104 1321 propo-

1118 1330 1257 1363 sitioni:
1287 1329 1339 1361 bis
1358 1327 1380 1361 4
1398 1333 1479 1360 sunt
1498 1325 1533 1358 8.
1586 1325 1636 1357 Ita
1653 1323 1753 1355 firmo
1776 1329 1917 1352 assensu
1942 1315 2106 1359 amplecti

1119 1378 1282 1413 homines
1298 1379 1483 1422 oportebat
1510 1374 1599 1408 hanc
1625 1370 1919 1417 propositionem:
1945 1366 2033 1422 Non·
2051 1365 2104 1397 fa-

1119 1432 1283 1464 ciendum
1302 1442 1374 1463 esse
1392 1430 1540 1462 furtum,
1594 1424 1663 1459 Sed
1681 1424 1717 1455 in
1736 1420 1799 1454 hac
1816 1418 1966 1461 caligine
1987 1427 2105 1448 minus

1119 1483 1179 1515 illa
1206 1482 1364 1514 divinam
1399 1481 1512 1512 lucem
1539 1476 1745 1521 aspicimus,
1780 1479 1811 1505 et
1835 1468 1936 1514 pravi
1958 1467 2103 1523 affectus

1119 1533 1380 1576 languefaciunt
1412 1529 1650 1563 assensionem
1684 1526 1720 1558 in
1749 1520 1913 1577 practicis
1935 1518 2103 1552 materiis.

1118 1584 1199 1619 Ideo
1219 1584 1345 1629 Cynici
1362 1582 1581 1616 sustulerunt
1606 1576 1780 1622 principia
1806 1578 1955 1628 practica
1981 1576 2015 1627 et
2041 1570 2102 1602 de-

1117 1635 1392 1669 monstrationes
1411 1631 1599 1677 practicas,
1626 1628 1688 1674 qui
1706 1627 1891 1664 dixerunt,
1917 1618 2009 1654 nihil
2030 1631 2103 1653 esse

1118 1693 1242 1720 natura
1260 1686 1390 1719 iustum
1403 1711 1410 1725 ,
1439 1684 1497 1716 sed
1515 1687 1652 1715 tantum
1669 1677 1850 1723 opinione.
1899 1672 2006 1715 Quod
2023 1682 2103 1704 cum

1118 1746 1150 1772 et
1173 1738 1300 1771 falsum
1323 1736 1367 1770 sit
1393 1742 1426 1769 et
1460 1731 1754 1767 contumeliosum
1787 1727 1953 1759 adversus
1974 1721 2104 1762 Deum,

1118 1788 1287 1821 monendi
1304 1793 1385 1820 sunt
1401 1784 1567 1823 studiosi,
1592 1789 1631 1815 ut
1657 1781 1727 1812 vim
1752 1776 1880 1811 horum
1906 1772 2102 1818 principio-

1117 1852 1196 1873 rum
1227 1846 1260 1872 et
1288 1836 1412 1871 harum
1442 1831 1786 1869 demonstrationum
1817 1833 1909 1860 recte
1939 1824 2101 1857 conside-

1117 1897 1216 1930 rent,
1238 1896 1271 1923 et
1288 1888 1526 1922 assensionem
1548 1884 1850 1918 confirmenteum
1875 1875 1967 1909 veris
1989 1874 2101 1908 ratio-

1117 1942 1242 1982 nibus,
1271 1948 1345 1974 tum
1364 1951 1446 1972 vero
1466 1937 1571 1971 etiam
1601 1931 1812 1968 testimoniis
1837 1939 1921 1962 voce
1939 1924 2006 1960 Dei
2030 1933 2102 1960 tra-

1117 1992 1210 2026 ditis.

1233 2074 1299 2111 De
1312 2072 1579 2122 patefactione
1596 2071 1725 2106 divina
1742 2072 1855 2104 extra
1871 2071 1986 2102 artes.

1217 2144 1334 2189 Supra
1354 2142 1428 2176 dixi
1453 2142 1496 2175 de
1520 2140 1632 2175 causis
1665 2134 1907 2175 certitudinis,
1949 2141 2036 2177 quas
2063 2129 2101 2187 in

1115 2192 1348 2240 Philosophia
1374 2192 1498 2239 quaeri
1530 2201 1669 2225 necesse
1701 2195 1762 2224 est.
1814 2186 1887 2220 Nos
1917 2190 2033 2241 autem
2063 2191 2102 2237 in

1115 2245 1273 2280 Ecclesia
1298 2244 1365 2279 Dei
1395 2251 1533 2290 praeter
1557 2240 1620 2276 has
1651 2251 1789 2277 causas,
1824 2247 1910 2282 quas
1941 2239 2102 2291 recitavi,

1115 2304 1149 2332 et
1166 2295 1257 2331 hanc
1273 2304 1450 2336 tenemus,
1475 2294 1620 2331 scilicet,
1647 2288 1915 2337 patefactionem
1932 2285 2104 2322 divinam,

1115 2350 1219 2383 certis
1235 2347 1449 2383 testimoniis
1464 2347 1589 2379 factam
1601 2369 1610 2381 ‚
1632 2355 1721 2388 quae
1739 2346 1831 2374 extat
1847 2338 1884 2370 in
1902 2335 2002 2369 libris
2019 2345 2102 2378 pro-

1114 2398 1264 2444 pheticis
1281 2407 1314 2434 et
1329 2397 1542 2442 apostolicis.
1592 2391 1670 2428 Etsi
1689 2398 1806 2425 autem
1825 2399 1925 2422 mens
1947 2385 2102 2442 humana

1114 2451 1252 2486 facilius
1284 2458 1317 2485 et
1338 2449 1482 2492 ,firmius
1514 2445 1702 2480 assentitur
1731 2442 1793 2480 iis,
1827 2451 1916 2485 quae
1948 2435 2102 2471 naturali

1115 2503 1192 2537 luce
1210 2502 1339 2542 cernit,
1367 2507 1484 2534 tamen
1504 2495 1612 2531 simili
1640 2492 1838 2528 constantia
1862 2500 1984 2524 omnes
2007 2498 2102 2522 crea-

1115 2561 1212 2588 turas
1243 2552 1433 2586 rationales
1454 2546 1615 2582 assentiri
1648 2544 1833 2589 oportebat
1867 2540 2051 2575 sententiis
2083 2550 2101 2570 a

1114 2604 1189 2638 Deo
1207 2601 1408 2649 patefacti5‚
1434 2598 1569 2633 etiamsi
1595 2609 1612 2630 a
1636 2590 1768 2629 iudicio
1794 2592 1943 2627 rationis
1966 2591 2103 2624 dissen-

1281 2652 1328 2687 Ut
1358 2652 1434 2684 sine
1460 2648 1684 2683 dubitatione
1709 2654 1966 2679 asseveramus:
2001 2642 2055 2676 bis
2080 2640 2104 2673 4

1292 2704 1339 2737 ita
1367 2701 1594 2736 statuendum
1622 2705 1687 2736 est,
1729 2695 1843 2730 Deum
1872 2693 2104 2728 excitaturum

1114 2656 1219 2690 liunt.

1114 2718 1185 2740 esse
1212 2705 1250 2744 8,
