2379 2948
106 107 183 142 217
697 101 772 138 111.

110 190 272 225 Psalmus
290 189 482 223 clarissime
500 189 672 229 adfirmat,
696 187 831 221 moveri
849 186 981 221 Solem.
1016 184 1093 219 Soli

109 241 229 285 posuit
251 241 517 274 tabernaculum
547 240 585 272 in
609 238 711 282 ipsis,
761 244 795 271 et
824 237 897 280 ipse
924 243 1092 281 tanquam

110 302 259 335 sponsus
277 293 471 335 procedens
489 292 531 323 de
547 287 700 322 thalamo
717 299 796 327 suo,
824 287 955 320 exultat
978 294 1018 321 ut
1041 286 1093 330 gi-

109 353 168 384 gas
186 342 231 374 ad
247 343 457 375 currendam
484 341 577 373 viam
594 350 704 372 suam.
759 338 816 371 Ab
836 344 989 371 extremo
1015 349 1093 371 coe-

108 392 226 425 lorum
250 403 406 435 egressus
432 391 524 431 eius,
551 396 584 423 et
610 388 785 422 revolutio
811 388 886 421 eius
909 389 952 421 ad
981 395 1093 421 extre-

109 454 206 475 mum
227 454 361 477 eorum.
412 440 489 474 Hoc
512 439 715 474 testimonio
740 439 925 484 perspicuo
948 439 991 471 de
1012 438 1094 472 Sole

110 493 269 526 contenti
283 493 402 526 simus.

211 542 264 577 De
285 549 376 576 terra
404 539 494 574 alius
512 539 674 573 Psalmus
698 540 833 585 inquit:
868 539 941 582 Qui
966 539 1095 573 funda-

111 594 161 628 vit
176 600 305 628 terram
324 603 429 636 super
448 590 675 624 stabilitatem
693 602 810 631 suam,
837 603 911 623 non
936 590 1095 623 movebi-

109 651 168 678 tur
191 645 228 676 in
256 649 438 676 aeternum
467 647 500 674 et
526 652 675 685 semper.
736 639 784 675 Et
808 640 1035 675 Ecclesiastes
1056 641 1093 673 in

109 696 223 738 primo
250 693 362 737 capite
387 692 520 737 inquit:
566 691 677 726 Terra
702 699 818 726 autem
848 692 884 724 in
913 698 1094 725 aeternum

108 751 191 785 stat,
218 743 332 791 oritur
349 742 412 776 Sol
431 749 463 777 et
479 742 625 781 occidit,
653 749 685 776 et
701 744 743 776 ad
763 743 879 776 locum
898 754 999 775 suum
1017 748 1096 774 ten-

109 797 195 828 dens
224 794 273 826 ibi
307 793 431 827 oritur.
484 791 531 826 Et
563 793 655 826 inter
685 794 854 826 miracula
882 799 1094 832 recensetur,

108 845 202 890 quod
227 844 320 878 Deus
338 843 457 878 Solem
476 844 590 877 voluit
608 843 816 884 consistere,
844 842 950 884 Item,
978 853 1095 885 regre-

106 896 155 929 di.
216 894 282 928 His
314 894 446 928 divinis
479 894 690 927 testimoniis
716 894 932 934 confirmati,
968 893 1096 927 verita-

107 953 176 980 tem
196 946 471 990 amplectamur,
498 957 561 978 nec
577 945 775 989 praestigiis
789 956 928 985 eorum,
957 944 1018 989 qui
1036 944 1097 976 de-

107 1008 166 1029 cus
183 997 316 1040 ingenii
335 1007 406 1029 esse
424 1002 570 1040 putant,
599 996 813 1030 conturbare
829 1002 940 1036 artes,
967 993 1095 1028 abduci

107 1059 171 1080 nos
192 1048 236 1080 ab
255 1059 292 1080 ea
311 1048 472 1080 finamus.

209 1104 256 1139 Et
289 1105 451 1150 quamvis
486 1105 682 1139 cluduntur
712 1102 857 1149 physica
881 1109 1099 1146 argumenta,

108 1168 198 1201 quae
214 1157 410 1190 ostendunt
429 1162 559 1189 terram
576 1167 649 1189 non
667 1156 820 1195 moveri,
847 1160 965 1187 tamen
980 1153 1097 1198 aliqua

107 1207 147 1238 in
169 1214 335 1250 promptu
359 1213 560 1246 teneamus,
588 1217 677 1250 quae
702 1207 881 1239 moderate
909 1203 1099 1238 iudicanti-

108 1257 192 1295 bus,
221 1262 253 1289 et
272 1256 454 1289 veritatem
476 1256 677 1289 amantibus
698 1255 927 1289 satisfaciunt.

209 1314 390 1347 Primum:
420 1313 462 1345 ln
478 1315 600 1346 circuli
619 1314 940 1348 circumvolutione
965 1319 1099 1347 constat

109 1375 250 1398 manere
287 1363 475 1396 immotum
513 1368 687 1395 centrum.
755 1364 823 1394 Sed
855 1372 947 1398 terra
979 1370 1030 1397 est
1061 1363 1099 1397 in

108 1414 234 1448 mundi
250 1413 368 1446 medio
380 1439 389 1454 ,
416 1425 455 1446 ac
473 1412 569 1446 velut
587 1418 748 1446 centrum
767 1412 904 1446 mundi.
952 1409 1016 1445 Est
1033 1412 1100 1455 igi-

109 1473 167 1499 tur
185 1465 342 1498 immota.

212 1522 290 1556 Hoc
316 1528 561 1565 argumentum
588 1529 620 1556 et
638 1521 844 1556 Macrobius
870 1533 911 1555 ex
928 1519 1100 1554 Cicerone

111 1574 243 1608 recitat.
306 1572 443 1607 Multae
465 1579 549 1606 sunt
575 1579 691 1606 autem
718 1573 1003 1607 confirmationes
1032 1572 1101 1604 mi-

112 1625 208 1658 noris
231 1630 390 1668 sumptae
416 1624 459 1656 ab
482 1624 715 1667 apparemus,
743 1623 909 1657 videlicet
935 1635 952 1656 a
981 1623 1099 1655 stella-

110 1687 190 1709 rum
214 1680 421 1718 conspectu,
458 1674 502 1707 ab
528 1674 784 1718 aequinoctiis,
815 1673 1042 1708 incrementis
1067 1679 1100 1706 et

111 1725 342 1759 decrementis
358 1724 496 1757 dierum
516 1731 549 1757 et
566 1725 734 1765 noctium,
761 1731 794 1758 et
810 1725 854 1758 ab
871 1724 1070 1768 eclipsibus.

213 1783 302 1817 Nam
318 1783 346 1816 si
362 1789 454 1817 terra
473 1794 545 1815 non
563 1790 612 1817 est
630 1783 666 1816 in
693 1784 810 1817 medio
833 1783 1011 1823 universi,
1035 1783 1102 1816 ob-

112 1834 241 1869 tinebit
257 1834 452 1867 necessario
470 1830 598 1866 horum
618 1834 750 1868 situum
768 1834 935 1879 aliquem.

212 1892 370 1926 Primus:
396 1892 470 1926 Aut
485 1898 535 1925 est
550 1893 719 1927 collocata
737 1900 832 1928 extra
850 1903 948 1925 axem
963 1891 1101 1932 mundi,

112 1945 161 1979 sie
191 1951 328 1984 tamen,
370 1949 409 1977 ut
430 1943 624 1988 aequaliter
644 1944 748 1978 distet
769 1945 813 1978 ab
836 1950 986 1988 utroque
1007 1943 1101 1987 polo,

113 1994 185 2029 hoc
196 2002 265 2037 est,
292 2001 331 2028 ut
349 1993 393 2027 sit
410 1994 448 2026 in
466 1994 571 2038 plana
586 1995 769 2039 superficie
787 1994 1068 2039 aequinoctialis.

215 2045 416 2080 Secundus:
445 2044 519 2078 Aut
536 2051 586 2078 est
605 2045 749 2090 quidem
765 2046 830 2079 sita
851 2045 887 2078 in
910 2056 973 2078 axe
995 2056 1099 2078 mun-

115 2097 169 2134 di,
196 2097 253 2129 sed
271 2102 365 2129 extra
383 2095 600 2139 superficiem
621 2097 762 2140 planam
787 2095 1006 2142 aequatoris,
1034 2093 1101 2128 hoc

115 2154 182 2188 est,
209 2146 309 2180 alteri
324 2145 488 2190 polorum
505 2146 651 2190 propior
667 2153 727 2182 est.

217 2195 379 2230 Tertius:
415 2195 487 2231 Aut
514 2209 629 2242 neque
651 2199 689 2231 in
715 2210 779 2232 axe
801 2197 929 2232 mundi
951 2196 1018 2231 sita
1042 2203 1102 2239 est,

116 2259 228 2294 neque
243 2246 282 2281 in
300 2247 405 2290 plano
422 2248 634 2293 aequatoriS.

218 2305 260 2340 In
273 2305 389 2350 primo
407 2305 476 2339 situ
494 2304 578 2340 haec
595 2314 828 2352 sequerentur
841 2308 1012 2349 absurda,
1035 2320 1102 2352 pro

116 2358 254 2390 diversa
277 2363 389 2390 terrae
412 2356 643 2391 collocatione
669 2359 706 2391 in
731 2359 810 2392 aliis
833 2367 939 2404 atque
953 2359 1033 2393 aliis
1048 2359 1101 2392 lo-

116 2408 163 2441 cis
178 2407 276 2453 plani
294 2406 506 2451 aequatoris.

216 2458 398 2492 Primum:
439 2456 480 2489 ln
505 2455 651 2501 sphaera
676 2468 768 2494 recta
794 2472 979 2505 nunquam
1005 2460 1099 2493 lieret

117 2508 396 2555 aequinoctium,
442 2507 526 2553 quia
566 2505 715 2543 horizon
752 2523 937 2556 nunquam
971 2517 1101 2544 secaret

117 2568 247 2595 terram
264 2560 302 2592 in
320 2560 391 2593 duo
408 2557 582 2603 aequalia.

218 2610 439 2645 Secundum:
473 2608 515 2642 ln
534 2608 679 2654 obliqua
696 2607 843 2653 sphaera
870 2612 1001 2645 alicubi
1018 2612 1101 2645 nul-

120 2662 194 2695 lum
210 2666 298 2695 esset
315 2660 577 2705 aequinoctium
590 2687 600 2700 ,
624 2660 755 2693 alicubi
774 2668 859 2695 esset
878 2663 1021 2706 quidem
1042 2674 1100 2696 ae-

826 98 985 136 INITIA
1011 98 1272 137 DOCTRINA
1299 101 1556 141 PHYSICAE.

2062 109 2136 144 218

1146 185 1388 231 quinoctiumâ€š
1421 191 1479 222 sed
1507 201 1579 223 non
1609 189 1646 222 in
1678 190 1795 224 medio
1818 191 2008 235 parallelo,
2042 191 2134 226 inter

1146 238 1216 270 duo
1238 237 1392 280 tropica,
1428 239 1465 270 id
1489 247 1558 280 est,
1593 252 1667 274 non
1696 248 1784 276 esset
1806 241 1844 274 in
1870 242 2133 286 aequinoctiali,

1146 288 1205 320 sed
1228 286 1267 320 in
1292 288 1362 320 alio
1387 288 1526 321 minore
1551 292 1721 333 parallelo
1746 293 1878 326 circulo
1902 292 2066 336 propiore
2083 294 2135 325 al-

1146 338 1271 372 terutri
1294 338 1430 382 tropico
1458 347 1601 381 puncto.

1247 396 1427 431 Tertium:
1453 397 1610 441 Tempus
1626 399 1767 434 ab'ortu
1787 402 1830 435 ad
1849 402 2044 442 meridiem,
2063 414 2134 435 nou

1147 453 1234 481 esset
1253 449 1398 493 aequale
1414 448 1564 492 tempori
1581 460 1599 482 a
1617 450 1764 483 meridie
1781 454 1824 484 ad
1843 464 2004 486 occasum
2015 452 2121 487 Solis.

1250 504 1442 548 Quartum:
1494 505 1762 549 Magnitudines
1794 520 1833 542 ac
1868 510 2052 544 intervalla
2082 512 2130 543 si-

1147 557 1271 590 derum
1288 557 1325 590 in
1342 557 1479 591 oriente
1498 564 1532 591 et
1550 557 1732 592 occidente
1750 570 1824 592 non
1849 560 2052 595 viderentur
2075 573 2133 595 aeâ€”

1148 607 1279 652 qualia.

1251 665 1294 699 In
1319 668 1472 701 secundo
1499 667 1566 701 situ
1595 665 1681 701 haec
1711 674 1942 712 sequerentur
1974 669 2136 711 absurda,

1148 716 1176 749 si
1198 723 1292 751 terra
1315 718 1352 751 in
1379 730 1441 752 axe
1459 718 1625 763 quidem,
1653 719 1712 753 sed
1733 717 1862 752 nonin
1884 719 2001 752 medio
2025 721 2136 764 posita

1148 774 1248 802 esset.

1249 825 1427 860 Primum:
1468 825 1509 860 In
1528 827 1626 860 omni
1651 828 1790 861 climate
1807 828 1952 872 planum
1970 825 2138 863 horizon-

1148 876 1193 910 tis
1220 884 1351 911 secaret
1375 877 1512 911 coelum
1538 878 1576 911 in
1600 879 1687 912 duas
1703 879 1904 924 inaequales
1919 886 2052 923 partes,
2080 892 2139 913 ex-

1149 928 1256 972 ceptis
1280 927 1366 960 locis
1391 925 1606 962 habentibus
1634 927 1820 972 sphaeram
1846 936 1988 963 rectam.
2042 928 2136 973 Ergo

1149 985 1182 1012 et
1206 978 1369 1011 zodiacus
1394 979 1617 1013 divideretur
1640 980 1676 1012 in
1701 981 1789 1013 duos
1809 979 2012 1024 inaequales
2027 993 2139 1021 arcus,

1150 1035 1183 1062 et
1213 1029 1261 1061 sic
1293 1028 1424 1061 alicubi
1448 1030 1547 1073 plus,
1582 1030 1713 1063 alicubi
1738 1030 1855 1063 minus
1879 1042 1936 1063 sex
1962 1031 2072 1074 signis
2096 1033 2138 1064 de

1150 1079 1291 1112 zodiaco
1328 1079 1589 1122 conspiceretur
1621 1091 1727 1124 supra
1759 1078 2001 1122 horizontem,
2044 1084 2138 1126 quod

1150 1135 1201 1162 est
1217 1135 1339 1162 contra
1357 1141 1498 1162 omnem
1516 1131 1788 1174 experientiam.'

1252 1187 1474 1222 Secundum:
1510 1187 1666 1222 Umbrae
1693 1189 1968 1234 aequinoctiales
1994 1191 2139 1224 orientis

1151 1245 1184 1272 et
1213 1238 1404 1271 occidentis
1420 1237 1516 1271 Solis
1541 1251 1614 1271 non
1639 1247 1875 1282 congruerent
1894 1240 1942 1273 ita
1958 1248 1998 1274 ut
2015 1241 2052 1273 in
2068 1253 2138 1273 una

1151 1295 1244 1322 recta
1259 1288 1352 1320 linea
1370 1286 1429 1321 á¼Ï€)
1451 1286 1601 1327 Îµá½Î¸Îµá½·Î±Ï‚
1616 1289 1750 1325 fierent.
1786 1288 1858 1323 Nec
1875 1290 1999 1323 umbra
2020 1292 2138 1323 orien-

1152 1339 1196 1372 tis
1211 1338 1306 1372 Solis
1331 1338 1389 1371 die
1410 1339 1593 1372 solsticiali
1618 1346 1745 1372 rectam
1763 1340 1890 1372 lineam
1908 1341 2137 1374 constitueret

1151 1401 1231 1421 cum
1247 1390 1373 1420 umbra
1384 1388 1478 1420 Solis
1487 1390 1681 1422 occidentis
1692 1390 1749 1422 die
1760 1390 1927 1429 brumali,
1943 1397 1976 1423 et
1988 1398 2138 1425 econtra.

1252 1444 1295 1478 In
1318 1445 1419 1479 tertio
1450 1446 1542 1488 situ,
1582 1447 1766 1489 videlicet,
1808 1449 1836 1481 si
1865 1460 1982 1494 neque
2016 1450 2051 1482 in
2077 1462 2139 1483 axe

1151 1496 1276 1530 mundi
1298 1496 1361 1529 sita
1385 1503 1490 1538 esset,
1519 1509 1635 1543 neque
1658 1498 1694 1531 in
1711 1499 1819 1542 plano
1836 1499 2057 1543 aequatorisâ€š
2083 1512 2138 1533 se-

1152 1553 1346 1592 querentur
1364 1548 1484 1580 eadem
1502 1548 1666 1590 absurda,
1691 1561 1781 1594 quae
1799 1549 1835 1582 in
1851 1549 2030 1594 prioribus
2050 1552 2139 1583 duo-

1152 1599 1219 1631 bus
1235 1605 1436 1631 enumerata
1453 1605 1546 1632 sunt.
1601 1598 1783 1633 Postremo
1801 1601 2030 1643 generaliter,
2059 1603 2138 1634 ubi-

1152 1660 1302 1693 cumque
1325 1654 1479 1692 ponatur
1500 1656 1592 1683 terra
1619 1656 1714 1684 extra
1739 1652 1891 1684 medium
1906 1678 1914 1691 â€š
1942 1652 2138 1685 confunde-

1151 1707 1250 1733 retur
1264 1699 1353 1733 ratio
1372 1699 1530 1744 aequalis
1546 1700 1754 1734 incrementi
1773 1709 1805 1735 et
1821 1702 2046 1742 decrementi,
2064 1704 2140 1735 die-

1151 1762 1230 1783 rum
1248 1756 1281 1783 et
1297 1750 1466 1783 noctium.
1516 1749 1588 1783 Nec
1611 1763 1747 1795 semper
1770 1752 1893 1784 fierent
1914 1752 2059 1795 eclipses
2082 1753 2139 1785 lu-

1152 1812 1235 1841 nae,
1263 1800 1366 1833 etiam
1392 1812 1472 1833 cum
1494 1812 1534 1832 ex
1557 1801 1730 1834 diametro
1755 1801 1916 1845 opposita
1941 1809 2027 1835 esset
2051 1801 2139 1843 Soli,

1152 1851 1234 1896 quia
1251 1857 1343 1884 terra
1362 1861 1435 1882 non
1453 1850 1517 1883 sita
1535 1850 1571 1883 in
1596 1851 1714 1884 medio
1738 1852 1881 1891 mundi,
1909 1864 1982 1884 non
2006 1853 2139 1886 obiice-

1152 1909 1204 1936 ret
1220 1912 1318 1934 suam
1335 1901 1497 1934 umbram
1516 1900 1650 1934 Lunae.

1254 1950 1350 1984 Ilaec
1373 1957 1452 1984 octo
1476 1951 1629 1985 absurda
1658 1953 1874 1986 convincunt
1905 1959 2033 1986 terram
2064 1966 2137 1987 nou

1151 2013 1253 2047 posse
1273 2001 1346 2036 alio
1370 2002 1408 2034 in
1433 2002 1528 2043 loco,
1556 2002 1625 2036 nisi
1651 2002 1689 2035 in
1714 2002 1833 2037 medio
1853 2003 2012 2037 unirersi
2034 2005 2137 2038 sitam

1152 2064 1236 2087 esse.

1253 2101 1475 2138 Confirmata'
1493 2100 1558 2136 bac
1581 2100 1789 2148 hypothesi,
1816 2105 1911 2149 quod
1929 2111 2020 2138 terra
2040 2107 2083 2140 sit
2101 2107 2137 2138 iu

1152 2154 1270 2188 medio
1284 2154 1429 2195 mundi,
1456 2154 1610 2198 primum
1627 2152 1692 2187 hoc
1709 2154 1878 2199 sequitur,
1906 2167 1979 2187 eam
2000 2163 2037 2188 ut
2055 2169 2138 2189 cen-

1153 2212 1247 2239 trum
1272 2205 1465 2251 quiescere.
1524 2204 1662 2238 Deinde
1686 2202 1770 2237 hinc
1796 2212 1985 2238 sumuntur
2009 2206 2138 2240 distin-

1151 2256 1286 2290 ctiones
1305 2263 1479 2290 motuum.
1533 2254 1622 2288 Nam
1648 2255 1829 2288 circularis
1852 2262 1968 2288 motus
1995 2264 2044 2290 est
2067 2258 2135 2290 cir-

1152 2307 1371 2340 cumvolutio
1393 2307 1484 2339 circa
1507 2313 1677 2340 centrum.
1738 2304 1784 2338 At
1811 2312 1926 2338 rectus
1947 2313 2064 2340 motus
2085 2316 2136 2341 est

1152 2359 1344 2391 secundum
1367 2364 1499 2391 rectam
1521 2358 1650 2389 lineam
1677 2355 1760 2388 ferri
1783 2367 1801 2388 a
1818 2362 1960 2396 centro,
1984 2368 2045 2390 seu
2061 2371 2136 2391 me-

1152 2409 1234 2448 dio,
1267 2415 1328 2442 aut
1355 2409 1399 2442 ad
1425 2414 1585 2442 centrum
1613 2418 1673 2439 seu
1696 2405 1865 2439 medium.
1915 2405 1991 2441 Hae
2007 2408 2137 2442 distin-

1151 2459 1286 2493 ctiones
1302 2471 1372 2492 non
1391 2465 1516 2498 essent,
1529 2458 1557 2492 si
1573 2457 1712 2489 nullum
1729 2463 1889 2489 centrum
1904 2468 1965 2491 seu
1979 2459 2137 2493 medIum

1152 2510 1385 2544 constitutum
1407 2516 1507 2542 esset>
1559 2506 1653 2539 Hine
1679 2506 1787 2549 igitur
1811 2507 1913 2552 plura
1931 2518 2136 2552 argumenta

1152 2567 1354 2594 sumunturÎ‡

1253 2610 1368 2645 Unius
1402 2608 1561 2653 corporis
1591 2607 1760 2653 simplicis
1793 2615 1932 2643 tantum
1963 2616 2013 2644 est
2043 2623 2137 2644 unus

1152 2667 1279 2697 motus.
