2379 2948
253 136 299 170 ‘27
488 131 693 167 SCRIPTA
723 131 785 164 ΡΠ
826 128 938 163 MEL.
968 127 1033 164 AD
1060 129 1184 164 IlIST.
1212 128 1354 167 PROF.
1386 129 1451 164 ET
1479 129 1666 167 PIIILOS.
1695 129 2011 168 SPECTANTIA.
2208 137 2256 171 28

250 219 457 264 adpellatur.
516 215 562 250 Et
587 216 672 249 alibi
698 215 831 259 iuquit:
868 212 938 246 Cor
961 221 1010 248 est
1032 215 1135 248 situm
1161 215 1226 248 sub
1284 214 1470 247 Inferiores
1488 227 1568 248 vero
1593 215 1759 259 paulatim
1783 215 1960 250 breviores
1977 218 2082 259 fiunt,
2108 230 2153 252 ne
2171 231 2256 252 ven-

251 269 400 315 σῃᾮνῳ.
1280 265 1426 298 triculus
1455 266 1606 309 repletus
1637 266 1786 299 nimium
1817 267 2123 309 comprimeretur,
2156 276 2187 303 et
2210 271 2256 302 ob

351 320 438 352 Ossa
459 317 605 362 pectoris
621 316 686 348 suli
705 314 794 346 collo
807 313 963 348 efficiunt
979 315 1150 348 surculam
1169 327 1227 348 su-
1251 324 1252 333 *
1280 317 1424 347 eautlein
1440 328 1575 348 causam
1592 316 1772 349 molliores
1790 322 1888 357 sunt,
1914 328 1953 349 ac
1969 318 2012 349 ad
2030 317 2256 362 diaphragma

252 371 441 415 perium-m,
479 379 565 411 quae
593 362 717 411 offui-⁷1)
743 365 957 398 nominatur.
1020 365 1068 399 lta
1094 367 1128 397 iu
1157 367 1226 397 imo
1251 389 1254 405 a
1280 366 1455 398 desinunt.

252 420 400 465 pectoris
426 418 577 450 efficiunt
602 415 801 455 cavitatem,
838 416 873 447 iu
898 428 965 459 qua
989 422 1038 449 ost
1063 417 1227 458 cartilago
1379 413 1550 457 Πλευρὺν
1566 426 1689 457 genere
1707 421 1831 448 neutro
1850 415 1950 450 latus,

254 470 459 513 conspicua,
487 477 574 510 quae
595 465 798 497 nominatur
815 463 1007 510 ξιᾳοειδὴς.
1252 491 1255 508 ,
1383 463 1533 509 Ill-evoti
1551 477 1676 507 genere
1693 466 1885 499 foeminino
1901 466 2104 499 membrana
2120 468 2258 500 succin-

353 516 546 558 Cartilago,
572 513 769 560 ξιφυειδής,
801 516 835 547 iu
855 516 912 547 illa
929 517 1074 549 cavitate
1092 517 1155 549 sub
1172 526 1229 548 os-
1281 527 1364 558 gens
1383 523 1510 553 costas,
1539 517 1572 548 id
1591 522 1657 556 est,
1686 516 1775 548 iutra
1793 523 1899 549 totam
1919 517 2099 549 cavitatem
2118 518 2182 549 sub
2198 530 2256 550 co-

255 571 350 604 sibus
369 566 528 611 pectoris,
555 566 640 597 sacta
659 567 766 597 estad
784 566 1011 598 muniendam
1029 574 1160 610 partem
1176 566 1230 598 vi-
1283 566 1342 598 stis
1367 572 1521 603 extensa,
1549 566 1697 598 vestiens
1721 566 1878 610 undique
1901 567 2019 598 omnia
2042 578 2129 611 quae
2144 568 2257 600 conti-

255 621 367 653 ciuaiu
383 613 563 649 stomachi.
617 614 772 647 Galenus
788 616 878 648 clare
895 616 989 655 dicit,
1016 618 1080 648 sub
1092 614 1230 660 στέρνῳ
1283 622 1411 648 nentur
1429 615 1517 647 iutra
1536 613 1711 648 thoracem
1724 642 1732 655 ‚
1759 622 1792 648 et
1818 616 2020 649 nominatur
2036 614 2152 660 χιτών
2169 614 2256 651 ὕπε-

255 682 326 702 esse
365 665 623 707 cartilaginem,
667 677 754 709 quae
794 666 998 699 nominatur
1041 664 1230 711 ξιφοειδὴς.
1255 661 1257 676 '
1284 663 1425 707 ζωκιός,
1454 672 1491 697 ut
1510 665 1598 697 infra
1615 676 1734 698 rursus
1751 665 1895 700 dicetur.

256 720 355 753 Hanc
372 716 581 750 recentiores
599 715 783 748 nominant
801 716 1034 758 cartilaginem
1053 716 1230 749 scutalem.
1256 706 1258 730 ἶ
1384 713 1548 760 [ἶλευραὶ
1567 727 1712 748 numero
1729 715 1857 758 plurali
1873 723 1995 751 costae.

256 770 344 803 Item
362 768 493 800 malurn
510 772 691 809 granatum
703 791 712 806 ‚
739 766 833 809 quod
850 766 894 799 sit
909 766 1034 799 similis
1056 767 1134 799 ssori
1151 766 1232 798 mali
1257 773 1259 784 ¹
1384 763 1459 798 Etsi
1477 772 1590 798 autem
1607 764 1704 798 Heva
1731 765 1870 798 condita
1888 772 1939 798 est
1955 777 1994 798 ex
2012 772 2103 799 costa
2122 773 2258 810 sumpta

257 819 388 864 punici.
1285 827 1324 847 ex
1346 816 1478 855 Adam,
1512 822 1627 848 tamen
1656 815 1692 847 in
1714 815 1789 847 viro
1813 822 1847 848 et
1873 815 1907 847 in
1927 815 2071 848 muliere
2091 828 2257 848 numerus

357 866 556 906 Mumfflae,
591 863 711 898 ῖίτθοι
738 876 796 898 seu
822 864 974 909 μαστοὶ,
1005 866 1042 898 in
1067 866 1232 899 foeminis
1285 872 1334 898 cst
1356 874 1527 898 costarum
1552 866 1717 909 aequalis.
1771 863 2053 898 Existimantlum
2080 873 2128 898 est
2153 865 2259 907 igitur

258 920 353 953 lactis
382 929 480 950 causa
509 916 668 949 conditae
693 923 772 949 sunt
797 916 956 949 laxiores.
1013 914 1090 949 Etsi
1117 923 1232 949 autem
1258 946 1259 950 ,
1286 916 1323 947 iu
1347 916 1422 947 viro
1444 922 1553 948 costas
1577 922 1675 948 antea
1699 915 1803 948 fuisse
1820 915 1996 948 tredecim.
2048 913 2094 948 Et
2112 915 2260 948 tredeci-

258 968 399 1014 physira
418 977 517 999 causa
535 973 602 1005 est,
629 977 691 998 cur
713 966 851 999 additae
876 966 945 999 sint
968 966 1099 1010 pectori
1118 967 1154 998 in
1175 977 1234 1008 ge-
1258 957 1261 964 ‚
1288 977 1381 997 mum
1407 966 1524 1008 iugum
1548 977 1588 998 ex
1610 966 1685 998 viro
1709 972 1904 1009 exemptum
1930 977 2019 1005 esse,
2044 965 2106 998 ubi
2123 972 2172 998 est
2191 965 2259 997 viri

259 1031 341 1053 nere
365 1016 539 1053 humano,
575 1022 614 1048 ut
639 1022 671 1048 et
693 1016 807 1048 cordis
825 1015 920 1048 calor
935 1016 1044 1058 magis
1067 1017 1234 1049 desenda-
1287 1015 1440 1053 cinctus,
1469 1022 1500 1048 et
1523 1015 1605 1047 iude
1624 1015 1826 1048 fabricatam
1844 1014 1990 1050 Hevam.
2043 1013 2119 1048 Etsi
2142 1021 2257 1048 autem

258 1077 335 1110 tur,
365 1075 396 1100 et
420 1066 572 1099 vicissim
594 1066 719 1097 sortior
741 1065 786 1098 sit
810 1066 905 1097 calor
933 1067 976 1098 ad
1002 1067 1053 1098 lac
1080 1077 1235 1110 coquen-
1287 1065 1416 1097 multae
1441 1065 1711 1106 significationes
1738 1066 1821 1098 inde
1845 1071 2050 1103 sumuntur,
2086 1072 2200 1099 tamen
2227 1071 2261 1098 et

259 1122 344 1153 dum
357 1144 365 1158 ‚
389 1123 531 1161 propter
553 1115 765 1147 vicinitatem
784 1115 917 1153 cordis,
944 1121 1060 1147 tamen
1078 1127 1150 1148 non
1169 1116 1235 1147 du-
1288 1115 1487 1158 complexus
1506 1115 1542 1148 in
1568 1115 1683 1149 cinctu
1699 1116 1922 1158 significatur.

260 1170 357 1202 bium
379 1173 445 1206 est,
470 1172 502 1198 et
528 1164 714 1197 consilium
738 1164 843 1196 fuisse
861 1164 1014 1207 opificis,
1038 1165 1235 1198 discernere
1390 1165 1464 1198 Sub
1481 1165 1582 1198 costis
1598 1177 1677 1209 pars
1692 1165 1840 1199 exterior
1856 1172 1887 1198 et
1905 1165 2052 1198 interior
2069 1176 2171 1209 supra
2183 1177 2260 1197 um-

261 1218 422 1252 homiues
445 1223 478 1249 et
501 1214 701 1249 animantia.
756 1213 892 1248 Bestiae
914 1221 1050 1248 tantum
1073 1216 1236 1249 nutriunt
1287 1214 1432 1247 bilicum
1454 1216 1611 1259 proxima
1636 1217 1738 1249 costis
1763 1213 1902 1255 nothis,
1938 1216 2140 1248 nominatur
2168 1212 2262 1248 ὓπο-

261 1269 437 1306 sobolem,
469 1272 586 1309 postea
619 1264 817 1307 negligunt,
852 1272 883 1298 et
916 1265 1049 1298 oblivio
1079 1266 1236 1310 sequitur
1284 1261 1479 1311 χόνδριον,
1509 1266 1597 1298 sicut
1625 1265 1781 1299 Galenus
1803 1276 1959 1309 expresse
1977 1265 2110 1307 inquit,
2142 1265 2178 1296 in
2196 1263 2260 1308 hy-

260 1323 446 1363 parentum
470 1323 500 1346 et
523 1315 665 1347 sobolis.
717 1315 785 1345 Sed
808 1312 967 1348 homines
987 1316 1237 1349 transfundunt
1288 1313 1517 1359 pochondriis
1535 1316 1597 1349 sita
1616 1327 1688 1348 esse
1709 1324 1792 1356 epar
1813 1319 1845 1345 et
1862 1312 2027 1356 splenem.
2078 1312 2150 1346 Nec
2170 1321 2261 1347 recte

264 1363 475 1412 στοργῇνὶιι
492 1363 666 1401 sobolem,
694 1367 726 1394 et
745 1362 914 1395 retinetur
930 1366 1117 1400 memoria,
1145 1372 1177 1395 et
1200 1367 1237 1396 fit
1288 1366 1449 1395 redditur
1482 1362 1669 1405 adpellatio
1708 1359 1983 1407 hypochondrii,
2027 1363 2261 1406 adpellatione

262 1423 405 1451 mutuus
432 1425 539 1447 amor.
592 1410 729 1444 Debent
750 1412 851 1444 etiam
870 1419 1029 1455 parentes
1046 1413 1237 1446 institutio-
1290 1413 1582 1455 praecordiorum.
1636 1411 1724 1445 Nam
1749 1413 1948 1455 praecordia
1971 1412 2044 1445 sine
2069 1414 2138 1445 ulla
2156 1414 2261 1446 dubi-

262 1479 343 1501 nem
372 1472 404 1498 et
429 1462 634 1507 sapientiam
657 1461 782 1496 soboli.
842 1460 999 1495 Galenus
1021 1463 1235 1496 mentionem
1288 1462 1419 1496 tatione
1451 1463 1645 1504 significant
1677 1461 1920 1506 diaphragma,
1953 1469 1990 1496 ut
2018 1469 2162 1496 testatur
2186 1462 2262 1496 Pli-

262 1517 344 1552 facit
361 1521 501 1548 mutuae
517 1511 762 1552 calefactionis,
788 1511 968 1556 inquiens:
996 1510 1132 1558 καρδία
1147 1513 1237 1559 θερ-
1289 1512 1386 1551 nius,
1413 1513 1472 1556 qui
1488 1514 1553 1552 ait,
1580 1514 1779 1556 praecordia
1795 1524 1866 1545 esse
1882 1510 2043 1555 phrenas.
2085 1511 2131 1547 Et
2146 1513 2262 1557 ipsum

263 1563 466 1613 μαινομένη
484 1560 573 1608 πρὸς
591 1560 734 1602 αὐτῶν,
763 1560 1051 1607 ἅντιθερμαίνει,
1289 1561 1514 1606 diaphragma
1534 1574 1594 1596 seu
1611 1570 1743 1606 septum
1761 1570 1996 1596 transversum
2014 1560 2163 1606 phrenas
2181 1563 2262 1601 dici,

364 1617 416 1649 Ac
439 1620 481 1647 ut
500 1613 640 1656 sanguis
663 1612 723 1657 qui
754 1612 864 1645 nutrit
888 1613 1080 1653 mamillas,
1112 1613 1238 1647 melius
1289 1613 1518 1646 certissimum
1538 1619 1598 1647 est.

265 1673 452 1712 coquatur,
485 1675 557 1696 non
589 1669 679 1696 recta
706 1660 846 1695 vehitur
872 1675 911 1695 ex
935 1675 1016 1696 cava
1039 1675 1145 1706 vena,
1177 1665 1236 1697 sed
1390 1662 1442 1696 De
1459 1670 1773 1707 septotransverso‚
1800 1659 2261 1710 quodGraeciduiwpaypoe

264 1717 378 1760 longis
401 1714 604 1756 ambagibus
626 1725 643 1746 a
666 1712 785 1754 iugulo
811 1713 1026 1746 descendunt
1042 1725 1169 1754 venae,
1198 1720 1239 1747 ut
1291 1719 1323 1746 et
1340 1711 1476 1759 φρένας
1495 1714 1690 1754 nominant,
1715 1720 1832 1756 postea
1852 1713 1986 1746 dicetur
2003 1713 2038 1745 in
2056 1713 2262 1757 descriptio-

263 1769 323 1801 fiat
345 1766 454 1799 coctio
477 1763 688 1796 diuturnior.
741 1761 786 1795 Et
802 1763 883 1806 quia
906 1763 1141 1796 mamillarum
1158 1775 1237 1796 caro
1290 1775 1334 1796 ne
1359 1763 1581 1796 Interiorum.
1631 1762 1694 1797 Est
1717 1770 1831 1797 autem
1856 1760 2075 1810 διάφραγμα
2091 1764 2262 1806 pannicu-

266 1817 413 1852 candida
433 1821 498 1853 est,
524 1811 702 1847 attrahens
727 1813 982 1845 nutrimentum
995 1840 1004 1853 ,
1030 1820 1239 1848 transmutat
1291 1814 1344 1846 lus
1364 1824 1532 1846 nervosus
1556 1821 1589 1847 et
1603 1825 1765 1854 carneus,
1792 1814 1851 1858 qui
1867 1820 1916 1846 est
1929 1814 2154 1847 interstitium
2170 1813 2262 1846 inter

268 1866 471 1909 sanguinem
489 1871 522 1897 et
539 1865 656 1896 album
673 1863 794 1903 efficit,
819 1874 859 1896 ac
878 1863 1012 1907 reliqua
1027 1875 1106 1908 pars
1122 1864 1175 1898 lac
1189 1870 1240 1898 est
1291 1862 1467 1896 thoracem
1484 1869 1516 1895 et
1531 1870 1687 1897 ventrem
1699 1889 1708 1906 ‚
1736 1871 1769 1897 et
1785 1864 1898 1896 munit
1917 1864 2112 1906 superiora,
2138 1875 2182 1896 ne
2200 1861 2262 1896 lta-

267 1918 353 1952 utile
370 1917 411 1948 ad
431 1914 574 1947 alendos
591 1913 751 1945 infantes·
1291 1915 1374 1948 litus
1392 1914 1570 1946 immodici
1588 1914 1692 1947 simul
1709 1926 1748 1946 ex
1764 1913 1958 1946 ventriculo
1976 1914 2173 1946 ascendant.

367 1964 535 2008 Papillae,
557 1960 680 2007 θηλαὶ,
706 1962 803 2006 prior
818 1973 914 2006 pars,
936 1975 1003 2008 qua
1020 1964 1111 2007 sugit
1122 1964 1239 1998 infans
1261 1979 1267 2014 Ι
1390 1963 1464 1997 Sub
1479 1961 1740 2007 diaphragmate
1763 1964 1848 1996 situs
1870 1971 1920 1997 est
1943 1969 2080 2004 venter,
2108 1961 2264 2010 γαστὴρ,

265 2016 451 2050 mamillas.
1292 2014 1390 2048 cuius
1421 2013 1570 2046 exterius
1600 2020 1856 2057 tegumentum,
1898 2015 1993 2058 quod
2027 2020 2078 2047 est
2110 2013 2197 2046 cutis
2229 2021 2263 2047 et

365 2064 507 2107 costae,
527 2060 698 2107 πλευραὶ,
726 2062 909 2096 duodecim
927 2062 964 2095 in
980 2063 1138 2108 quolibet
1152 2064 1239 2097 late·
1291 2065 1492 2097 membrana
1511 2075 1652 2104 carnea,
1679 2064 1857 2107 superiore
1878 2070 1991 2107 parte,
2019 2063 2181 2097 videlicet
2203 2075 2263 2096 su-

266 2129 315 2152 re.
366 2115 458 2148 Sunt
481 2121 594 2147 autern
619 2120 743 2146 natura
767 2123 882 2153 ossea,
917 2114 975 2146 sed
998 2114 1116 2147 minus
1141 2114 1239 2147 dura.
1291 2127 1352 2158 pra
1367 2114 1596 2151 umbilicum,
1624 2114 1826 2147 nominatur
1843 2110 2087 2161 ἐπιγάστριον.

266 2165 314 2200 Et
337 2172 417 2200 sunt
442 2165 574 2208 plures,
606 2170 645 2197 ut
669 2163 854 2197 interstitia
878 2163 1018 2204 fierent,
1042 2171 1081 2198 ut
1099 2164 1239 2198 dilatari
1391 2164 1477 2204 Ilia,
1503 2160 1669 2211 λαγόνες,
1696 2170 1778 2197 sunt
1798 2164 1931 2197 vicinae
1954 2171 2069 2208 partes
2095 2164 2261 2210 utrinque

268 2223 301 2250 et
325 2214 517 2257 constringi
539 2220 658 2257 pectus
681 2220 814 2256 posset,
840 2219 873 2246 et
897 2214 1048 2247 musculi
1071 2214 1162 2247 inter
1179 2226 1239 2247 co-
1291 2215 1380 2248 circa
1413 2214 1640 2253 umbilicum,
1681 2221 1870 2248 retrorsum
1914 2214 2092 2258 proximae
2128 2214 2264 2248 ossibus

267 2273 335 2300 stas
360 2266 626 2299 collocarentur.
684 2263 890 2308 Superiores
915 2270 1046 2308 septem
1070 2271 1240 2298 vocantur
1291 2265 1408 2305 ilium,
1434 2276 1493 2298 seu
1511 2276 1632 2305 coxae,
1659 2276 1746 2309 quae
1763 2264 1967 2298 nominatur
1981 2262 2113 2309 ἰσχίον.

267 2328 368 2350 verae
384 2323 505 2349 costae.
541 2313 727 2347 Inferiores
742 2314 897 2358 quinque
913 2321 1083 2348 vocantur
1098 2312 1239 2355 nothae,
1391 2314 1557 2348 Anterior
1573 2326 1654 2347 vero
1680 2326 1757 2358 pars
1775 2315 1840 2347 sub
1861 2312 1980 2349 nothis
1997 2315 2100 2348 costis
2119 2314 2263 2348 umbili-

266 2367 371 2409 vulgo
393 2366 599 2402 mendosae,
629 2364 711 2409 quia
738 2370 773 2397 et
799 2364 975 2397 breviores
1001 2371 1033 2397 et
1060 2365 1238 2397 molliores
1291 2377 1330 2398 co
1345 2365 1500 2409 proxima
1517 2365 1720 2398 nominatur
1735 2367 1916 2403 κενεῶνες.
1967 2364 2036 2399 Sed
2054 2362 2137 2398 haec
2150 2364 2263 2398 subti-

267 2423 357 2451 sunt.
412 2414 563 2459 Ideoque
579 2412 640 2447 has
656 2415 811 2459 quinque
828 2421 997 2448 vocarunt
1013 2413 1137 2448 Graeci
1149 2411 1238 2460 χόν-
1290 2416 1333 2448 lis
1345 2415 1522 2449 distinctio
1541 2415 1736 2456 nominum,
1763 2411 1913 2462 λαγόνες
1929 2421 1963 2449 et
1977 2416 2159 2454 κενεῶνες,
2187 2425 2262 2448 sae-

267 2464 376 2511 δρον,
404 2465 441 2498 id
464 2472 532 2506 est,
558 2465 813 2507 cartilaginem,
839 2464 921 2510 quia
945 2465 1136 2499 substantia
1162 2477 1238 2499 car·
1290 2478 1332 2510 pe
1346 2466 1544 2509 negligitur.

266 2517 429 2560 titaginea
447 2522 508 2548 est.
1391 2516 1474 2549 Pars
1504 2515 1653 2549 exterior
1681 2516 1745 2549 sub
1775 2516 1943 2550 umbilico
1968 2514 2099 2548 dieitur
2119 2511 2262 2562 ὑπογά-

367 2564 546 2599 Oriuntur
563 2571 677 2598 autem
694 2571 821 2609 septem
839 2565 1035 2610 superiores
1053 2577 1072 2599 a
1083 2567 1238 2611 spondy-
1292 2576 1416 2613 στριον
1431 2573 1464 2600 et
1474 2562 1597 2612 ἦτρον,
1621 2573 1657 2600 ut
1669 2565 1824 2600 Galenus
1842 2576 1997 2610 expresse
2014 2565 2136 2599 scribit
2152 2565 2191 2597 in
2208 2575 2263 2598 se-

264 2617 325 2655 lis,
351 2624 384 2651 et
403 2616 638 2650 terminantur
657 2616 700 2648 ad
719 2613 890 2661 στέρνον,
918 2615 985 2650 hoc
1003 2623 1072 2658 est,
1097 2617 1140 2650 ad
1163 2628 1238 2649 me-
1291 2618 1405 2650 cundo
1429 2614 1743 2660 Aphorismorum,
1770 2614 1981 2660 Aphorismo
1998 2612 2059 2652 35.
2085 2611 2199 2661 ἦτρον
2220 2611 2263 2649 δὲ

262 2667 359 2700 dium
383 2679 419 2700 os
442 2666 608 2712 pectoris,
636 2672 675 2699 ut
699 2678 756 2700 cor
781 2673 814 2700 et
837 2667 1038 2711 pulmonem
1063 2668 1237 2703 muniant.
1290 2664 1392 2707 ἰδίως
1423 2663 1589 2711 ὀνομάζει
1620 2665 1661 2703 τὸ
1694 2664 1793 2716 κάφω
1822 2663 1961 2713 χωρίον
1997 2668 2059 2711 τῆς
2092 2662 2262 2713 γαστρὸς,
