2379 2948
46 1506 51 1518 -
46 1463 51 1499 -,
44 909 52 1452 4-*κφ-α--ψ--ι--η
44 781 51 902 ———.e‚0
44 646 51 773 --.-=.-.-
49 635 51 638 ,
45 587 50 628 ν-ψ-
45 535 51 578 -Ὶ
46 505 49 522 .-
46 477 49 497 -v

143 105 191 141 49
877 97 926 136 11.

139 185 228 227 lius,
254 183 421 219 desinunt
445 195 526 220 vasa
552 185 614 219 illa
630 180 895 223 descendentia,
919 186 953 215 et
968 192 1031 226 per
1055 179 1130 215 eius

138 247 246 280 poros
268 236 388 280 liquor
410 237 564 271 destillat
587 236 625 268 in
650 240 770 271 testes,
793 232 854 278 qui
879 244 959 266 cum
983 232 1053 266 sint
1070 243 1129 265 ca-

139 286 281 319 vernosi
305 293 338 320 et
361 286 487 327 calidi,
511 282 691 320 attrahunt
708 290 740 317 et
762 289 982 328 percoquunt
998 293 1128 322 semen,

139 343 178 371 ut
194 337 244 370 ibi
258 337 396 370 albefiat
413 343 444 370 et
461 336 511 369 ibi
525 334 672 379 accipiat
682 334 846 367 virtutem
864 334 1114 377 generativam.

243 412 349 455 Quod
374 411 467 444 enirn
492 407 701 445 Aristoteles
724 409 917 450 existimat,
949 408 1126 443 testiculos

140 470 278 497 tantum
297 459 470 495 attrahere
487 472 617 501 semen,
643 467 682 494 ut
701 460 873 501 efficiatur,
899 472 972 493 non
990 460 1126 493 condu-

142 525 219 547 cere
242 513 283 545 ad
314 511 594 554 generationem,
627 523 692 544 nec
724 511 871 545 alterare
899 522 1035 549 semen,
1062 521 1126 543 nec

142 563 299 596 conferre
323 561 353 594 ei
370 562 536 595 virtutem
553 561 807 605 generativam,
834 561 868 593 id
886 560 1046 594 Galenus
1071 560 1127 593 iu-

140 621 189 646 ste
208 609 446 655 reprehendit.
487 610 578 645 Nam
598 618 631 645 et
646 619 772 645 natura
791 611 895 644 calidi
913 619 994 645 sunt
1012 618 1127 651 testes,

142 671 173 696 et
196 662 342 695 arteriae
376 673 539 695 vasorum
571 662 861 706 spermaticorum
893 660 1127 694 transvehunt

140 725 180 746 eo
198 713 373 757 spiritum.
410 712 529 755 Quare
545 725 623 746 curn
641 713 689 745 ibi
708 712 851 745 seminis
867 719 992 745 natura
1009 719 1042 744 et
1054 712 1128 744 vir-

140 770 196 796 tus
213 763 402 807 perficitur,
427 770 501 796 tum
521 764 662 796 demum
682 760 786 796 habet
804 763 967 796 virtutem
984 774 1127 806 genera-

140 814 261 848 tivam.
313 813 427 847 Antea
447 813 565 858 liquor
583 813 645 847 ille
664 813 833 857 paulatim
854 813 891 845 in
907 814 1004 846 venis
1027 825 1129 856 prae-

139 870 295 908 paratur,
313 871 347 898 et
364 861 479 897 adhuc
495 864 609 903 rubet,
633 870 667 897 et
684 871 846 898 naturam
867 861 972 897 hahet
986 863 1128 906 sangui-

139 915 178 947 ni
197 915 410 959 propiorem.
442 913 581 948 Deinde
598 926 681 948 vero
700 915 736 947 in
754 914 900 949 testibus
916 914 1026 957 magis
1042 914 1129 947 alte-

138 971 255 1005 ratur,
281 973 314 999 et
337 966 582 1010 percoquitur‚
607 977 646 998 ac
669 971 781 998 mutat
798 965 969 1006 colorem,
996 971 1029 998 et
1045 977 1128 1009 pro-

139 1016 253 1060 priam
272 1016 417 1049 seminis
435 1016 584 1049 formam
601 1016 739 1060 accipit.

243 1089 435 1124 Sciendum
455 1096 488 1123 et
504 1087 572 1123 hoc
587 1096 649 1130 est,
673 1088 901 1133 Hippocratis
918 1089 1128 1123 sententiam

140 1152 230 1181 esse,
256 1151 374 1174 semen
401 1140 487 1173 oriri
511 1152 530 1173 a
554 1147 628 1174 toto
658 1152 824 1184 corpore,
851 1152 975 1173 sanum
994 1152 1013 1173 a
1036 1140 1130 1173 sanis

140 1191 318 1235 partibus,
350 1191 558 1233 languidum
587 1202 606 1223 a
630 1190 899 1232 languentibus,
933 1191 992 1224 sed
1017 1191 1131 1234 pluri-

139 1253 237 1274 mum
261 1253 280 1275 a
297 1242 453 1276 cerebro.
505 1240 594 1273 Nam
622 1241 801 1274 cerebrum
827 1241 977 1273 maxime
1002 1252 1130 1284 cogna-

141 1298 216 1324 tum
244 1298 293 1324 est
320 1298 466 1323 naturae
491 1291 653 1331 seminis,
689 1303 767 1324 cum
795 1297 908 1324 totum
929 1291 1065 1324 oriatur
1089 1303 1130 1324 ex

140 1339 437 1385 praestantissima
452 1344 551 1382 parte
568 1338 732 1377 seminis,
758 1341 858 1381 plena
876 1341 1031 1381 spiritus,
1067 1339 1132 1375 Est

141 1391 248 1434 igitur
264 1389 507 1423 inimicissima
519 1389 661 1421 cerebro
678 1395 710 1421 et
725 1388 1031 1431 perniciosissima,
1064 1389 1131 1422 im-

142 1442 322 1474 moderata
342 1439 370 1470 V
376 1451 474 1475 enus.
527 1438 558 1470 V
562 1438 670 1472 erba
662 1451 699 1471 ln
715 1439 807 1472 libro
824 1439 866 1471 de
890 1439 1042 1479 semine,
1070 1439 1130 1484 qui

143 1492 343 1525 extatinter
357 1489 645 1534 Ilippocraticos‚
672 1487 756 1522 haec
781 1496 878 1522 sunt:
906 1488 1070 1536 20295519
1076 1488 1131 1535 ἀρ

143 1542 185 1576 τὸ
201 1542 370 1576 πλεῖστοι
384 1542 481 1574 τοῦ
470 1536 586 1587 so'lsov
604 1538 676 1574 ἀπὸ
700 1541 762 1584 τῆς
786 1542 956 1585 κεᾳαὶῇς.
1010 1540 1132 1584 Regu·-

144 1594 216 1625 lare
238 1600 287 1626 est
318 1593 461 1625 morbos
488 1598 662 1624 certorum
694 1591 937 1623 membrorum
970 1592 1005 1623 in
1032 1598 1133 1624 natos

144 1643 342 1688 propagari,
368 1644 463 1675 unde
480 1643 623 1685 adparet
639 1641 820 1674 materiam
841 1642 985 1675 seminis
1002 1643 1046 1676 ab
1064 1643 1135 1675 illis

146 1693 314 1727 membris
333 1699 516 1737 parentum
535 1704 673 1737 quoque
691 1698 803 1725 ortam
821 1704 903 1725 esse.

247 1758 337 1793 Cum
363 1766 478 1792 autem
502 1764 623 1798 testes,
650 1759 711 1803 qui
734 1765 815 1791 sunt
833 1759 927 1791 velut
947 1759 1137 1802 spongiosi,

147 1816 377 1855 percoxerunt
402 1821 536 1847 semen,
570 1820 691 1841 rursus
716 1809 753 1841 in
779 1809 867 1841 illud
899 1809 1137 1850 involucrum,

147 1862 242 1906 quod
264 1867 409 1893 vocatur
432 1856 658 1903 ἐπιδιὸυλιιὶς,
686 1860 831 1897 exudat,
858 1859 939 1904 quia
966 1866 1001 1893 et
1022 1860 1138 1893 calore

148 1912 288 1945 testium
307 1918 339 1944 et
357 1922 420 1944 suo
438 1910 566 1954 spiritu
587 1910 765 1946 incitatur.
819 1908 882 1944 Est
906 1910 999 1943 enim
1019 1922 1137 1944 semen

148 1963 293 2007 plenum
310 1961 447 2006 spiritu-

254 2028 310 2061 Ab
327 2027 510 2061 involucro
529 2025 670 2061 vehitur
688 2028 724 2060 in
741 2039 832 2068 vasa,
860 2039 948 2072 quae
965 2034 1138 2062 vocantur

152 2075 393 2121 παραστάται,
422 2085 565 2122 propter
580 2078 864 2111 similitudinem.
915 2078 1002 2111 Nam
1019 2091 1138 2122 παρα-

152 2129 278 2163 στάται
307 2129 504 2172 significant
535 2129 717 2162 columnas
747 2130 840 2162 iuxta
873 2141 908 2162 se
940 2130 1137 2162 collocatas.

152 2179 204 2212 lta
222 2181 415 2212 ascendunt
432 2191 450 2212 a
467 2179 613 2213 testibus
630 2181 673 2212 ad
692 2180 825 2222 virgam
842 2181 912 2213 duo
937 2180 1137 2223 glandulosi

152 2237 184 2263 et
201 2230 380 2263 cavernosi
397 2230 554 2271 canales,
580 2230 642 2275 qui
660 2231 839 2274 excipiunt
863 2237 895 2264 et
913 2231 1064 2265 retinent
1086 2243 1139 2264 se-

152 2292 246 2315 men.
299 2279 382 2314 Ideo
403 2280 629 2325 adpellantur
645 2293 724 2314 vasa
741 2282 998 2315 conservantia.

255 2346 377 2380 Testes
393 2353 565 2381 vocantur
581 2345 732 2392 &iduum
744 2376 752 2388 ‚
780 2348 815 2382 id
832 2355 899 2387 est,
926 2349 1075 2392 gemelli.

254 2413 355 2448 Cutis
377 2420 527 2447 extrema
550 2427 640 2460 quae
665 2417 825 2451 continet
848 2424 969 2458 testes,
996 2424 1142 2451 vocatur

150 2467 299 2510 ὄσχεοι-’,
327 2465 435 2498 latine
460 2463 641 2507 Scortum,
674 2469 771 2512 quod
808 2468 912 2511 vulgo
941 2480 1013 2502 non
1047 2475 1141 2502 recte

154 2524 308 2551 scrotum
331 2515 465 2549 dicunt.

257 2582 383 2626 Virga,
413 2578 558 2620 καυλός.

257 2640 407 2680 Matrix,
442 2637 574 2685 μήτρα.

389 2702 490 2733 Orsa.
521 2702 602 2732 VOL.
626 2701 719 2735 XIII.

182 2704 358 2734 Mamm.

975 95 1126 135 mam
1151 94 1219 134 DE
1245 98 1421 137 ΑΝΙΜΑι
1847 145 1881 146 Π
1971 146 1983 147 7
2117 99 2166 136 50

1281 180 1403 216 Partes
1429 179 1535 217 habet
1559 182 1658 219 duas.
1709 179 2003 227 Receptaculum‚
2031 186 2168 246 efact’hm

1181 237 1220 265 ut
1236 230 1368 265 foetum
1384 233 1565 267 continere
1583 233 1710 278 possit,
1736 233 1844 280 idque
1859 241 2006 269 vocatur
2019 234 2169 282 ὑστέρα.

1181 279 1302 315 Altera
1322 293 1402 326 pars
1418 288 1467 315 est
1485 285 1675 326 angustior,
1702 296 1790 331 quae
1808 291 1858 318 est
1875 285 1990 319 aditus
2008 286 2168 331 longius-

1181 332 1291 366 culus.
1346 330 1500 378 Ideoque
1518 333 1645 367 collum
1662 335 1816 370 matricis
1833 335 1973 370 dicitur.
2016 335 2063 372 Et
2079 350 2169 383 quo-

1180 382 1276 415 niam
1298 382 1556 426 receptaculum
1574 385 1726 428 amplius
1751 393 1820 426 est,
1846 398 1913 431 qua
1932 394 2032 431 parte
2047 400 2168 422 versus

1179 433 1310 466 collum
1334 433 1468 473 tendit,
1494 440 1577 467 sunt
1600 435 1717 468 addita
1740 447 1892 475 cornua,
1919 444 1957 470 ut
1980 439 2078 483 quasi
2095 438 2169 472 Lu-

1179 495 1245 517 nae
1259 484 1444 517 crescentis
1467 483 1613 527 figuram
1632 484 1770 519 referat.
1822 484 1911 518 Nam
1934 485 2020 522 haec
2037 500 2169 523 cornua

1179 541 1261 568 sunt
1277 534 1464 578 ligamenta
1476 560 1486 576 ‚
1513 546 1601 579 quae
1616 536 1798 571 matricem
1816 535 1962 578 alligant
1979 539 2085 575 coxis,

1282 609 1397 642 Habet
1420 616 1452 642 et
1477 609 1606 642 mulier
1631 608 1830 649 testiculos,
1857 609 1942 643 sitos
1967 610 2061 646 iuxta
2084 611 2168 648 haec

1182 672 1314 693 cornua
1336 662 1522 704 utrinque,
1546 659 1701 692 minores
1719 659 1882 693 virilibus
1906 666 1939 693 et
1956 661 2169 704 frigidiores,

1181 711 1241 744 sed
1266 718 1383 744 tamen
1406 721 1525 743 semen
1548 710 1727 753 quoddam
1753 717 1978 753 generantes,
2006 714 2101 756 quod
2119 722 2167 748 est

1182 761 1323 806 quidem
1343 761 1486 794 tenuius
1509 760 1606 793 virili
1631 766 1664 793 et
1688 761 1948 805 subaquosum,
1971 763 2030 794 sed
2053 769 2167 796 tamen

1183 812 1220 844 in
1254 811 1497 856 procreatione
1531 811 1665 851 foetus,
1705 811 1873 845 miscetur
1904 812 2000 844 virili
2033 814 2171 854 semini,

1183 863 1286 905 eique
1300 862 1398 895 velut
1414 861 1623 894 alimentum
1639 868 1708 901 est,
1732 868 1773 896 ut
1790 860 1948 895 Galenus
1972 862 2107 908 inquit,
2131 870 2171 898 ut

1183 919 1305 956 augeat
1325 912 1426 945 virile
1444 923 1574 950 semen,
1603 918 1635 945 et
1651 912 1766 945 foetus
1784 923 1823 944 ex
1839 919 1991 957 utroque
2007 924 2171 957 procree-

1183 971 1252 998 tur.
1304 962 1395 996 Nam
1417 969 1609 1007 utrumque
1633 974 1752 995 semen
1775 969 1809 996 et
1835 963 1946 996 active
1970 970 2002 996 et
2034 964 2170 1005 passive

1184 1025 1218 1047 se
1234 1011 1339 1046 habet
1355 1013 1392 1045 in
1417 1012 1642 1056 generatione
1658 1013 1784 1048 foetus.
1837 1012 1995 1047 Multum
2018 1013 2056 1046 in
2073 1020 2173 1047 utro-

1183 1076 1250 1110 que
1266 1064 1453 1108 spirituum
1470 1063 1577 1103 inest,
1603 1063 1663 1096 sed
1681 1063 1784 1097 virile
1800 1075 1880 1097 cum
1904 1064 1950 1098 sit
1974 1064 2121 1099 calidius
2141 1073 2170 1098 et

1183 1115 1302 1148 minus
1318 1125 1436 1148 rarum
1448 1138 1457 1152 ,
1484 1113 1594 1156 magis
1612 1124 1647 1146 se
1663 1113 1775 1147 active
1792 1111 1907 1148 habet.

1286 1187 1522 1232 Amplectitur
1547 1194 1661 1221 autem
1689 1193 1760 1221 tota
1787 1188 1913 1221 matrix
1930 1188 2082 1230 foetum,
2110 1201 2172 1222 nec

1185 1239 1343 1273 distincti
1367 1245 1449 1271 sunt
1473 1238 1509 1269 in
1535 1250 1573 1271 ea
1600 1238 1714 1278 sinus,
1740 1244 1778 1271 ut
1795 1238 1855 1271 alii
1873 1245 2028 1274 narrant.
2082 1239 2175 1273 Sunt

1185 1297 1301 1323 autem
1326 1289 1361 1320 in
1387 1289 1581 1332 pecudibus
1604 1288 1737 1320 orificia
1763 1300 1932 1322 venarum
1963 1289 2000 1321 in
2030 1290 2175 1323 matrice

1186 1341 1344 1384 undique
1362 1350 1496 1382 sparsa,
1523 1337 1584 1371 tali
1602 1337 1729 1379 figura,
1755 1338 1869 1381 qualis
1888 1339 1926 1371 fit
1945 1339 2092 1379 cavitas,
2120 1340 2175 1383 pi-

1186 1391 1231 1421 sis
1248 1390 1286 1420 in
1302 1399 1414 1420 ceram
1434 1386 1622 1430 impressis,
1666 1385 1761 1418 Haec
1778 1387 1910 1420 orificia
1927 1395 2070 1432 propter
2086 1389 2177 1432 figu-

1186 1450 1261 1472 ram
1281 1438 1513 1471 nominantur
1530 1434 1785 1480 κοτυληδόνες.
1837 1436 1931 1480 Quia
1957 1445 1996 1471 ut
2013 1439 2174 1482 amplecti

1188 1489 1320 1533 possint
1338 1488 1462 1528 fibras,
1488 1488 1617 1533 quibus
1641 1488 1774 1520 foetum
1800 1487 1837 1520 in
1854 1495 1954 1522 utero
1973 1495 2006 1521 et
2023 1490 2175 1522 retinent

1187 1547 1219 1574 et
1236 1540 1354 1581 alunt,
1381 1539 1491 1582 figura
1507 1538 1551 1570 ad
1569 1535 1859 1581 prehendendum
1883 1539 2012 1573 idonea
2036 1540 2177 1573 condita

1189 1598 1257 1631 est,
1285 1589 1399 1634 qualis
1423 1595 1474 1623 est
1499 1600 1559 1622 seu
1585 1589 1721 1622 cotulae
1741 1600 1944 1631 mensurae,
1969 1601 2030 1624 seu
2047 1591 2178 1635 pedum

1188 1641 1323 1686 polypi.

1292 1714 1368 1748 Hae
1385 1722 1484 1755 sunt,
1511 1721 1551 1748 ut
1566 1714 1658 1754 dixi,
1685 1714 1720 1746 in
1739 1715 1931 1758 pecudibus
1957 1717 2068 1760 magis
2094 1729 2179 1750 con-

1191 1767 1342 1811 spicuae.
1395 1765 1464 1800 Sed
1496 1766 1533 1798 in
1558 1771 1657 1798 utero
1690 1765 1857 1797 muliebri
1889 1778 1963 1799 non
1986 1775 2180 1801 cernuntur

1190 1824 1262 1851 tam
1279 1827 1437 1860 expressa
1463 1815 1614 1853 milicia,
1640 1815 1699 1847 sed
1721 1821 1888 1859 tanquam
1915 1816 2020 1850 exilia
2041 1824 2179 1861 puncta„

1192 1868 1274 1913 quia
1291 1873 1426 1900 meatus
1444 1866 1582 1910 aliquos
1606 1876 1678 1898 esse
1703 1872 1858 1907 oportet,
1885 1877 1949 1909 per
1967 1879 2056 1912 quos
2071 1879 2180 1900 venae

1191 1925 1224 1952 et
1243 1917 1390 1951 arteriae
1411 1914 1586 1950 advehant
1605 1915 1810 1958 sangninem
1828 1917 2006 1960 puriorem
2031 1919 2182 1953 matrici.

1192 1975 1224 2002 et
1260 1979 1322 2012 per
1349 1978 1437 2013 quos
1464 1966 1618 1999 vicissim
1645 1963 1812 1999 hauriant
1838 1967 2014 2001 mamillae
2047 1975 2181 2012 partem

1191 2018 1374 2062 sanguinis
1391 2030 1431 2050 ex
1447 2024 1558 2054 utero,
1587 2028 1675 2061 quae
1692 2016 1729 2048 in
1748 2017 1800 2050 lac
1816 2024 1992 2059 mutatur,
2021 2020 2109 2053 sicut
2127 2020 2182 2051 in-

1192 2070 1270 2114 quit
1297 2068 1553 2113 Hippocrates,
1577 2066 1649 2100 Lac
1674 2074 1856 2101 menstruo
1880 2068 2076 2102 fraternum
2101 2080 2181 2103 esse.

1193 2121 1286 2154 Sunt
1309 2120 1415 2162 igitur
1437 2116 1476 2151 hi
1497 2129 1582 2151 usus
1597 2117 1860 2162 cotyledonum,
1888 2119 2023 2152 adferre
2040 2120 2182 2162 sangui-

1193 2183 1273 2204 nem
1293 2170 1471 2214 puriorem
1488 2168 1644 2206 matrIci‚
1672 2168 1764 2201 alere
1787 2169 1917 2202 foetum
1931 2195 1940 2209 ‚
1966 2176 2000 2202 et
2018 2171 2181 2203 secundi-

1193 2233 1274 2254 nam
1293 2217 1574 2265 apprehendere,
1600 2225 1639 2252 ut
1655 2219 1778 2252 foedus
1796 2219 1832 2251 in
1856 2226 1955 2252 utero
1974 2219 2110 2253 firmius
2128 2232 2182 2253 re>

1194 2273 1365 2311 timeatur,
1401 2277 1433 2305 et
1466 2269 1621 2303 vicissim
1652 2270 1695 2302 ad
1733 2269 1904 2302 mamillas
1933 2270 2181 2304 transfundere

1194 2329 1328 2368 partem
1345 2321 1525 2365 sanguinis
1542 2332 1581 2353 ex
1597 2326 1715 2359 utem,
1743 2326 1781 2352 ut
1804 2319 1840 2352 in
1856 2319 1910 2353 lac
1928 2327 2093 2354 vertatur,

1297 2397 1414 2431 Variis
1437 2396 1571 2431 morbis
1596 2393 1698 2427 adfici
1721 2394 1847 2428 matrix
1865 2401 1997 2439 potest,
2025 2408 2111 2441 quos
2129 2409 2182 2430 re-

1196 2451 1302 2484 citare
1321 2460 1394 2481 non
1412 2454 1462 2482 est
1477 2445 1583 2480 huius
1597 2444 1673 2477 loci.
1711 2443 1810 2478 Plato
1828 2457 1904 2479 eam
1922 2446 2081 2479 nominat
2093 2446 2181 2480 Ani-

1196 2501 1280 2541 mal,
1297 2500 1379 2544 quia
1397 2510 1476 2532 cum
1493 2497 1536 2530 sit
1552 2505 1700 2528 nervosa
1715 2495 1924 2536 substantia,
1950 2503 1982 2529 et
1998 2496 2179 2531 mirificam

1198 2551 1442 2594 cognationem
1465 2546 1594 2580 habeat
1617 2557 1697 2578 cum
1722 2547 1886 2587 cerebro,
1912 2547 2076 2581 adficitur
2095 2549 2183 2581 odo-

1197 2603 1314 2637 ribus,
1350 2606 1381 2633 et
1406 2597 1512 2631 variis
1535 2595 1693 2631 motibus
1714 2597 1886 2641 agitatur,
1923 2597 1984 2642 qui
2012 2605 2127 2632 tamen
2151 2600 2183 2631 ei

1197 2664 1261 2696 per
1276 2651 1435 2684 accidens
1452 2648 1632 2681 eveniunt.

1645 2700 1666 2722 J„
