2379 2948
126 64 221 101 1113

251 150 591 197 Argumentum
620 162 672 185 ac
701 151 976 196 dispositio

478 217 637 258 Psalmi
666 218 744 258 LI.

161 302 342 335 Miserere
358 303 431 335 mei
449 301 572 343 Deus,
600 300 810 336 secundum
834 312 1013 349 magnam
1036 303 1106 336 mi-

161 352 410 387 sericordiam
425 356 550 395 tuam,
578 356 649 386 etc.

213 428 326 463 Totus
352 428 514 462 Psalmus
539 429 693 472 precatio
726 436 794 470 est,
829 435 862 463 et
885 436 924 463 ut
949 435 1104 462 caeterae

108 480 348 524 precationes,
397 480 439 512 ad
483 490 592 521 genus
627 480 899 514 deliberativum
938 481 1102 524 pertinet.

107 529 310 574 Propositio
353 530 540 574 praecipua
587 531 705 563 statim
739 531 844 565 initio
880 538 1101 565 recensetur:

106 578 288 615 Miserere
313 580 385 613 mei
403 579 510 614 Deus
534 579 733 614 secundum
758 594 937 628 magnam
958 582 1101 615 mt'seri-

107 630 273 666 cordiam
288 636 390 665 tuam
403 659 412 673 ,
440 632 476 665 id
494 639 562 673 est,
592 633 731 666 remitte
753 632 842 667 mihi
860 642 999 679 peccata
1018 646 1099 678 pro-

105 692 184 729 pter
217 684 425 716 immensam
458 684 739 717 misericordiam
773 692 886 726 tuam,
927 697 1034 730 quam
1062 685 1098 717 in

104 735 340 780 promissione
365 735 469 768 nobis
496 735 692 770 declarasti.
752 735 876 770 Postea
904 734 989 769 haec
1015 748 1098 780 pro-

104 787 233 831 positio
250 787 439 830 repetitur,
467 793 500 820 et
518 787 654 820 vicinae
671 787 870 821 adduntur:
901 782 976 820 Cor
992 799 1098 819 mun-

105 835 192 870 dum
209 848 288 870 crea
313 837 352 870 in
368 849 422 870 me
440 835 557 877 Deus.
609 837 700 870 Nam
724 846 757 872 et
788 836 825 871 hi
850 839 1014 872 versiculi
1037 838 1096 883 qui

103 888 302 934 loquuntur
322 890 365 922 de
382 889 505 930 donis,
531 901 620 934 quae
645 889 811 922 adiuncta
836 897 918 923 sunt
937 890 1096 923 reconci-

100 939 259 981 liationi,
304 947 386 974 sunt
416 940 689 984 propositiones,
751 939 949 975 Miscentur
979 947 1095 973 autem

100 997 140 1024 ut
156 991 194 1025 fit
211 991 249 1024 in
268 1003 395 1034 magno
415 992 537 1025 dolore
561 992 676 1026 tristes
700 992 863 1036 querelae
890 994 933 1025 de
959 992 1096 1034 magni-

99 1042 224 1076 tudine
249 1043 401 1086 peccati,
439 1050 472 1077 et
500 1043 756 1083 confessiones,
793 1044 914 1088 quales
939 1041 1095 1076 Ecclesia

100 1105 218 1127 coram
237 1092 312 1127 Deo
335 1094 478 1134 recitat,
513 1102 546 1128 et
570 1094 700 1127 deinde
721 1095 915 1137 gratiarum
938 1094 1094 1127 actiones

99 1151 133 1178 et
159 1145 364 1178 discrimina
393 1146 573 1187 cultuum,
609 1147 652 1179 de
680 1146 810 1190 quibus
843 1153 876 1179 et
909 1146 1093 1191 proximus

98 1194 260 1229 Psalmus
284 1197 514 1230 concionatus
539 1204 601 1231 est.
659 1195 747 1231 Cum
783 1204 899 1230 autem
935 1197 1093 1229 membra

98 1253 179 1291 apte
204 1247 372 1291 disposita
398 1249 486 1287 sint,
515 1255 548 1282 et
569 1249 704 1291 egregia
723 1248 793 1281 sint
809 1248 945 1281 lumina
964 1248 1094 1280 verbo-

97 1310 178 1331 rum
196 1306 230 1332 et
249 1299 502 1332 sententiarum
521 1307 554 1332 et
573 1300 714 1342 copiosa
734 1299 896 1332 doctrina
914 1299 951 1332 in
969 1299 1092 1341 singu-

96 1349 140 1382 lis
158 1350 347 1390 membris‚
375 1350 502 1383 ordine
518 1351 706 1383 recensebo
725 1361 774 1383 ea.

198 1408 400 1453 Propositio
419 1416 483 1443 est:
516 1409 686 1442 Miserere
705 1409 773 1442 mei
784 1409 879 1443 Deus
894 1409 1088 1442 secundum

95 1471 261 1504 magnam
279 1460 559 1494 misericordiam
581 1468 689 1495 tuam.

151 1564 156 1566 ῃ
197 1518 338 1553 Deinde
374 1520 484 1554 tristis
518 1521 661 1566 querela
699 1520 877 1566 sequitur,
914 1532 1004 1565 quae
1039 1526 1090 1553 est

94 1571 269 1605 confessio
289 1572 438 1615 peccati,
466 1578 497 1605 et
523 1572 748 1615 amplificatio
768 1578 970 1605 monstrans
993 1572 1088 1604 radi-

94 1635 169 1657 cem
200 1630 422 1667 peccatorum
452 1630 486 1656 et
517 1623 601 1655 mali
640 1623 939 1666 magnitudinem:
985 1620 1087 1668 Quo-

93 1672 197 1707 niam
235 1672 468 1721 iniquitatem
502 1685 619 1706 meam
651 1685 716 1719 ego
751 1685 930 1718 agnosco,
965 1673 1001 1706 id
1025 1681 1087 1713 est,

93 1737 199 1759 cerno
225 1737 338 1758 meam
365 1726 626 1759 immunditiem
653 1732 684 1758 et
711 1726 858 1764 delicta,
885 1732 917 1758 et
935 1736 1085 1768 agnosco

93 1783 127 1811 te
146 1777 237 1811 iuste
253 1774 341 1808 mihi
361 1777 482 1818 irasci,
511 1789 636 1822 meque
654 1789 784 1820 poenas
803 1783 836 1809 et
853 1783 1002 1809 mortem
1028 1788 1085 1808 ae-

92 1834 231 1862 ternam
248 1827 413 1861 meritum
433 1840 515 1862 esse.
568 1826 615 1861 Et
632 1826 716 1861 haec
737 1829 810 1873 ipsa
833 1828 1005 1860 confessio
1030 1839 1086 1860 re-

92 1879 200 1924 petita
224 1885 275 1911 est
299 1879 336 1911 in
354 1879 516 1924 sequenti
535 1891 656 1919 versu,
684 1886 716 1912 et
738 1879 950 1913 tristissimis
969 1879 1085 1911 verbis

91 1930 319 1975 amplificata:
348 1927 441 1963 Tibi
457 1934 602 1963 tantum
627 1943 709 1963 sum
731 1934 913 1977 peccator,
943 1934 972 1962 el
1003 1942 1084 1962 ma-

92 1979 169 2014 lum
186 1993 305 2015 coram
326 1985 356 2015 te
366 1980 464 2029 feci,
488 1983 589 2027 quasi
604 1982 715 2015 dicat:
740 1983 903 2026 Agnosco
925 1988 958 2014 et
975 1982 1086 2015 fateor

91 2045 148 2066 me
166 2044 247 2066 vere
263 2044 334 2066 esse
357 2045 456 2066 reum
477 2040 510 2067 et
526 2034 673 2077 dignum
692 2033 756 2069 ira.
812 2033 909 2066 laceo
929 2039 1083 2077 prostra—

90 2090 147 2118 tus
165 2095 282 2117 coram
307 2091 339 2118 te
365 2085 519 2118 sentiens
543 2085 630 2117 iram
655 2091 750 2118 tuam
778 2084 1004 2118 iustissimam
1021 2085 1083 2117 ad-

90 2147 214 2168 versus
240 2141 393 2179 peccata,
426 2148 552 2181 meque
576 2136 712 2179 ingenti
737 2136 830 2169 mole
858 2142 1081 2180 peccatorum

91 2193 277 2220 oneratum
297 2197 380 2220 esse.
434 2185 480 2221 Et
498 2185 582 2221 haec
597 2187 701 2232 plane
718 2188 840 2228 fateor,
869 2194 908 2221 ut
925 2193 962 2220 tu
975 2187 1082 2220 iusti—

89 2238 216 2278 ficeris,
243 2237 279 2270 id
297 2244 365 2277 est,
392 2237 544 2272 tribuam
563 2239 629 2272 tibi
645 2239 787 2273 laudem
805 2238 982 2279 iusticiae,
1003 2250 1081 2271 cum

89 2300 230 2323 accusas
255 2295 289 2322 et
313 2289 436 2331 punis,
464 2301 569 2334 quarn
589 2302 662 2323 non
679 2289 844 2324 tribuunt
862 2288 1081 2335 hypocritae.

88 2339 175 2375 Saul
200 2347 233 2374 et
254 2340 386 2372 similes
411 2340 592 2375 clamitant
615 2352 650 2374 se
673 2342 802 2376 iniuste
818 2342 924 2375 tantis
940 2341 1082 2374 calami-

87 2392 219 2426 tatibus
246 2391 370 2429 obrui,
398 2403 476 2423 cum
501 2392 572 2426 sint
597 2393 686 2426 bene
709 2393 838 2427 meriti.
898 2390 974 2435 Ego
998 2405 1080 2425 vero

87 2444 201 2478 fateor
223 2455 278 2476 me
300 2442 490 2475 iustissime
521 2443 652 2486 puniri.
712 2443 829 2478 Cerno
856 2444 940 2478 vitia
965 2444 1081 2477 cordis

88 2507 177 2540 quae
209 2494 348 2528 assidue
379 2494 609 2535 circumfero,
643 2496 745 2543 rapui
779 2496 923 2530 alterius
955 2496 1081 2528 coniu—

87 2558 185 2590 gem,
213 2545 494 2580 struxi-insidias
516 2545 609 2579 vitae
632 2546 718 2587 viri,
753 2548 900 2590 praebui
925 2547 1081 2580 occasio-

85 2609 168 2631 nem
186 2597 391 2641 ingentibus
406 2597 580 2630 scandalis
605 2596 643 2629 in
657 2594 814 2631 Ecclesia
830 2597 917 2639 Dei,
944 2610 1081 2632 meum-

87 2660 154 2695 que
171 2660 212 2683 eo
230 2648 372 2693 gravius
393 2654 444 2682 est
467 2647 654 2690 delictum,
681 2649 776 2694 quod
793 2649 996 2693 ingentibus
1015 2651 1080 2684 do·
1102 2688 1105 2691 K

709 62 772 98 IX.
825 60 1190 99 COMMENTARH
1217 60 1267 95 IN
1294 60 1535 100 PSALMOS.

1118 974 1128 1017 l
1149 963 1320 1006 significat
1341 964 1521 1004 Psalmus‚
1550 966 1702 1001 illustrat
1729 970 1950 1003 sententiam.

2060 71 2159 106 1114

1162 148 1217 181 nis
1235 154 1270 181 et
1295 148 1451 182 victoriis
1468 162 1485 184 a
1504 159 1536 185 te
1554 159 1700 185 ornatus
1719 154 1769 187 fui
1797 166 1878 199 prae
1900 156 2044 190 caeteris
2063 156 2153 192 Pro-

1133 237 1135 253 ὗ
1160 196 1276 246 phetis
1294 206 1326 232 et
1344 201 1493 235 ducibus
1518 203 1555 235 in
1580 210 1640 236 tuo
1659 206 1800 249 populo.
1854 206 1938 240 Tibi
1964 208 2072 250 igitur
2097 209 2153 242 iu·-

1132 271 1134 277 ,
1159 250 1294 283 sticiam
1314 251 1453 292 tribuo,
1478 265 1602 298 meque
1620 256 1741 289 volens
1760 257 1881 302 aliquo
1899 260 2006 292 modo
2028 260 2150 303 poenis

1157 300 1327 339 subiicio‚
1355 303 1414 334 sed
1434 309 1471 335 ut
1486 315 1540 336 eas
1559 306 1695 348 mitiges
1713 320 1788 341 oro,
1831 308 1884 342 Te
1901 309 2032 343 iustum
2052 322 2151 353 prae-

1157 352 1235 385 dico
1259 364 1332 384 non
1355 364 1430 391 me,
1466 365 1530 387 nec
1561 357 1682 390 adfero
1714 360 1756 391 ad
1789 366 1820 392 te
1848 360 2012 393 fiduciam
2039 361 2150 394 ullam

1156 415 1252 436 meae
1265 402 1476 446 dignitatis,
1505 406 1563 437 sed
1583 408 1626 439 ad
1644 408 1920 443 misericordiam
1937 412 2148 456 promissam

1155 454 1338 497 confugio,
1366 462 1510 498 propter
1536 453 1625 490 hanc
1649 470 1703 491 me
1719 461 1829 504 recipi
1846 474 1920 495 oro.
1972 462 2031 496 Sic
2049 464 2149 497 addit

1155 502 1246 538 hanc
1263 502 1472 538 antithesin:
1502 504 1554 540 Ut
1573 511 1611 540 tu
1630 507 1856 554 iustificeris,
1884 514 1926 545 ad
1945 513 2150 547 discernen-

1153 556 1216 589 dos
1234 553 1438 601 hypocritas
1455 557 1515 601 qui
1533 557 1867 596 fremuntadversus
1886 563 2056 597 iudiciuin
2068 564 2147 606 Dei,

1151 609 1195 640 ab
1214 607 1255 639 iis
1273 607 1334 652 qui
1353 619 1434 640 vere
1454 615 1561 651 agunt
1579 611 1833 653 poenitentiam
1846 641 1854 654 ‚
1877 621 1909 647 et
1927 626 1961 647 se
1971 614 2046 649 Deo
2065 617 2149 649 suh-

1154 658 1292 691 iiciunt.

1256 708 1353 741 Idem
1381 709 1467 744 dicit
1492 710 1529 742 in
1555 712 1714 745 membro
1742 715 1918 759 sequenti:
1949 713 2001 749 Ut
2023 715 2148 750 vincas

1151 771 1229 792 cum
1255 757 1448 795 iudicaris.
1504 759 1600 795 Haec
1625 764 1796 806 particula
1822 767 1963 799 videtur
1999 768 2147 801 obscura

1151 811 1341 854 imperitis,
1394 812 1456 856 qui
1489 824 1561 844 non
1598 815 1799 849 existimant
1833 816 1982 850 iudicari
2017 817 2146 854 Deum.

1149 860 1271 894 Sciant
1296 869 1413 896 autem
1439 864 1608 905 studiosi,
1633 873 1726 899 recte
1741 867 1810 910 legi
1836 874 1869 901 et
1887 868 2040 911 intelligi
2066 882 2146 914 pas-

1149 913 1221 945 sive
1246 914 1391 946 verbum
1428 914 1606 949 iudicaris.
1669 915 1715 950 Et
1742 916 1925 952 antithesis
1950 932 2054 965 quam
2089 919 2149 954 hic

2004 971 2090 1005 Saul
2114 978 2148 1005 et

1148 1015 1207 1046 alii
1234 1012 1439 1060 hypocritae
1465 1016 1624 1051 iudicant
1646 1018 1780 1060 Deum,
1817 1020 1852 1053 id
1877 1029 1945 1062 est,
1980 1029 2147 1056 accusant

1148 1077 1246 1106 eum,
1283 1078 1321 1099 ac
1346 1067 1509 1101 tribuunt
1534 1068 1564 1100 ei
1593 1069 1805 1103 iniusticiam
1830 1078 1863 1105 et
1886 1074 2144 1108 crudelitatem.

1148 1115 1289 1159 Egone,
1318 1117 1433 1162 inquit
1465 1118 1569 1160 Saul,
1605 1121 1664 1165 qui
1686 1128 1799 1155 tantas
1816 1134 1869 1155 res
1889 1124 1977 1167 gessi
1995 1137 2059 1168 pro
2075 1123 2145 1158 Ec-

1146 1167 1249 1200 clesia
1274 1167 1359 1209 Dei,
1385 1170 1445 1214 qui
1473 1169 1686 1213 praeliorum
1711 1174 1888 1217 pericula,
1925 1175 1986 1220 qui
2013 1176 2143 1208 molem

1146 1225 1178 1251 et
1204 1231 1305 1251 curas
1336 1221 1607 1263 gubernationis
1640 1229 1690 1256 tot
1727 1225 1849 1266 annis,
1883 1234 1978 1261 tanta
2011 1227 2144 1260 virtute

1145 1269 1321 1311 sustineo,
1351 1283 1447 1304 nunc
1466 1273 1630 1305 reiiciar?
1656 1272 1791 1308 mihine
1816 1277 2020 1311 adolescens
2043 1284 2142 1311 ante-

1144 1321 1256 1354 fertur
1273 1321 1360 1354 meis
1377 1330 1522 1355 ornatus
1541 1324 1746 1357 beneficiis?
1786 1325 1882 1360 Haec
1900 1328 2068 1362 videntur
2086 1329 2143 1362 in-

1144 1372 1303 1416 aequalia
1321 1379 1351 1405 et
1369 1373 1511 1406 iniusta.
1546 1373 1685 1408 Deinde
1705 1377 1876 1411 cudelitas
1897 1385 1947 1412 est
1966 1391 2020 1412 me
2036 1379 2141 1414 etiam

1145 1419 1307 1455 hostibus
1325 1424 1576 1457 trucidandum
1601 1426 1718 1458 obiici.

1247 1472 1352 1507 Tales
1368 1475 1500 1508 multae
1517 1476 1776 1520 disputationes
1800 1486 1880 1513 sunt
1905 1478 2142 1525 philosopho-

1142 1535 1240 1565 rum,
1276 1537 1356 1557 cum
1384 1534 1557 1570 quaerunt
1583 1540 1691 1572 quare
1716 1530 1803 1562 boni
1829 1531 1895 1563 viri
1926 1532 2038 1575 magis
2068 1533 2141 1567 sint

1141 1576 1342 1608 aerumnosi
1369 1589 1474 1621 quam
1495 1578 1687 1622 scelerati?
1721 1593 1784 1613 cur
1800 1580 1968 1615 Senecam
1992 1590 2025 1616 et
2052 1584 2141 1617 alios

1140 1627 1271 1659 multos
1293 1639 1311 1659 a
1337 1634 1489 1672 tyranno
1513 1630 1718 1672 turpissimo
1748 1631 1899 1666 interfici
1916 1632 2012 1666 Deus
2036 1635 2139 1670 sinat.

1142 1676 1182 1709 In
1221 1675 1285 1710 hac
1316 1679 1520 1722 quaestione
1552 1680 1749 1722 iudicatur,
1785 1683 1819 1715 id
1845 1691 1912 1725 est,
1956 1693 2139 1719 accusatur

1141 1728 1234 1761 Deus
1252 1729 1295 1761 ab
1311 1729 1442 1771 ignaris
1460 1731 1642 1764 doctrinae
1661 1733 1838 1774 coelestis,
1865 1742 1899 1768 et
1918 1735 2046 1777 vincit,
2071 1735 2138 1770 hoc

1140 1786 1206 1819 est,
1235 1780 1424 1813 damnatur
1452 1779 1563 1823 Deus,
1599 1784 1657 1815 sed
1685 1796 1765 1817 vera
1792 1783 1949 1819 Ecclesia
1980 1788 2138 1830 agnoscit

1139 1829 1253 1863 Deum
1278 1842 1349 1864 esse
1376 1831 1562 1874 victorem,
1603 1834 1637 1866 id
1665 1841 1734 1874 est,
1775 1837 1904 1870 fatetur
1935 1850 2015 1871 euin
2047 1839 2138 1874 iuste

1140 1881 1269 1925 punire
1285 1889 1421 1925 peccata
1441 1890 1570 1920 nostra.

1241 1932 1341 1965 Talis
1368 1934 1412 1967 sit
1439 1935 1611 1968 confessio
1636 1936 1776 1983 piorum
1801 1938 1837 1971 in
1869 1936 1933 1973 hac
1959 1947 2029 1974 tota
2051 1941 2136 1978 vita,

1138 1983 1180 2016 In
1208 1984 1299 2017 veris
1323 1984 1508 2019 doloribus
1538 1987 1691 2021 existunt
1728 1986 1793 2022 hae
1817 1990 2074 2034 disputationes
2096 1993 2135 2026 in

1137 2034 1283 2075 animis,
1315 2047 1360 2068 an
1396 2036 1485 2070 iuste
1520 2038 1727 2080 puniamur,
1763 2042 1821 2074 sed
1852 2044 2008 2085 postulat
2038 2042 2135 2077 Deus

1136 2086 1203 2118 sibi
1224 2086 1334 2120 tribui
1353 2087 1491 2121 laudem
1511 2088 1686 2131 iusticiae,
1713 2098 1745 2125 et
1762 2092 1838 2127 vult
1861 2100 1898 2126 ut
1915 2094 2035 2139 aliquo
2055 2107 2134 2128 mo-

1137 2137 1181 2169 do
1202 2138 1360 2172 volentes
1382 2139 1617 2174 sustineamus
1644 2153 1787 2185 poenas.
1842 2143 1924 2177 Ideo
1947 2151 1980 2178 et
2003 2144 2133 2178 Daniel

1136 2188 1268 2233 inquit:
1298 2188 1383 2222 Tibi
1409 2189 1562 2224 Domine
1585 2192 1743 2232 iusticia,
1772 2195 1875 2227 nobis
1897 2196 2056 2229 confusio
2080 2197 2132 2230 fa-

1135 2240 1200 2272 ciei
1225 2247 1376 2276 nostrae.
1437 2240 1533 2275 Haec
1560 2255 1638 2285 pars
1670 2245 1910 2291 poenitentiae
1935 2248 2130 2281 necessaria

1135 2297 1204 2331 est,
1232 2304 1321 2336 quae
1341 2293 1484 2337 quidem
1503 2301 1552 2327 est
1570 2295 1687 2339 aliqua
1705 2296 1838 2338 agnitio
1865 2298 2131 2332 inobedientiae

1134 2349 1276 2376 nostrae
1304 2350 1336 2376 et
1362 2345 1434 2376 irae
1459 2344 1536 2378 Dei.
1592 2345 1661 2379 Sed
1688 2347 1731 2378 ad
1759 2344 1823 2380 hos
1840 2348 1998 2389 dolores,
2027 2355 2060 2382 et
2084 2350 2129 2383 ad

1134 2390 1225 2427 hanc
1251 2395 1508 2428 confessionem
1537 2407 1676 2429 necesse
1701 2404 1751 2431 est
1777 2400 1942 2432 accedere
1972 2400 2127 2443 agnitio-

1133 2457 1213 2478 nem
1234 2446 1426 2489 promissae
1443 2447 1716 2483 misericordiae.

1236 2494 1330 2529 Ecce
1356 2495 1394 2529 in
1422 2496 1619 2544 iniquitate
1631 2497 1780 2543 genitus·
1796 2511 1897 2542 sum,
1925 2505 1955 2534 et
1984 2500 2023 2535 in
2046 2513 2127 2548 pec—

1133 2551 1213 2580 cato
1232 2548 1387 2594 concepit
1406 2560 1460 2581 me
1477 2553 1594 2582 mater
1611 2561 1704 2585 mea.
1762 2550 1808 2585 Ut
1824 2564 1929 2597 supra
1945 2553 1981 2586 in
1999 2565 2126 2597 genere

1132 2599 1221 2633 dixit
1245 2610 1280 2632 se
1304 2611 1377 2632 esse
1403 2611 1521 2641 reum,
1544 2600 1593 2634 ita
1616 2599 1673 2634 hic
1698 2610 1881 2646 exaggerat
1907 2605 2058 2646 malum,
2086 2617 2125 2639 ac

1132 2651 1292 2695 deplorat
1309 2650 1475 2686 radicem.
1515 2649 1639 2686 Habeo
1657 2664 1732 2687 non
1748 2654 1863 2688 solum
1880 2655 2010 2690 delicta
2027 2663 2124 2691 atro-
