2379 2948
145 100 220 137 369
743 97 808 133 ΙΙῙ.

144 186 256 226 dunt,
292 182 552 226 subeuntibus,
580 182 658 218 aliis
691 183 851 228 partibus
883 181 1074 216 subtilibus
1099 188 1139 215 ut

142 238 223 269 aere
240 242 301 269 aut
317 237 438 279 fumo,
459 243 499 271 ut
523 236 563 269 in
580 235 664 268 vino
682 234 719 267 fit
736 233 941 273 rarefactio,
971 244 1051 265 cum
1067 232 1139 264 fer-

142 292 199 319 vet
227 293 262 320 et
286 286 507 328 intumescit,
535 286 617 331 quia
644 284 738 317 enim
755 283 851 316 calor
873 283 1047 316 naturalis
1067 282 1138 325 agit

142 336 181 368 in
200 343 314 380 partes
333 339 458 371 crudas
475 343 508 370 et
523 336 644 380 plenas
669 331 867 374 halituum,
894 340 927 367 et
948 339 987 366 ut
1005 340 1055 367 est
1073 345 1136 365 na-

142 392 221 420 tura
250 388 398 429 caloris,
423 398 497 421 non
521 391 667 428 cognata
692 389 848 427 segregat
874 390 908 417 et
930 384 1050 428 pellit,
1078 396 1136 416 re-

143 437 333 471 solvuntur
349 445 464 482 partes
483 435 669 469 crassiores
690 434 729 467 in
753 434 889 478 fumos,
918 434 978 479 qui
1006 434 1135 467 inflant

141 495 277 529 musta,
319 495 358 522 ut
381 493 569 530 erumpant
591 497 632 518 ex
654 485 757 518 vasis.
825 483 937 529 quue
960 485 1072 527 magis
1097 485 1135 517 fit

142 550 223 571 cum
241 545 355 573 musta
379 536 579 577 vehuntur,
608 536 691 580 quia
711 542 830 569 motus
847 535 1016 569 exuscitat
1038 535 1134 568 calo-

142 599 216 620 rem
241 588 328 624 vini,
381 587 459 622 Hoc
486 587 686 631 exemplum
707 587 875 619 admonet
897 586 1069 619 discentes
1089 586 1133 618 de

139 639 277 681 vulgari
294 639 433 681 regula,
460 636 568 671 Calor
584 644 637 671 est
660 648 762 670 causa
780 637 1042 674 rarefactionis‚
1068 636 1133 669 fri-

139 689 266 731 giditas
289 700 390 723 causa
421 688 729 732 condensationis‚
766 693 804 721 ut
833 687 925 720 infra
950 687 1130 731 copiosius

141 739 289 773 dicetur.

431 827 527 869 Quid
554 831 611 862 est
640 824 828 871 Tempus?

239 894 371 938 Quales
398 892 593 940 labyrinthi
617 893 687 927 sint
713 894 755 926 de
774 893 880 926 rebus
905 904 979 925 non
1003 893 1131 925 obscu-

140 946 208 988 ris,
235 946 390 986 deloco,
417 958 547 986 vacuo,
574 944 817 983 rarefactione‚
844 943 1130 982 condensatione,

142 998 187 1030 de
211 1003 369 1040 tempore
400 996 438 1028 in
469 995 770 1039 disputationibus
792 994 1023 1037 interpretum
1044 992 1130 1026 Ari—

140 1047 277 1082 stotelis
304 1046 388 1080 libri
414 1046 482 1090 ipsi
507 1047 715 1085 ostendunt,
742 1046 860 1089 itaque
882 1045 1053 1088 plurimas
1072 1056 1127 1076 ca-

138 1098 341 1131 villationes
358 1098 481 1130 volens
501 1097 639 1132 omitto,
696 1094 749 1129 De
774 1102 931 1138 tempore
951 1095 1128 1139 quaestio-

139 1160 202 1181 nes
218 1148 441 1192 prodigiosae
467 1154 567 1188 sunt,
595 1159 675 1180 cum
699 1143 792 1179 nihil
819 1145 864 1178 sit
891 1145 1127 1178 obscuritatis,

138 1198 363 1241 Augustinus
383 1198 569 1230 exclamat:
599 1196 641 1230 In
661 1203 817 1239 tempore
836 1207 967 1235 sumus,
993 1195 1126 1239 etquid

137 1256 277 1292 tempus
293 1248 338 1282 sit
352 1248 543 1285 nescimus,
573 1247 645 1280 imo
661 1247 689 1279 si
710 1248 829 1280 dextre
847 1246 1034 1285 iudicetur,
1063 1246 1125 1278 etsi

138 1300 251 1333 multa
276 1298 314 1330 in
336 1305 461 1331 natura
485 1305 568 1330 sunt
592 1298 750 1330 abstrusa
776 1303 809 1330 et
833 1296 973 1339 ignota,
1008 1303 1126 1329 tamen

138 1350 225 1394 quid
244 1355 380 1391 tempus
399 1349 460 1386 sit,
485 1347 713 1380 mediocriter
732 1347 800 1379 dici
821 1354 943 1389 potest.
978 1344 1026 1379 Et
1043 1347 1125 1390 quia

137 1398 224 1433 haec
241 1398 341 1431 initia
364 1396 527 1443 physicae
545 1397 727 1430 doctrinae
749 1396 933 1429 continent
958 1398 1125 1441 quasdam

137 1448 491 1484 commenefactiones
531 1447 682 1481 rudibus
731 1447 964 1488 necessarias,
1013 1447 1126 1480 sciant

138 1500 312 1539 iuniores,
346 1500 424 1532 ideo
448 1496 506 1532 hic
529 1499 573 1531 de
594 1505 753 1541 tempore
779 1498 866 1538 dici,
893 1504 933 1530 ut
957 1509 1062 1541 supra
1080 1499 1124 1531 de

138 1552 228 1591 loco,
245 1550 326 1595 quia
338 1562 416 1583 cum
431 1550 474 1583 de
490 1560 637 1593 corpore
653 1555 685 1582 et
699 1550 743 1581 de
759 1555 858 1582 motu
873 1555 974 1581 antea
991 1548 1124 1581 dictum

138 1602 183 1635 sit
196 1628 205 1642 ,
230 1612 311 1634 mox
329 1600 454 1633 ordine
477 1607 623 1633 naturae
642 1600 882 1644 quaerendum
902 1606 951 1632 est
975 1601 1018 1632 de
1036 1600 1125 1639 loco,

136 1652 261 1687 ubisit
287 1663 412 1695 corpus
440 1657 473 1684 et
502 1651 562 1683 ubi
589 1651 647 1683 fiat
665 1657 801 1690 motus,
828 1649 957 1682 deinde
980 1651 1123 1694 quando

139 1704 183 1737 sit
208 1714 334 1745 corpus
363 1708 396 1734 et
426 1702 568 1746 quando
589 1701 648 1733 fiat
671 1707 809 1739 motus,
836 1707 874 1733 ut
892 1712 971 1733 cum
991 1701 1123 1734 dictum

137 1760 208 1794 est,
244 1752 363 1785 Solem
395 1763 467 1784 esse
492 1761 618 1794 corpus
644 1750 822 1790 lucidum,
850 1751 946 1794 quod
971 1751 1124 1784 circum-

138 1812 253 1838 actum
286 1802 369 1835 facit
397 1801 600 1835 discrimina
632 1801 771 1834 dierum
794 1807 830 1833 et
854 1800 1032 1841 noctium,
1066 1798 1124 1833 hie

137 1853 319 1900 quaeritur
342 1854 386 1885 de
412 1853 488 1886 loco
513 1851 625 1890 Solis,
658 1858 690 1885 et
713 1857 846 1896 quanto
870 1858 1028 1895 tempore
1055 1851 1124 1884 cir-

136 1910 351 1946 cumagatur.

240 1953 380 1988 Deinde
406 1950 565 1986 definitio
591 1953 716 1987 usitata
735 1950 893 1998 Physicis
920 1951 1124 1991 retineatur,

138 2004 224 2038 haec
243 2004 419 2037 videlicet:
449 2003 606 2048 Tempus
624 2010 674 2037 est
695 2014 864 2036 numerus
882 2015 941 2036 seu
959 2014 1122 2035 mensura

138 2062 253 2090 motus
269 2056 460 2089 secundum
480 2055 576 2099 prius
601 2061 633 2087 et
658 2054 842 2098 posterius.
898 2052 938 2086 In
962 2065 1122 2098 quocun-

139 2118 206 2152 que
236 2113 351 2146 motu,
384 2113 423 2139 ut
452 2106 489 2138 in
512 2105 769 2145 ambulatione,
803 2116 876 2138 non
904 2104 971 2137 alia
997 2116 1050 2136 res
1074 2110 1123 2136 est

139 2156 280 2190 duratio
298 2163 332 2190 et
347 2157 537 2195 successio,
566 2156 635 2189 nisi
660 2157 734 2200 ipse
759 2163 895 2195 motus,
922 2161 955 2188 et
969 2154 1122 2198 partium

141 2206 248 2241 huius
265 2207 480 2248 durationis,
506 2219 567 2241 seu
591 2207 822 2240 successionis
846 2206 939 2239 inter
959 2217 994 2238 se
1016 2205 1122 2238 colla-

138 2259 189 2292 tio
205 2257 398 2290 secundum
416 2258 511 2301 prius
529 2265 563 2292 et
585 2258 779 2302 posterius,
806 2257 937 2291 dicitur
954 2255 1122 2300 Tempus,

138 2307 204 2343 Est
226 2308 334 2351 igitur
355 2313 492 2351 tempus
519 2309 632 2353 reipsa
658 2315 818 2342 motuum
842 2307 1032 2348 successio,
1062 2307 1123 2339 sed

140 2359 275 2393 accedit
318 2358 482 2401 cogitatio
510 2360 712 2393 discernens
745 2359 845 2404 prius
876 2365 909 2392 et
938 2357 1123 2402 posterius.

140 2410 238 2444 Haec
269 2409 440 2442 sententia
480 2410 550 2442 nisi
582 2410 870 2444 cavillationibus
908 2409 1124 2447 involvatur,

141 2462 246 2505 plana
264 2467 296 2492 et
315 2459 497 2504 perspicua
522 2467 590 2495 est.
619 2467 651 2494 et
675 2461 724 2494 sic
746 2466 934 2494 senserunt
948 2459 1123 2494 Aristote-

141 2512 212 2550 les,
240 2507 479 2551 Themistius,
506 2518 539 2544 et
557 2510 628 2549 alii,
656 2511 716 2555 qui
729 2512 850 2546 dextre
867 2511 1123 2545 iudicaverunt.

143 2559 362 2596 Themistius
385 2561 514 2606 inquit,
537 2567 672 2594 motum
690 2567 724 2594 et
747 2568 883 2606 tempus
907 2573 944 2594 re
967 2572 1040 2594 esse
1067 2572 1125 2594 ea-

143 2613 241 2653 dem,
268 2613 328 2645 sed
346 2612 456 2655 ipsius
473 2619 587 2646 motus
614 2611 837 2645 durationem
860 2612 996 2646 collatis
1014 2612 1124 2657 parti-

143 2663 209 2696 bus
225 2662 294 2695 dici
320 2669 468 2707 tempus.

196 2712 379 2746 Meum-n.
408 2717 511 2748 Orza.
539 2716 621 2747 Vor..
649 2713 742 2746 XIII.

859 94 1017 132 INlTIA
1043 93 1333 131 DOCTRINAE
1359 95 1612 137 PHYSICAE.

2113 103 2187 139 370

1295 179 1373 214 Etsi
1402 190 1516 216 autem
1542 191 1680 228 tempus
1706 186 1915 229 generaliter
1942 200 2182 232 quorumcun-

1192 242 1260 275 que
1279 238 1439 264 motuum
1459 236 1714 269 successionem
1731 243 1765 271 et
1782 249 1982 272 mensuram
2000 240 2181 282 significat,

1190 287 1309 314 tamen
1330 282 1434 315 multi
1451 283 1695 319 definitionem
1713 299 1732 320 a
1749 295 1847 321 motu
1862 289 2003 322 coelesti
2023 301 2181 333 sumpse-

1190 337 1293 372 runt,
1319 343 1423 376 quem
1444 333 1607 366 mirando
1626 335 1690 368 Dei
1709 339 1856 372 consilio
1880 340 2081 373 institutum
2108 353 2179 373 esse

1188 382 1369 439 videmus,
1396 389 1434 415 ut
1452 382 1542 415 vices
1561 384 1687 419 effic-iat
1703 389 1805 421 utiles
1822 390 1913 423 vitae
1931 391 2179 432 animantium,

1189 445 1250 476 qui
1283 444 1361 465 cum
1386 432 1431 466 sit
1454 432 1624 477 insignis,
1663 443 1697 469 et
1728 437 1764 469 in
1797 440 1956 473 omnium
1990 438 2178 474 hominum

1189 483 1311 516 oculos
1329 483 1503 521 incurrat,
1533 491 1565 517 et
1581 488 1762 519 commode
1784 488 1958 524 discernat
1978 491 2178 532 intervalla,

1190 534 1397 578 praecipuae
1431 534 1687 578 adpellationes
1725 537 1807 570 inde
1843 548 2050 583 sumuntur,
2094 543 2175 583 diei,

1187 584 1336 624 mensis,
1377 584 1474 619 anni.
1549 584 1687 619 Horum
1728 588 1980 631 descriptiones
2022 593 2175 626 eruditas

1187 646 1354 679 quaerere
1369 641 1402 668 et
1419 646 1521 668 nosse
1547 637 1660 670 multo
1684 645 1734 671 est
1757 638 1898 683 utilius,
1928 652 2031 684 quam
2058 643 2174 675 inani-

1186 685 1251 718 bus
1279 686 1566 720 cavillationibus
1588 687 1790 730 immorari,
1827 690 1871 722 de
1897 691 2025 734 quibus
2050 693 2111 724 alii
2136 694 2173 725 in

1188 733 1254 769 hoc
1272 736 1350 769 loco
1369 737 1561 780 disputant.

1289 785 1373 819 Dies
1391 787 1562 820 naturalis
1581 794 1630 820 est
1654 794 1793 833 tempus
1817 790 2052 824 revolutionis
2081 791 2173 825 Solis

1185 848 1247 880 per
1262 844 1397 871 motum
1417 838 1523 882 primi
1547 839 1690 871 mobilis
1712 840 1757 872 ab
1780 837 1982 881 horizonte,
2017 848 2076 875 aut
2098 854 2173 875 me-

1184 887 1345 927 ridiano,
1373 889 1485 921 donec
1503 887 1565 922 Sol
1591 890 1633 921 ad
1654 891 1804 922 eundem
1830 891 1946 924 locum
1965 889 2172 933 horizontis,

1183 945 1245 972 aut
1261 938 1451 972 meridiani
1465 940 1575 978 redit,
1603 947 1635 972 et
1662 937 1728 973 hoc
1753 947 1805 973 est
1826 948 1985 985 tempus,
2022 955 2091 987 quo
2117 955 2172 975 re-

1183 989 1340 1022 volvitur
1356 995 1450 1022 totus
1468 990 1747 1034 aequinoctialis,
1766 998 1799 1024 et
1817 992 1910 1025 ultra
1928 990 1994 1025 hoc
2009 986 2171 1037 aliquan-

1182 1039 1256 1072 tula
1273 1039 1390 1082 portio
1407 1040 1691 1084 aequinoctialis,
1719 1049 1848 1085 quanta
1865 1044 2054 1085 respondet
2074 1045 2171 1077 arcui

1182 1089 1379 1132 eclipticae‚
1412 1102 1517 1134 quam
1534 1090 1676 1123 interim
1701 1091 1765 1124 Sol
1792 1095 2001 1137 peragravit.
2053 1093 2169 1127 Huius

1181 1140 1400 1173 definitionis
1418 1140 1607 1173 declaratio
1627 1141 1713 1174 alibi
1731 1144 1858 1175 tradita
1875 1150 1936 1176 est.

1284 1189 1422 1223 RIensis
1460 1191 1669 1235 synodicus,
1714 1204 1818 1236 quem
1854 1200 1981 1227 vocant
2012 1206 2168 1228 mensem

1181 1241 1442 1274 consecutionis
1460 1252 1520 1273 seu
1544 1242 1886 1283 coniunctionalem,
1922 1251 1973 1277 est
1996 1245 2168 1278 interval-

1182 1291 1275 1329 lum,
1300 1303 1369 1335 quo
1388 1290 1488 1323 Luna
1506 1303 1579 1324 non
1602 1292 1716 1324 solum
1736 1294 1779 1326 ad
1804 1294 1898 1326 idem
1922 1301 2093 1338 punctum
2112 1309 2168 1329 re-

1180 1341 1248 1381 dit,
1282 1342 1378 1374 unde
1399 1341 1621 1382 discesserat,
1656 1343 1714 1375 sed
1739 1344 1782 1376 ad
1807 1344 1921 1387 ipsum
1940 1344 2079 1385 Solem,
2107 1348 2168 1391 qui

1180 1391 1313 1425 interea
1330 1391 1471 1434 longius
1498 1403 1719 1435 progressus,
1747 1394 1887 1427 recessit
1911 1406 1930 1427 a
1950 1395 2027 1427 loco
2045 1398 2166 1438 proxi-

1180 1453 1257 1474 mae
1295 1441 1576 1482 coniunctionis,
1626 1444 1684 1475 sed
1715 1443 1817 1477 Luna
1853 1456 1932 1477 eum
1970 1447 2167 1491 assequitur

1178 1504 1196 1525 a
1216 1492 1283 1526 fine
1307 1492 1438 1525 mensis
1462 1493 1651 1536 periodici,
1684 1496 1801 1538 spacio
1827 1495 2007 1540 aliquanto
2032 1498 2164 1532 maiore

1179 1555 1284 1587 quam
1301 1543 1414 1576 bidui.

1281 1592 1347 1627 Est
1378 1600 1493 1627 autem
1526 1594 1657 1628 mensis
1690 1596 1879 1640 synodicus
1917 1598 2055 1631 medius
2088 1599 2163 1633 die-

1178 1656 1256 1677 rum
1282 1645 1343 1685 29,
1373 1642 1540 1678 horarum
1569 1646 1625 1686 12,
1648 1646 1870 1681 minutorum
1896 1646 1958 1688 44,
1990 1651 2163 1683 secundo-

1178 1707 1256 1727 rum
1280 1695 1314 1728 3.

1281 1744 1410 1779 Annus
1434 1752 1485 1779 est
1509 1752 1667 1789 tempus,
1698 1759 1766 1790 quo
1787 1747 1849 1781 Sol
1871 1760 1888 1781 a
1913 1749 2012 1782 verni
2038 1750 2160 1794 aequi-

1178 1796 1287 1829 noctii
1306 1802 1434 1839 puncto
1454 1807 1621 1839 egressuS‚
1652 1797 1792 1830 zodiaco
1812 1806 1993 1841 peragrato
2010 1799 2049 1833 in
2066 1801 2161 1834 idem

1178 1854 1349 1889 punctum
1380 1847 1490 1884 redit,
1510 1890 1512 1893 ι
1533 1858 1621 1890 quae
1646 1849 1843 1891 peragratio
1868 1850 1906 1883 fit
1928 1851 2051 1884 diebus
2075 1850 2161 1893 365,

1177 1894 1275 1930 horis
1291 1896 1326 1934 5,
1342 1896 1488 1930 minutis
1505 1895 1565 1937 49,
1583 1899 1743 1931 secundis
1764 1899 1819 1933 16.

1280 1946 1353 1980 Has
1392 1947 1616 1980 definitiones
1656 1949 1856 1982 notissimas
1899 1962 1971 1984 esse
2009 1959 2159 1995 oportet,

1177 2009 1285 2043 quare
1301 2009 1358 2031 eas
1374 1995 1431 2031 hic
1450 2010 1590 2042 quoque
1607 1999 1761 2033 breviter
1776 2001 1940 2043 recitavi,
1966 2002 2026 2036 sed
2048 2003 2159 2046 expli-

1178 2049 1268 2083 catio
1291 2049 1377 2081 alibi
1393 2050 1556 2082 traditur.

1280 2099 1384 2133 Nunc
1399 2099 1547 2132 studiosi
1564 2099 1718 2142 cogitent
1734 2108 1766 2135 et
1781 2102 1958 2136 celebrent
1973 2108 2158 2142 consilium

1176 2150 1260 2191 Dei,
1296 2150 1358 2195 qui
1386 2157 1461 2184 arte
1497 2156 1613 2184 motus
1639 2152 1802 2186 coelestes
1830 2153 1877 2186 ita
1909 2154 2079 2197 instituit,
2120 2167 2160 2193 ut

1177 2202 1264 2234 ordo
1284 2207 1481 2245 temporum
1500 2200 1666 2235 distribui
1681 2210 1813 2246 posset,
1840 2204 1900 2248 qui
1917 2215 2062 2251 propter
2077 2209 2158 2253 pln-

1177 2253 1285 2285 rimas
1318 2263 1439 2286 causas
1470 2249 1678 2285 hominibus
1708 2254 1921 2287 necessarius
1953 2264 2011 2291 est.
2078 2260 2158 2293 Nisi

1178 2303 1273 2336 enim
1290 2314 1466 2337 annorum
1484 2302 1608 2336 seriem
1624 2315 1820 2342 nossemus,
1848 2303 1961 2340 nihilo
1975 2309 2085 2352 magis
2102 2323 2158 2344 re..

1178 2361 1233 2388 tro
1249 2354 1352 2388 initia
1376 2366 1511 2394 rerum,
1538 2359 1598 2386 aut
1622 2354 1834 2397 religionum
1860 2357 2013 2399 cogitare
2038 2372 2157 2403 posse-

1177 2415 1274 2446 mus,
1300 2416 1405 2450 quam
1421 2404 1583 2449 pecudes.
1636 2402 1755 2445 Quare
1775 2410 1808 2437 et
1831 2407 1960 2447 gratias
1976 2408 2051 2443 Deo
2076 2423 2157 2455 aga-

1177 2467 1275 2495 mus,
1303 2456 1398 2501 quod
1414 2462 1571 2499 tempora
1586 2452 1746 2487 distinxit
1773 2454 1862 2498 ipse,
1891 2465 1923 2492 et
1940 2460 2084 2505 quidem
2103 2463 2158 2495 vi-

1178 2518 1233 2541 ces
1247 2506 1460 2550 gratissimas
1476 2504 1556 2537 fecit
1571 2503 1708 2536 dierum
1725 2511 1758 2538 et
1775 2507 1944 2551 noctium,
1972 2512 2157 2554 mensium,

1178 2557 1317 2592 aestatis
1332 2564 1364 2590 et
1381 2554 1538 2601 hyemiS,
1563 2554 1608 2587 ad
1634 2566 1721 2599 quas
1745 2555 1836 2589 vices
1861 2560 2017 2594 mirabili
2041 2564 2157 2596 consi-

1177 2609 1226 2642 lio
1259 2605 1537 2640 accommodavit
1568 2606 1815 2642 convenientes
1838 2617 1936 2645 ortus
1961 2620 1996 2647 et
2019 2625 2158 2648 occasus

1176 2658 1368 2693 stellarum.

1484 2704 1533 2742 24
