2379 2948
244 114 338 149 1263

241 196 379 231 habeat.
432 194 503 230 Nec
519 204 606 238 opus
624 198 672 226 est
689 192 792 235 longa
807 190 1050 232 enarratione,
1076 201 1142 224 usu
1167 186 1225 222 hic

241 247 435 281 versiculus
452 247 489 279 in
499 244 714 279 consolanda
731 242 946 276 conscientia
957 248 989 275 et
1002 240 1226 274 invocatione

242 300 281 332 fit
298 298 471 332 illustrior
489 304 521 330 et
539 295 687 329 dulcior.
740 292 887 336 Quoties
910 292 1100 336 incipimus
1114 303 1226 328 orare,

244 350 435 393 cogitemus
460 349 502 380 de
525 346 692 394 pontifice
715 331 882 384 Chrisffi,
919 344 1035 376 veniat
1061 342 1163 375 nobis
1191 342 1226 373 in

244 408 398 433 mentem
419 397 524 431 huius
542 396 750 434 iuramenti,
778 401 810 428 et
829 395 1010 428 credamus
1027 405 1106 426 vere
1123 392 1227 425 nobis

244 451 370 484 donari
407 450 514 492 gratis
545 447 788 481 remissionem
817 451 1060 493 peccatorum,
1094 455 1229 488 nosque

243 500 403 534 exaudiri
425 506 568 548 propter
592 496 688 532 huuc
712 496 932 541 pontificem,
958 495 1053 529 iuxta
1078 494 1229 540 promis-

244 563 389 586 sionem.

346 627 480 665 porte,
507 624 573 659 boc
593 625 832 658 iuramentum
857 634 958 668 saepe
982 622 1019 655 in
1046 620 1230 665 scripturis

243 679 431 724 repetitum
467 683 528 712 est.
589 675 718 711 Psalm.
746 675 846 710 131.:
888 673 1023 708 Iuravit
1054 672 1230 705 Dominus

244 730 359 765 David
382 729 582 767 veritatem,
615 734 649 760 et
674 739 747 759 non
778 725 1006 758 frustrabitur
1035 735 1125 756 eum.
1184 720 1229 755 Et

245 828 437 866 Abraham.
493 828 646 873 Ideoque
663 826 784 861 Esaias
801 826 848 859 ait
865 825 977 869 capite
996 825 1072 858 60.:
1092 824 1230 857 Feriam

245 882 428 916 vobiscum
445 886 584 924 pactum
605 878 858 922 sempiternum
886 875 1143 909 misericordias
1159 873 1232 907 Da—

245 934 305 966 vid
328 932 465 968 fideles,
493 930 528 962 id
555 936 621 967 est,
657 927 924 972 promissionem
952 927 1082 970 gratiae
1107 927 1230 959 factam

245 982 377 1017 Davidi
396 988 505 1014 ratam
523 987 554 1013 et
572 981 727 1019 firmam,
754 986 787 1012 et
807 977 1041 1021 praestabitur
1067 977 1143 1009 sine
1160 976 1231 1009 ulla

246 1033 481 1068 dubitatione.
535 1030 602 1064 Sed
627 1028 712 1063 haec
737 1029 869 1062 mentio
891 1027 1081 1061 iuramenti
1107 1034 1138 1060 et
1162 1033 1230 1060 tam

247 1086 368 1119 crebra
394 1082 556 1126 repetitio
581 1082 627 1114 ita
655 1082 798 1113 demum
823 1079 889 1112 erit
910 1085 1025 1122 grata,
1054 1090 1132 1111 cum
1157 1089 1230 1110 eam

247 1136 351 1169 nobis
370 1133 628 1166 inculcabimus
646 1132 688 1164 ad
709 1131 812 1163 fidem
830 1130 1032 1172 erigendam
1054 1135 1088 1162 et
1105 1128 1233 1161 confir-

246 1186 432 1224 mandam,
465 1190 498 1216 et
519 1190 711 1216 statuemus
743 1193 808 1214 nos
834 1192 915 1213 vere
946 1177 1009 1212 hac
1034 1180 1101 1212 fide
1126 1177 1233 1222 gratis

247 1234 469 1270 reconciliari
493 1241 525 1267 et
550 1234 660 1266 iustos
684 1230 851 1276 reputari.
904 1230 981 1263 Hoc
1004 1231 1110 1263 modo
1133 1240 1234 1271 exag—

248 1294 343 1332 gerat
368 1293 401 1319 et
425 1285 663 1318 iuramentum
682 1282 840 1326 Epistola
857 1282 899 1314 ad
918 1280 1099 1314 Hebraeos
1123 1279 1234 1323 capite

248 1345 360 1372 sexto:
390 1335 643 1369 Abundantius
667 1332 762 1366 Deus
786 1332 909 1365 volens
936 1333 1120 1365 ostendere
1147 1328 1231 1362 hae—

248 1389 391 1422 redibus
425 1386 606 1419 immobile
639 1384 826 1417 consilium
863 1394 982 1423 suum,
1024 1380 1236 1424 interposuit

249 1438 516 1475 iusiurandum,
544 1442 582 1469 ut
598 1441 741 1479 propter
758 1435 828 1466 duo
846 1432 1081 1466 immutabilia
1099 1438 1236 1464 tenere-

249 1501 328 1523 mus
352 1488 488 1520 firmam
514 1485 813 1525 consolationem,
841 1483 1081 1526 confugientes
1107 1483 1150 1515 ad
1172 1482 1236 1514 ob-

250 1540 431 1574 tinendam
450 1537 667 1581 propositam
685 1547 800 1579 spem,
828 1546 934 1580 quam
962 1532 1132 1566 habemus
1157 1538 1236 1565 tan—

250 1601 355 1635 quam
389 1600 552 1621 ancoram
585 1587 722 1619 animae
752 1585 888 1618 firmam
920 1590 953 1617 et
982 1583 1236 1616 inconcussam.

249 1640 345 1674 Haec
364 1640 407 1672 de
424 1638 665 1672 iureiurando.
717 1635 820 1669 Nunc
838 1635 1028 1668 dicendum
1054 1640 1104 1667 est
1123 1634 1166 1666 de
1183 1644 1238 1665 sa-

250 1690 418 1725 cerdotio.

302 1791 361 1826 Tu
379 1803 413 1825 es
432 1787 610 1824 Sacerdos
630 1788 668 1821 in
686 1791 885 1822 aeternum.

351 1867 433 1901 Non
451 1865 567 1898 solum
583 1863 631 1897 ait
649 1862 816 1896 Messiam
832 1862 993 1894 futurum
1018 1870 1090 1892 esse
1111 1869 1240 1901 regem,

253 1919 314 1965 qui
337 1918 413 1963 pari
431 1915 587 1960 potentia
603 1919 724 1957 regnet
750 1924 829 1945 cum
846 1917 959 1955 patre,
987 1910 1049 1955 qui
1067 1910 1111 1944 sit
1127 1910 1240 1942 victor

253 1968 386 2014 peccati
413 1974 446 2000 et
463 1965 606 2005 mortis,
633 1971 666 1997 et
686 1964 730 1996 sit
747 1963 954 1995 defensurus
975 1972 1055 1994 suos
1073 1961 1239 1993 adversus

254 2019 434 2054 saevitiam
452 2015 583 2050 diaboli
602 2021 635 2048 et
654 2013 789 2047 mundi.
842 2012 973 2045 Verum
993 2012 1096 2044 etiam
1115 2010 1240 2044 tribuit

254 2071 286 2105 ei
301 2068 573 2114 appellationem
594 2072 625 2098 et
640 2064 752 2097 officia
769 2063 957 2096 sacerdotis
978 2074 1038 2095 seu
1055 2061 1240 2106 pontilici5‚

254 2121 439 2159 videlicet,
473 2117 568 2162 quod
593 2116 704 2160 placet
729 2114 832 2147 nobis
854 2120 988 2157 patrem
1015 2120 1047 2147 et
1071 2111 1239 2155 interpel-

254 2173 303 2205 let
320 2183 383 2215 pro
403 2169 518 2203 nobis.
559 2166 606 2201 Et
623 2165 866 2209 complectitur
889 2163 1115 2208 praecipuum
1134 2163 1240 2195 bene-

254 2223 373 2256 ficium
393 2218 546 2258 Christi,
563 2217 728 2250 videlicet
746 2215 989 2248 remissionem
1007 2221 1240 2258 peccatorum,

255 2280 289 2307 et
311 2283 482 2307 summam
507 2268 787 2303 consolationem
816 2267 982 2299 adversus
1010 2271 1162 2298 terrores
1189 2264 1241 2296 le-

255 2324 325 2368 gis,
352 2320 548 2355 accusantis
566 2325 765 2364 peccatum,
792 2324 825 2351 et
841 2323 962 2350 contra
989 2315 1238 2348 conscientiam

257 2372 478 2416 indignitatis
493 2377 643 2404 nostrae.
671 2368 837 2401 Testatur
855 2367 961 2401 etiam
977 2367 1071 2410 quod
1093 2377 1239 2409 regnum

256 2423 390 2458 Christi
405 2435 478 2456 non
502 2422 547 2455 sit
565 2418 823 2453 administratio
847 2417 1039 2462 corporalis
1064 2423 1123 2450 aut
1152 2415 1241 2460 poli-

258 2475 324 2508 tIca
339 2501 347 2515 ‚
375 2474 455 2518 quia
475 2470 637 2506 Christus
655 2471 702 2503 ita
723 2477 771 2503 est
789 2482 864 2510 rex,
886 2475 926 2502 ut
944 2468 1052 2501 simul
1070 2467 1112 2501 sit
1129 2478 1241 2499 sacer-

259 2526 342 2567 dos,
378 2525 518 2567 placans
547 2521 652 2555 nobis
675 2527 807 2565 patrem
821 2547 830 2560 ,
864 2520 1014 2552 afferens
1047 2525 1078 2551 et
1109 2518 1239 2561 impar-

259 2575 349 2609 tiens
371 2575 473 2607 nobis
490 2575 582 2607 bona
606 2571 825 2620 spiritualia,
852 2570 1092 2603 remissionem
1119 2579 1240 2612 pecca-
1264 2593 1266 2629 i

258 2632 397 2663 torum,
432 2623 706 2657 consolationem
737 2629 770 2655 et
806 2620 1051 2656 liberationem
1075 2620 1240 2654 adversus
1265 2635 1266 2639 ¹

1262 2655 1267 2716 Ι
1292 2667 1418 2702 cebant
1439 2673 1576 2701 tantum
1602 2667 1732 2710 legem,
1768 2665 1882 2700 nihilo
1908 2666 2016 2710 magis
2041 2674 2141 2701 erant
2163 2679 2278 2701 sacer-

258 2683 409 2711 terrores
424 2674 555 2719 peccati
570 2681 603 2708 et
619 2672 741 2707 iudicii
756 2671 834 2707 Dei.

834 104 961 142 PHIL.
987 102 1106 143 MEL.
1132 100 1340 141 SCRIPTA
1364 99 1666 138 EXEGETICA.

244 782 361 816 Lucae
381 782 428 813 1.:
457 778 706 812 Iusiurandum
724 777 817 821 quod
841 775 969 809 iuravit
987 774 1163 808 Dominus
1187 774 1229 805 ad
1257 795 1259 820 2
1285 770 1343 797 ¹1¹1*
1370 762 1435 796 tsi-⁵¹
1461 768 1541 795 sunl
1575 761 1765 794 sacerdotis
1794 760 1921 795 Officia·

2170 104 2267 140 1264

1365 187 1433 222 Sed
1459 193 1498 220 ut
1515 186 1682 220 beneficia
1698 186 1873 230 pontificis
1887 184 2021 221 Christi
2035 188 2164 222 clarius
2180 200 2267 222 con-

1280 238 1366 283 spici
1389 238 1535 283 possint.
1589 237 1748 271 Primum
1772 237 1810 270 in
1833 249 1960 281 genere
1982 238 2116 280 dicam,
2145 240 2189 272 de
2210 251 2268 273 ra-

1280 290 1376 323 tione
1391 288 1578 323 sacerdotii
1595 299 1656 322 seu
1675 289 1718 321 de
1737 288 1852 322 officio
1868 289 2071 330 sacerdotis,
2095 286 2180 323 haec
2196 297 2269 325 tra-

1280 341 1333 374 dit
1347 341 1420 385 ipsa
1439 338 1599 373 definitio
1617 339 1820 376 sacerdotis.

1382 406 1551 442 Sacerdos
1575 412 1625 440 est
1650 417 1798 450 persona
1823 418 1842 440 a
1862 404 1938 439 Deo
1963 405 2171 448 constituta,
2204 404 2270 441 ha-

1281 460 1368 492 bens
1393 458 1596 491 mandatum
1623 458 1793 498 docendi,
1820 469 1894 490 non
1918 454 2109 490 humanam
2136 458 2269 491 doctri—

1283 521 1385 549 nam,
1411 510 1470 541 sed
1490 509 1636 541 verbum
1656 508 1830 541 divinitus
1851 508 2043 541 revelatum
2070 516 2100 542 et
2125 508 2269 553 quidem

1283 558 1530 603 Evangelium.
1571 558 1670 600 Item,
1697 556 1830 592 habens
1848 560 2054 592 mandatum
2069 565 2103 593 et
2119 559 2270 602 promis-

1284 611 1418 651 siones,
1446 616 1486 643 ut
1509 620 1573 642 suo
1598 609 1652 641 vel
1677 609 1791 643 alieno
1820 610 1988 643 sacrificio
2011 611 2126 653 placet
2140 609 2271 650 Deum,

1284 668 1359 694 oret
1377 672 1439 704 pro
1455 672 1490 694 se
1506 667 1539 694 et
1556 659 1647 699 aliis,
1671 666 1704 693 et
1720 660 1842 694 offerat
1860 659 2041 701 sacrificia,
2069 672 2157 705 quae
2173 659 2270 694 Deus

1285 711 1457 755 instituit,
1486 717 1524 744 ut
1546 710 1741 743 innotescat
1765 718 1797 744 et
1822 718 2038 753 agnoscatur.
2095 710 2184 744 Vere
2206 710 2273 754 igi-

1981 761 2162 801 Primum,
2188 773 2272 806 pro-

1287 825 1416 858 ponere
1441 812 1520 845 aliis
1543 812 1690 845 verbum
1714 811 1779 844 Dei
1809 812 1981 845 divinitus
2005 819 2205 856 acceptum,
2238 818 2272 846 et

1287 862 1685 909 quidemEvangelium.
1715 858 1916 895 Secundum
1934 869 1996 904 est,
2011 862 2271 907 placareDeum

1286 915 1403 959 aliquo
1440 913 1607 946 sacrificio
1642 924 1706 945 suo
1744 913 1796 945 vel
1834 913 1961 949 alieno.
2014 913 2177 947 Tertium
2212 919 2273 953 est,

1286 977 1386 998 orare
1409 977 1473 1008 pro
1497 975 1532 997 se
1549 970 1582 997 et
1598 963 1695 1004 aliis,
1722 970 1755 997 et
1772 964 1899 996 offerre
1917 963 2084 997 sacrificia
2100 964 2274 998 divinitus

1287 1016 1468 1056 instituta,
1497 1021 1536 1048 ut
1554 1013 1648 1047 Deus
1675 1014 1872 1048 innotescat
1891 1022 1923 1048 et
1946 1014 2169 1058 glorificetur.
2221 1013 2275 1049 De

1288 1065 1342 1099 his
1373 1066 1487 1100 tribus
1513 1065 1638 1098 officiis
1671 1065 1798 1108 passim
1829 1065 2060 1098 concionatur
2090 1064 2276 1109 scriptura.

1289 1117 1333 1151 Et
1350 1129 1428 1150 cum
1453 1117 1497 1149 ad
1523 1115 1756 1156 erudiendos,
1784 1122 1858 1148 tum
1885 1117 1928 1149 ad
1952 1116 2187 1149 consolandos
2210 1126 2276 1149 nos

1287 1168 1429 1211 prodest
1447 1164 1533 1199 haec
1548 1166 1662 1198 officia
1679 1165 1717 1198 in
1735 1173 1923 1209 conspectu
1940 1164 2081 1200 hahere.
2135 1166 2218 1200 Ideo
2237 1177 2276 1200 ea

1288 1218 1463 1262 quispiam
1479 1214 1629 1249 disticho
1648 1216 1850 1260 complexus
1868 1223 1918 1250 est
1935 1214 2002 1250 hoc
2017 1217 2141 1250 modo:

1417 1272 1502 1315 ἱρεὺς
1524 1271 1577 1310 τὴν
1600 1271 1731 1314 διδαχὴν
1751 1270 1949 1313 εὖαγγελίοιο
1970 1272 2151 1314 φυλάσσων,

1481 1323 1604 1355 ἰλάσκει
1627 1326 1743 1366 θιισίῃ,
1766 1329 1834 1361 ταῖς
1856 1337 1888 1356 τε
1911 1322 2023 1366 ἀραῖσι
2045 1323 2135 1356 θεὸν.

1391 1383 1444 1418 De
1467 1384 1582 1428 primo
1606 1385 1741 1424 officio,
1779 1384 1943 1418 videlicet
1970 1386 2013 1418 de
2038 1385 2198 1418 doctrina
2222 1385 2278 1419 lo-

1290 1435 1412 1481 quitur
1429 1432 1626 1468 Malachias
1651 1435 1762 1479 capite
1781 1436 1953 1468 secundo:
1981 1433 2091 1469 Labia
2115 1437 2278 1469 sacerdo-

1290 1488 1335 1520 tis
1349 1486 1553 1520 custodiunt
1568 1486 1763 1526 scientiam,
1784 1492 1816 1519 et
1832 1486 1984 1530 populus
2000 1486 2148 1531 requirit
2164 1486 2277 1530 legem

1291 1549 1331 1570 ex
1348 1549 1408 1569 ore
1425 1536 1520 1576 eius,
1544 1537 1625 1580 quia
1643 1534 1801 1579 Angelus
1818 1535 1966 1569 Domini
1984 1537 2196 1570 exercituum
2213 1544 2278 1572 est.

1291 1587 1374 1621 Ideo
1397 1587 1492 1619 enim
1517 1587 1647 1620 dicitur
1671 1586 1830 1630 Angelus
1853 1587 1936 1628 Dei,
1972 1587 2053 1632 quia
2079 1587 2211 1632 perfert
2233 1589 2277 1621 ad

1293 1636 1455 1670 homines
1473 1637 1619 1670 verbum
1636 1636 1714 1675 Dei,
1745 1649 1816 1670 non
1833 1637 1962 1671 rationi
1980 1645 2117 1677 notum,
2145 1639 2203 1671 sed
2221 1638 2279 1672 di-

1294 1688 1425 1721 vinitus
1443 1688 1608 1720 traditum
1620 1711 1630 1725 ,
1658 1694 1696 1720 ut
1714 1686 1808 1720 Deus
1825 1700 1906 1720 vere
1926 1694 2152 1731 agnoscatur,
2185 1689 2278 1722 cola-

1293 1746 1350 1772 tur
1365 1745 1397 1771 et
1416 1738 1640 1781 glorificetur.
1691 1737 1734 1771 Et
1752 1739 1795 1770 ad
1813 1737 1942 1782 Angeli
1965 1751 2093 1772 munus
2115 1740 2279 1783 pertinet,

1293 1796 1332 1823 ut
1350 1800 1368 1821 a
1384 1787 1458 1821 Deo
1476 1788 1652 1828 mittatur,
1679 1788 1726 1821 ita
1745 1789 1906 1822 sacerdos
1930 1801 2001 1822 non
2019 1787 2175 1823 humano
2193 1802 2279 1824 con-

1294 1840 1372 1873 silio
1385 1866 1394 1880 ,
1421 1840 1480 1872 sed
1498 1837 1561 1872 Dei
1580 1845 1742 1877 vocatur,
1769 1846 1803 1873 et
1820 1840 1970 1873 traditur
1987 1840 2018 1873 ei
2035 1841 2180 1874 verbum
2198 1853 2277 1874 coe-

1294 1891 1389 1930 leste,
1408 1889 1496 1923 sicut
1513 1889 1679 1932 scriptum
1697 1896 1763 1923 est:
1792 1890 1903 1924 Nemo
1919 1890 1988 1924 sibi
2005 1891 2072 1934 ipsi
2088 1892 2195 1925 sumit
2213 1889 2278 1925 ho-

1294 1952 1436 1980 norem,
1464 1941 1522 1972 sed
1549 1940 1610 1985 qui
1628 1947 1773 1974 vocatur
1794 1952 1813 1974 a
1837 1939 1930 1981 Deo,
1956 1948 2124 1986 tanquam
2144 1939 2278 1978 Aaron.

1294 1991 1365 2025 Nec
1389 1991 1471 2024 satis
1494 1997 1544 2024 est
1570 1991 1719 2034 proponi
1744 1991 1870 2034 legem,
1897 2003 1978 2024 nam
2003 1990 2094 2025 hanc
2111 1993 2201 2025 ratio
2220 1999 2278 2026 ut-

1294 2053 1433 2087 cunque
1469 2041 1584 2082 novit,
1625 2042 1684 2074 sed
1717 2042 1823 2074 addat
1849 2042 2010 2075 sacerdos
2034 2041 2279 2086 Evangelium‚

1293 2105 1354 2126 seu
1369 2092 1619 2136 promissiones
1635 2093 1677 2124 de
1692 2090 1851 2130 Christ0‚
1881 2104 1969 2137 quae
1987 2105 2060 2126 non
2077 2100 2158 2127 sunt
2175 2101 2279 2127 notae

1294 2143 1442 2183 rationi,
1478 2143 1537 2175 sed
1570 2149 1706 2176 tantum
1740 2143 1912 2176 divinitus
1941 2144 2124 2179 revelatae.
2185 2144 2278 2187 Quia

1295 2194 1388 2227 enim
1422 2200 1566 2227 testatur
1596 2192 1711 2226 Deum
1744 2193 1832 2226 velle
1866 2194 2051 2233 exaudire,
2090 2195 2280 2238 ignoscere,

1294 2245 1447 2283 salvare,
1482 2255 1620 2276 necesse
1648 2250 1698 2277 est
1732 2255 1811 2277 eum
1837 2245 2040 2278 concionari
2064 2246 2107 2279 de
2129 2246 2280 2289 gratuita

1294 2295 1502 2328 remissione
1519 2301 1739 2338 peccatorum
1752 2321 1762 2335 ,
1789 2302 1822 2329 et
1839 2296 1982 2329 caeteris
2001 2296 2177 2330 beneficiis
2195 2309 2278 2341 pro-

1296 2346 1408 2379 missis
1436 2352 1580 2390 propter
1605 2342 1801 2379 Christum.
1854 2345 1998 2380 Frustra
2021 2349 2181 2381 sacerdos
2205 2348 2278 2391 ipse

1295 2397 1484 2436 invocaret,
1510 2395 1578 2428 nisi
1594 2402 1728 2430 teneret
1745 2396 2036 2440 promissionem,
2064 2410 2153 2443 quae
2173 2404 2277 2431 testa-

1295 2448 1398 2481 batur
1415 2447 1527 2480 Deum
1545 2446 1791 2481 exauditurum
1807 2459 1892 2483 esse.

1395 2512 1508 2548 Erant
1534 2514 1642 2557 igitur
1666 2520 1781 2559 patres
1804 2512 2004 2555 Abraham,
2030 2514 2142 2553 Isaac,
2171 2515 2276 2550 Iacob

1295 2573 1327 2599 et
1350 2565 1498 2610 reliqui,
1532 2566 1749 2606 sacerdotes,
1782 2566 1864 2610 quia
1891 2567 1933 2599 de
1957 2563 2020 2599 hac
2044 2566 2279 2609 promissione

1294 2616 1606 2650 concionabantur.
1653 2615 1722 2649 Sed
1739 2616 1799 2661 qui
1817 2617 1944 2650 omissa
1960 2616 2197 2660 promissione
2212 2618 2277 2651 do-
