<?xml version="1.0" encoding="UTF-8"?>
<!DOCTYPE html PUBLIC "-//W3C//DTD XHTML 1.0 Transitional//EN"
    "http://www.w3.org/TR/xhtml1/DTD/xhtml1-transitional.dtd">
<html xmlns="http://www.w3.org/1999/xhtml" xml:lang="en" lang="en">
 <head>
  <title>
</title>
<meta http-equiv="Content-Type" content="text/html;charset=utf-8" />
  <meta name='ocr-system' content='tesseract 3.04.00' />
  <meta name='ocr-capabilities' content='ocr_page ocr_carea ocr_par ocr_line ocrx_word'/>
</head>
<body>
  <div class='ocr_page' id='page_1' title='image "./operaquaesupersu13melauoft_0489.png"; bbox 0 0 2379 2948; ppageno 0'>
   <div class='ocr_carea' id='block_1_1' title="bbox 86 103 2116 144">
    <p class='ocr_par' dir='ltr' id='par_1_1' title="bbox 86 103 2116 144">
     <span class='ocr_line' id='line_1_1' title="bbox 86 103 2116 144; baseline 0.001 -3"><span class='ocrx_word' id='word_1_1' title='bbox 86 107 160 142; x_wconf 82' lang='lat'>953</span> <span class='ocrx_word' id='word_1_2' title='bbox 478 104 523 140; x_wconf 79' lang='lat' dir='ltr'>V.</span> <span class='ocrx_word' id='word_1_3' title='bbox 579 104 632 139; x_wconf 82' lang='lat' dir='ltr'>IN</span> <span class='ocrx_word' id='word_1_4' title='bbox 659 103 922 140; x_wconf 82' lang='lat' dir='ltr'>DANIELEM</span> <span class='ocrx_word' id='word_1_5' title='bbox 950 103 1268 140; x_wconf 80' lang='lat' dir='ltr'>PROPHETAM</span> <span class='ocrx_word' id='word_1_6' title='bbox 1300 104 1724 143; x_wconf 81' lang='lat' dir='ltr'><strong>COMMENTARIUS.</strong></span> <span class='ocrx_word' id='word_1_7' title='bbox 2041 107 2116 144; x_wconf 78' lang='lat'>954</span> 
     </span>
    </p>
   </div>
   <div class='ocr_carea' id='block_1_2' title="bbox 72 188 2115 1665">
    <p class='ocr_par' dir='ltr' id='par_1_2' title="bbox 72 188 2115 1665">
     <span class='ocr_line' id='line_1_2' title="bbox 84 188 2114 237; baseline 0 -12"><span class='ocrx_word' id='word_1_8' title='bbox 84 197 236 225; x_wconf 79' lang='lat' dir='ltr'>mentem</span> <span class='ocrx_word' id='word_1_9' title='bbox 261 191 490 225; x_wconf 80' lang='lat' dir='ltr'>conditricem</span> <span class='ocrx_word' id='word_1_10' title='bbox 514 199 549 226; x_wconf 88' lang='lat' dir='ltr'>et</span> <span class='ocrx_word' id='word_1_11' title='bbox 571 191 863 226; x_wconf 80' lang='lat' dir='ltr'>conservatricem</span> <span class='ocrx_word' id='word_1_12' title='bbox 883 190 989 224; x_wconf 90' lang='lat' dir='ltr'>totius</span> <span class='ocrx_word' id='word_1_13' title='bbox 1007 188 1074 224; x_wconf 91' lang='lat' dir='ltr'>hu-</span> <span class='ocrx_word' id='word_1_14' title='bbox 1125 191 1255 234; x_wconf 83' lang='lat' dir='ltr'>gelium</span> <span class='ocrx_word' id='word_1_15' title='bbox 1282 192 1324 224; x_wconf 90' lang='lat' dir='ltr'>de</span> <span class='ocrx_word' id='word_1_16' title='bbox 1341 192 1436 226; x_wconf 88' lang='lat' dir='ltr'>Filio</span> <span class='ocrx_word' id='word_1_17' title='bbox 1453 191 1520 226; x_wconf 85' lang='lat' dir='ltr'>Dei</span> <span class='ocrx_word' id='word_1_18' title='bbox 1542 200 1760 237; x_wconf 80' lang='lat' dir='ltr'>aspernatur.</span> <span class='ocrx_word' id='word_1_19' title='bbox 1813 192 1959 226; x_wconf 78' lang='lat' dir='ltr'>Lacerat</span> <span class='ocrx_word' id='word_1_20' title='bbox 1983 200 2015 227; x_wconf 90' lang='lat' dir='ltr'>et</span> <span class='ocrx_word' id='word_1_21' title='bbox 2039 206 2114 227; x_wconf 87' lang='lat' dir='ltr'>eam</span> 
     </span>
     <span class='ocr_line' id='line_1_3' title="bbox 83 241 2115 289; baseline 0 -14"><span class='ocrx_word' id='word_1_22' title='bbox 83 242 137 275; x_wconf 89' lang='lat' dir='ltr'>ius</span> <span class='ocrx_word' id='word_1_23' title='bbox 164 241 268 275; x_wconf 90' lang='lat' dir='ltr'>molis</span> <span class='ocrx_word' id='word_1_24' title='bbox 291 254 429 284; x_wconf 90' lang='lat' dir='ltr'>rerum,</span> <span class='ocrx_word' id='word_1_25' title='bbox 464 250 581 277; x_wconf 87' lang='lat' dir='ltr'>tamen</span> <span class='ocrx_word' id='word_1_26' title='bbox 606 243 766 276; x_wconf 89' lang='lat' dir='ltr'>nondum</span> <span class='ocrx_word' id='word_1_27' title='bbox 793 248 885 274; x_wconf 89' lang='lat' dir='ltr'>recte</span> <span class='ocrx_word' id='word_1_28' title='bbox 907 252 1073 284; x_wconf 81' lang='lat' dir='ltr'>agnosce·</span> <span class='ocrx_word' id='word_1_29' title='bbox 1125 250 1261 286; x_wconf 82' lang='lat' dir='ltr'>partem</span> <span class='ocrx_word' id='word_1_30' title='bbox 1279 268 1288 283; x_wconf 96' lang='lat'>,</span> <span class='ocrx_word' id='word_1_31' title='bbox 1316 255 1405 287; x_wconf 90' lang='lat' dir='ltr'>quae</span> <span class='ocrx_word' id='word_1_32' title='bbox 1422 244 1563 288; x_wconf 84' lang='lat' dir='ltr'>proprie</span> <span class='ocrx_word' id='word_1_33' title='bbox 1576 244 1645 278; x_wconf 86' lang='lat' dir='ltr'>Lex</span> <span class='ocrx_word' id='word_1_34' title='bbox 1663 251 1816 284; x_wconf 84' lang='lat' dir='ltr'>vocatur,</span> <span class='ocrx_word' id='word_1_35' title='bbox 1843 244 1925 289; x_wconf 89' lang='lat' dir='ltr'>quia</span> <span class='ocrx_word' id='word_1_36' title='bbox 1943 244 2041 287; x_wconf 84' lang='lat' dir='ltr'>fingit</span> <span class='ocrx_word' id='word_1_37' title='bbox 2059 245 2115 277; x_wconf 92' lang='lat' dir='ltr'>ni-</span> 
     </span>
     <span class='ocr_line' id='line_1_4' title="bbox 81 291 2114 337; baseline 0 -11"><span class='ocrx_word' id='word_1_38' title='bbox 81 293 169 327; x_wconf 82' lang='lat' dir='ltr'>bant</span> <span class='ocrx_word' id='word_1_39' title='bbox 190 291 316 329; x_wconf 87' lang='lat' dir='ltr'>Deum.</span> <span class='ocrx_word' id='word_1_40' title='bbox 377 292 459 327; x_wconf 85' lang='lat' dir='ltr'>Non</span> <span class='ocrx_word' id='word_1_41' title='bbox 484 294 576 327; x_wconf 83' lang='lat' dir='ltr'>enim</span> <span class='ocrx_word' id='word_1_42' title='bbox 602 300 730 326; x_wconf 85' lang='lat' dir='ltr'>norant</span> <span class='ocrx_word' id='word_1_43' title='bbox 756 291 1006 337; x_wconf 81' lang='lat' dir='ltr'>promissiones</span> <span class='ocrx_word' id='word_1_44' title='bbox 1030 295 1073 326; x_wconf 90' lang='lat' dir='ltr'>de</span> <span class='ocrx_word' id='word_1_45' title='bbox 1125 291 1178 326; x_wconf 89' lang='lat' dir='ltr'>hil</span> <span class='ocrx_word' id='word_1_46' title='bbox 1203 305 1275 326; x_wconf 88' lang='lat' dir='ltr'>esse</span> <span class='ocrx_word' id='word_1_47' title='bbox 1300 301 1500 336; x_wconf 89' lang='lat' dir='ltr'>peccatum,</span> <span class='ocrx_word' id='word_1_48' title='bbox 1536 295 1604 327; x_wconf 91' lang='lat' dir='ltr'>nisi</span> <span class='ocrx_word' id='word_1_49' title='bbox 1637 302 1777 329; x_wconf 87' lang='lat' dir='ltr'>externa</span> <span class='ocrx_word' id='word_1_50' title='bbox 1803 295 1891 330; x_wconf 80' lang='lat' dir='ltr'>facta</span> <span class='ocrx_word' id='word_1_51' title='bbox 1916 301 2038 328; x_wconf 87' lang='lat' dir='ltr'>contra</span> <span class='ocrx_word' id='word_1_52' title='bbox 2064 296 2114 327; x_wconf 84' lang='lat' dir='ltr'>le·</span> 
     </span>
     <span class='ocr_line' id='line_1_5' title="bbox 81 343 2114 389; baseline 0.001 -12"><span class='ocrx_word' id='word_1_53' title='bbox 81 344 279 388; x_wconf 77' lang='lat' dir='ltr'>placatione</span> <span class='ocrx_word' id='word_1_54' title='bbox 297 346 388 378; x_wconf 86' lang='lat' dir='ltr'>etde</span> <span class='ocrx_word' id='word_1_55' title='bbox 406 344 603 378; x_wconf 83' lang='lat' dir='ltr'>Mediatore</span> <span class='ocrx_word' id='word_1_56' title='bbox 622 344 768 377; x_wconf 88' lang='lat' dir='ltr'>traditas</span> <span class='ocrx_word' id='word_1_57' title='bbox 787 343 956 387; x_wconf 70' lang='lat' dir='ltr'>patribus.</span> <span class='ocrx_word' id='word_1_58' title='bbox 1097 380 1098 383; x_wconf 14' lang='grc' dir='ltr'><strong>Ἰ</strong></span> <span class='ocrx_word' id='word_1_59' title='bbox 1124 356 1212 387; x_wconf 80' lang='lat' dir='ltr'>gem.</span> <span class='ocrx_word' id='word_1_60' title='bbox 1266 343 1378 378; x_wconf 83' lang='lat' dir='ltr'>Tollit</span> <span class='ocrx_word' id='word_1_61' title='bbox 1404 352 1437 378; x_wconf 92' lang='lat' dir='ltr'>et</span> <span class='ocrx_word' id='word_1_62' title='bbox 1460 357 1540 378; x_wconf 79' lang='lat' dir='ltr'>vera</span> <span class='ocrx_word' id='word_1_63' title='bbox 1567 346 1722 389; x_wconf 81' lang='lat' dir='ltr'>coniugii</span> <span class='ocrx_word' id='word_1_64' title='bbox 1748 346 1842 387; x_wconf 83' lang='lat' dir='ltr'>iura,</span> <span class='ocrx_word' id='word_1_65' title='bbox 1868 346 2028 379; x_wconf 86' lang='lat' dir='ltr'>concedit</span> <span class='ocrx_word' id='word_1_66' title='bbox 2046 347 2114 379; x_wconf 90' lang='lat' dir='ltr'>du-</span> 
     </span>
     <span class='ocr_line' id='line_1_6' title="bbox 184 389 2114 441; baseline 0.001 -12"><span class='ocrx_word' id='word_1_67' title='bbox 184 393 399 441; x_wconf 87' lang='lat' dir='ltr'>Quanquam</span> <span class='ocrx_word' id='word_1_68' title='bbox 422 396 530 439; x_wconf 85' lang='lat' dir='ltr'>igitur</span> <span class='ocrx_word' id='word_1_69' title='bbox 546 392 777 428; x_wconf 84' lang='lat' dir='ltr'>Mahometici</span> <span class='ocrx_word' id='word_1_70' title='bbox 801 394 902 426; x_wconf 86' lang='lat' dir='ltr'>valde</span> <span class='ocrx_word' id='word_1_71' title='bbox 929 406 963 427; x_wconf 90' lang='lat' dir='ltr'>se</span> <span class='ocrx_word' id='word_1_72' title='bbox 989 393 1072 427; x_wconf 80' lang='lat' dir='ltr'>effe·</span> <span class='ocrx_word' id='word_1_73' title='bbox 1097 389 1099 439; x_wconf 97' lang='grc' dir='ltr'>Ι</span> <span class='ocrx_word' id='word_1_74' title='bbox 1123 407 1200 428; x_wconf 89' lang='lat' dir='ltr'>cere</span> <span class='ocrx_word' id='word_1_75' title='bbox 1217 402 1249 428; x_wconf 86' lang='lat' dir='ltr'>et</span> <span class='ocrx_word' id='word_1_76' title='bbox 1265 395 1416 428; x_wconf 88' lang='lat' dir='ltr'>abiicere</span> <span class='ocrx_word' id='word_1_77' title='bbox 1433 402 1519 440; x_wconf 87' lang='lat' dir='ltr'>quot</span> <span class='ocrx_word' id='word_1_78' title='bbox 1536 396 1684 441; x_wconf 80' lang='lat' dir='ltr'>quisque</span> <span class='ocrx_word' id='word_1_79' title='bbox 1702 397 1795 436; x_wconf 86' lang='lat' dir='ltr'>vult,</span> <span class='ocrx_word' id='word_1_80' title='bbox 1823 398 1899 430; x_wconf 88' lang='lat' dir='ltr'>sine</span> <span class='ocrx_word' id='word_1_81' title='bbox 1917 397 1990 431; x_wconf 85' lang='lat' dir='ltr'>ulla</span> <span class='ocrx_word' id='word_1_82' title='bbox 2011 408 2114 430; x_wconf 80' lang='lat' dir='ltr'>causa</span> 
     </span>
     <span class='ocr_line' id='line_1_7' title="bbox 81 441 2112 490; baseline 0.001 -12"><span class='ocrx_word' id='word_1_83' title='bbox 81 452 186 487; x_wconf 87' lang='lat' dir='ltr'>runt,</span> <span class='ocrx_word' id='word_1_84' title='bbox 223 453 257 481; x_wconf 80' lang='lat' dir='ltr'>et</span> <span class='ocrx_word' id='word_1_85' title='bbox 286 447 445 481; x_wconf 86' lang='lat' dir='ltr'>iactitant</span> <span class='ocrx_word' id='word_1_86' title='bbox 473 446 681 489; x_wconf 82' lang='lat' dir='ltr'>religionem</span> <span class='ocrx_word' id='word_1_87' title='bbox 713 457 830 485; x_wconf 90' lang='lat' dir='ltr'>suam,</span> <span class='ocrx_word' id='word_1_88' title='bbox 865 446 959 490; x_wconf 88' lang='lat' dir='ltr'>quod</span> <span class='ocrx_word' id='word_1_89' title='bbox 987 445 1072 478; x_wconf 78' lang='lat' dir='ltr'>reti·</span> <span class='ocrx_word' id='word_1_90' title='bbox 1097 441 1099 490; x_wconf 96' lang='grc' dir='ltr'>Ι</span> <span class='ocrx_word' id='word_1_91' title='bbox 1123 453 1155 480; x_wconf 88' lang='lat' dir='ltr'>et</span> <span class='ocrx_word' id='word_1_92' title='bbox 1172 446 1384 489; x_wconf 69' lang='lat' dir='ltr'>cognitione.</span> <span class='ocrx_word' id='word_1_93' title='bbox 1439 445 1516 479; x_wconf 90' lang='lat' dir='ltr'>Hoc</span> <span class='ocrx_word' id='word_1_94' title='bbox 1539 454 1587 480; x_wconf 89' lang='lat' dir='ltr'>est</span> <span class='ocrx_word' id='word_1_95' title='bbox 1615 459 1757 490; x_wconf 90' lang='lat' dir='ltr'>prorsus</span> <span class='ocrx_word' id='word_1_96' title='bbox 1782 448 1906 481; x_wconf 89' lang='lat' dir='ltr'>tollere</span> <span class='ocrx_word' id='word_1_97' title='bbox 1927 448 2112 482; x_wconf 78' lang='lat' dir='ltr'>vinculum</span> 
     </span>
     <span class='ocr_line' id='line_1_8' title="bbox 81 493 2114 541; baseline 0.002 -12"><span class='ocrx_word' id='word_1_98' title='bbox 81 505 188 531; x_wconf 88' lang='lat' dir='ltr'>neant</span> <span class='ocrx_word' id='word_1_99' title='bbox 204 498 391 531; x_wconf 88' lang='lat' dir='ltr'>articulum</span> <span class='ocrx_word' id='word_1_100' title='bbox 408 498 451 530; x_wconf 91' lang='lat' dir='ltr'>de</span> <span class='ocrx_word' id='word_1_101' title='bbox 465 497 600 530; x_wconf 88' lang='lat' dir='ltr'>unitate</span> <span class='ocrx_word' id='word_1_102' title='bbox 610 495 694 537; x_wconf 91' lang='lat' dir='ltr'>Dei,</span> <span class='ocrx_word' id='word_1_103' title='bbox 721 496 815 541; x_wconf 88' lang='lat' dir='ltr'>quod</span> <span class='ocrx_word' id='word_1_104' title='bbox 834 508 907 529; x_wconf 92' lang='lat' dir='ltr'>non</span> <span class='ocrx_word' id='word_1_105' title='bbox 922 497 1072 530; x_wconf 88' lang='lat' dir='ltr'>adorent</span> <span class='ocrx_word' id='word_1_106' title='bbox 1096 493 1099 539; x_wconf 88' lang='grc' dir='ltr'>Ι</span> <span class='ocrx_word' id='word_1_107' title='bbox 1123 497 1298 540; x_wconf 86' lang='lat' dir='ltr'>coniugii,</span> <span class='ocrx_word' id='word_1_108' title='bbox 1326 504 1358 531; x_wconf 92' lang='lat' dir='ltr'>et</span> <span class='ocrx_word' id='word_1_109' title='bbox 1375 498 1566 530; x_wconf 86' lang='lat' dir='ltr'>concedere</span> <span class='ocrx_word' id='word_1_110' title='bbox 1587 498 1763 532; x_wconf 86' lang='lat' dir='ltr'>infinitam</span> <span class='ocrx_word' id='word_1_111' title='bbox 1780 500 2047 541; x_wconf 74' lang='lat' dir='ltr'>scortationem,</span> <span class='ocrx_word' id='word_1_112' title='bbox 2074 505 2114 532; x_wconf 87' lang='lat' dir='ltr'>ut</span> 
     </span>
     <span class='ocr_line' id='line_1_9' title="bbox 81 544 1400 591; baseline 0.002 -11"><span class='ocrx_word' id='word_1_113' title='bbox 81 548 198 589; x_wconf 86' lang='lat' dir='ltr'>idola,</span> <span class='ocrx_word' id='word_1_114' title='bbox 245 561 309 582; x_wconf 89' lang='lat' dir='ltr'>nec</span> <span class='ocrx_word' id='word_1_115' title='bbox 348 549 480 591; x_wconf 81' lang='lat' dir='ltr'>fingant</span> <span class='ocrx_word' id='word_1_116' title='bbox 517 548 649 581; x_wconf 86' lang='lat' dir='ltr'>multos</span> <span class='ocrx_word' id='word_1_117' title='bbox 680 548 781 580; x_wconf 90' lang='lat' dir='ltr'>deos:</span> <span class='ocrx_word' id='word_1_118' title='bbox 836 554 951 581; x_wconf 89' lang='lat' dir='ltr'>tamen</span> <span class='ocrx_word' id='word_1_119' title='bbox 986 544 1071 580; x_wconf 92' lang='lat' dir='ltr'>haec</span> <span class='ocrx_word' id='word_1_120' title='bbox 1096 544 1098 573; x_wconf 71' lang='grc' dir='ltr'>Ι</span> <span class='ocrx_word' id='word_1_121' title='bbox 1123 547 1214 582; x_wconf 89' lang='lat' dir='ltr'>infra</span> <span class='ocrx_word' id='word_1_122' title='bbox 1232 549 1400 582; x_wconf 78' lang='lat' dir='ltr'>dicemus-</span> 
     </span>
     <span class='ocr_line' id='line_1_10' title="bbox 81 596 2113 644; baseline -0 -10"><span class='ocrx_word' id='word_1_123' title='bbox 81 612 202 634; x_wconf 89' lang='lat' dir='ltr'>eorum</span> <span class='ocrx_word' id='word_1_124' title='bbox 227 599 395 643; x_wconf 81' lang='lat' dir='ltr'>sapientia</span> <span class='ocrx_word' id='word_1_125' title='bbox 416 596 507 631; x_wconf 86' lang='lat' dir='ltr'>nihil</span> <span class='ocrx_word' id='word_1_126' title='bbox 527 606 577 632; x_wconf 89' lang='lat' dir='ltr'>est</span> <span class='ocrx_word' id='word_1_127' title='bbox 593 598 662 631; x_wconf 90' lang='lat' dir='ltr'>nisi</span> <span class='ocrx_word' id='word_1_128' title='bbox 680 598 879 632; x_wconf 89' lang='lat' dir='ltr'>communis</span> <span class='ocrx_word' id='word_1_129' title='bbox 897 599 1069 644; x_wconf 82' lang='lat' dir='ltr'>quaedam</span> <span class='ocrx_word' id='word_1_130' title='bbox 1224 598 1370 633; x_wconf 79' lang='lat' dir='ltr'>Constat</span> <span class='ocrx_word' id='word_1_131' title='bbox 1386 599 1508 632; x_wconf 83' lang='lat' dir='ltr'>autem</span> <span class='ocrx_word' id='word_1_132' title='bbox 1523 599 1592 631; x_wconf 89' lang='lat' dir='ltr'>iam</span> <span class='ocrx_word' id='word_1_133' title='bbox 1610 611 1722 632; x_wconf 88' lang='lat' dir='ltr'>annos</span> <span class='ocrx_word' id='word_1_134' title='bbox 1741 600 1812 632; x_wconf 86' lang='lat' dir='ltr'>fere</span> <span class='ocrx_word' id='word_1_135' title='bbox 1832 607 2028 643; x_wconf 86' lang='lat' dir='ltr'>nongentos</span> <span class='ocrx_word' id='word_1_136' title='bbox 2042 598 2113 633; x_wconf 88' lang='lat' dir='ltr'>Ec-</span> 
     </span>
     <span class='ocr_line' id='line_1_11' title="bbox 80 647 2113 695; baseline -0 -11"><span class='ocrx_word' id='word_1_137' title='bbox 80 648 304 695; x_wconf 75' lang='lat' dir='ltr'>pltilosophia</span> <span class='ocrx_word' id='word_1_138' title='bbox 336 648 511 683; x_wconf 91' lang='lat' dir='ltr'>humanae</span> <span class='ocrx_word' id='word_1_139' title='bbox 544 649 712 687; x_wconf 84' lang='lat' dir='ltr'>rationis,</span> <span class='ocrx_word' id='word_1_140' title='bbox 748 649 785 682; x_wconf 91' lang='lat' dir='ltr'>in</span> <span class='ocrx_word' id='word_1_141' title='bbox 814 662 882 695; x_wconf 88' lang='lat' dir='ltr'>qua</span> <span class='ocrx_word' id='word_1_142' title='bbox 908 650 1069 683; x_wconf 89' lang='lat' dir='ltr'>nondum</span> <span class='ocrx_word' id='word_1_143' title='bbox 1123 651 1244 684; x_wconf 90' lang='lat' dir='ltr'>clesias</span> <span class='ocrx_word' id='word_1_144' title='bbox 1268 647 1400 684; x_wconf 82' lang='lat' dir='ltr'>Christi</span> <span class='ocrx_word' id='word_1_145' title='bbox 1425 647 1645 683; x_wconf 82' lang='lat' dir='ltr'>horribiliter</span> <span class='ocrx_word' id='word_1_146' title='bbox 1670 658 1744 683; x_wconf 87' lang='lat' dir='ltr'>tum</span> <span class='ocrx_word' id='word_1_147' title='bbox 1770 657 1921 684; x_wconf 72' lang='lat' dir='ltr'>vastatas</span> <span class='ocrx_word' id='word_1_148' title='bbox 1946 657 2020 684; x_wconf 91' lang='lat' dir='ltr'>tum</span> <span class='ocrx_word' id='word_1_149' title='bbox 2048 663 2113 694; x_wconf 88' lang='lat' dir='ltr'>op-</span> 
     </span>
     <span class='ocr_line' id='line_1_12' title="bbox 80 699 2113 746; baseline -0.001 -10"><span class='ocrx_word' id='word_1_150' title='bbox 80 703 173 736; x_wconf 85' lang='lat' dir='ltr'>lucet</span> <span class='ocrx_word' id='word_1_151' title='bbox 191 701 349 735; x_wconf 90' lang='lat' dir='ltr'>doctrina</span> <span class='ocrx_word' id='word_1_152' title='bbox 369 702 411 733; x_wconf 92' lang='lat' dir='ltr'>de</span> <span class='ocrx_word' id='word_1_153' title='bbox 429 701 626 745; x_wconf 72' lang='lat' dir='ltr'>placatione</span> <span class='ocrx_word' id='word_1_154' title='bbox 642 699 722 734; x_wconf 84' lang='lat' dir='ltr'>Dei.</span> <span class='ocrx_word' id='word_1_155' title='bbox 1121 713 1257 745; x_wconf 82' lang='lat' dir='ltr'>pressas</span> <span class='ocrx_word' id='word_1_156' title='bbox 1275 713 1347 734; x_wconf 88' lang='lat' dir='ltr'>esse</span> <span class='ocrx_word' id='word_1_157' title='bbox 1366 714 1383 734; x_wconf 88' lang='lat' dir='ltr'>a</span> <span class='ocrx_word' id='word_1_158' title='bbox 1402 701 1592 746; x_wconf 86' lang='lat' dir='ltr'>tyrannide</span> <span class='ocrx_word' id='word_1_159' title='bbox 1607 699 1857 737; x_wconf 83' lang='lat' dir='ltr'>Mahometica.</span> <span class='ocrx_word' id='word_1_160' title='bbox 1893 701 2012 744; x_wconf 86' lang='lat' dir='ltr'>Quare</span> <span class='ocrx_word' id='word_1_161' title='bbox 2029 701 2113 734; x_wconf 78' lang='lat' dir='ltr'>Ma-</span> 
     </span>
     <span class='ocr_line' id='line_1_13' title="bbox 182 734 2113 796; baseline 0 -11"><span class='ocrx_word' id='word_1_162' title='bbox 182 752 262 786; x_wconf 88' lang='lat' dir='ltr'>Seio</span> <span class='ocrx_word' id='word_1_163' title='bbox 287 752 415 784; x_wconf 89' lang='lat' dir='ltr'>multos</span> <span class='ocrx_word' id='word_1_164' title='bbox 441 752 627 785; x_wconf 74' lang='lat' dir='ltr'>fascinatos</span> <span class='ocrx_word' id='word_1_165' title='bbox 645 749 810 784; x_wconf 85' lang='lat' dir='ltr'>humanis</span> <span class='ocrx_word' id='word_1_166' title='bbox 832 751 1070 795; x_wconf 83' lang='lat' dir='ltr'>persuasioni·</span> <span class='ocrx_word' id='word_1_167' title='bbox 1094 734 1097 781; x_wconf 92' lang='grc' dir='ltr'>Ι</span> <span class='ocrx_word' id='word_1_168' title='bbox 1122 751 1285 787; x_wconf 87' lang='lat' dir='ltr'>hometus</span> <span class='ocrx_word' id='word_1_169' title='bbox 1316 749 1529 786; x_wconf 83' lang='lat' dir='ltr'>Antichristi</span> <span class='ocrx_word' id='word_1_170' title='bbox 1573 752 1720 785; x_wconf 89' lang='lat' dir='ltr'>nomine</span> <span class='ocrx_word' id='word_1_171' title='bbox 1758 750 2113 796; x_wconf 83' lang='lat' dir='ltr'>comprehendendus</span> 
     </span>
     <span class='ocr_line' id='line_1_14' title="bbox 79 801 2114 846; baseline -0.001 -8"><span class='ocrx_word' id='word_1_172' title='bbox 79 805 146 838; x_wconf 88' lang='lat' dir='ltr'>bus</span> <span class='ocrx_word' id='word_1_173' title='bbox 177 802 339 836; x_wconf 87' lang='lat' dir='ltr'>detestari</span> <span class='ocrx_word' id='word_1_174' title='bbox 371 803 463 836; x_wconf 83' lang='lat' dir='ltr'>rixas</span> <span class='ocrx_word' id='word_1_175' title='bbox 495 803 730 845; x_wconf 77' lang='lat' dir='ltr'>religionum,</span> <span class='ocrx_word' id='word_1_176' title='bbox 770 802 968 844; x_wconf 90' lang='lat' dir='ltr'>Quorsum,</span> <span class='ocrx_word' id='word_1_177' title='bbox 1013 802 1069 835; x_wconf 85' lang='lat' dir='ltr'>in-</span> <span class='ocrx_word' id='word_1_178' title='bbox 1122 812 1192 844; x_wconf 83' lang='lat' dir='ltr'>est,</span> <span class='ocrx_word' id='word_1_179' title='bbox 1219 811 1249 837; x_wconf 86' lang='lat' dir='ltr'>et</span> <span class='ocrx_word' id='word_1_180' title='bbox 1269 804 1360 836; x_wconf 89' lang='lat' dir='ltr'>inter</span> <span class='ocrx_word' id='word_1_181' title='bbox 1378 801 1494 836; x_wconf 84' lang='lat' dir='ltr'>hostes</span> <span class='ocrx_word' id='word_1_182' title='bbox 1511 802 1593 836; x_wconf 86' lang='lat' dir='ltr'>Filii</span> <span class='ocrx_word' id='word_1_183' title='bbox 1610 801 1676 835; x_wconf 90' lang='lat' dir='ltr'>Dei</span> <span class='ocrx_word' id='word_1_184' title='bbox 1694 804 1909 836; x_wconf 81' lang='lat' dir='ltr'>execrandus</span> <span class='ocrx_word' id='word_1_185' title='bbox 1927 810 1959 836; x_wconf 91' lang='lat' dir='ltr'>et</span> <span class='ocrx_word' id='word_1_186' title='bbox 1975 803 2114 846; x_wconf 88' lang='lat' dir='ltr'>fugien-</span> 
     </span>
     <span class='ocr_line' id='line_1_15' title="bbox 78 852 2112 900; baseline 0 -13"><span class='ocrx_word' id='word_1_187' title='bbox 78 855 224 900; x_wconf 88' lang='lat' dir='ltr'>quiunt,</span> <span class='ocrx_word' id='word_1_188' title='bbox 252 865 341 898; x_wconf 89' lang='lat' dir='ltr'>opus</span> <span class='ocrx_word' id='word_1_189' title='bbox 362 861 411 886; x_wconf 90' lang='lat' dir='ltr'>est</span> <span class='ocrx_word' id='word_1_190' title='bbox 436 861 532 887; x_wconf 85' lang='lat' dir='ltr'>tanta</span> <span class='ocrx_word' id='word_1_191' title='bbox 553 854 698 888; x_wconf 89' lang='lat' dir='ltr'>dissidia</span> <span class='ocrx_word' id='word_1_192' title='bbox 716 853 884 887; x_wconf 80' lang='lat' dir='ltr'>excitari?</span> <span class='ocrx_word' id='word_1_193' title='bbox 919 865 996 886; x_wconf 92' lang='lat' dir='ltr'>cum</span> <span class='ocrx_word' id='word_1_194' title='bbox 1013 865 1069 886; x_wconf 89' lang='lat' dir='ltr'>re-</span> <span class='ocrx_word' id='word_1_195' title='bbox 1122 857 1198 888; x_wconf 88' lang='lat' dir='ltr'>dus.</span> <span class='ocrx_word' id='word_1_196' title='bbox 1253 856 1304 887; x_wconf 78' lang='lat' dir='ltr'>Ac</span> <span class='ocrx_word' id='word_1_197' title='bbox 1327 866 1432 898; x_wconf 84' lang='lat' dir='ltr'>supra</span> <span class='ocrx_word' id='word_1_198' title='bbox 1457 854 1494 886; x_wconf 89' lang='lat' dir='ltr'>in</span> <span class='ocrx_word' id='word_1_199' title='bbox 1512 854 1669 899; x_wconf 88' lang='lat' dir='ltr'>imperiis</span> <span class='ocrx_word' id='word_1_200' title='bbox 1685 855 1728 887; x_wconf 89' lang='lat' dir='ltr'>de</span> <span class='ocrx_word' id='word_1_201' title='bbox 1746 852 1987 887; x_wconf 67' lang='lat' dir='ltr'>Mahometico</span> <span class='ocrx_word' id='word_1_202' title='bbox 2005 865 2112 896; x_wconf 85' lang='lat' dir='ltr'>regno</span> 
     </span>
     <span class='ocr_line' id='line_1_16' title="bbox 77 904 2113 949; baseline -0.001 -10"><span class='ocrx_word' id='word_1_203' title='bbox 77 907 142 939; x_wconf 89' lang='lat' dir='ltr'>bus</span> <span class='ocrx_word' id='word_1_204' title='bbox 165 911 360 948; x_wconf 85' lang='lat' dir='ltr'>congruant</span> <span class='ocrx_word' id='word_1_205' title='bbox 384 905 590 948; x_wconf 85' lang='lat' dir='ltr'>religiones,</span> <span class='ocrx_word' id='word_1_206' title='bbox 617 905 754 938; x_wconf 87' lang='lat' dir='ltr'>etiamsi</span> <span class='ocrx_word' id='word_1_207' title='bbox 771 904 1069 948; x_wconf 82' lang='lat' dir='ltr'>appellationibus</span> <span class='ocrx_word' id='word_1_208' title='bbox 1122 906 1215 945; x_wconf 74' lang='lat' dir='ltr'>dixi,</span> <span class='ocrx_word' id='word_1_209' title='bbox 1251 906 1440 948; x_wconf 82' lang='lat' dir='ltr'>diligenter</span> <span class='ocrx_word' id='word_1_210' title='bbox 1469 905 1658 938; x_wconf 90' lang='lat' dir='ltr'>tenendam</span> <span class='ocrx_word' id='word_1_211' title='bbox 1687 917 1760 938; x_wconf 90' lang='lat' dir='ltr'>esse</span> <span class='ocrx_word' id='word_1_212' title='bbox 1794 905 2113 949; x_wconf 85' lang='lat' dir='ltr'>praemonitionem</span> 
     </span>
     <span class='ocr_line' id='line_1_17' title="bbox 77 953 2113 1001; baseline -0.001 -11"><span class='ocrx_word' id='word_1_213' title='bbox 77 963 110 990; x_wconf 90' lang='lat' dir='ltr'>et</span> <span class='ocrx_word' id='word_1_214' title='bbox 134 956 242 999; x_wconf 88' lang='lat' dir='ltr'>signis</span> <span class='ocrx_word' id='word_1_215' title='bbox 267 956 471 989; x_wconf 84' lang='lat' dir='ltr'>discrimina</span> <span class='ocrx_word' id='word_1_216' title='bbox 496 963 527 990; x_wconf 87' lang='lat' dir='ltr'>et</span> <span class='ocrx_word' id='word_1_217' title='bbox 549 957 620 990; x_wconf 90' lang='lat' dir='ltr'>sint</span> <span class='ocrx_word' id='word_1_218' title='bbox 640 963 673 990; x_wconf 88' lang='lat' dir='ltr'>et</span> <span class='ocrx_word' id='word_1_219' title='bbox 690 956 834 989; x_wconf 85' lang='lat' dir='ltr'>fuerint.</span> <span class='ocrx_word' id='word_1_220' title='bbox 887 956 1069 988; x_wconf 75' lang='lat' dir='ltr'>Adversus</span> <span class='ocrx_word' id='word_1_221' title='bbox 1123 957 1305 997; x_wconf 81' lang='lat' dir='ltr'>divinam,</span> <span class='ocrx_word' id='word_1_222' title='bbox 1333 968 1422 1001; x_wconf 87' lang='lat' dir='ltr'>quae</span> <span class='ocrx_word' id='word_1_223' title='bbox 1439 956 1529 989; x_wconf 91' lang='lat' dir='ltr'>clare</span> <span class='ocrx_word' id='word_1_224' title='bbox 1546 956 1679 1001; x_wconf 84' lang='lat' dir='ltr'>inquit:</span> <span class='ocrx_word' id='word_1_225' title='bbox 1710 956 1749 990; x_wconf 90' lang='lat' dir='ltr'>ld</span> <span class='ocrx_word' id='word_1_226' title='bbox 1774 968 1919 999; x_wconf 83' lang='lat' dir='ltr'>regnum</span> <span class='ocrx_word' id='word_1_227' title='bbox 1947 953 2113 1000; x_wconf 83' lang='lat' dir='ltr'>blasphe-</span> 
     </span>
     <span class='ocr_line' id='line_1_18' title="bbox 76 1005 2110 1047; baseline -0.001 -6"><span class='ocrx_word' id='word_1_228' title='bbox 76 1005 162 1041; x_wconf 90' lang='lat' dir='ltr'>haec</span> <span class='ocrx_word' id='word_1_229' title='bbox 185 1007 316 1040; x_wconf 87' lang='lat' dir='ltr'>diaboli</span> <span class='ocrx_word' id='word_1_230' title='bbox 335 1007 401 1041; x_wconf 90' lang='lat' dir='ltr'>tela</span> <span class='ocrx_word' id='word_1_231' title='bbox 419 1008 633 1041; x_wconf 85' lang='lat' dir='ltr'>muniendae</span> <span class='ocrx_word' id='word_1_232' title='bbox 649 1014 732 1041; x_wconf 89' lang='lat' dir='ltr'>sunt</span> <span class='ocrx_word' id='word_1_233' title='bbox 751 1014 904 1047; x_wconf 86' lang='lat' dir='ltr'>mentes,</span> <span class='ocrx_word' id='word_1_234' title='bbox 932 1013 965 1039; x_wconf 90' lang='lat' dir='ltr'>et</span> <span class='ocrx_word' id='word_1_235' title='bbox 982 1018 1069 1039; x_wconf 86' lang='lat' dir='ltr'>con-</span> <span class='ocrx_word' id='word_1_236' title='bbox 1120 1008 1207 1041; x_wconf 85' lang='lat' dir='ltr'>mias</span> <span class='ocrx_word' id='word_1_237' title='bbox 1218 1008 1393 1040; x_wconf 87' lang='lat' dir='ltr'>dicturum</span> <span class='ocrx_word' id='word_1_238' title='bbox 1404 1018 1478 1040; x_wconf 89' lang='lat' dir='ltr'>esse</span> <span class='ocrx_word' id='word_1_239' title='bbox 1494 1015 1614 1041; x_wconf 90' lang='lat' dir='ltr'>contra</span> <span class='ocrx_word' id='word_1_240' title='bbox 1627 1006 1741 1040; x_wconf 89' lang='lat' dir='ltr'>Deum</span> <span class='ocrx_word' id='word_1_241' title='bbox 1755 1034 1763 1047; x_wconf 92' lang='lat'>,</span> <span class='ocrx_word' id='word_1_242' title='bbox 1787 1015 1820 1041; x_wconf 89' lang='lat' dir='ltr'>et</span> <span class='ocrx_word' id='word_1_243' title='bbox 1842 1007 2110 1041; x_wconf 86' lang='lat' dir='ltr'>interfecturum</span> 
     </span>
     <span class='ocr_line' id='line_1_19' title="bbox 76 1052 2112 1104; baseline -0.001 -12"><span class='ocrx_word' id='word_1_244' title='bbox 76 1059 324 1097; x_wconf 87' lang='lat' dir='ltr'>siderandum,</span> <span class='ocrx_word' id='word_1_245' title='bbox 357 1057 547 1101; x_wconf 86' lang='lat' dir='ltr'>Quomodo</span> <span class='ocrx_word' id='word_1_246' title='bbox 574 1059 657 1091; x_wconf 82' lang='lat' dir='ltr'>velit</span> <span class='ocrx_word' id='word_1_247' title='bbox 681 1058 821 1101; x_wconf 77' lang='lat' dir='ltr'>agnosci</span> <span class='ocrx_word' id='word_1_248' title='bbox 850 1065 882 1091; x_wconf 85' lang='lat' dir='ltr'>et</span> <span class='ocrx_word' id='word_1_249' title='bbox 909 1056 1067 1090; x_wconf 84' lang='lat' dir='ltr'>invocari</span> <span class='ocrx_word' id='word_1_250' title='bbox 1093 1052 1095 1070; x_wconf 55' lang='grc' dir='ltr'>Ι</span> <span class='ocrx_word' id='word_1_251' title='bbox 1121 1058 1280 1094; x_wconf 79' lang='lat' dir='ltr'>Sanctos.</span> <span class='ocrx_word' id='word_1_252' title='bbox 1308 1057 1453 1092; x_wconf 89' lang='lat' dir='ltr'>Etcum</span> <span class='ocrx_word' id='word_1_253' title='bbox 1472 1059 1515 1091; x_wconf 90' lang='lat' dir='ltr'>de</span> <span class='ocrx_word' id='word_1_254' title='bbox 1533 1071 1639 1100; x_wconf 74' lang='lat' dir='ltr'>regno</span> <span class='ocrx_word' id='word_1_255' title='bbox 1656 1059 1822 1104; x_wconf 87' lang='lat' dir='ltr'>loquatur</span> <span class='ocrx_word' id='word_1_256' title='bbox 1839 1065 2012 1098; x_wconf 87' lang='lat' dir='ltr'>nascente,</span> <span class='ocrx_word' id='word_1_257' title='bbox 2032 1069 2112 1090; x_wconf 89' lang='lat' dir='ltr'>cum</span> 
     </span>
     <span class='ocr_line' id='line_1_20' title="bbox 75 1106 2112 1159; baseline -0.002 -15"><span class='ocrx_word' id='word_1_258' title='bbox 75 1109 191 1150; x_wconf 90' lang='lat' dir='ltr'>Deus,</span> <span class='ocrx_word' id='word_1_259' title='bbox 219 1110 300 1142; x_wconf 89' lang='lat' dir='ltr'>item</span> <span class='ocrx_word' id='word_1_260' title='bbox 314 1137 322 1149; x_wconf 88' lang='lat'>‚</span> <span class='ocrx_word' id='word_1_261' title='bbox 350 1111 529 1153; x_wconf 86' lang='lat' dir='ltr'>quomodo</span> <span class='ocrx_word' id='word_1_262' title='bbox 550 1109 677 1154; x_wconf 88' lang='lat' dir='ltr'>placari</span> <span class='ocrx_word' id='word_1_263' title='bbox 696 1109 859 1144; x_wconf 74' lang='lat' dir='ltr'>voluerit.</span> <span class='ocrx_word' id='word_1_264' title='bbox 1091 1124 1094 1159; x_wconf 76' lang='grc' dir='ltr'>Ι</span> <span class='ocrx_word' id='word_1_265' title='bbox 1120 1118 1240 1155; x_wconf 87' lang='lat' dir='ltr'>quarta</span> <span class='ocrx_word' id='word_1_266' title='bbox 1260 1106 1462 1142; x_wconf 84' lang='lat' dir='ltr'>monarchia</span> <span class='ocrx_word' id='word_1_267' title='bbox 1480 1109 1686 1148; x_wconf 86' lang='lat' dir='ltr'>collabetur,</span> <span class='ocrx_word' id='word_1_268' title='bbox 1714 1109 1948 1142; x_wconf 82' lang='lat' dir='ltr'>certissimum</span> <span class='ocrx_word' id='word_1_269' title='bbox 1966 1116 2015 1143; x_wconf 88' lang='lat' dir='ltr'>est</span> <span class='ocrx_word' id='word_1_270' title='bbox 2036 1108 2112 1140; x_wconf 86' lang='lat' dir='ltr'>fieri</span> 
     </span>
     <span class='ocr_line' id='line_1_21' title="bbox 178 1158 2111 1205; baseline -0.002 -11"><span class='ocrx_word' id='word_1_271' title='bbox 178 1160 289 1194; x_wconf 74' lang='lat' dir='ltr'>Norat</span> <span class='ocrx_word' id='word_1_272' title='bbox 315 1159 417 1194; x_wconf 90' lang='lat' dir='ltr'>Plato</span> <span class='ocrx_word' id='word_1_273' title='bbox 449 1173 522 1194; x_wconf 90' lang='lat' dir='ltr'>esse</span> <span class='ocrx_word' id='word_1_274' title='bbox 551 1173 658 1194; x_wconf 86' lang='lat' dir='ltr'>unam</span> <span class='ocrx_word' id='word_1_275' title='bbox 692 1167 870 1193; x_wconf 86' lang='lat' dir='ltr'>aeternam</span> <span class='ocrx_word' id='word_1_276' title='bbox 902 1167 1068 1200; x_wconf 86' lang='lat' dir='ltr'>mentem,</span> <span class='ocrx_word' id='word_1_277' title='bbox 1120 1161 1336 1194; x_wconf 79' lang='lat' dir='ltr'>mentionem</span> <span class='ocrx_word' id='word_1_278' title='bbox 1361 1160 1559 1205; x_wconf 80' lang='lat' dir='ltr'>tyrannidis</span> <span class='ocrx_word' id='word_1_279' title='bbox 1576 1158 1845 1195; x_wconf 80' lang='lat' dir='ltr'>Mahometicae,</span> <span class='ocrx_word' id='word_1_280' title='bbox 1900 1159 2111 1202; x_wconf 83' lang='lat' dir='ltr'>Intelligunt</span> 
     </span>
     <span class='ocr_line' id='line_1_22' title="bbox 75 1209 2109 1256; baseline -0.002 -10"><span class='ocrx_word' id='word_1_281' title='bbox 75 1212 160 1246; x_wconf 86' lang='lat' dir='ltr'>boni</span> <span class='ocrx_word' id='word_1_282' title='bbox 177 1223 316 1245; x_wconf 83' lang='lat' dir='ltr'>causam</span> <span class='ocrx_word' id='word_1_283' title='bbox 334 1212 371 1244; x_wconf 92' lang='lat' dir='ltr'>in</span> <span class='ocrx_word' id='word_1_284' title='bbox 385 1218 530 1252; x_wconf 81' lang='lat' dir='ltr'>natura,</span> <span class='ocrx_word' id='word_1_285' title='bbox 556 1213 629 1245; x_wconf 80' lang='lat' dir='ltr'>sive</span> <span class='ocrx_word' id='word_1_286' title='bbox 647 1223 685 1245; x_wconf 89' lang='lat' dir='ltr'>ea</span> <span class='ocrx_word' id='word_1_287' title='bbox 702 1223 800 1244; x_wconf 91' lang='lat' dir='ltr'>mens</span> <span class='ocrx_word' id='word_1_288' title='bbox 818 1209 970 1254; x_wconf 88' lang='lat' dir='ltr'>Iupiter,</span> <span class='ocrx_word' id='word_1_289' title='bbox 994 1211 1067 1243; x_wconf 64' lang='lat' dir='ltr'>six-e</span> <span class='ocrx_word' id='word_1_290' title='bbox 1119 1221 1234 1246; x_wconf 83' lang='lat' dir='ltr'>autem</span> <span class='ocrx_word' id='word_1_291' title='bbox 1270 1211 1320 1256; x_wconf 91' lang='lat' dir='ltr'>pii</span> <span class='ocrx_word' id='word_1_292' title='bbox 1352 1211 1482 1244; x_wconf 88' lang='lat' dir='ltr'>multas</span> <span class='ocrx_word' id='word_1_293' title='bbox 1505 1222 1627 1253; x_wconf 79' lang='lat' dir='ltr'>graves</span> <span class='ocrx_word' id='word_1_294' title='bbox 1650 1218 1682 1244; x_wconf 90' lang='lat' dir='ltr'>et</span> <span class='ocrx_word' id='word_1_295' title='bbox 1707 1223 1851 1254; x_wconf 85' lang='lat' dir='ltr'>magnas</span> <span class='ocrx_word' id='word_1_296' title='bbox 1881 1222 2000 1245; x_wconf 83' lang='lat' dir='ltr'>causas</span> <span class='ocrx_word' id='word_1_297' title='bbox 2025 1221 2109 1248; x_wconf 84' lang='lat' dir='ltr'>esse,</span> 
     </span>
     <span class='ocr_line' id='line_1_23' title="bbox 73 1259 2108 1307; baseline -0.001 -10"><span class='ocrx_word' id='word_1_298' title='bbox 73 1263 190 1297; x_wconf 91' lang='lat' dir='ltr'>Pallas</span> <span class='ocrx_word' id='word_1_299' title='bbox 216 1270 411 1298; x_wconf 81' lang='lat' dir='ltr'>vocaretur.</span> <span class='ocrx_word' id='word_1_300' title='bbox 465 1263 621 1297; x_wconf 88' lang='lat' dir='ltr'>Tantum</span> <span class='ocrx_word' id='word_1_301' title='bbox 646 1264 746 1296; x_wconf 90' lang='lat' dir='ltr'>docet</span> <span class='ocrx_word' id='word_1_302' title='bbox 772 1269 805 1295; x_wconf 88' lang='lat' dir='ltr'>et</span> <span class='ocrx_word' id='word_1_303' title='bbox 828 1259 1066 1295; x_wconf 84' lang='lat' dir='ltr'>Mabometus.</span> <span class='ocrx_word' id='word_1_304' title='bbox 1118 1275 1181 1296; x_wconf 91' lang='lat' dir='ltr'>cur</span> <span class='ocrx_word' id='word_1_305' title='bbox 1205 1273 1434 1307; x_wconf 90' lang='lat' dir='ltr'>praemonere</span> <span class='ocrx_word' id='word_1_306' title='bbox 1456 1259 1650 1296; x_wconf 82' lang='lat' dir='ltr'>Ecclesiam</span> <span class='ocrx_word' id='word_1_307' title='bbox 1673 1261 1769 1296; x_wconf 91' lang='lat' dir='ltr'>Deus</span> <span class='ocrx_word' id='word_1_308' title='bbox 1792 1262 1921 1304; x_wconf 85' lang='lat' dir='ltr'>voluit,</span> <span class='ocrx_word' id='word_1_309' title='bbox 1949 1273 2034 1307; x_wconf 90' lang='lat' dir='ltr'>quas</span> <span class='ocrx_word' id='word_1_310' title='bbox 2053 1272 2108 1294; x_wconf 78' lang='lat' dir='ltr'>se-</span> 
     </span>
     <span class='ocr_line' id='line_1_24' title="bbox 73 1313 1516 1358; baseline -0.001 -11"><span class='ocrx_word' id='word_1_311' title='bbox 73 1314 143 1349; x_wconf 90' lang='lat' dir='ltr'>Sed</span> <span class='ocrx_word' id='word_1_312' title='bbox 160 1314 253 1347; x_wconf 89' lang='lat' dir='ltr'>idem</span> <span class='ocrx_word' id='word_1_313' title='bbox 271 1313 370 1347; x_wconf 79' lang='lat' dir='ltr'>l‘lato</span> <span class='ocrx_word' id='word_1_314' title='bbox 387 1321 508 1353; x_wconf 89' lang='lat' dir='ltr'>norat,</span> <span class='ocrx_word' id='word_1_315' title='bbox 534 1314 649 1347; x_wconf 91' lang='lat' dir='ltr'>Deum</span> <span class='ocrx_word' id='word_1_316' title='bbox 667 1325 739 1346; x_wconf 90' lang='lat' dir='ltr'>esse</span> <span class='ocrx_word' id='word_1_317' title='bbox 757 1314 882 1346; x_wconf 86' lang='lat' dir='ltr'>iustam</span> <span class='ocrx_word' id='word_1_318' title='bbox 902 1322 1067 1353; x_wconf 77' lang='lat' dir='ltr'>mentem,</span> <span class='ocrx_word' id='word_1_319' title='bbox 1117 1327 1197 1348; x_wconf 87' lang='lat' dir='ltr'>curn</span> <span class='ocrx_word' id='word_1_320' title='bbox 1218 1314 1286 1358; x_wconf 87' lang='lat' dir='ltr'>ipsi</span> <span class='ocrx_word' id='word_1_321' title='bbox 1303 1314 1516 1358; x_wconf 87' lang='lat' dir='ltr'>expendant.</span> 
     </span>
     <span class='ocr_line' id='line_1_25' title="bbox 74 1364 2087 1411; baseline -0.002 -13"><span class='ocrx_word' id='word_1_322' title='bbox 74 1365 280 1399; x_wconf 85' lang='lat' dir='ltr'>irascentem</span> <span class='ocrx_word' id='word_1_323' title='bbox 307 1365 538 1410; x_wconf 88' lang='lat' dir='ltr'>turpitudini.</span> <span class='ocrx_word' id='word_1_324' title='bbox 601 1364 720 1407; x_wconf 85' lang='lat' dir='ltr'>Quare</span> <span class='ocrx_word' id='word_1_325' title='bbox 744 1364 900 1407; x_wconf 84' lang='lat' dir='ltr'>cogitans</span> <span class='ocrx_word' id='word_1_326' title='bbox 927 1365 969 1396; x_wconf 89' lang='lat' dir='ltr'>de</span> <span class='ocrx_word' id='word_1_327' title='bbox 993 1365 1066 1397; x_wconf 83' lang='lat' dir='ltr'>suis</span> <span class='ocrx_word' id='word_1_328' title='bbox 1090 1398 1092 1411; x_wconf 38' lang='grc' dir='ltr'>Ι</span> <span class='ocrx_word' id='word_1_329' title='bbox 2028 1403 2035 1410; x_wconf 35' lang='grc' dir='ltr'>ι</span> <span class='ocrx_word' id='word_1_330' title='bbox 2080 1403 2087 1409; x_wconf 28' lang='lat'>⁶</span> 
     </span>
     <span class='ocr_line' id='line_1_26' title="bbox 72 1406 2108 1460; baseline -0.002 -10"><span class='ocrx_word' id='word_1_331' title='bbox 72 1416 188 1455; x_wconf 88' lang='lat' dir='ltr'>vitiis,</span> <span class='ocrx_word' id='word_1_332' title='bbox 215 1427 290 1449; x_wconf 91' lang='lat' dir='ltr'>non</span> <span class='ocrx_word' id='word_1_333' title='bbox 315 1416 494 1450; x_wconf 87' lang='lat' dir='ltr'>iudicabat</span> <span class='ocrx_word' id='word_1_334' title='bbox 517 1415 586 1449; x_wconf 87' lang='lat' dir='ltr'>sibi</span> <span class='ocrx_word' id='word_1_335' title='bbox 608 1415 759 1459; x_wconf 84' lang='lat' dir='ltr'>ignosci,</span> <span class='ocrx_word' id='word_1_336' title='bbox 785 1427 848 1448; x_wconf 91' lang='lat' dir='ltr'>nec</span> <span class='ocrx_word' id='word_1_337' title='bbox 868 1415 1066 1455; x_wconf 86' lang='lat' dir='ltr'>invocabat,</span> <span class='ocrx_word' id='word_1_338' title='bbox 1089 1419 1092 1460; x_wconf 72' lang='grc' dir='ltr'>Ι</span> <span class='ocrx_word' id='word_1_339' title='bbox 1218 1406 1288 1441; x_wconf 75' lang='lat' dir='ltr'>Sed</span> <span class='ocrx_word' id='word_1_340' title='bbox 1307 1407 1403 1452; x_wconf 77' lang='lat' dir='ltr'>qUOd</span> <span class='ocrx_word' id='word_1_341' title='bbox 1422 1412 1474 1439; x_wconf 68' lang='lat' dir='ltr'>est</span> <span class='ocrx_word' id='word_1_342' title='bbox 1488 1406 1637 1440; x_wconf 66' lang='lat' dir='ltr'>alterum</span> <span class='ocrx_word' id='word_1_343' title='bbox 1652 1416 1821 1449; x_wconf 65' lang='lat' dir='ltr'>regnum,</span> <span class='ocrx_word' id='word_1_344' title='bbox 1848 1417 1917 1450; x_wconf 75' lang='lat'>‘1¹¹0</span> <span class='ocrx_word' id='word_1_345' title='bbox 1935 1415 2108 1460; x_wconf 61' lang='lat' dir='ltr'>oppnmJ-</span> 
     </span>
     <span class='ocr_line' id='line_1_27' title="bbox 73 1453 2107 1511; baseline -0.003 -18"><span class='ocrx_word' id='word_1_346' title='bbox 73 1469 134 1501; x_wconf 69' lang='lat' dir='ltr'>sed</span> <span class='ocrx_word' id='word_1_347' title='bbox 161 1467 277 1511; x_wconf 70' lang='lat' dir='ltr'>potius</span> <span class='ocrx_word' id='word_1_348' title='bbox 299 1467 454 1511; x_wconf 57' lang='lat' dir='ltr'>fugiebat</span> <span class='ocrx_word' id='word_1_349' title='bbox 470 1466 598 1503; x_wconf 61' lang='lat' dir='ltr'>Deum,</span> <span class='ocrx_word' id='word_1_350' title='bbox 652 1466 798 1500; x_wconf 72' lang='lat' dir='ltr'>Necesse</span> <span class='ocrx_word' id='word_1_351' title='bbox 822 1473 873 1500; x_wconf 67' lang='lat' dir='ltr'>est</span> <span class='ocrx_word' id='word_1_352' title='bbox 897 1466 1006 1509; x_wconf 60' lang='lat' dir='ltr'>igitur</span> <span class='ocrx_word' id='word_1_353' title='bbox 1032 1474 1065 1499; x_wconf 69' lang='lat' dir='ltr'>et</span> <span class='ocrx_word' id='word_1_354' title='bbox 1115 1465 1174 1493; x_wconf 85' lang='lat' dir='ltr'>tur</span> <span class='ocrx_word' id='word_1_355' title='bbox 1194 1457 1261 1491; x_wconf 92' lang='lat' dir='ltr'>Dei</span> <span class='ocrx_word' id='word_1_356' title='bbox 1283 1456 1465 1491; x_wconf 80' lang='lat' dir='ltr'>Ecclesia?</span> <span class='ocrx_word' id='word_1_357' title='bbox 1517 1456 1651 1491; x_wconf 85' lang='lat' dir='ltr'>Paulus</span> <span class='ocrx_word' id='word_1_358' title='bbox 1675 1457 1767 1491; x_wconf 88' lang='lat' dir='ltr'>clare</span> <span class='ocrx_word' id='word_1_359' title='bbox 1785 1457 1851 1490; x_wconf 89' lang='lat' dir='ltr'>ait:</span> <span class='ocrx_word' id='word_1_360' title='bbox 1882 1455 1922 1489; x_wconf 89' lang='lat' dir='ltr'>ln</span> <span class='ocrx_word' id='word_1_361' title='bbox 1948 1453 2107 1488; x_wconf 76' lang='lat' dir='ltr'>Ecclesia</span> 
     </span>
     <span class='ocr_line' id='line_1_28' title="bbox 73 1505 2105 1565; baseline -0.002 -13"><span class='ocrx_word' id='word_1_362' title='bbox 73 1518 262 1552; x_wconf 84' lang='lat' dir='ltr'>articulum</span> <span class='ocrx_word' id='word_1_363' title='bbox 287 1519 330 1552; x_wconf 89' lang='lat' dir='ltr'>de</span> <span class='ocrx_word' id='word_1_364' title='bbox 354 1519 550 1563; x_wconf 84' lang='lat' dir='ltr'>placatione</span> <span class='ocrx_word' id='word_1_365' title='bbox 567 1517 692 1552; x_wconf 89' lang='lat' dir='ltr'>teneri.</span> <span class='ocrx_word' id='word_1_366' title='bbox 746 1516 793 1551; x_wconf 90' lang='lat' dir='ltr'>Et</span> <span class='ocrx_word' id='word_1_367' title='bbox 808 1525 980 1563; x_wconf 92' lang='lat' dir='ltr'>quantum</span> <span class='ocrx_word' id='word_1_368' title='bbox 998 1515 1065 1550; x_wconf 84' lang='lat' dir='ltr'>hoc</span> <span class='ocrx_word' id='word_1_369' title='bbox 1114 1509 1383 1543; x_wconf 64' lang='lat' dir='ltr'>dominaturum</span> <span class='ocrx_word' id='word_1_370' title='bbox 1408 1520 1481 1542; x_wconf 67' lang='lat'>8⁵⁵8</span> <span class='ocrx_word' id='word_1_371' title='bbox 1499 1505 1681 1542; x_wconf 60' lang='lat' dir='ltr'>hominem</span> <span class='ocrx_word' id='word_1_372' title='bbox 1699 1508 1850 1552; x_wconf 63' lang='lat' dir='ltr'>peccati,</span> <span class='ocrx_word' id='word_1_373' title='bbox 1878 1506 2105 1565; x_wconf 52' lang='lat' dir='ltr'>{Xfflllefflefn</span> 
     </span>
     <span class='ocr_line' id='line_1_29' title="bbox 73 1555 2106 1617; baseline -0.001 -14"><span class='ocrx_word' id='word_1_374' title='bbox 73 1570 221 1612; x_wconf 84' lang='lat' dir='ltr'>reserat,</span> <span class='ocrx_word' id='word_1_375' title='bbox 245 1570 318 1602; x_wconf 89' lang='lat' dir='ltr'>sola</span> <span class='ocrx_word' id='word_1_376' title='bbox 330 1567 559 1603; x_wconf 87' lang='lat' dir='ltr'>DeiEcclesia</span> <span class='ocrx_word' id='word_1_377' title='bbox 575 1569 948 1613; x_wconf 86' lang='lat' dir='ltr'>perspicueintelligit,</span> <span class='ocrx_word' id='word_1_378' title='bbox 975 1581 1065 1614; x_wconf 87' lang='lat' dir='ltr'>quae</span> <span class='ocrx_word' id='word_1_379' title='bbox 1088 1584 1089 1587; x_wconf 48' lang='lat'>¹</span> <span class='ocrx_word' id='word_1_380' title='bbox 1114 1573 1150 1595; x_wconf 67' lang='lat'>⁵0</span> <span class='ocrx_word' id='word_1_381' title='bbox 1165 1572 1271 1605; x_wconf 71' lang='lat' dir='ltr'>Supra</span> <span class='ocrx_word' id='word_1_382' title='bbox 1289 1560 1429 1617; x_wconf 44' lang='lat' dir='ltr'>cultum.</span> <span class='ocrx_word' id='word_1_383' title='bbox 1448 1558 1526 1593; x_wconf 62' lang='lat' dir='ltr'>Dei·</span> <span class='ocrx_word' id='word_1_384' title='bbox 1580 1558 1727 1593; x_wconf 68' lang='lat' dir='ltr'>C0¹¹⁵¹3t</span> <span class='ocrx_word' id='word_1_385' title='bbox 1752 1566 1866 1593; x_wconf 67' lang='lat' dir='ltr'>amem</span> <span class='ocrx_word' id='word_1_386' title='bbox 1893 1570 1930 1590; x_wconf 78' lang='lat'>¹¹¹</span> <span class='ocrx_word' id='word_1_387' title='bbox 1949 1555 2106 1590; x_wconf 64' lang='lat' dir='ltr'><strong>EcdeSffl</strong></span> 
     </span>
     <span class='ocr_line' id='line_1_30' title="bbox 72 1608 2105 1665; baseline -0.003 -19"><span class='ocrx_word' id='word_1_388' title='bbox 72 1621 230 1664; x_wconf 56' lang='lat' dir='ltr'>agnoscit</span> <span class='ocrx_word' id='word_1_389' title='bbox 255 1628 433 1665; x_wconf 65' lang='lat' dir='ltr'>peccatum</span> <span class='ocrx_word' id='word_1_390' title='bbox 453 1629 485 1655; x_wconf 76' lang='lat' dir='ltr'>et</span> <span class='ocrx_word' id='word_1_391' title='bbox 503 1621 591 1653; x_wconf 70' lang='lat' dir='ltr'>iram</span> <span class='ocrx_word' id='word_1_392' title='bbox 611 1618 693 1661; x_wconf 73' lang='lat' dir='ltr'>Dei,</span> <span class='ocrx_word' id='word_1_393' title='bbox 718 1627 751 1653; x_wconf 68' lang='lat' dir='ltr'>et</span> <span class='ocrx_word' id='word_1_394' title='bbox 769 1631 891 1653; x_wconf 71' lang='lat' dir='ltr'>rursus</span> <span class='ocrx_word' id='word_1_395' title='bbox 909 1620 1065 1662; x_wconf 59' lang='lat' dir='ltr'>agnoscit</span> <span class='ocrx_word' id='word_1_396' title='bbox 1115 1619 1148 1646; x_wconf 77' lang='lat' dir='ltr'>et</span> <span class='ocrx_word' id='word_1_397' title='bbox 1172 1612 1277 1645; x_wconf 69' lang='lat' dir='ltr'>titulo</span> <span class='ocrx_word' id='word_1_398' title='bbox 1294 1609 1474 1645; x_wconf 71' lang='lat' dir='ltr'>Eccleslae</span> <span class='ocrx_word' id='word_1_399' title='bbox 1500 1610 1678 1644; x_wconf 69' lang='lat' dir='ltr'>dominari</span> <span class='ocrx_word' id='word_1_400' title='bbox 1703 1610 1885 1655; x_wconf 65' lang='lat' dir='ltr'>pontifices</span> <span class='ocrx_word' id='word_1_401' title='bbox 1910 1608 2105 1642; x_wconf 70' lang='lat' dir='ltr'>defenden-</span> 
     </span>
    </p>
   </div>
   <div class='ocr_carea' id='block_1_3' title="bbox 70 1663 2107 2578">
    <p class='ocr_par' dir='ltr' id='par_1_3' title="bbox 70 1663 2107 2578">
     <span class='ocr_line' id='line_1_31' title="bbox 72 1663 1288 1719; baseline -0.002 -13"><span class='ocrx_word' id='word_1_402' title='bbox 72 1684 108 1706; x_wconf 91' lang='lat' dir='ltr'>se</span> <span class='ocrx_word' id='word_1_403' title='bbox 127 1671 235 1715; x_wconf 89' lang='lat' dir='ltr'>recipi</span> <span class='ocrx_word' id='word_1_404' title='bbox 252 1678 397 1716; x_wconf 91' lang='lat' dir='ltr'>propter</span> <span class='ocrx_word' id='word_1_405' title='bbox 407 1670 654 1706; x_wconf 88' lang='lat' dir='ltr'>Mediatorem.</span> <span class='ocrx_word' id='word_1_406' title='bbox 708 1669 816 1704; x_wconf 79' lang='lat' dir='ltr'>Novit</span> <span class='ocrx_word' id='word_1_407' title='bbox 832 1678 864 1704; x_wconf 91' lang='lat' dir='ltr'>et</span> <span class='ocrx_word' id='word_1_408' title='bbox 881 1668 966 1710; x_wconf 77' lang='lat' dir='ltr'>hoc,</span> <span class='ocrx_word' id='word_1_409' title='bbox 994 1679 1064 1704; x_wconf 81' lang='lat' dir='ltr'>sta·</span> <span class='ocrx_word' id='word_1_410' title='bbox 1087 1676 1090 1719; x_wconf 85' lang='grc' dir='ltr'>Ι</span> <span class='ocrx_word' id='word_1_411' title='bbox 1114 1671 1165 1698; x_wconf 65' lang='lat' dir='ltr'>tes</span> <span class='ocrx_word' id='word_1_412' title='bbox 1181 1663 1288 1698; x_wconf 69' lang='lat' dir='ltr'>i(10¹3-</span> 
     </span>
     <span class='ocr_line' id='line_1_32' title="bbox 72 1718 2107 1768; baseline -0.002 -11"><span class='ocrx_word' id='word_1_413' title='bbox 72 1725 136 1758; x_wconf 90' lang='lat' dir='ltr'>tim</span> <span class='ocrx_word' id='word_1_414' title='bbox 165 1724 210 1756; x_wconf 89' lang='lat' dir='ltr'>ab</span> <span class='ocrx_word' id='word_1_415' title='bbox 232 1723 337 1757; x_wconf 88' lang='lat' dir='ltr'>initio</span> <span class='ocrx_word' id='word_1_416' title='bbox 360 1720 456 1756; x_wconf 86' lang='lat' dir='ltr'>hunc</span> <span class='ocrx_word' id='word_1_417' title='bbox 481 1723 670 1756; x_wconf 91' lang='lat' dir='ltr'>articulum</span> <span class='ocrx_word' id='word_1_418' title='bbox 694 1722 864 1755; x_wconf 89' lang='lat' dir='ltr'>traditum</span> <span class='ocrx_word' id='word_1_419' title='bbox 890 1733 962 1755; x_wconf 89' lang='lat' dir='ltr'>esse</span> <span class='ocrx_word' id='word_1_420' title='bbox 991 1722 1064 1765; x_wconf 87' lang='lat' dir='ltr'>pri·</span> <span class='ocrx_word' id='word_1_421' title='bbox 1087 1728 1091 1768; x_wconf 82' lang='grc' dir='ltr'>Ι</span> <span class='ocrx_word' id='word_1_422' title='bbox 1216 1719 1281 1754; x_wconf 86' lang='lat' dir='ltr'>Est</span> <span class='ocrx_word' id='word_1_423' title='bbox 1305 1720 1476 1754; x_wconf 86' lang='lat' dir='ltr'>moderati</span> <span class='ocrx_word' id='word_1_424' title='bbox 1509 1720 1618 1753; x_wconf 90' lang='lat' dir='ltr'>animi</span> <span class='ocrx_word' id='word_1_425' title='bbox 1645 1720 1779 1753; x_wconf 84' lang='lat' dir='ltr'>moveri</span> <span class='ocrx_word' id='word_1_426' title='bbox 1806 1719 2001 1753; x_wconf 82' lang='lat' dir='ltr'>reverentia</span> <span class='ocrx_word' id='word_1_427' title='bbox 2031 1718 2107 1752; x_wconf 87' lang='lat' dir='ltr'>eius</span> 
     </span>
     <span class='ocr_line' id='line_1_33' title="bbox 71 1769 2105 1819; baseline -0.003 -11"><span class='ocrx_word' id='word_1_428' title='bbox 71 1775 139 1808; x_wconf 86' lang='lat' dir='ltr'>mis</span> <span class='ocrx_word' id='word_1_429' title='bbox 166 1774 325 1818; x_wconf 88' lang='lat' dir='ltr'>patribus</span> <span class='ocrx_word' id='word_1_430' title='bbox 349 1773 386 1806; x_wconf 91' lang='lat' dir='ltr'>in</span> <span class='ocrx_word' id='word_1_431' title='bbox 409 1774 663 1818; x_wconf 85' lang='lat' dir='ltr'>promissione,</span> <span class='ocrx_word' id='word_1_432' title='bbox 691 1772 859 1819; x_wconf 85' lang='lat' dir='ltr'>intelligit</span> <span class='ocrx_word' id='word_1_433' title='bbox 883 1770 948 1806; x_wconf 85' lang='lat' dir='ltr'>hac</span> <span class='ocrx_word' id='word_1_434' title='bbox 972 1773 1064 1807; x_wconf 84' lang='lat' dir='ltr'>fidu·</span> <span class='ocrx_word' id='word_1_435' title='bbox 1088 1769 1089 1813; x_wconf 60' lang='grc' dir='ltr'>Ι</span> <span class='ocrx_word' id='word_1_436' title='bbox 1115 1772 1314 1818; x_wconf 86' lang='lat' dir='ltr'>potestatis,</span> <span class='ocrx_word' id='word_1_437' title='bbox 1342 1784 1431 1816; x_wconf 88' lang='lat' dir='ltr'>quae</span> <span class='ocrx_word' id='word_1_438' title='bbox 1454 1778 1600 1804; x_wconf 87' lang='lat' dir='ltr'>vocatur</span> <span class='ocrx_word' id='word_1_439' title='bbox 1624 1771 1817 1805; x_wconf 87' lang='lat' dir='ltr'>ordinaria.</span> <span class='ocrx_word' id='word_1_440' title='bbox 1871 1769 1935 1805; x_wconf 85' lang='lat' dir='ltr'>Est</span> <span class='ocrx_word' id='word_1_441' title='bbox 1959 1777 1992 1804; x_wconf 86' lang='lat' dir='ltr'>et</span> <span class='ocrx_word' id='word_1_442' title='bbox 2016 1770 2105 1814; x_wconf 86' lang='lat' dir='ltr'>grati</span> 
     </span>
     <span class='ocr_line' id='line_1_34' title="bbox 71 1820 2107 1870; baseline -0.002 -11"><span class='ocrx_word' id='word_1_443' title='bbox 71 1826 123 1859; x_wconf 91' lang='lat' dir='ltr'>cia</span> <span class='ocrx_word' id='word_1_444' title='bbox 148 1826 253 1859; x_wconf 90' lang='lat' dir='ltr'>corda</span> <span class='ocrx_word' id='word_1_445' title='bbox 279 1832 417 1870; x_wconf 86' lang='lat' dir='ltr'>patrum</span> <span class='ocrx_word' id='word_1_446' title='bbox 444 1826 669 1865; x_wconf 84' lang='lat' dir='ltr'>confirmata,</span> <span class='ocrx_word' id='word_1_447' title='bbox 707 1836 808 1857; x_wconf 88' lang='lat' dir='ltr'>veros</span> <span class='ocrx_word' id='word_1_448' title='bbox 835 1824 969 1863; x_wconf 90' lang='lat' dir='ltr'>cultus,</span> <span class='ocrx_word' id='word_1_449' title='bbox 1004 1836 1063 1856; x_wconf 87' lang='lat' dir='ltr'>ve-</span> <span class='ocrx_word' id='word_1_450' title='bbox 1114 1824 1266 1867; x_wconf 86' lang='lat' dir='ltr'>cogitare</span> <span class='ocrx_word' id='word_1_451' title='bbox 1298 1823 1472 1855; x_wconf 88' lang='lat' dir='ltr'>maiorum</span> <span class='ocrx_word' id='word_1_452' title='bbox 1506 1829 1599 1855; x_wconf 90' lang='lat' dir='ltr'>recte</span> <span class='ocrx_word' id='word_1_453' title='bbox 1631 1823 1738 1856; x_wconf 87' lang='lat' dir='ltr'>facta:</span> <span class='ocrx_word' id='word_1_454' title='bbox 1773 1820 2008 1866; x_wconf 86' lang='lat' dir='ltr'>Evangelium</span> <span class='ocrx_word' id='word_1_455' title='bbox 2043 1832 2107 1865; x_wconf 87' lang='lat' dir='ltr'>per</span> 
     </span>
     <span class='ocr_line' id='line_1_35' title="bbox 70 1872 2105 1920; baseline -0.003 -10"><span class='ocrx_word' id='word_1_456' title='bbox 70 1889 147 1910; x_wconf 84' lang='lat' dir='ltr'>ram</span> <span class='ocrx_word' id='word_1_457' title='bbox 173 1876 433 1910; x_wconf 83' lang='lat' dir='ltr'>invocationem</span> <span class='ocrx_word' id='word_1_458' title='bbox 457 1875 682 1920; x_wconf 88' lang='lat' dir='ltr'>praestitisse.</span> <span class='ocrx_word' id='word_1_459' title='bbox 745 1874 876 1908; x_wconf 86' lang='lat' dir='ltr'>Putant</span> <span class='ocrx_word' id='word_1_460' title='bbox 898 1872 1064 1920; x_wconf 79' lang='lat' dir='ltr'>hypocri-</span> <span class='ocrx_word' id='word_1_461' title='bbox 1087 1889 1089 1919; x_wconf 77' lang='lat' dir='ltr'><strong>j</strong></span> <span class='ocrx_word' id='word_1_462' title='bbox 1113 1874 1330 1919; x_wconf 87' lang='lat' dir='ltr'>Episcopos,</span> <span class='ocrx_word' id='word_1_463' title='bbox 1355 1873 1608 1918; x_wconf 78' lang='lat' dir='ltr'>Apostolorum</span> <span class='ocrx_word' id='word_1_464' title='bbox 1635 1873 1848 1918; x_wconf 79' lang='lat' dir='ltr'>discipulos,</span> <span class='ocrx_word' id='word_1_465' title='bbox 1875 1878 2105 1917; x_wconf 84' lang='lat' dir='ltr'>propagatum</span> 
     </span>
     <span class='ocr_line' id='line_1_36' title="bbox 70 1922 2106 1969; baseline -0.004 -7"><span class='ocrx_word' id='word_1_466' title='bbox 70 1934 126 1962; x_wconf 86' lang='lat' dir='ltr'>tae</span> <span class='ocrx_word' id='word_1_467' title='bbox 158 1939 193 1961; x_wconf 89' lang='lat' dir='ltr'>se</span> <span class='ocrx_word' id='word_1_468' title='bbox 220 1927 385 1960; x_wconf 83' lang='lat' dir='ltr'>invocare</span> <span class='ocrx_word' id='word_1_469' title='bbox 410 1925 544 1967; x_wconf 88' lang='lat' dir='ltr'>Deum,</span> <span class='ocrx_word' id='word_1_470' title='bbox 579 1927 637 1959; x_wconf 92' lang='lat' dir='ltr'>sed</span> <span class='ocrx_word' id='word_1_471' title='bbox 666 1926 703 1959; x_wconf 91' lang='lat' dir='ltr'>in</span> <span class='ocrx_word' id='word_1_472' title='bbox 728 1938 811 1959; x_wconf 86' lang='lat' dir='ltr'>vero</span> <span class='ocrx_word' id='word_1_473' title='bbox 837 1937 966 1969; x_wconf 88' lang='lat' dir='ltr'>pavore</span> <span class='ocrx_word' id='word_1_474' title='bbox 992 1932 1063 1959; x_wconf 85' lang='lat' dir='ltr'>tota</span> <span class='ocrx_word' id='word_1_475' title='bbox 1087 1931 1089 1937; x_wconf 94' lang='lat'>&#39;</span> <span class='ocrx_word' id='word_1_476' title='bbox 1114 1934 1175 1960; x_wconf 87' lang='lat' dir='ltr'>est.</span> <span class='ocrx_word' id='word_1_477' title='bbox 1227 1924 1367 1959; x_wconf 89' lang='lat' dir='ltr'>Deinde</span> <span class='ocrx_word' id='word_1_478' title='bbox 1390 1925 1653 1969; x_wconf 80' lang='lat' dir='ltr'>qualescunque</span> <span class='ocrx_word' id='word_1_479' title='bbox 1674 1925 1817 1958; x_wconf 88' lang='lat' dir='ltr'>fuerunt</span> <span class='ocrx_word' id='word_1_480' title='bbox 1841 1923 1909 1968; x_wconf 89' lang='lat' dir='ltr'>ipsi</span> <span class='ocrx_word' id='word_1_481' title='bbox 1924 1922 2106 1968; x_wconf 82' lang='lat' dir='ltr'>Episcopi,</span> 
     </span>
     <span class='ocr_line' id='line_1_37' title="bbox 72 1973 2104 2020; baseline -0.002 -9"><span class='ocrx_word' id='word_1_482' title='bbox 72 1976 157 2011; x_wconf 84' lang='lat' dir='ltr'>haec</span> <span class='ocrx_word' id='word_1_483' title='bbox 188 1978 237 2011; x_wconf 90' lang='lat' dir='ltr'>eis</span> <span class='ocrx_word' id='word_1_484' title='bbox 266 1978 444 2011; x_wconf 85' lang='lat' dir='ltr'>invocatio</span> <span class='ocrx_word' id='word_1_485' title='bbox 476 1978 663 2012; x_wconf 88' lang='lat' dir='ltr'>excutitur.</span> <span class='ocrx_word' id='word_1_486' title='bbox 725 1978 773 2010; x_wconf 78' lang='lat' dir='ltr'>At</span> <span class='ocrx_word' id='word_1_487' title='bbox 804 1977 876 2009; x_wconf 89' lang='lat' dir='ltr'>sola</span> <span class='ocrx_word' id='word_1_488' title='bbox 906 1975 1062 2010; x_wconf 85' lang='lat' dir='ltr'>Ecclesia</span> <span class='ocrx_word' id='word_1_489' title='bbox 1087 1977 1089 2016; x_wconf 70' lang='grc' dir='ltr'><em>ξ</em></span> <span class='ocrx_word' id='word_1_490' title='bbox 1113 1985 1231 2011; x_wconf 89' lang='lat' dir='ltr'>tamen</span> <span class='ocrx_word' id='word_1_491' title='bbox 1249 1988 1380 2009; x_wconf 90' lang='lat' dir='ltr'>nomen</span> <span class='ocrx_word' id='word_1_492' title='bbox 1399 1973 1553 2016; x_wconf 86' lang='lat' dir='ltr'>Christi,</span> <span class='ocrx_word' id='word_1_493' title='bbox 1580 1983 1612 2009; x_wconf 85' lang='lat' dir='ltr'>et</span> <span class='ocrx_word' id='word_1_494' title='bbox 1636 1975 1919 2020; x_wconf 86' lang='lat' dir='ltr'>qualemcunque</span> <span class='ocrx_word' id='word_1_495' title='bbox 1941 1975 2104 2008; x_wconf 87' lang='lat' dir='ltr'>umbram</span> 
     </span>
     <span class='ocr_line' id='line_1_38' title="bbox 71 2023 2106 2073; baseline -0.001 -12"><span class='ocrx_word' id='word_1_496' title='bbox 71 2027 138 2062; x_wconf 90' lang='lat' dir='ltr'>Dei</span> <span class='ocrx_word' id='word_1_497' title='bbox 154 2029 318 2073; x_wconf 84' lang='lat' dir='ltr'>intelligit</span> <span class='ocrx_word' id='word_1_498' title='bbox 335 2036 368 2063; x_wconf 82' lang='lat' dir='ltr'>et</span> <span class='ocrx_word' id='word_1_499' title='bbox 385 2036 536 2073; x_wconf 80' lang='lat' dir='ltr'>praestat</span> <span class='ocrx_word' id='word_1_500' title='bbox 551 2028 812 2063; x_wconf 88' lang='lat' dir='ltr'>invocationem</span> <span class='ocrx_word' id='word_1_501' title='bbox 830 2040 960 2063; x_wconf 84' lang='lat' dir='ltr'>veram.</span> <span class='ocrx_word' id='word_1_502' title='bbox 1086 2023 1088 2065; x_wconf 62' lang='grc' dir='ltr'>Ι</span> <span class='ocrx_word' id='word_1_503' title='bbox 1113 2027 1290 2062; x_wconf 83' lang='lat' dir='ltr'>Ecclesiae</span> <span class='ocrx_word' id='word_1_504' title='bbox 1306 2027 1543 2060; x_wconf 88' lang='lat' dir='ltr'>retinuerunt.</span> <span class='ocrx_word' id='word_1_505' title='bbox 1597 2025 1644 2060; x_wconf 87' lang='lat' dir='ltr'>Et</span> <span class='ocrx_word' id='word_1_506' title='bbox 1664 2027 1848 2060; x_wconf 79' lang='lat' dir='ltr'>fatendum</span> <span class='ocrx_word' id='word_1_507' title='bbox 1874 2033 1941 2066; x_wconf 86' lang='lat' dir='ltr'>est,</span> <span class='ocrx_word' id='word_1_508' title='bbox 1961 2026 2028 2059; x_wconf 90' lang='lat' dir='ltr'>sub</span> <span class='ocrx_word' id='word_1_509' title='bbox 2045 2037 2106 2057; x_wconf 89' lang='lat' dir='ltr'>eo-</span> 
     </span>
     <span class='ocr_line' id='line_1_39' title="bbox 175 2074 2106 2124; baseline -0.003 -12"><span class='ocrx_word' id='word_1_510' title='bbox 175 2079 270 2113; x_wconf 81' lang='lat' dir='ltr'>Haec</span> <span class='ocrx_word' id='word_1_511' title='bbox 300 2081 343 2113; x_wconf 88' lang='lat' dir='ltr'>de</span> <span class='ocrx_word' id='word_1_512' title='bbox 366 2079 566 2114; x_wconf 60' lang='lat' dir='ltr'>BIediatore</span> <span class='ocrx_word' id='word_1_513' title='bbox 591 2079 780 2123; x_wconf 83' lang='lat' dir='ltr'>diligenter</span> <span class='ocrx_word' id='word_1_514' title='bbox 805 2079 1061 2112; x_wconf 82' lang='lat' dir='ltr'>consideranda</span> <span class='ocrx_word' id='word_1_515' title='bbox 1087 2105 1088 2108; x_wconf 22' lang='grc' dir='ltr'>η</span> <span class='ocrx_word' id='word_1_516' title='bbox 1113 2092 1192 2113; x_wconf 88' lang='lat' dir='ltr'>rum</span> <span class='ocrx_word' id='word_1_517' title='bbox 1222 2078 1371 2124; x_wconf 90' lang='lat' dir='ltr'>imperio</span> <span class='ocrx_word' id='word_1_518' title='bbox 1397 2077 1535 2122; x_wconf 90' lang='lat' dir='ltr'>aliquos</span> <span class='ocrx_word' id='word_1_519' title='bbox 1565 2077 1671 2110; x_wconf 82' lang='lat' dir='ltr'>fuisse</span> <span class='ocrx_word' id='word_1_520' title='bbox 1695 2078 1772 2121; x_wconf 91' lang='lat' dir='ltr'>pios</span> <span class='ocrx_word' id='word_1_521' title='bbox 1801 2083 1833 2110; x_wconf 87' lang='lat' dir='ltr'>et</span> <span class='ocrx_word' id='word_1_522' title='bbox 1858 2077 2013 2122; x_wconf 85' lang='lat' dir='ltr'>aliquam</span> <span class='ocrx_word' id='word_1_523' title='bbox 2037 2074 2106 2110; x_wconf 80' lang='lat' dir='ltr'>Dei</span> 
     </span>
     <span class='ocr_line' id='line_1_40' title="bbox 72 2127 2103 2177; baseline -0.002 -13"><span class='ocrx_word' id='word_1_524' title='bbox 72 2137 174 2170; x_wconf 81' lang='lat' dir='ltr'>sunt,</span> <span class='ocrx_word' id='word_1_525' title='bbox 200 2138 238 2164; x_wconf 91' lang='lat' dir='ltr'>ut</span> <span class='ocrx_word' id='word_1_526' title='bbox 259 2132 424 2164; x_wconf 87' lang='lat' dir='ltr'>adversus</span> <span class='ocrx_word' id='word_1_527' title='bbox 440 2130 638 2165; x_wconf 73' lang='lat' dir='ltr'>M.1llometi</span> <span class='ocrx_word' id='word_1_528' title='bbox 660 2128 932 2177; x_wconf 63' lang='lat' dir='ltr'>711311110207lc13</span> <span class='ocrx_word' id='word_1_529' title='bbox 952 2130 1062 2163; x_wconf 88' lang='lat' dir='ltr'>animi</span> <span class='ocrx_word' id='word_1_530' title='bbox 1086 2167 1087 2170; x_wconf 14' lang='grc' dir='ltr'><strong>Ἰ</strong></span> <span class='ocrx_word' id='word_1_531' title='bbox 1112 2130 1317 2164; x_wconf 86' lang='lat' dir='ltr'>Ecclesiam.</span> <span class='ocrx_word' id='word_1_532' title='bbox 1385 2127 1460 2162; x_wconf 92' lang='lat' dir='ltr'>Cur</span> <span class='ocrx_word' id='word_1_533' title='bbox 1496 2128 1621 2171; x_wconf 82' lang='lat' dir='ltr'>igitur,</span> <span class='ocrx_word' id='word_1_534' title='bbox 1661 2128 1817 2174; x_wconf 85' lang='lat' dir='ltr'>inquies,</span> <span class='ocrx_word' id='word_1_535' title='bbox 1849 2134 1996 2175; x_wconf 89' lang='lat' dir='ltr'>propter</span> <span class='ocrx_word' id='word_1_536' title='bbox 2027 2138 2103 2160; x_wconf 87' lang='lat' dir='ltr'>eam</span> 
     </span>
     <span class='ocr_line' id='line_1_41' title="bbox 73 2178 2102 2226; baseline -0.003 -11"><span class='ocrx_word' id='word_1_537' title='bbox 73 2182 337 2221; x_wconf 84' lang='lat' dir='ltr'>confirmentur,</span> <span class='ocrx_word' id='word_1_538' title='bbox 360 2190 391 2215; x_wconf 80' lang='lat' dir='ltr'>et</span> <span class='ocrx_word' id='word_1_539' title='bbox 405 2190 609 2216; x_wconf 79' lang='lat' dir='ltr'>execrentur</span> <span class='ocrx_word' id='word_1_540' title='bbox 620 2194 742 2215; x_wconf 79' lang='lat' dir='ltr'>omnes</span> <span class='ocrx_word' id='word_1_541' title='bbox 755 2182 954 2225; x_wconf 84' lang='lat' dir='ltr'>religiones,</span> <span class='ocrx_word' id='word_1_542' title='bbox 973 2193 1062 2226; x_wconf 82' lang='lat' dir='ltr'>quae</span> <span class='ocrx_word' id='word_1_543' title='bbox 1112 2189 1247 2226; x_wconf 88' lang='lat' dir='ltr'>partem</span> <span class='ocrx_word' id='word_1_544' title='bbox 1272 2179 1458 2224; x_wconf 89' lang='lat' dir='ltr'>Episcopis</span> <span class='ocrx_word' id='word_1_545' title='bbox 1483 2191 1556 2212; x_wconf 90' lang='lat' dir='ltr'>non</span> <span class='ocrx_word' id='word_1_546' title='bbox 1582 2179 1759 2222; x_wconf 82' lang='lat' dir='ltr'>parcitur?</span> <span class='ocrx_word' id='word_1_547' title='bbox 1792 2178 1996 2223; x_wconf 86' lang='lat' dir='ltr'>praesertim</span> <span class='ocrx_word' id='word_1_548' title='bbox 2023 2190 2102 2211; x_wconf 89' lang='lat' dir='ltr'>cnm</span> 
     </span>
     <span class='ocr_line' id='line_1_42' title="bbox 72 2228 2104 2279; baseline -0.001 -14"><span class='ocrx_word' id='word_1_549' title='bbox 72 2232 490 2276; x_wconf 74' lang='lat' dir='ltr'>ignorantplacationem‚</span> <span class='ocrx_word' id='word_1_550' title='bbox 511 2246 599 2279; x_wconf 84' lang='lat' dir='ltr'>quae</span> <span class='ocrx_word' id='word_1_551' title='bbox 612 2234 698 2267; x_wconf 86' lang='lat' dir='ltr'>facta</span> <span class='ocrx_word' id='word_1_552' title='bbox 711 2240 759 2267; x_wconf 91' lang='lat' dir='ltr'>est</span> <span class='ocrx_word' id='word_1_553' title='bbox 773 2231 1062 2278; x_wconf 79' lang='lat' dir='ltr'>perFiliumDei.</span> <span class='ocrx_word' id='word_1_554' title='bbox 1113 2234 1149 2266; x_wconf 89' lang='lat' dir='ltr'>in</span> <span class='ocrx_word' id='word_1_555' title='bbox 1183 2239 1278 2266; x_wconf 85' lang='lat' dir='ltr'>tanta</span> <span class='ocrx_word' id='word_1_556' title='bbox 1315 2231 1519 2264; x_wconf 84' lang='lat' dir='ltr'>infirmitate</span> <span class='ocrx_word' id='word_1_557' title='bbox 1548 2228 1695 2263; x_wconf 82' lang='lat' dir='ltr'>humani</span> <span class='ocrx_word' id='word_1_558' title='bbox 1721 2230 1875 2273; x_wconf 86' lang='lat' dir='ltr'>generis,</span> <span class='ocrx_word' id='word_1_559' title='bbox 1910 2241 1973 2262; x_wconf 91' lang='lat' dir='ltr'>nec</span> <span class='ocrx_word' id='word_1_560' title='bbox 1998 2229 2104 2262; x_wconf 81' lang='lat' dir='ltr'>fuerit</span> 
     </span>
     <span class='ocr_line' id='line_1_43' title="bbox 72 2280 2104 2329; baseline -0.002 -12"><span class='ocrx_word' id='word_1_561' title='bbox 72 2282 244 2317; x_wconf 84' lang='lat' dir='ltr'>Obruunt</span> <span class='ocrx_word' id='word_1_562' title='bbox 266 2283 359 2315; x_wconf 80' lang='lat' dir='ltr'>enim</span> <span class='ocrx_word' id='word_1_563' title='bbox 379 2292 411 2317; x_wconf 75' lang='lat' dir='ltr'>ct</span> <span class='ocrx_word' id='word_1_564' title='bbox 430 2284 517 2317; x_wconf 89' lang='lat' dir='ltr'>iram</span> <span class='ocrx_word' id='word_1_565' title='bbox 534 2285 601 2318; x_wconf 90' lang='lat' dir='ltr'>Dei</span> <span class='ocrx_word' id='word_1_566' title='bbox 618 2286 785 2318; x_wconf 86' lang='lat' dir='ltr'>adversus</span> <span class='ocrx_word' id='word_1_567' title='bbox 806 2291 1004 2329; x_wconf 87' lang='lat' dir='ltr'>peccatum,</span> <span class='ocrx_word' id='word_1_568' title='bbox 1030 2291 1062 2317; x_wconf 91' lang='lat' dir='ltr'>et</span> <span class='ocrx_word' id='word_1_569' title='bbox 1112 2296 1269 2329; x_wconf 84' lang='lat' dir='ltr'>unquam</span> <span class='ocrx_word' id='word_1_570' title='bbox 1295 2283 1378 2315; x_wconf 88' lang='lat' dir='ltr'>inde</span> <span class='ocrx_word' id='word_1_571' title='bbox 1404 2294 1514 2326; x_wconf 90' lang='lat' dir='ltr'>usque</span> <span class='ocrx_word' id='word_1_572' title='bbox 1537 2282 1583 2313; x_wconf 90' lang='lat' dir='ltr'>ab</span> <span class='ocrx_word' id='word_1_573' title='bbox 1606 2282 1706 2314; x_wconf 83' lang='lat' dir='ltr'>initio</span> <span class='ocrx_word' id='word_1_574' title='bbox 1725 2282 1870 2321; x_wconf 83' lang='lat' dir='ltr'>mundi,</span> <span class='ocrx_word' id='word_1_575' title='bbox 1897 2292 1963 2313; x_wconf 89' lang='lat' dir='ltr'>nec</span> <span class='ocrx_word' id='word_1_576' title='bbox 1985 2280 2104 2313; x_wconf 85' lang='lat' dir='ltr'>futura</span> 
     </span>
     <span class='ocr_line' id='line_1_44' title="bbox 70 2329 2104 2381; baseline -0.002 -14"><span class='ocrx_word' id='word_1_577' title='bbox 70 2334 348 2368; x_wconf 70' lang='lat' dir='ltr'>inisericordiam</span> <span class='ocrx_word' id='word_1_578' title='bbox 366 2336 567 2378; x_wconf 88' lang='lat' dir='ltr'>promissam</span> <span class='ocrx_word' id='word_1_579' title='bbox 585 2335 887 2381; x_wconf 84' lang='lat' dir='ltr'>propterFilinm‚</span> <span class='ocrx_word' id='word_1_580' title='bbox 916 2342 947 2368; x_wconf 91' lang='lat' dir='ltr'>et</span> <span class='ocrx_word' id='word_1_581' title='bbox 964 2347 1061 2367; x_wconf 88' lang='lat' dir='ltr'>sum-</span> <span class='ocrx_word' id='word_1_582' title='bbox 1114 2337 1158 2370; x_wconf 89' lang='lat' dir='ltr'>sit</span> <span class='ocrx_word' id='word_1_583' title='bbox 1172 2334 1382 2379; x_wconf 85' lang='lat' dir='ltr'>gubernatio</span> <span class='ocrx_word' id='word_1_584' title='bbox 1399 2333 1471 2366; x_wconf 90' lang='lat' dir='ltr'>ulla</span> <span class='ocrx_word' id='word_1_585' title='bbox 1490 2333 1565 2365; x_wconf 90' lang='lat' dir='ltr'>sine</span> <span class='ocrx_word' id='word_1_586' title='bbox 1584 2332 1679 2365; x_wconf 75' lang='lat' dir='ltr'>vitiis</span> <span class='ocrx_word' id='word_1_587' title='bbox 1694 2339 1727 2365; x_wconf 91' lang='lat' dir='ltr'>et</span> <span class='ocrx_word' id='word_1_588' title='bbox 1746 2332 1881 2365; x_wconf 76' lang='lat' dir='ltr'>erratis.</span> <span class='ocrx_word' id='word_1_589' title='bbox 1935 2329 2055 2373; x_wconf 86' lang='lat' dir='ltr'>Quare</span> <span class='ocrx_word' id='word_1_590' title='bbox 2070 2338 2104 2364; x_wconf 90' lang='lat' dir='ltr'>et.</span> 
     </span>
     <span class='ocr_line' id='line_1_45' title="bbox 71 2380 2104 2427; baseline -0.002 -8"><span class='ocrx_word' id='word_1_591' title='bbox 71 2399 168 2419; x_wconf 89' lang='lat' dir='ltr'>mum</span> <span class='ocrx_word' id='word_1_592' title='bbox 192 2384 257 2419; x_wconf 89' lang='lat' dir='ltr'>Dei</span> <span class='ocrx_word' id='word_1_593' title='bbox 283 2385 490 2419; x_wconf 86' lang='lat' dir='ltr'>beneficium</span> <span class='ocrx_word' id='word_1_594' title='bbox 513 2387 642 2424; x_wconf 79' lang='lat' dir='ltr'>delent,</span> <span class='ocrx_word' id='word_1_595' title='bbox 699 2386 781 2420; x_wconf 80' lang='lat' dir='ltr'>Ideo</span> <span class='ocrx_word' id='word_1_596' title='bbox 801 2384 975 2420; x_wconf 88' lang='lat' dir='ltr'>lohannes</span> <span class='ocrx_word' id='word_1_597' title='bbox 991 2385 1062 2419; x_wconf 80' lang='lat' dir='ltr'>Ba-</span> <span class='ocrx_word' id='word_1_598' title='bbox 1112 2387 1280 2421; x_wconf 86' lang='lat' dir='ltr'>usitatum</span> <span class='ocrx_word' id='word_1_599' title='bbox 1299 2392 1331 2419; x_wconf 84' lang='lat' dir='ltr'>et</span> <span class='ocrx_word' id='word_1_600' title='bbox 1348 2384 1449 2418; x_wconf 78' lang='lat' dir='ltr'>facile</span> <span class='ocrx_word' id='word_1_601' title='bbox 1465 2391 1514 2418; x_wconf 86' lang='lat' dir='ltr'>est</span> <span class='ocrx_word' id='word_1_602' title='bbox 1530 2380 1786 2427; x_wconf 84' lang='lat' dir='ltr'>reprehendere</span> <span class='ocrx_word' id='word_1_603' title='bbox 1804 2381 2104 2426; x_wconf 83' lang='lat' dir='ltr'>gubernationum</span> 
     </span>
     <span class='ocr_line' id='line_1_46' title="bbox 72 2436 1211 2483; baseline 0.001 -13"><span class='ocrx_word' id='word_1_604' title='bbox 72 2437 175 2481; x_wconf 88' lang='lat' dir='ltr'>ptista</span> <span class='ocrx_word' id='word_1_605' title='bbox 202 2436 390 2470; x_wconf 83' lang='lat' dir='ltr'>testificans</span> <span class='ocrx_word' id='word_1_606' title='bbox 413 2437 456 2469; x_wconf 89' lang='lat' dir='ltr'>de</span> <span class='ocrx_word' id='word_1_607' title='bbox 478 2436 571 2470; x_wconf 87' lang='lat' dir='ltr'>Filio</span> <span class='ocrx_word' id='word_1_608' title='bbox 593 2437 658 2470; x_wconf 91' lang='lat' dir='ltr'>Dei</span> <span class='ocrx_word' id='word_1_609' title='bbox 683 2438 815 2483; x_wconf 84' lang='lat' dir='ltr'>inquit:</span> <span class='ocrx_word' id='word_1_610' title='bbox 852 2438 924 2481; x_wconf 88' lang='lat' dir='ltr'>Qui</span> <span class='ocrx_word' id='word_1_611' title='bbox 952 2438 1063 2472; x_wconf 80' lang='lat' dir='ltr'>credit</span> <span class='ocrx_word' id='word_1_612' title='bbox 1086 2471 1088 2477; x_wconf 84' lang='grc'><strong>,</strong></span> <span class='ocrx_word' id='word_1_613' title='bbox 1113 2438 1211 2472; x_wconf 90' lang='lat' dir='ltr'>vitia.</span> 
     </span>
     <span class='ocr_line' id='line_1_47' title="bbox 71 2485 1087 2532; baseline 0.002 -12"><span class='ocrx_word' id='word_1_614' title='bbox 71 2488 106 2520; x_wconf 90' lang='lat' dir='ltr'>in</span> <span class='ocrx_word' id='word_1_615' title='bbox 127 2488 278 2524; x_wconf 82' lang='lat' dir='ltr'>Filium,</span> <span class='ocrx_word' id='word_1_616' title='bbox 306 2485 412 2521; x_wconf 81' lang='lat' dir='ltr'>habet</span> <span class='ocrx_word' id='word_1_617' title='bbox 438 2488 545 2521; x_wconf 81' lang='lat' dir='ltr'>vitam</span> <span class='ocrx_word' id='word_1_618' title='bbox 569 2496 765 2529; x_wconf 79' lang='lat' dir='ltr'>aeternam,</span> <span class='ocrx_word' id='word_1_619' title='bbox 795 2488 865 2532; x_wconf 82' lang='lat' dir='ltr'>Qui</span> <span class='ocrx_word' id='word_1_620' title='bbox 891 2501 961 2521; x_wconf 84' lang='lat' dir='ltr'>non</span> <span class='ocrx_word' id='word_1_621' title='bbox 988 2501 1062 2522; x_wconf 82' lang='lat' dir='ltr'>cre·</span> <span class='ocrx_word' id='word_1_622' title='bbox 1086 2486 1087 2491; x_wconf 36' lang='lat'>¹</span> 
     </span>
     <span class='ocr_line' id='line_1_48' title="bbox 71 2538 1062 2578; baseline 0.001 -6"><span class='ocrx_word' id='word_1_623' title='bbox 71 2539 123 2573; x_wconf 78' lang='lat' dir='ltr'>dit</span> <span class='ocrx_word' id='word_1_624' title='bbox 140 2538 230 2572; x_wconf 71' lang='lat' dir='ltr'>Filio</span> <span class='ocrx_word' id='word_1_625' title='bbox 249 2538 312 2571; x_wconf 86' lang='lat' dir='ltr'>Dei</span> <span class='ocrx_word' id='word_1_626' title='bbox 326 2567 333 2576; x_wconf 82' lang='grc'>,</span> <span class='ocrx_word' id='word_1_627' title='bbox 362 2551 434 2572; x_wconf 90' lang='lat' dir='ltr'>non</span> <span class='ocrx_word' id='word_1_628' title='bbox 452 2539 584 2572; x_wconf 82' lang='lat' dir='ltr'>videbit</span> <span class='ocrx_word' id='word_1_629' title='bbox 602 2539 707 2572; x_wconf 83' lang='lat' dir='ltr'>vitam</span> <span class='ocrx_word' id='word_1_630' title='bbox 720 2564 728 2578; x_wconf 86' lang='lat'>‚</span> <span class='ocrx_word' id='word_1_631' title='bbox 755 2542 814 2573; x_wconf 83' lang='lat' dir='ltr'>sed</span> <span class='ocrx_word' id='word_1_632' title='bbox 835 2541 883 2573; x_wconf 78' lang='lat' dir='ltr'>ira</span> <span class='ocrx_word' id='word_1_633' title='bbox 902 2541 969 2574; x_wconf 79' lang='lat' dir='ltr'>Dei</span> <span class='ocrx_word' id='word_1_634' title='bbox 989 2554 1062 2573; x_wconf 79' lang='lat' dir='ltr'>rna-</span> 
     </span>
    </p>
   </div>
   <div class='ocr_carea' id='block_1_4' title="bbox 1095 575 1099 670">
    <p class='ocr_par' dir='ltr' id='par_1_4' title="bbox 1095 575 1099 670">
     <span class='ocr_line' id='line_1_49' title="bbox 1095 575 1099 670; baseline 0 2278"><span class='ocrx_word' id='word_1_635' title='bbox 1095 575 1099 670; x_wconf 95' lang='lat' dir='ltr'> </span> 
     </span>
    </p>
   </div>
   <div class='ocr_carea' id='block_1_5' title="bbox 1091 671 1098 1357">
    <p class='ocr_par' dir='ltr' id='par_1_5' title="bbox 1091 671 1098 1357">
     <span class='ocr_line' id='line_1_50' title="bbox 1091 671 1098 1357; baseline 0 0"><span class='ocrx_word' id='word_1_636' title='bbox 1091 671 1098 1357; x_wconf 95' lang='lat' dir='ltr'> </span> 
     </span>
    </p>
   </div>
   <div class='ocr_carea' id='block_1_6' title="bbox 1085 2353 1088 2461">
    <p class='ocr_par' dir='ltr' id='par_1_6' title="bbox 1085 2353 1088 2461">
     <span class='ocr_line' id='line_1_51' title="bbox 1085 2353 1088 2461; baseline 0 487"><span class='ocrx_word' id='word_1_637' title='bbox 1085 2353 1088 2461; x_wconf 95' lang='lat' dir='ltr'> </span> 
     </span>
    </p>
   </div>
   <div class='ocr_carea' id='block_1_7' title="bbox 69 2483 2108 2737">
    <p class='ocr_par' dir='ltr' id='par_1_7' title="bbox 69 2483 2106 2630">
     <span class='ocr_line' id='line_1_52' title="bbox 1214 2483 2106 2533; baseline -0.006 -13"><span class='ocrx_word' id='word_1_638' title='bbox 1214 2489 1325 2531; x_wconf 83' lang='lat' dir='ltr'>Saepe</span> <span class='ocrx_word' id='word_1_639' title='bbox 1351 2485 1532 2529; x_wconf 74' lang='lat' dir='ltr'>pontifices</span> <span class='ocrx_word' id='word_1_640' title='bbox 1558 2484 1707 2525; x_wconf 84' lang='lat' dir='ltr'>levitici,</span> <span class='ocrx_word' id='word_1_641' title='bbox 1743 2491 1776 2517; x_wconf 90' lang='lat' dir='ltr'>et</span> <span class='ocrx_word' id='word_1_642' title='bbox 1808 2483 1892 2516; x_wconf 82' lang='lat' dir='ltr'>socii</span> <span class='ocrx_word' id='word_1_643' title='bbox 1927 2484 2106 2533; x_wconf 34' lang='lat' dir='ltr'>guberna-</span> 
     </span>
     <span class='ocr_line' id='line_1_53' title="bbox 1112 2534 2105 2583; baseline -0.007 -10"><span class='ocrx_word' id='word_1_644' title='bbox 1112 2540 1221 2574; x_wconf 83' lang='lat' dir='ltr'>tionis</span> <span class='ocrx_word' id='word_1_645' title='bbox 1248 2537 1444 2583; x_wconf 73' lang='lat' dir='ltr'>praecipui,</span> <span class='ocrx_word' id='word_1_646' title='bbox 1471 2537 1616 2569; x_wconf 81' lang='lat' dir='ltr'>suerunt</span> <span class='ocrx_word' id='word_1_647' title='bbox 1641 2535 1837 2581; x_wconf 83' lang='lat' dir='ltr'>tyrannici,</span> <span class='ocrx_word' id='word_1_648' title='bbox 1864 2534 1976 2577; x_wconf 85' lang='lat' dir='ltr'>ignari</span> <span class='ocrx_word' id='word_1_649' title='bbox 2002 2546 2105 2567; x_wconf 73' lang='lat' dir='ltr'>verae</span> 
     </span>
     <span class='ocr_line' id='line_1_54' title="bbox 69 2585 2105 2630; baseline -0.003 -8"><span class='ocrx_word' id='word_1_650' title='bbox 69 2597 126 2624; x_wconf 87' lang='lat' dir='ltr'>net</span> <span class='ocrx_word' id='word_1_651' title='bbox 144 2603 249 2630; x_wconf 77' lang='lat' dir='ltr'>super</span> <span class='ocrx_word' id='word_1_652' title='bbox 265 2603 357 2624; x_wconf 89' lang='lat' dir='ltr'>eum.</span> <span class='ocrx_word' id='word_1_653' title='bbox 1112 2591 1315 2629; x_wconf 87' lang='lat' dir='ltr'>doctrinae,</span> <span class='ocrx_word' id='word_1_654' title='bbox 1350 2598 1507 2630; x_wconf 84' lang='lat' dir='ltr'>rapaces,</span> <span class='ocrx_word' id='word_1_655' title='bbox 1546 2587 1760 2629; x_wconf 82' lang='lat' dir='ltr'>negligentes</span> <span class='ocrx_word' id='word_1_656' title='bbox 1786 2586 1822 2619; x_wconf 88' lang='lat' dir='ltr'>in</span> <span class='ocrx_word' id='word_1_657' title='bbox 1847 2585 2105 2621; x_wconf 75' lang='lat' dir='ltr'>iurisdictione,</span> 
     </span>
    </p>

    <p class='ocr_par' dir='ltr' id='par_1_8' title="bbox 70 2636 2108 2737">
     <span class='ocr_line' id='line_1_55' title="bbox 171 2636 2103 2685; baseline -0.003 -12"><span class='ocrx_word' id='word_1_658' title='bbox 171 2639 266 2674; x_wconf 85' lang='lat' dir='ltr'>Haec</span> <span class='ocrx_word' id='word_1_659' title='bbox 289 2641 317 2674; x_wconf 90' lang='lat' dir='ltr'>si</span> <span class='ocrx_word' id='word_1_660' title='bbox 343 2641 470 2683; x_wconf 78' lang='lat' dir='ltr'>cogitet</span> <span class='ocrx_word' id='word_1_661' title='bbox 498 2642 552 2685; x_wconf 86' lang='lat' dir='ltr'>pia</span> <span class='ocrx_word' id='word_1_662' title='bbox 581 2651 699 2681; x_wconf 88' lang='lat' dir='ltr'>mens,</span> <span class='ocrx_word' id='word_1_663' title='bbox 734 2641 815 2674; x_wconf 82' lang='lat' dir='ltr'>satis</span> <span class='ocrx_word' id='word_1_664' title='bbox 841 2642 1061 2685; x_wconf 87' lang='lat' dir='ltr'>praemunita</span> <span class='ocrx_word' id='word_1_665' title='bbox 1113 2650 1172 2676; x_wconf 81' lang='lat' dir='ltr'>aut</span> <span class='ocrx_word' id='word_1_666' title='bbox 1198 2642 1301 2674; x_wconf 83' lang='lat' dir='ltr'>etiam</span> <span class='ocrx_word' id='word_1_667' title='bbox 1324 2637 1458 2671; x_wconf 85' lang='lat' dir='ltr'>iniusti.</span> <span class='ocrx_word' id='word_1_668' title='bbox 1511 2637 1615 2670; x_wconf 88' lang='lat' dir='ltr'>Tales</span> <span class='ocrx_word' id='word_1_669' title='bbox 1642 2638 1784 2671; x_wconf 83' lang='lat' dir='ltr'>fuerunt</span> <span class='ocrx_word' id='word_1_670' title='bbox 1802 2636 1998 2676; x_wconf 70' lang='lat' dir='ltr'>Hircanus,</span> <span class='ocrx_word' id='word_1_671' title='bbox 2027 2637 2103 2669; x_wconf 78' lang='lat' dir='ltr'>An-</span> 
     </span>
     <span class='ocr_line' id='line_1_56' title="bbox 70 2675 2108 2737; baseline -0.002 -13"><span class='ocrx_word' id='word_1_672' title='bbox 70 2691 135 2724; x_wconf 84' lang='lat' dir='ltr'>erit</span> <span class='ocrx_word' id='word_1_673' title='bbox 153 2694 320 2725; x_wconf 71' lang='lat' dir='ltr'>adxersus</span> <span class='ocrx_word' id='word_1_674' title='bbox 336 2690 534 2727; x_wconf 79' lang='lat' dir='ltr'>Mahometi</span> <span class='ocrx_word' id='word_1_675' title='bbox 553 2694 709 2732; x_wconf 76' lang='lat' dir='ltr'>furores,</span> <span class='ocrx_word' id='word_1_676' title='bbox 738 2691 800 2737; x_wconf 86' lang='lat' dir='ltr'>qui</span> <span class='ocrx_word' id='word_1_677' title='bbox 821 2691 1062 2726; x_wconf 80' lang='lat' dir='ltr'>totumEvan-</span> <span class='ocrx_word' id='word_1_678' title='bbox 1083 2675 1089 2736; x_wconf 93' lang='grc' dir='ltr'>Ι</span> <span class='ocrx_word' id='word_1_679' title='bbox 1114 2704 1195 2734; x_wconf 79' lang='lat' dir='ltr'>nas,</span> <span class='ocrx_word' id='word_1_680' title='bbox 1220 2688 1388 2736; x_wconf 86' lang='lat' dir='ltr'>Caiphas.</span> <span class='ocrx_word' id='word_1_681' title='bbox 1441 2688 1562 2734; x_wconf 82' lang='lat' dir='ltr'>Neque</span> <span class='ocrx_word' id='word_1_682' title='bbox 1580 2695 1696 2722; x_wconf 84' lang='lat' dir='ltr'>tamen</span> <span class='ocrx_word' id='word_1_683' title='bbox 1716 2689 1874 2728; x_wconf 85' lang='lat' dir='ltr'>Simeon,</span> <span class='ocrx_word' id='word_1_684' title='bbox 1902 2686 2108 2733; x_wconf 43' lang='lat' dir='ltr'>Zachariass</span> 
     </span>
    </p>
   </div>
   <div class='ocr_carea' id='block_1_8' title="bbox 1085 2492 1088 2572">
    <p class='ocr_par' dir='ltr' id='par_1_9' title="bbox 1085 2492 1088 2572">
     <span class='ocr_line' id='line_1_57' title="bbox 1085 2492 1088 2572; baseline 0 0"><span class='ocrx_word' id='word_1_685' title='bbox 1085 2492 1088 2572; x_wconf 95' lang='lat' dir='ltr'> </span> 
     </span>
    </p>
   </div>
   <div class='ocr_carea' id='block_1_9' title="bbox 1084 2573 1088 2672">
    <p class='ocr_par' dir='ltr' id='par_1_10' title="bbox 1084 2573 1088 2672">
     <span class='ocr_line' id='line_1_58' title="bbox 1084 2573 1088 2672; baseline 0 276"><span class='ocrx_word' id='word_1_686' title='bbox 1084 2573 1088 2672; x_wconf 95' lang='lat' dir='ltr'> </span> 
     </span>
    </p>
   </div>
  </div>
 </body>
</html>
