2379 2948
199 111 293 146 1395

793 106 915 141 PHIL.
943 104 1058 142 MEL.
1087 103 1298 141 SCRIPTA
1325 103 1624 140 EXEGETICA.

2122 105 2219 141 1396

195 198 313 231 sertim
339 197 432 241 apud
461 196 535 240 pios
562 195 621 239 qui
648 204 720 226 non
745 189 877 226 habent
896 199 1031 225 mentes
1049 191 1181 225 carnali
1207 204 1211 226 t
1233 191 1516 234 damnationem,
1545 191 1601 223 sed
1627 196 1743 223 tamen
1770 197 1949 236 utcunque
1972 201 2007 223 se
2032 192 2099 224 fide
2115 198 2146 225 et
2162 193 2218 224 in-

195 249 380 281 securitate
404 248 535 285 ebrias,
563 246 621 277 sed
647 244 764 288 aliqua
785 244 975 277 certamina
994 244 1181 286 experiun-

196 308 251 332 tur
270 310 438 343 pavorum
457 304 488 330 et
506 296 597 328 fidei.

247 399 346 446 Quia
371 397 523 431 inclinat
546 407 670 430 aurem
695 407 801 429 suam
823 391 936 436 mihi,
964 399 993 428 et
1013 392 1181 428 omnibus

300 448 425 483 diebus
446 447 633 482 invocabv.

297 526 475 571 Repetitio
507 532 555 558 est
587 523 777 567 superioris
809 522 1020 561 sententiae,
1056 521 1210 564 ampli—⁴·

195 580 292 612 ficata
308 578 449 611 effectu:
479 575 626 610 Gaudeo
642 587 695 607 me
709 574 880 607 exaudiri.
936 572 1006 604 lam
1024 570 1081 604 hic
1098 584 1182 604 con-

196 631 349 663 siderent
370 628 438 671 pii,
466 627 580 672 qualis
597 632 714 658 motus
733 625 775 657 sit
792 625 895 661 fides,
925 623 1026 656 toties
1045 620 1109 654 hoc
1127 622 1182 654 in-

196 681 364 724 geminat:
395 678 543 711 Gaudeo
568 689 621 709 me
647 675 816 709 exaudiri.
873 673 1104 717 Inspiciamus
1120 685 1183 705 au-

196 739 265 765 tem
291 737 425 763 mentes
449 735 604 766 nostras,
633 734 665 760 et
686 738 758 759 sese
782 726 973 767 interroget
991 724 1182 767 unusquis-

196 794 284 827 que,
312 793 355 813 an
381 786 507 813 statuat
530 778 655 821 respici
678 788 756 810 suas
776 787 911 818 preces,
939 774 1066 807 deinde
1083 786 1126 806 an
1147 774 1183 806 in

196 832 447 866 afflictionibus
470 830 579 873 possit
602 840 636 860 se
660 827 853 865 consolari,
883 832 914 858 et
932 825 1116 871 concipere
1135 825 1183 857 le-

196 884 374 917 vationem
406 888 438 913 et
468 879 635 922 gaudium
667 890 706 910 ex
734 875 797 909 hac
821 888 880 920 spe
908 876 1030 909 auxilii
1056 875 1181 908 divini.

195 932 401 978 Epicureis,
435 929 673 968 Academicis,
709 926 828 965 Sauli,
862 927 946 959 tales
972 926 1183 959 consolatio-

196 997 257 1018 nes
283 993 426 1027 prorsus
449 982 588 1024 ignotae
613 985 706 1013 sunt.
760 977 961 1018 Dubitant,
995 989 1058 1009 nec
1084 976 1184 1009 inve-

195 1036 272 1068 nire
290 1034 404 1067 Deum
430 1037 594 1076 possunt,
623 1037 657 1063 et
675 1027 759 1062 haec
776 1029 950 1062 dubitatio
971 1034 1071 1070 auget
1086 1039 1184 1059 moe-

197 1097 335 1125 rorem,
372 1083 598 1116 considerant
628 1079 815 1113 dissimiles
844 1079 994 1111 aliorum
1028 1085 1185 1119 eventus,

196 1145 227 1171 et
250 1136 407 1169 iudicant
426 1145 460 1167 se
478 1132 630 1166 abiectos
648 1143 719 1164 esse
736 1142 752 1162 a
770 1129 844 1163 Deo
857 1157 866 1170 ,
894 1130 1095 1162 irascuntur
1112 1129 1184 1161 dis-

196 1187 371 1221 similibus
384 1184 522 1218 iudiciis
533 1181 610 1220 Dei,
635 1181 890 1224 extinguuntur
902 1181 1034 1215 dolore.
1089 1179 1184 1212 Haec

196 1240 242 1272 ita
261 1237 332 1281 geri
352 1242 498 1269 testatur
516 1232 742 1278 experientia.

299 1287 366 1322 Sed
393 1297 457 1319 nos
481 1285 656 1318 discamus
674 1281 764 1316 hanc
783 1282 1040 1315 dubitationem
1060 1281 1184 1324 displi-

196 1352 271 1374 cere
290 1339 382 1378 Deo,
410 1344 443 1370 et
460 1335 636 1380 postulare
653 1332 785 1373 Deum,
812 1339 849 1365 ut
866 1334 1048 1365 credamus
1066 1330 1184 1365 Evan-

196 1391 285 1434 gelio
302 1386 520 1433 promittenti
539 1385 676 1418 veniam
688 1411 696 1425 ,
723 1382 770 1417 Et
787 1381 851 1416 hac
866 1383 933 1416 fide
951 1395 1185 1427 repugnemus

196 1440 349 1474 naturali
381 1436 615 1476 dubitationi,
646 1442 680 1468 et
707 1435 882 1468 discamus
914 1446 993 1466 vere
1024 1440 1186 1473 statuere,

197 1493 291 1537 quod
311 1489 405 1523 Deus
424 1487 604 1531 respiciat,
632 1485 792 1529 recipiat,
820 1491 850 1517 et
869 1484 1031 1517 exaudiat
1050 1491 1185 1517 nostras

195 1552 325 1587 preces».
381 1539 479 1572 Sicut
503 1545 536 1571 et
558 1536 705 1570 Iacobus
729 1535 831 1568 dixit:
861 1534 1020 1568 Postulet
1043 1535 1080 1566 in
1106 1535 1185 1574 fide,

195 1591 287 1626 nihil
306 1589 493 1624 haesitans,
545 1586 592 1620 Et
609 1587 650 1618 ad
669 1584 841 1619 Ebraeos:
873 1583 1091 1617 Accedamus
1106 1597 1184 1617 cum

196 1642 335 1676 fiducia.
390 1639 441 1673 lta
474 1637 530 1671 hic
564 1637 723 1670 adfirmat
745 1634 922 1678 Propheta
953 1635 1111 1668 exaudiri
1135 1647 1184 1667 se:

196 1692 364 1727 Inclinat
384 1689 490 1724 Deus
507 1700 632 1722 aurem
649 1699 757 1719 suam
776 1683 879 1719 mihi.

297 1742 434 1775 Deinde
460 1741 556 1773 addit
578 1740 621 1771 de
647 1738 790 1770 effectu:
826 1735 974 1783 Semper
999 1735 1186 1776 invocabo,

197 1795 294 1842 quasi
320 1794 429 1833 dicat,
455 1790 543 1825 Cum
570 1796 701 1822 certum
725 1789 769 1821 sit
786 1787 900 1821 Deum
918 1788 1074 1830 flagitare
1092 1785 1187 1819 bunc

198 1847 350 1885 cultum,
391 1850 424 1876 ct
460 1840 624 1874 exaudire
655 1839 877 1879 invocantes,
921 1850 993 1871 non
1029 1838 1185 1871 desinam

198 1903 372 1941 praestare
403 1891 471 1926 hoc
502 1891 679 1930 officium,
724 1901 795 1922 non
828 1889 986 1921 desinam
1019 1901 1187 1934 quaerere
1212 1918 1214 1924 ,

269 1959 282 1979 S
308 1945 476 1979 ldfionem
524 1954 587 1974 nec
610 1941 767 1974 desinam
785 1940 961 1973 celebrare
979 1937 1063 1972 [mec
1080 1940 1168 1972 bem,
1212 1925 1214 1932 ¹
1241 1920 1410 1953 terrores,
1438 1913 1505 1946 nisi
1532 1915 1671 1947 interim
1697 1915 1845 1948 retineat
1865 1915 2019 1959 aliquam
2038 1914 2227 1947 scintillam

199 1960 264 1981 con
286 1960 305 1979 o
326 1959 331 1964 ’
489 1969 498 1986 ,
1006 1962 1013 1972 t
1171 1961 1186 1965 -
1212 1969 1214 1973 ,

1212 1979 1214 1985 ¹
1241 1965 1340 2005 fidei,
1375 1965 1574 2009 quaerentis
1606 1965 1854 2008 promissiones
1883 1964 2162 2005 misericordiae,
2197 1971 2230 1997 et

199 1999 293 2038 ficia,
320 2009 358 2029 ac
384 1996 507 2028 docere
535 1994 577 2025 de
603 1992 693 2024 veris
716 1991 885 2025 cultibus:
922 2003 1002 2023 nam
1027 1997 1059 2023 et
1085 1991 1187 2023 iuvo-

200 2050 373 2083 cationetn
410 2052 442 2078 et
483 2042 777 2089 praedicationem
816 2042 1070 2086 complectitur.
1142 2039 1186 2074 Et

200 2098 290 2133 hanc
311 2096 519 2131 sententiam
539 2093 724 2137 aliquoties
741 2099 886 2136 repetet:
916 2091 1078 2133 Credidi,
1105 2104 1187 2136 pro-

201 2158 277 2195 pter
294 2149 387 2194 quod
406 2148 552 2192 loquor,
579 2144 728 2184 invoco,
757 2143 931 2187 praedico.

252 2246 576 2285 Circumdederunt
608 2256 661 2278 me
683 2244 799 2293 funes
828 2242 976 2282 mortis,
1011 2248 1041 2276 el
1069 2256 1190 2289 angu-

306 2300 400 2335 stiae
423 2297 566 2347 inferni
588 2297 799 2330 invenerunt
816 2306 886 2334 me,
913 2292 1189 2328 tribulationem

306 2357 335 2386 et
351 2362 518 2399 pavorem
539 2346 672 2382 inveni.

257 2402 309 2436 Et
328 2413 455 2436 nomen
475 2398 632 2433 Domini
650 2396 841 2435 invocabo,
871 2395 1014 2430 obsecro
1036 2394 1191 2429 Domine

309 2453 401 2500 eripe
418 2451 584 2485 animam
604 2461 733 2484 meam.

310 2530 471 2563 Narratio
502 2534 552 2560 est
582 2526 700 2560 addita
724 2524 979 2568 propositioni,
1014 2535 1192 2568 exponens
1217 2537 1218 2542 ¹

210 2581 487 2625 magnitudinem
505 2577 665 2622 periculi.
717 2575 849 2620 Estque
862 2575 1053 2608 admodum
1070 2573 1191 2618 pathe-

210 2634 295 2672 tica,
321 2630 521 2664 describens
537 2640 609 2660 non
627 2627 805 2669 vulgarem
825 2638 971 2669 agonem
987 2625 1098 2659 animi
1113 2637 1192 2658 sen-

209 2683 327 2719 tientis
358 2681 446 2714 iram
476 2677 558 2719 Dei,
590 2691 629 2712 ac
660 2689 746 2722 pene
778 2677 913 2711 ruentis
942 2677 979 2709 in
1011 2683 1189 2710 aeternam

1233 242 1417 274 vocatione
1433 241 1669 275 sustentantis.
1711 240 1791 274 Non
1812 243 1970 274 omnium
1988 242 2119 275 similes
2138 249 2219 276 sunt

1233 293 1366 331 luctae,
1393 293 1451 324 sed
1479 298 1593 324 tamen
1614 304 1735 324 omnes
1754 292 1802 336 pii
1821 299 2025 325 exercentur
2040 292 2218 336 aliquibus

1234 343 1416 375 doloribus
1433 342 1467 374 in
1485 342 1712 386 poenitentia.
1766 341 1812 375 Et
1828 343 1996 375 accedunt
2010 342 2130 375 multis
2147 355 2217 375 non

1234 393 1327 426 leves
1354 405 1489 425 morsus
1514 393 1665 433 diaboli,
1693 394 1752 438 qui
1778 400 1850 426 arte
1874 394 1973 426 novit
1990 400 2142 426 evertere
2163 393 2219 425 in-

1235 450 1372 483 cautos,
1407 451 1439 477 et
1469 444 1517 476 sic
1547 444 1659 486 infigit
1686 445 1806 478 dentes
1831 444 2024 476 virulentos
2049 444 2220 476 calcaneis

1235 494 1394 537 piorum,
1438 500 1476 528 ut
1510 495 1654 527 vulnera
1691 508 1761 527 non
1795 495 1896 527 facile
1926 494 2040 527 curari
2075 496 2220 537 possint.

1236 543 1418 587 Quantum
1446 545 1574 577 vulnus
1598 546 1678 579 fecit
1703 544 1801 578 Adae
1828 546 1963 578 facinus
1986 543 2092 585 Cain,
2122 557 2220 588 prae-

1236 596 1356 628 sertim
1386 608 1463 627 cum
1497 596 1663 638 cogitaret
1694 608 1796 629 suum
1823 597 1958 640 lapsum
1986 607 2123 628 causam
2149 607 2220 628 esse

1236 646 1359 679 talium
1385 646 1557 678 malorum
1585 647 1797 682 futurorum.
1858 646 1956 679 Talis
1982 646 2219 680 consternatio

1236 697 1346 729 animi
1375 697 1549 741 sequitur,
1587 709 1665 729 cum
1695 697 1864 731 sentimus
1889 710 1928 730 ex
1953 697 2072 741 aliquo
2100 703 2219 729 nostro

1237 754 1376 791 peccato
1397 754 1455 780 aut
1481 759 1598 780 errore
1618 755 1692 780 orta
1711 759 1781 780 esse
1800 748 1953 790 ingentia
1974 747 2112 791 publica
2130 747 2221 780 mala

1237 805 1294 831 aut
1320 798 1500 838 scandala,
1528 805 1564 831 ut
1590 810 1628 831 ex
1646 797 1838 831 Monetarii
1864 811 1980 831 errore
2001 805 2074 831 orta
2100 805 2148 831 est
2168 809 2221 830 se—

1237 849 1324 883 ditio
1344 848 1584 882 Rusticorum.
1637 848 1695 882 Sic
1718 860 1819 892 saepe
1838 850 1999 883 adferunt
2019 849 2123 882 etiam
2142 860 2222 881 san-

1237 900 1299 932 ctis
1323 896 1511 932 horribiles
1530 899 1723 940 cruciatus,
1751 911 1822 932 non
1838 900 1952 932 solum
1970 899 2077 933 alieni
2096 900 2223 943 lapsus,

1237 951 1296 983 sed
1318 950 1419 982 etiam
1441 951 1585 994 proprii.

1339 999 1380 1033 In
1405 998 1459 1033 his
1483 1002 1665 1034 doloribus
1690 1014 1761 1034 non
1789 1008 1923 1035 tantum
1950 1001 2126 1035 cruciatur
2144 1000 2222 1034 ani-

1238 1063 1314 1085 mus
1341 1059 1528 1095 conspectu
1555 1053 1790 1096 corporalium
1817 1053 2008 1093 malorum,
2043 1052 2101 1085 sed
2125 1052 2223 1095 agni-

1238 1103 1334 1135 tione
1350 1102 1420 1134 irae
1430 1101 1494 1135 Dei
1508 1130 1516 1142 ,
1543 1110 1704 1137 aeternae
1721 1103 1978 1143 damnationis,
2004 1103 2131 1145 cogitat
2146 1102 2224 1135 ani·

1238 1166 1294 1186 mo
1313 1154 1433 1186 ruinas
1453 1154 1621 1195 aliorum,
1649 1162 1682 1188 et
1699 1161 1879 1187 secuturos
1896 1165 2031 1187 errores
2049 1154 2090 1186 ad
2110 1159 2224 1197 poste-

1238 1204 1376 1237 ritatem
1444 1203 1579 1247 Cogitat
1602 1218 1706 1250 quam
1726 1205 1891 1238 miserum
1910 1206 1971 1243 sit,
2000 1216 2071 1237 esse
2087 1215 2148 1236 vas
2164 1215 2224 1236 seu

1237 1266 1407 1297 organum
1441 1254 1528 1296 irae,
1561 1268 1632 1288 non
1663 1257 1794 1288 servire
1825 1256 1945 1298 generi
1977 1253 2133 1288 humano
2165 1260 2226 1287 aut

1239 1304 1312 1338 Deo
1339 1306 1379 1338 ad
1406 1305 1516 1346 bona,
1544 1307 1602 1339 sed
1630 1307 1666 1339 in
1693 1307 1869 1347 consiliis,
1898 1307 1933 1338 in
1958 1306 2110 1349 negociis
2133 1302 2226 1338 trahi

1238 1363 1405 1401 tanquam
1431 1357 1581 1400 quadam
1606 1364 1809 1400 tempestate
1832 1364 1952 1390 contra
1972 1356 2105 1396 Deum,
2131 1362 2163 1389 et
2181 1356 2224 1388 ad

1239 1407 1392 1439 infelicia
1419 1408 1581 1449 negocia:
1608 1408 1695 1440 sicut
1717 1407 1833 1440 Saulis
1858 1407 2003 1440 consilia
2026 1413 2057 1440 et
2082 1406 2226 1449 negocia

1239 1458 1380 1490 tandem
1407 1464 1506 1490 erant
1530 1458 1639 1501 impia
1663 1465 1694 1491 et
1717 1458 1882 1492 infelicia.
1936 1456 2026 1491 Cum
2045 1455 2129 1489 haec
2149 1456 2227 1489 ani—

1239 1519 1315 1540 mus
1335 1507 1413 1550 pius
1431 1508 1546 1551 aliqua
1565 1520 1604 1540 ex
1625 1515 1721 1551 parte
1737 1508 1803 1540 sibi
1820 1508 1975 1541 accidere
1994 1507 2116 1548 sentit,
2144 1504 2228 1540 binc

1239 1559 1404 1590 oriuntur
1433 1570 1580 1601 pavores
1612 1559 1671 1603 qui
1699 1559 1809 1591 nullis
1832 1558 1945 1591 verbis
1971 1557 2121 1591 describi
2147 1570 2227 1602 pos-

1239 1615 1339 1649 sunt,
1372 1615 1405 1641 et
1430 1616 1512 1642 sunt
1536 1616 1656 1652 gustus
1680 1610 1822 1654 quidam
1848 1616 2070 1643 aeternorum
2093 1609 2229 1642 crucia-

1239 1667 1356 1699 tuum,
1386 1665 1418 1692 et
1442 1660 1542 1702 fugae
1567 1667 1738 1693 aeternae.
1789 1659 1865 1692 Hos
1889 1661 2030 1693 dolores
2054 1657 2111 1692 hic
2127 1666 2227 1693 vocat

1240 1711 1441 1753 infernum,
1470 1717 1502 1743 et
1526 1711 1627 1743 funes
1651 1711 1793 1751 mortis,
1820 1723 1908 1756 quos
1934 1722 2032 1755 saepe
2056 1710 2141 1743 alias
2164 1710 2226 1743 de-

1239 1761 1377 1802 scribit,
1405 1768 1444 1794 ut
1468 1761 1504 1793 in
1529 1760 1687 1795 Psalmo:
1717 1760 1869 1795 Domine
1893 1774 1937 1794 ne
1961 1762 1998 1794 in
2023 1761 2143 1794 furore
2167 1768 2227 1795 tuo

1240 1823 1364 1855 arguas
1383 1824 1458 1852 me,
1486 1819 1548 1844 etc.

1345 1862 1455 1895 Nemo
1480 1870 1594 1896 autem
1618 1870 1729 1907 potest
1753 1864 1814 1897 diu
1838 1863 2010 1897 sustinere
2032 1860 2096 1896 hos
2113 1869 2229 1896 tantos

1241 2022 1421 2060 utcunque
1448 2016 1580 2058 gemitu
1612 2016 1842 2049 inenarrabili
1874 2015 2044 2048 auxilium
2071 2013 2135 2048 Dei
2162 2015 2228 2047 im-

1241 2066 1425 2110 plorantis.
1479 2065 1536 2099 Sic
1553 2065 1685 2106 Adam,
1714 2065 1828 2099 David
1846 2078 1917 2098 non
1938 2066 2131 2109 potuissent
2149 2077 2230 2099 suas

1242 2128 1429 2149 aerumnas
1453 2117 1622 2158 tolerare,
1653 2119 1710 2150 sed
1737 2117 1958 2161 abrupissent
1980 2117 2107 2157 vitam,
2140 2116 2230 2150 sicut

1244 2167 1366 2206 Iudas,
1395 2165 1589 2211 Abitophet
1617 2175 1648 2201 et
1670 2168 1812 2202 similes.
1866 2166 1913 2201 Et
1937 2173 2086 2212 quantos
2111 2167 2228 2201 existi-

1242 2230 1379 2251 mamus
1402 2218 1506 2251 fuisse
1526 2219 1698 2252 cruciatus
1714 2216 1866 2253 Christi.
1895 2230 1973 2251 cum
1992 2219 2133 2252 sudaret
2148 2230 2228 2251 san-

1243 2269 1397 2313 guinem.
1435 2268 1570 2302 Tantos
1588 2276 1701 2303 motus
1717 2281 1820 2302 nemo
1840 2267 2024 2301 bominum
2040 2269 2129 2302 alius
2139 2269 2230 2302 ferre

1245 2320 1423 2364 potuisset.
1467 2319 1534 2354 Sed
1555 2321 1638 2353 tales
1656 2320 1797 2352 interim
1815 2326 2065 2360 sustentantur,
2090 2326 2129 2353 ut
2144 2319 2229 2358 dixi,

1244 2371 1362 2416 aliquo
1386 2371 1545 2416 quamvis
1570 2372 1718 2404 obscuro
1745 2378 1840 2405 motu
1866 2371 1947 2403 fidei
1968 2371 2132 2404 luctantis
2149 2382 2229 2404 cum

1245 2422 1446 2466 pavoribus.

1346 2472 1447 2505 Hanc
1470 2473 1597 2505 luctam
1623 2479 1653 2505 et
1681 2472 1938 2505 invocationem
1962 2472 2060 2506 addit
2084 2470 2158 2512 hic,
2197 2478 2230 2505 et

1245 2525 1317 2568 ipsa
1352 2523 1559 2567 repetitione.
1585 2524 1729 2556 modum
1756 2524 1956 2557 certaniinis
1981 2523 2099 2567 aliquo
2123 2523 2228 2555 modo

1245 2575 1432 2618 significat,
1465 2574 1545 2618 quia
1571 2575 1663 2606 vices
1686 2580 1767 2607 sunt
1791 2582 1984 2615 terrorum,
2012 2580 2043 2606 et
2068 2573 2147 2605 fidei
2174 2573 2230 2606 in-

1246 2625 1402 2658 vocantis
1422 2633 1452 2657 et
1471 2625 1669 2669 quaerentis
1688 2625 1973 2658 consolationem.
2027 2623 2110 2656 Ideo
2129 2624 2230 2657 toties

1247 2677 1366 2710 eadem
1384 2677 1522 2720 repetit:
1553 2674 1728 2709 Invocabo
1747 2687 1875 2709 nomen
1888 2674 2043 2716 Domini,
2071 2672 2229 2708 Obsecro
