2379 2948
224 98 315 134 1231

222 181 314 216 dicio
329 178 468 223 corripe
488 188 542 209 me
559 185 630 207 non
650 172 687 206 in
705 171 841 210 furore,
858 181 902 202 ne
919 169 960 202 ad
982 165 1137 202 nihilum
1157 178 1212 199 re—

223 234 321 276 digas
341 242 407 265 me.
461 226 508 261 Et
525 225 706 259 Habacuc:
726 222 766 255 In
784 222 834 254 ira
853 219 1114 254 misericordiae
1133 225 1212 251 tuae

226 282 432 318 recorderis.
472 279 575 311 item:
601 275 639 309 Si
660 273 862 318 iniquitates
881 270 1123 304 observaveris
1141 267 1213 301 Do-

225 335 341 373 mine,
370 329 521 364 Domine
541 327 620 374 quis
639 323 848 358 sustinebit?

330 381 381 415 Et
407 377 589 414 &vallabit
616 374 749 421 lingua
780 385 859 407 mea
889 369 1074 406 iusticiam
1103 373 1215 409 luam,

229 436 264 468 id
290 442 360 474 est,
388 431 572 466 celebrabo
596 436 649 466 te,
678 427 774 472 quod
798 432 836 459 tu
860 425 906 458 sis
929 424 1039 457 iustus
1057 429 1090 455 et
1114 420 1215 453 iusti-

228 487 345 520 ficans.
398 483 551 516 Fatebor
573 487 606 514 te
631 479 783 512 iudicem
808 488 898 514 esse,
927 482 959 507 et
984 474 1109 517 punire
1135 483 1214 516 pec—

230 544 314 571 cata.
369 534 543 567 Testabor
567 531 669 564 etiam
693 540 754 561 nos
774 540 836 572 per
853 525 1128 560 misericordiam
1148 535 1166 555 a
1185 529 1217 555 te

229 587 358 631 recipi,
386 593 419 619 et
443 582 643 621 iustificari,
678 587 709 613 et
732 586 763 612 te
787 578 992 611 iustificante
1019 586 1081 607 nos
1108 573 1218 606 iustos

231 650 322 678 esse,
350 648 421 669 non
441 640 584 679 propter
608 633 718 673 legem
745 638 805 664 aut
824 636 979 662 nostram
999 625 1219 667 dignitatem.

330 685 494 721 Domine
513 683 617 717 labia
634 694 713 715 mea
731 680 880 728 aperies.
908 678 1051 725 Repetit
1067 676 1218 708 mentio-

231 751 311 774 nem
331 736 576 783 gratitudinis,
604 735 646 767 de
670 745 737 778 qua
759 732 865 769 dixit,
893 742 927 763 se
944 734 1219 773 propagaturum

233 802 305 825 esse
331 789 546 824 doctrinam:
582 786 728 818 Docebo
754 783 896 826 iniquos
920 781 993 812 vias
1026 787 1122 819 tuas,
1159 786 1220 810 etc.

232 841 323 876 Nam
343 839 401 874 hic
419 840 521 872 debet
540 848 611 870 esse
630 833 834 880 principalis
851 831 931 864 finis
950 830 1110 864 omnium
1130 829 1221 861 libe-

233 892 425 933 rationum,
454 896 492 922 ut
509 887 619 932 erepti
635 884 837 930 superstites
854 883 926 916 sint
943 889 1043 915 testes
1062 882 1104 913 de
1123 892 1222 924 prae-

232 942 344 978 sentia
360 941 447 979 Dei,
481 947 515 973 et
538 939 648 972 sciant
675 948 710 969 se
728 941 882 968 servatos
901 945 990 971 esse,
1019 939 1058 966 ut
1081 931 1152 964 sint
1168 942 1223 964 re-

233 993 323 1039 liqui
352 994 513 1026 doctores
541 987 736 1024 Ecclesiae,
780 992 813 1019 et
844 985 1004 1018 doctrina
1035 989 1222 1026 propagata

235 1045 332 1080 Deus
349 1045 535 1076 invocetur
552 1047 584 1073 et
601 1039 814 1074 celebretur,
843 1036 937 1069 iuxta
955 1036 1109 1068 dixtum:
1139 1032 1221 1066 Non

235 1096 385 1135 moriar,
411 1094 470 1126 sed
504 1092 641 1130 vivam,
675 1096 708 1122 et
741 1087 893 1120 narrabo
925 1098 1030 1130 opera
1064 1083 1223 1117 Domini.

236 1147 306 1182 Sed
329 1152 368 1179 ut
393 1142 459 1178 hoc
482 1143 559 1182 fiat,
586 1148 619 1174 et
642 1141 700 1173 fiat
724 1138 890 1178 feliciter,
917 1148 1006 1182 opus
1029 1143 1078 1169 est
1093 1134 1224 1169 auxilio

236 1198 323 1237 Dei,
350 1196 440 1229 sicut
468 1193 583 1238 inquit
607 1191 800 1224 Dominus:
834 1189 908 1232 Ego
935 1200 1012 1222 sum
1037 1187 1137 1226 vitis,
1164 1197 1226 1219 vos

238 1248 411 1293 palmites.
466 1245 549 1278 Ideo
567 1243 654 1288 petit
678 1241 867 1279 auxillum,
896 1247 928 1274 et
949 1246 1046 1279 orat,
1074 1245 1113 1272 ut
1131 1236 1226 1270 Deus

237 1311 359 1332 vocem
378 1299 542 1331 docentes
558 1301 668 1337 regat,
685 1299 718 1326 et
737 1293 781 1326 sit
798 1292 916 1324 efficax
936 1303 996 1335 per
1012 1302 1098 1324 eam.
1133 1288 1226 1331 Quia

238 1346 322 1383 vero
345 1350 451 1382 etiam
483 1347 551 1380 alia
580 1352 661 1379 sunt
683 1344 782 1387 signa
813 1341 1060 1381 confessionis,
1096 1339 1227 1373 scilicet

239 1400 427 1438 sacrificia,
455 1410 536 1431 mox
558 1398 602 1429 de
625 1394 680 1429 his
700 1394 870 1439 loquitur.
925 1391 970 1426 Et
996 1392 1148 1436 primum
1172 1402 1228 1422 re-

239 1457 356 1485 movet
377 1450 480 1483 falsas
497 1447 740 1492 persuasiones
758 1446 800 1478 de
823 1443 1021 1486 sacrificiis,
1049 1449 1082 1475 et
1098 1441 1229 1474 discer-

240 1505 295 1536 nit
314 1500 481 1536 sacrificia
500 1497 747 1533 ceremonialia
766 1502 799 1529 et
816 1494 983 1528 sacrificia
1001 1492 1155 1537 spiritus.

349 1549 539 1597 Quoniam
577 1547 612 1580 si
643 1544 817 1579 voluisses
847 1542 1068 1589 sacrificium
1105 1540 1229 1575 darem

244 1603 385 1650 ulique,
413 1605 472 1636 etc.
526 1598 716 1642 Quomodo
737 1596 951 1629 conveniant
968 1593 1052 1627 haec
1072 1605 1151 1625 cum
1176 1594 1230 1625 lex

242 1652 461 1700 praeceperit
492 1649 678 1689 sacrificia,
712 1654 830 1680 tamen
853 1643 1031 1689 Propheta
1062 1641 1120 1676 hic
1146 1643 1232 1676 dicit

242 1704 457 1740 contrarium
473 1729 482 1742 ,
516 1700 679 1733 videlicet
702 1697 816 1731 Deum
841 1709 913 1730 non
938 1696 1028 1729 velle
1050 1694 1232 1734 sacrificia,

243 1769 308 1790 nec
330 1753 494 1788 delectari
521 1750 750 1789 holocausto,
778 1760 899 1782 rursus
921 1760 1002 1780 mox
1027 1746 1100 1790 ipse
1118 1745 1231 1778 addit:

243 1808 432 1852 Imponent
455 1815 559 1847 super
591 1803 699 1835 altare
723 1808 824 1834 tuum
844 1799 985 1834 vitulos,
1046 1795 1142 1829 Haec
1167 1808 1232 1841 pu-

244 1870 352 1903 gnare
371 1857 462 1890 inter
483 1866 517 1887 se
533 1854 710 1886 videntur.

346 1906 569 1951 Respondeo.
599 1903 734 1938 Usitata
752 1909 786 1935 et
801 1912 902 1944 saepe
917 1898 1063 1946 repetita
1080 1905 1129 1932 est
1147 1895 1233 1930 haec

246 1959 428 1998 doctrina,
456 1958 555 1989 cuius
580 1953 666 1988 haec
691 1961 742 1987 est
766 1953 879 1997 prima
897 1949 1109 1994 propositio:
1137 1948 1233 1982 Deus

246 2022 319 2044 non
335 2009 412 2041 vult
434 2005 519 2039 haec
538 2005 704 2038 sacrificia
724 2017 802 2037 cum
825 2002 1016 2047 opinione,
1044 2001 1138 2045 quod
1163 1999 1234 2033 sint

247 2061 362 2096 cultus
382 2071 420 2091 ex
438 2068 541 2100 opere
559 2062 718 2099 operatO,
746 2061 806 2087 aut
829 2054 924 2097 quod
951 2059 1153 2085 mereantur
1178 2063 1233 2083 re—

246 2111 450 2146 missionem
467 2113 702 2151 peccatorum.
756 2103 933 2137 Usitatum
958 2110 1008 2136 est
1028 2109 1143 2136 autem
1168 2099 1233 2134 ho-

247 2163 362 2197 mines
379 2159 495 2193 delabi
513 2158 549 2190 in
567 2155 657 2190 banc
676 2154 901 2199 opinionem,
931 2160 963 2186 et
985 2152 1050 2186 hac
1066 2154 1234 2197 supersti-

248 2214 346 2247 tione
370 2210 549 2245 cumulare
581 2207 764 2247 sacrificia,
800 2212 838 2238 ut
863 2211 980 2249 postea
1007 2204 1045 2236 in
1071 2203 1234 2249 profana·
1260 2237 1262 2247 <

249 2265 346 2299 tione
362 2262 553 2295 Missarum
577 2258 714 2292 accidit.
766 2255 868 2289 Hanc
886 2254 1099 2298 impietatem
1116 2261 1235 2288 taxant

248 2315 375 2360 passim
396 2309 610 2355 Prophetae,
629 2316 667 2342 ut
684 2307 867 2341 Psal.49.:
896 2305 1067 2350 Nunquid
1084 2307 1235 2338 mandu-
1261 2319 1263 2329 =

756 2357 803 2392 Et
819 2356 944 2391 Esaiae
964 2356 1040 2391 66.:
1070 2355 1143 2398 Qui
1162 2369 1235 2389 ma·
1262 2361 1263 2374 ³

252 2423 322 2449 ctat
340 2425 461 2459 pecus,
490 2412 586 2457 quasi
613 2411 673 2456 qui
699 2410 777 2443 cani
803 2409 985 2442 cerebrum
1003 2407 1136 2441 effodit.
1192 2405 1236 2440 Et
1262 2395 1264 2426 ἕ
1290 2389 1499 2437 Ρῆΐῑίωιᾜῃ
1530 2389 1696 2433 ⁰Peribu⁵
1733 2388 1885 2422 externis
1917 2401 2007 2434 quae
2036 2396 2118 2424 sunt
2150 2388 2278 2437 ἄλογα,

252 2465 451 2499 Hieremiae
477 2462 526 2498 7.:
556 2462 636 2495 Non
666 2461 824 2505 praecepi
858 2460 905 2493 eis
937 2460 979 2492 de
1013 2456 1237 2498 holocaustis,
1263 2477 1264 2492 ÷

254 2517 314 2550 sed
332 2514 398 2548 hoc
417 2513 597 2558 praecepi,
626 2513 745 2546 audite
761 2523 882 2544 vocem
899 2522 1012 2543 meam
1024 2537 1032 2551 ,
1049 2516 1081 2543 et
1099 2521 1157 2543 ero
1175 2522 1237 2542 vo-
1263 2523 1265 2527 ·

250 2367 336 2400 cabo
355 2375 475 2397 carnes
497 2362 703 2395 vitulorum.

255 2567 309 2600 his
326 2566 441 2605 Deus,
471 2572 502 2598 et
518 2576 580 2597 vos
598 2564 694 2596 eritis
713 2560 802 2596 mihi
819 2561 983 2607 populus.

358 2614 468 2649 Addit
489 2621 601 2647 autem
618 2611 795 2659 Propheta
807 2640 814 2653 ,
837 2613 927 2646 sicut
944 2610 1127 2652 Ieremias,
1150 2622 1238 2655 quae

255 2666 422 2703 sacrificia
445 2672 477 2699 et
500 2666 677 2710 quomodo
701 2665 877 2709 placeant:
906 2661 1039 2697 Audite
1053 2674 1122 2698 me.
1175 2660 1237 2696 Se-

818 83 944 120 PHIL.
971 81 1089 120 MEL.
1117 78 1325 117 SCRIPTA
1351 76 1653 114 EXEGETICA.

1255 1371 1256 1374 ¹
1282 1355 1326 1387 ad
1345 1353 1537 1387 contritum
1564 1352 1738 1397 spiritum.

2161 80 2257 116 1232

1267 165 1391 210 quitur
1408 174 1489 207 ergo
1515 163 1667 196 secunda
1686 162 1902 207 propositio,
1929 164 2067 207 placent
2088 164 2256 198 sacrificia

1241 247 1243 259 2
1267 228 1286 248 a
1302 216 1377 249 Deo
1407 222 1607 259 praecepta,
1642 220 1675 247 et
1699 214 1788 247 sacta
1813 226 1892 247 cum
1915 226 1996 247 vera
2027 216 2256 250 conversione

1268 267 1312 300 ad
1331 265 1465 304 Deum,
1488 272 1519 298 et
1536 265 1622 306 fide,
1652 265 1734 310 quia
1759 265 1893 298 externi
1919 265 2034 298 cultus
2055 265 2148 299 nihil
2174 274 2257 301 sunt

1269 318 1345 350 sine
1367 316 1535 350 interiore
1559 317 1668 351 cultu.
1721 315 1795 349 lmo
1822 315 1993 350 Salomon
2022 316 2158 362 inquit,
2185 329 2260 361 cap·

1271 366 1328 402 15.
1346 367 1638 401 Proverbiorum:
1668 365 1841 400 Victimae
1862 366 2054 411 impiorum
2076 368 2260 401 abomina-

1270 420 1318 453 tio
1345 425 1428 452 sunt
1451 429 1568 451 coram
1592 417 1689 458 Deo,
1722 419 1781 450 sed
1815 425 1894 452 vota
1924 418 2097 451 iustorum
2122 418 2260 462 placent

1270 470 1356 503 Deo.
1411 469 1503 503 Sunt
1518 476 1633 503 autem
1654 469 1768 502 cultus
1788 469 1893 513 primi
1910 469 2085 513 praecepti
2108 481 2258 502 conver-

1271 522 1322 554 sio
1339 521 1382 553 ad
1400 519 1533 560 Deum,
1561 527 1594 553 et
1611 520 1696 552 fides
1713 531 1903 563 agnoscens
1921 520 2175 561 Mediatorem‚
2192 532 2260 565 qua

1273 571 1444 605 habemus
1461 582 1636 604 accessum
1655 572 1697 603 ad
1714 570 1848 612 Deum,
1877 578 1909 605 et
1928 571 2104 604 credimus
2123 583 2187 605 nos
2205 584 2261 604 re-

1274 623 1344 667 cipi
1369 629 1403 656 et
1427 621 1598 657 exaudiri.
1652 620 1701 654 Hi
1727 622 1841 655 cultus
1865 623 1901 655 in
1927 622 2034 655 corde
2053 624 2261 667 praecedere

1273 675 1403 708 debent
1422 679 1606 706 externum
1618 684 1721 716 opus:
1749 672 1796 706 ita
1812 674 1916 707 etiam
1933 681 2075 707 externa
2093 674 2261 707 sacrificia

1274 738 1294 759 a
1310 724 1385 760 Deo
1403 724 1564 757 instituta
1582 735 1644 757 suo
1665 723 1792 756 ordine
1810 731 1842 757 et
1862 731 2019 769 tempore
2036 725 2185 769 placent.

1385 787 1619 834 Sacrificium
1661 788 1745 823 Deo
1786 789 1940 837 spiritus
1984 790 2266 828 contribulatus.

1276 842 1374 876 Idem
1389 839 1447 874 hic
1465 842 1549 876 dicit
1566 842 1685 875 David
1704 842 1747 874 de
1763 843 2003 882 conversione,
2031 851 2062 877 et
2080 844 2171 876 veris
2189 844 2266 877 cul-

1276 894 1372 928 tibus
1388 893 1426 925 in
1443 894 1566 933 corde,
1591 893 1681 926 sicut
1699 893 1735 925 in
1745 891 1915 926 Zacharia
1932 894 2074 928 dicitur:
2104 895 2266 928 Conver-

1277 944 1395 979 timini
1413 944 1456 976 ad
1474 956 1546 984 me,
1564 950 1597 977 et
1614 955 1675 986 ego
1694 951 1880 977 convertar
1894 945 1936 977 ad
1948 956 2020 979 vos,
2046 946 2265 980 Sacrificium

1278 995 1372 1036 Deo,
1401 995 1437 1028 id
1457 1001 1523 1036 est,
1551 996 1663 1039 placet
1687 994 1762 1028 Deo
1786 1008 1845 1028 cor
1870 1007 1950 1028 vere
1978 996 2103 1029 dolens
2127 997 2164 1030 in
2180 1009 2267 1030 con-

1279 1047 1439 1080 versione
1455 1057 1515 1079 seu
1533 1047 1689 1090 potentia
1702 1073 1710 1087 ‚
1738 1058 1929 1090 agnoscens
1946 1047 2033 1080 iram
2052 1048 2142 1089 Dei,
2170 1055 2203 1082 et
2219 1048 2267 1081 si-

1279 1097 1354 1131 mul
1379 1097 1584 1140 confugiens
1602 1098 1645 1131 ad
1666 1097 1922 1137 Mediatorem,
1951 1098 2040 1133 sicut
2064 1099 2136 1143 ipse
2152 1099 2269 1144 inquit

1280 1150 1323 1183 de
1338 1148 1523 1182 doloribus
1539 1155 1572 1182 et
1588 1149 1844 1182 consolatione:
1876 1148 2003 1183 Venite
2017 1150 2058 1183 ad
2071 1162 2126 1183 me
2136 1162 2270 1191 omnes,

1281 1201 1342 1246 qui
1360 1200 1528 1233 laboratis
1555 1206 1588 1233 et
1612 1200 1749 1233 onerati
1766 1200 1866 1241 estis,
1893 1207 1927 1234 et
1943 1212 2005 1244 ego
2022 1201 2175 1234 reficiam
2191 1213 2268 1237 vos.

1253 1264 1255 1280 ι
1281 1251 1334 1286 De
1360 1251 1490 1284 talibus
1514 1251 1699 1284 doloribus
1731 1251 1931 1295 saepissime
1961 1252 2159 1297 loquuntur
2181 1251 2271 1286 Pro-

1282 1300 1427 1348 phetae,
1453 1308 1492 1335 ut
1515 1301 1640 1335 Esaiae
1660 1302 1737 1337 66.:
1766 1304 1822 1335 Ad
1847 1315 1950 1348 quem
1974 1303 2177 1347 respiciam,
2201 1303 2272 1336 nisi

1794 1353 1898 1387 ltem:
1928 1352 2024 1387 Deus
2051 1351 2215 1387 habitans
2232 1354 2270 1386 in

1284 1405 1435 1438 contrito
1471 1411 1503 1437 et
1531 1401 1661 1436 humili
1687 1403 1831 1447 spiritu,
1869 1411 1909 1438 ut
1930 1404 2084 1438 vivificet
2105 1416 2164 1438 cor
2186 1417 2273 1438 con-

1283 1455 1462 1490 tritorum.
1523 1453 1596 1488 Has
1621 1455 1842 1488 dulcissimas
1865 1455 2124 1489 consolationes
2154 1462 2272 1490 tenere

1283 1518 1421 1539 necesse
1448 1512 1516 1543 est,
1545 1512 1577 1538 et
1601 1506 1783 1539 sciendum
1809 1512 1879 1546 est,
1908 1517 1980 1539 esse
2004 1518 2125 1539 vocem
2148 1505 2272 1540 Evan-

1285 1557 1366 1600 gelii
1385 1557 1577 1601 propriam.
1631 1556 1712 1589 Non
1735 1556 1825 1589 ratio
1850 1563 1884 1589 et
1906 1557 1960 1587 lex
1986 1556 2127 1597 dicunt,
2155 1554 2273 1590 homi-

1257 1635 1259 1638 .
1285 1618 1347 1639 nes
1366 1608 1512 1638 miseros
1531 1611 1563 1638 et
1580 1617 1766 1649 oppressos
1781 1605 1968 1639 doloribus
1986 1606 2133 1640 reiectos
2155 1619 2228 1641 esse
2253 1619 2273 1641 a

1284 1657 1373 1691 Deo.
1419 1655 1496 1689 Vox
1512 1655 1696 1700 Evangelii
1714 1656 1863 1690 affirmat
1881 1654 1945 1690 hos
1962 1669 2035 1690 esse
2053 1658 2183 1703 templa
2193 1657 2275 1699 Dei,

1258 1725 1260 1732 v
1286 1715 1320 1742 et
1334 1707 1543 1741 afflictiones
1561 1719 1681 1741 eorum
1694 1732 1703 1745 ‚
1732 1708 1794 1752 qui
1815 1709 1859 1740 ad
1876 1706 1992 1742 Deum
2014 1710 2174 1742 conversi
2192 1716 2275 1743 sunt

1286 1771 1359 1793 esse
1376 1759 1563 1797 sacrificia,
1592 1759 1626 1791 id
1645 1765 1713 1796 est,
1742 1759 2034 1793 excellentissima
2054 1771 2178 1804 opera,
2194 1761 2275 1806 qui-

1287 1811 1354 1844 bus
1378 1808 1474 1843 Deus
1497 1807 1633 1843 honore
1657 1809 1809 1843 afficitur
1834 1817 1867 1844 et
1891 1809 1967 1844 Deo
1990 1810 2184 1855 placentia,
2210 1809 2275 1845 hos

1286 1861 1385 1895 iubet
1400 1861 1564 1894 invocare
1580 1860 1714 1901 Deum,
1743 1868 1775 1895 et
1792 1868 1886 1895 certo
1906 1868 2086 1906 expectare
2102 1863 2274 1896 auxilium

1287 1919 1319 1946 et
1348 1913 1491 1945 tandem
1526 1912 1794 1952 liberationem,
1826 1912 1916 1946 sicut
1944 1912 2089 1946 dicitur:
2133 1912 2273 1947 Multae

1287 1970 1368 1996 sunt
1395 1963 1659 2004 tribulationes,
1688 1964 1747 1996 sed
1774 1974 1814 1996 ex
1838 1963 2004 1996 omnibus
2030 1961 2085 1996 his
2110 1964 2276 1998 liberabit

1288 2027 1346 2047 eos
1364 2013 1550 2048 Dominus.

1391 2081 1467 2116 Hos
1489 2095 1590 2116 veros
1615 2082 1729 2116 cultus
1756 2081 1873 2127 inquit
1893 2081 2009 2115 David
2035 2083 2173 2131 placere
2189 2083 2277 2123 Deo,

1288 2134 1428 2168 dolores
1464 2134 1502 2167 in
1539 2133 1790 2173 conversione,
1832 2133 1956 2175 fidem,
1997 2134 2273 2174 invocationem,

1289 2197 1384 2229 spem
1412 2192 1474 2219 etc.
1527 2184 1576 2218 Hi
1602 2191 1684 2218 sunt
1709 2184 1824 2217 cultus
1848 2197 1936 2229 quos
1959 2185 2121 2219 nominat
2144 2185 2277 2220 Paulus

1289 2234 1440 2283 λογικὴν
1463 2233 1655 2281 λατρείαν,
1692 2235 1726 2267 id
1754 2242 1823 2274 est,
1851 2235 1888 2267 in
1920 2248 1987 2280 qua
2020 2248 2119 2269 mens
2149 2237 2278 2280 cogitat

1289 2286 1424 2328 Deum,
1453 2294 1486 2321 et
1512 2287 1548 2319 in
1567 2287 1672 2319 corde
1693 2286 1800 2320 sentit
1823 2286 1898 2320 eius
1928 2288 2179 2330 praesentiam,
2205 2295 2277 2322 ter-

1289 2350 1406 2379 rores,
1434 2345 1466 2371 et
1489 2337 1661 2371 laeticiam
1686 2337 1723 2370 in
1740 2336 1826 2371 Deo.
1880 2335 2043 2382 Opponit
2068 2338 2162 2372 enim
2187 2336 2280 2372 hanc

1292 2441 1435 2485 quando
1454 2451 1553 2472 mens
1570 2441 1671 2483 plena
1688 2439 1953 2473 dubitationum
1965 2467 1973 2480 ,
2002 2447 2035 2474 et
2051 2440 2139 2483 fugit
2148 2438 2278 2480 Deum,

1291 2498 1329 2524 ut
1347 2491 1383 2524 fit
1404 2491 1441 2523 in
1463 2491 1640 2524 sacrificiis
1658 2488 1893 2524 Ethnicorum
1907 2518 1914 2532 ‚
1943 2498 2003 2525 aut
2022 2490 2148 2525 Saulis.

1395 2558 1577 2592 Postremo
1605 2558 1705 2592 addit
1733 2559 1930 2602 generalem
1954 2559 2189 2603 precationem
2214 2572 2278 2605 pro

1264 2641 1265 2648 ,
1292 2611 1558 2644 conservatione
1575 2608 1773 2653 Ecclesiae,
1800 2611 1888 2644 sicut
1904 2621 2039 2653 semper
2057 2611 2101 2644 ad
2126 2611 2278 2656 privatas

1293 2660 1480 2706 petitiones
1498 2658 1583 2695 haec
1603 2661 1776 2705 generalis
1793 2661 1955 2695 addenda
1971 2668 2033 2697 est.
