2379 2948
99 105 183 143 789—
324 102 327 103 ⁷
765 107 794 144 1.

100 192 215 232 mine,
242 190 325 237 quia
347 202 429 226 caro
451 199 519 234 est,
547 191 583 226 id
607 200 676 235 est,
703 193 850 227 verbum
874 205 992 227 meum
1012 203 1086 225 non

99 242 264 284 audient,
290 254 364 276 non
385 244 546 286 credent,
574 256 647 277 non
667 251 843 285 metuent,
869 255 944 277 non
961 243 1087 277 morti-

97 293 319 328 ficabuntur:
347 301 381 329 et
403 294 441 328 in
456 292 652 329 Corinthiis
676 291 759 328 huic
781 300 923 338 peccato
945 293 1087 338 potissi-

97 355 198 379 mum
219 345 347 379 tribuit
368 345 579 389 Apostolus,
612 345 706 390 quod
732 345 946 378 carnaliores
969 344 1085 384 faciat,

98 396 182 442 quia
206 396 268 442 qui
295 393 463 430 adhaeret
484 402 617 436 scorto,
639 407 752 429 unum
778 407 907 440 corpus
933 402 983 429 est
1007 408 1084 429 cum

98 453 230 482 scorto:
260 447 322 493 qui
345 454 460 481 autem
482 444 648 480 adhaeret
664 446 842 488 Domino,
869 459 964 481 unus
979 447 1086 491 spiri-

97 505 154 533 tus
187 505 238 533 est
269 510 348 532 cum
378 496 546 533 Domino.
611 497 696 531 Non
726 499 918 542 peccabant
946 504 1084 532 tantum

96 549 163 583 filii
184 548 273 584 Cain
298 548 532 593 generationis
558 547 708 592 impiae,
734 549 793 582 sed
817 549 881 582 filii
906 548 992 590 Dei,
1018 547 1085 583 hoc

98 607 170 642 est,
204 600 269 634 filii
300 598 536 644 generationis
564 605 722 641 sanctae,
754 607 787 635 et
814 600 1011 645 principes,
1046 607 1085 634 ut

97 651 168 685 iam
195 662 304 696 prope
328 651 366 683 in
390 649 596 684 universum
623 648 691 684 Dei
716 652 887 685 memoria
912 651 1086 686 interiret,

97 700 406 748 Opprimebantur
429 701 552 745 inopes
577 713 640 746 pro
664 701 815 736 libidine
832 703 1084 747 potentiorum,

97 765 180 788 nam
197 750 233 787 hi
249 752 404 796 gigantes
421 759 532 787 erant.
585 751 903 788 Terribilissimum
921 753 1082 788 omnium

97 812 166 846 est,
191 803 284 849 quod
302 809 382 837 octo
396 809 535 839 tantum
551 803 690 838 animae
706 804 848 840 relictae
865 812 967 847 sunt,
995 816 1085 851 quae

94 860 249 891 servatae
264 860 358 889 sunt.

195 904 293 940 Haec
313 906 474 940 conferre
496 911 595 951 potes
620 917 699 940 cum
724 904 834 949 signis
858 906 1001 946 iudicii,
1028 906 1085 940 di-

94 957 142 991 cit
162 956 257 991 enim
282 954 462 992 Christus:
502 955 640 1002 Edent,
677 956 819 998 bibent,
851 958 988 992 nubent
1019 964 1084 992 etc.

93 1007 163 1042 Hic
187 1008 343 1053 primum
369 1008 538 1043 libidines
560 1015 595 1042 et
615 1008 738 1042 luxum
761 1009 911 1044 notavit.
973 1008 1084 1043 Secu·

93 1060 234 1095 ritatem
258 1066 414 1101 accusat,
448 1071 528 1093 cum
559 1059 694 1105 inquit:
730 1057 778 1093 Et
801 1072 875 1094 non
909 1071 1085 1104 cognove-

93 1118 179 1146 runt
194 1118 258 1147 etc.
310 1108 357 1145 Et
374 1110 525 1145 Paulus:
553 1109 643 1144 Cum
666 1110 821 1145 dixerint
845 1123 911 1156 pax
934 1118 967 1146 et
985 1123 1084 1145 secu-

94 1162 180 1198 ritas
196 1169 279 1203 etc„
307 1168 342 1196 et
363 1162 408 1196 de
432 1159 631 1208 hypocrisi:
659 1159 759 1195 Duae
786 1169 891 1196 erunt
911 1162 1084 1197 molentes

93 1214 132 1248 in
157 1225 229 1248 una
250 1213 357 1249 mola.
411 1212 618 1256 Neglectum
635 1212 816 1246 doctrinae
832 1221 970 1248 accusat
985 1213 1085 1259 Apo-

92 1265 204 1301 stolus
219 1264 257 1298 in
276 1265 311 1298 2.
329 1263 491 1299 Thessal.
513 1264 556 1297 de
574 1261 808 1298 Antichristo.

251 1351 336 1385 Non
360 1348 599 1395 permanebit
624 1352 784 1394 spiritus
809 1360 927 1385 meus.

192 1416 368 1452 Videmus
392 1416 597 1462 interpretis
617 1413 710 1450 hanc
731 1416 840 1450 fuisse
863 1417 1086 1459 sententiam,

83 1470 191 1507 brevi
207 1469 389 1511 futurum,
414 1475 454 1503 ut
472 1468 657 1502 aboleatur
674 1473 853 1509 creatura,
880 1480 961 1502 curn
979 1469 1086 1503 vertit

91 1533 166 1556 non
190 1520 415 1566 permanebit
439 1519 584 1564 spiritus
610 1530 711 1552 meus
735 1518 771 1551 in
796 1516 952 1556 homine.
1014 1519 1086 1554 Sed

93 1573 132 1607 in
156 1570 330 1606 Hebraeis
360 1577 427 1605 est:
459 1570 543 1605 Non
572 1569 766 1610 iudicabit,
799 1577 839 1604 ut
863 1567 922 1604 hic
945 1582 1084 1605 causam

95 1623 243 1669 explicet
259 1633 322 1656 cur
337 1621 555 1656 extincturus
572 1621 618 1655 sit
635 1632 745 1664 genus
762 1617 978 1664 humanum,
1003 1622 1085 1668 quia

94 1687 168 1709 non
193 1674 238 1708 sit
262 1672 449 1708 auditurus
471 1670 580 1706 homo
602 1672 751 1705 verbum
766 1670 853 1713 Dei,
880 1685 954 1706 non
969 1673 1014 1707 sit
1030 1673 1087 1706 iu-

95 1727 277 1761 dicaturus
300 1730 336 1758 et
355 1724 630 1758 mortificaturus
648 1734 808 1764 carnem,
836 1722 916 1757 ideo
933 1724 1087 1768 perden-

95 1778 181 1812 dum
205 1787 291 1811 esse.
354 1774 455 1810 Sicut
479 1781 513 1809 et
535 1770 710 1808 Matthaei
733 1771 793 1806 24.
819 1773 966 1808 dicitur:
1010 1774 1087 1808 Nisi

95 1826 293 1863 abbreviati
332 1825 482 1861 fuissent
524 1825 598 1859 dies
636 1823 709 1865 illi,
748 1836 823 1858 non
861 1824 958 1860 fieret
993 1825 1087 1860 salva

95 1879 211 1914 omnis
228 1889 320 1912 caro.

434 1963 531 2005 Quia
565 1972 654 1996 caro
681 1965 758 1996 est:

197 2031 238 2066 Id
253 2038 314 2073 est,
341 2037 413 2066 tota
428 2028 522 2064 nihil
535 2029 605 2064 nisi
622 2029 776 2064 carnalia
793 2030 882 2076 sapit
895 2037 928 2065 et
939 2030 1088 2077 quaerit.

368 2118 560 2162 Eruntque
587 2115 670 2151 dies
698 2117 812 2151 illius.

201 2182 242 2218 Id
260 2190 328 2225 est,
354 2191 495 2219 centum
513 2191 545 2218 et
563 2184 692 2228 viginti
711 2196 824 2219 annos
841 2185 1008 2230 permitto
1025 2186 1089 2231 eis,

100 2235 231 2283 quibus
252 2234 459 2280 resipiscant
480 2235 642 2278 interim,
682 2242 757 2270 tum
781 2237 928 2282 perdam
952 2248 1011 2271 eos
1033 2237 1089 2271 di-

99 2287 209 2322 luvio.

378 2369 516 2407 ridens
543 2376 672 2409 aufem
698 2373 818 2408 Deus.

202 2439 299 2475 Deus
321 2439 545 2485 potissimum
569 2440 637 2474 loci
652 2438 710 2475 hic
726 2440 976 2475 considerandi
994 2448 1088 2483 sunt,

101 2492 217 2538 prior,
243 2497 285 2526 sit
306 2503 351 2524 ne
368 2490 580 2525 universalis
595 2492 767 2526 sententia
784 2499 819 2527 et
835 2493 1008 2527 iudicium
1025 2494 1089 2527 ad·-

101 2555 223 2578 versus
246 2554 369 2577 omnes
392 2540 573 2583 homines,
608 2543 704 2587 quod
729 2543 795 2577 ait:
831 2542 970 2577 Videns
992 2543 1089 2578 Deus

102 2595 197 2641 quod
226 2593 338 2628 multa
367 2599 455 2628 esset
484 2589 641 2626 hominis
673 2593 811 2627 malicia
839 2594 878 2628 in
909 2601 1023 2638 terra,
1056 2602 1090 2630 et

103 2658 208 2680 omne
237 2645 444 2690 figmentum
467 2644 720 2688 cogitationum
745 2644 861 2678 cordis
882 2656 1004 2680 eorum
1027 2658 1090 2680 va-

104 2708 188 2731 num
211 2703 245 2732 et
266 2708 416 2742 pravum
437 2695 536 2730 omni
556 2702 723 2741 tempore,
777 2693 934 2738 Deinde,
959 2696 989 2730 si
1006 2697 1089 2732 uni-

848 104 1116 143 COMMENT.
1145 106 1195 142 IN
1225 105 1449 144 GENESIN.

2051 115 2125 150 790

1139 193 1285 227 versalis
1315 200 1364 228 est
1394 196 1585 238 sententia,
1620 198 1800 241 quomodo
1823 196 1901 232 Noe'
1930 199 2125 244 excipitur?

1138 242 1319 279 Posterior
1341 244 1453 279 locus:
1482 248 1660 292 quomodo
1685 250 1816 284 cadunt
1832 249 1870 283 in
1886 249 2001 284 Deum
2018 252 2123 285 verba

1138 295 1284 329 dolendi
1301 301 1335 329 et
1350 297 1600 340 poenitentiae.

1239 345 1362 380 Primo
1375 374 1384 388 ,
1409 346 1654 382 Universalem
1674 360 1747 383 esse
1766 353 1993 394 sententiam,
2019 360 2052 387 et
2068 354 2126 387 iu-

1138 397 1273 431 dicium
1297 398 1498 432 universale
1523 399 1689 432 adversus
1714 412 1854 436 omnem
1875 416 2034 449 carnem,
2063 417 2126 449 ap-

1138 454 1237 493 paret
1261 460 1301 482 ex
1327 460 1367 482 eo
1391 450 1488 494 quod
1512 457 1629 494 postea
1655 450 1759 488 dicit,
1785 451 1916 488 Omnis
1940 467 2020 488 caro
2046 467 2125 488 cor-

1139 505 1282 544 ruperat
1294 499 1387 533 viam
1406 511 1518 536 suam.
1559 498 1605 535 Et
1620 500 1702 546 quia
1718 501 1846 546 inquit,
1877 504 2008 539 Videns
2018 504 2126 547 Deus,

1138 562 1278 584 necesse
1307 551 1536 592 sententiam,
1570 552 1665 597 quod
1698 551 1818 586 videre
1847 554 1940 587 idem
1962 556 2006 589 sit
2030 558 2123 601 quod

1139 601 1308 635 iudicare.
1363 601 1467 636 Nunc
1490 609 1607 636 autem
1629 602 1712 636 satis
1736 611 1887 647 constat,
1914 607 2009 651 quod
2032 608 2126 641 iudi-

1138 652 1192 686 cio
1208 651 1275 687 Dei
1292 660 1363 688 tota
1379 665 1458 687 caro
1477 654 1641 688 damnata
1659 654 1713 687 sit.

1242 703 1382 739 Psalmo
1421 705 1612 738 centesimo
1651 705 1920 750 quadragesimo
1953 709 2124 741 secundo:

1138 754 1220 789 Non
1246 755 1356 790 intres
1379 767 1459 790 cum
1485 767 1585 790 servo
1610 763 1671 789 tuo
1696 755 1734 788 in
1759 756 1931 790 iudicium
1948 764 2012 793 etc.
2081 757 2126 792 Et

1137 806 1299 840 videmus
1322 806 1416 843 Psal.
1436 807 1493 842 13.
1517 805 1602 841 hinc
1625 813 1805 852 acceptum
1832 819 1921 841 esse:
1948 807 2126 843 Dominus

1138 858 1316 902 prospexit
1332 869 1436 903 super
1451 858 1542 892 filios
1557 855 1755 891 hominum.

1241 908 1319 943 Noe'
1341 910 1386 943 ab
1409 909 1603 943 universali
1628 909 1802 943 sententia
1827 910 2018 955 excipitur,
2052 925 2126 946 non

1139 961 1233 1006 quod
1263 960 1337 1005 ipse
1364 973 1438 995 non
1471 961 1516 994 sit
1540 967 1718 1005 peccator,
1749 968 1810 995 aut
1837 974 1909 995 non
1937 962 2126 1002 iudicetur,

1138 1012 1197 1045 sed
1227 1012 1309 1056 quia
1343 1018 1382 1046 ut
1413 1019 1527 1046 textus
1557 1012 1692 1057 inquit,
1728 1010 1870 1046 Invenit
1898 1014 2043 1056 gratiam
2070 1027 2128 1047 co-

1139 1075 1212 1096 ram
1236 1061 1406 1097 Domino.
1462 1062 1502 1097 ld
1525 1064 1619 1108 quod
1644 1061 1712 1096 hoc
1736 1063 1814 1097 loco
1837 1064 2127 1099 animadverten-

1139 1115 1224 1147 dum
1249 1120 1321 1155 est,
1348 1114 1444 1159 quod
1469 1111 1537 1147 hoc
1560 1114 1759 1158 exemplum
1785 1115 1894 1148 secuti
1920 1114 2128 1160 Prophetae,

1138 1166 1310 1199 damnant
1334 1164 1584 1198 universaliter
1608 1176 1730 1198 omnes
1751 1162 1932 1207 homines,
1959 1173 1991 1200 et
2010 1174 2126 1201 tamen

1138 1224 1257 1261 postea
1282 1216 1461 1260 excipiunt
1481 1216 1577 1261 pios,
1603 1217 1698 1261 quod
1725 1216 1773 1250 sic
1797 1216 2041 1261 accipiendum
2066 1225 2127 1263 est,

1139 1279 1218 1301 cum
1239 1268 1411 1301 damnant
1428 1264 1626 1311 Prophetae
1648 1266 1899 1300 universaliter
1920 1280 2042 1302 omnes
2061 1266 2129 1302 ho-

1138 1319 1273 1360 mines,
1305 1318 1487 1358 damnari,
1522 1318 1605 1363 quia
1629 1324 1662 1351 et
1686 1317 1787 1351 electi
1812 1326 2010 1362 peccatores
2037 1327 2129 1360 sunt,

1139 1375 1172 1403 et
1200 1376 1281 1403 ante
1304 1369 1511 1403 iudicantur
1532 1379 1639 1413 quam
1662 1367 1914 1410 insufflentur,
1948 1376 1982 1403 et
2006 1382 2130 1403 omnes

1139 1426 1278 1454 sanctos
1301 1425 1439 1464 oportet
1464 1430 1581 1452 coram
1600 1417 1675 1452 Deo
1698 1419 1800 1452 fateri
1825 1430 1861 1452 se
1881 1431 1955 1453 esse
1970 1428 2130 1464 peccato-

1138 1483 1213 1510 res,
1241 1477 1274 1504 et
1298 1470 1477 1514 resignare
1498 1481 1534 1503 se
1560 1469 1736 1504 voluntati
1759 1470 1922 1512 divinae,
1951 1483 2040 1517 quae
2066 1484 2129 1516 pro

1139 1534 1199 1556 sua
1213 1521 1325 1565 gloria
1336 1522 1391 1554 vel
1401 1521 1510 1554 salvet
1522 1520 1576 1554 vel
1587 1521 1738 1556 damnet.
1767 1520 1825 1555 Sic
1834 1520 2034 1555 Hieremiae
2043 1535 2132 1568 qua-

1139 1572 1336 1617 dragesimo
1368 1579 1481 1606 sexto:
1515 1572 1607 1606 Cum
1639 1573 1840 1606 damnasset
1865 1585 1987 1607 omnes
2011 1571 2130 1607 homi-

1140 1635 1202 1658 nes
1216 1631 1330 1658 terror
1346 1623 1588 1669 undiqueetc.‚
1605 1623 1734 1657 adiecit
1749 1624 1891 1657 tandem
1909 1630 1941 1658 et
1954 1625 1996 1657 de
2006 1623 2129 1660 Israel:

1140 1675 1193 1709 Te
1215 1686 1299 1708 vero
1314 1686 1387 1709 non
1405 1685 1628 1715 consumam,
1656 1674 1715 1707 sed
1734 1674 1911 1717 castigabo
1927 1682 1961 1709 te
1978 1675 2017 1709 in
2034 1675 2131 1708 iudi-

1140 1726 1214 1765 cio,
1240 1737 1305 1759 nec
1329 1725 1429 1771 quasi
1454 1725 1637 1759 innocenti
1660 1736 1799 1769 parcam
1818 1725 1895 1760 tibi.
1949 1723 1997 1759 Et
2015 1726 2129 1770 prima

1140 1776 1237 1811 Petri
1260 1784 1402 1822 quarto:
1440 1775 1616 1809 Iudicium
1640 1775 1765 1820 incipit
1789 1787 1807 1809 a
1830 1776 1936 1809 domo
1963 1774 2048 1818 Dei;
2082 1775 2130 1811 Et

1141 1828 1170 1862 si
1201 1828 1313 1861 iustus
1344 1827 1402 1861 vix
1425 1827 1639 1867 salvabitur,
1675 1826 1805 1871 impius
1828 1834 1861 1861 et
1885 1835 2046 1872 peccator
2067 1827 2130 1861 ubi

1141 1878 1349 1924 apparebit?
1401 1877 1450 1912 Et
1477 1878 1522 1911 ad
1553 1876 1736 1912 Romanos
1768 1878 1901 1922 primo:
1936 1876 2130 1913 Revelatur

1142 1931 1193 1964 ira
1233 1929 1301 1967 Dei
1335 1940 1441 1973 super
1478 1940 1622 1962 omnem
1663 1928 1891 1973 impietatem.
1972 1928 2129 1963 Proinde

1142 1979 1235 2015 hanc
1264 1980 1522 2014 accusationem
1555 1979 1643 2013 scias
1668 1979 1904 2017 universalem
1928 1990 2021 2021 esse,
2056 1992 2129 2014 non

1143 2028 1415 2076 συνεκδοχικῶς
1443 2031 1486 2064 ad
1518 2030 1648 2074 impios
1677 2036 1814 2064 tantum
1841 2031 2036 2076 pertinere,
2069 2032 2128 2064 sed

1142 2083 1292 2118 iudicari
1319 2082 1424 2116 simul
1447 2093 1570 2115 omnes
1594 2079 1776 2123 homines,
1803 2079 1871 2115 hoc
1898 2089 1968 2123 est,
1995 2089 2028 2116 et
2053 2083 2130 2127 pios

1144 2141 1175 2169 et
1190 2134 1318 2179 impios
1330 2160 1339 2175 ,
1366 2133 1448 2179 quia
1464 2139 1605 2178 oportet
1623 2130 1806 2167 humiliari
1823 2133 1942 2166 omnia
1954 2132 2046 2173 Deo,
2073 2145 2130 2166 re·

1143 2185 1254 2232 quirit
1285 2185 1381 2218 enim
1412 2191 1446 2219 et
1475 2196 1493 2218 a
1519 2183 1647 2218 sanctis
1670 2183 1833 2217 timorem
1860 2184 1924 2219 sui.
1988 2182 2038 2217 lta
2062 2181 2130 2217 hoc

1142 2238 1220 2271 loco
1244 2236 1359 2278 videt,
1391 2234 1460 2270 hoc
1483 2242 1552 2277 est,
1586 2235 1719 2269 iudicat
1741 2235 1902 2268 omnium
1925 2235 2030 2267 corda
2056 2246 2129 2267 esse

1143 2300 1233 2322 vana
1264 2294 1297 2321 et
1326 2299 1452 2332 prava,
1486 2297 1626 2320 necesse
1657 2291 1724 2327 est,
1758 2292 1798 2320 ut
1823 2285 1972 2319 fateatur
1994 2284 2070 2319 Noe*
2093 2297 2129 2319 se

1144 2350 1285 2386 quoque
1308 2338 1414 2372 talem
1437 2349 1529 2380 esse,
1556 2349 1591 2370 se
1612 2348 1754 2382 quoque
1770 2343 1919 2369 mortem
1936 2341 1970 2369 et
1985 2335 2129 2370 exitium

1143 2390 1411 2430 commeruisse,
1445 2401 1510 2423 nec
1535 2386 1641 2421 habet
1664 2387 1759 2432 quod
1782 2386 1855 2431 ipse
1879 2398 1962 2430 prae
1985 2386 2129 2420 caeteris

1143 2447 1354 2486 praesumat.
1407 2440 1498 2474 Nam
1522 2445 1554 2472 et
1570 2437 1682 2471 David
1699 2437 1748 2471 sic
1765 2438 1925 2483 queritur
1940 2436 2032 2472 Psal.
2051 2437 2128 2472 88.:

1144 2492 1346 2527 Memorare
1376 2503 1466 2537 quae
1496 2501 1572 2523 mea
1601 2488 1817 2529 substantia,
1851 2488 2014 2533 nunquid
2040 2501 2130 2521 vane

1144 2543 1359 2578 constituisti
1397 2551 1519 2576 omnes
1549 2539 1641 2573 filios
1670 2536 1883 2573 hominum?
1948 2538 2018 2573 Sed
2049 2552 2129 2573 cum

1143 2595 1339 2635 iudicatur,
1363 2598 1549 2626 servantur
1563 2590 1625 2635 pii,
1652 2602 1725 2623 non
1743 2600 1889 2635 operum
1906 2589 2044 2631 merito,
2069 2591 2129 2623 sed

1144 2645 1294 2690 gratuita
1319 2642 1561 2677 misericordia
1585 2641 1666 2675 Dei.
1721 2639 1772 2674 Ita
1796 2638 1854 2674 hic
1875 2641 1919 2674 de
1942 2639 2020 2675 Noe'
2041 2641 2130 2674 dici-

1143 2703 1218 2731 tur:
1247 2694 1389 2729 Invenit
1414 2693 1561 2738 gratiam
1587 2704 1705 2726 coram
1722 2690 1809 2729 Deo.

1561 2739 1644 2779 50·

1863 2692 1919 2726 Ad
1946 2704 2025 2726 eum
2051 2704 2130 2725 mo-
