2379 2948
108 138 125 171 1
132 134 205 171 353

104 221 315 262 virtutibus,
353 221 395 254 de
426 230 494 266 qua
523 229 624 264 saepe
648 219 819 264 praecipit
842 218 1034 264 scriptura,
1070 225 1103 253 et

104 273 213 308 habet
228 272 385 315 ingentia
403 270 577 317 praemia:
604 271 694 305 sicut
711 278 830 315 postea
846 270 992 305 dicetur.
1032 269 1102 304 Sed

104 336 242 369 semper
266 321 332 357 hoc
357 322 638 363 meminerimus,
674 322 760 355 tales
785 321 977 356 sententias
1001 322 1101 367 loqui

104 378 147 411 de
164 374 396 420 eleemosynis
412 374 553 418 piorum
564 400 573 414 ‚
601 373 662 418 qui
678 370 812 407 habent
828 373 945 412 fidem,
974 374 1017 406 de
1032 385 1100 418 qua

103 428 193 462 dixit
218 427 255 459 in
280 426 511 470 praecedente
534 436 654 458 versu:
683 423 845 457 Firmum
871 430 921 458 est
944 436 1005 457 cor
1024 425 1099 458 eius

103 480 148 513 ad
174 475 426 511 confidendum
451 475 624 510 Domino.
686 474 869 518 Significat
894 487 975 519 ergo
1000 487 1036 509 se
1060 475 1099 508 in

101 527 298 576 praeceptis
320 527 363 560 de
387 526 555 571 operibus
577 526 758 571 requirere
779 538 854 560 non
877 533 1014 561 tantum
1038 539 1098 560 ex—

101 589 201 616 terna
218 590 335 624 opera,
361 590 423 612 seu
438 577 701 611 simulationem
716 578 980 619 beneficentiae,
1009 590 1098 623 qua-

101 633 146 667 lis
176 632 282 665 etiam
314 636 365 664 est
390 629 429 662 in
452 628 593 672 impiis,
627 630 688 662 sed
713 641 816 663 veros
840 636 957 663 motus
981 629 1098 662 cordis

101 681 360 719 consentientes
384 679 455 724 legi
479 679 570 719 Dei,
597 691 658 714 seu
680 680 901 725 spiritualem
926 681 1097 714 obedien-

100 735 202 777 tiam,
230 744 318 779 quae
333 732 371 765 fit
389 744 429 765 ex
447 731 534 772 fide,
561 731 745 773 videlicet,
772 739 811 765 ut
828 732 997 765 faciamus
1012 729 1097 765 haec

101 798 208 831 opera
235 790 378 829 propter
402 782 539 821 Deum,
567 789 606 817 ut
631 795 711 816 eum
738 783 993 826 glorificemus,
1020 794 1097 816 cre-

100 839 224 872 dentes
247 847 312 868 nos
335 834 463 879 respici
484 835 528 868 ab
548 845 588 868 eo
607 841 639 868 et
655 846 759 867 curae
775 834 842 878 ipsi
860 845 932 867 esse
949 845 1035 875 nos,
1063 841 1097 868 et

99 896 208 924 totam
226 887 335 921 vitam
355 892 512 919 nostram
524 913 533 927 ,
561 891 594 918 et
611 883 782 919 habentes
799 883 891 919 hanc
907 885 1009 919 fidem
1021 912 1030 927 ,
1057 897 1096 918 ex

98 940 219 975 animo
238 945 271 972 et
287 937 483 971 liberaliter
500 937 772 971 benefaciamus.

201 1005 308 1040 Tales
337 1005 578 1050 eleemosynas
607 1004 758 1050 requirit
780 1001 848 1038 hoc
875 1004 973 1045 loco,
1008 1016 1097 1049 quae

99 1071 173 1093 non
197 1063 279 1091 sunt
297 1063 435 1090 tantum
453 1062 594 1090 externa
613 1062 647 1089 et
668 1055 784 1089 civilia
804 1067 931 1099 opera,
960 1056 1019 1088 sed
1040 1056 1096 1088 in-

98 1111 246 1144 teriores
277 1115 394 1141 motus
425 1114 459 1141 et
481 1107 683 1151 spirituales
708 1107 843 1146 cultus,
880 1118 968 1152 quos
990 1106 1097 1140 efficit

97 1161 253 1206 Spiritus
282 1166 423 1193 sanctus
458 1158 495 1191 in
527 1156 600 1197 his,
635 1158 696 1203 qui
723 1155 856 1191 habent
878 1158 1095 1201 agnitionem

96 1212 164 1247 Dei
192 1218 224 1245 et
250 1211 366 1246 fidem.
420 1208 621 1243 Plurimum
645 1209 740 1242 enim
764 1210 909 1242 interest
933 1209 1026 1243 inter
1048 1209 1094 1241 li-

96 1263 319 1298 beralitatem
358 1273 418 1294 seu
450 1261 691 1307 eleemosynas
724 1261 865 1304 piorum
895 1267 927 1294 et
961 1260 1093 1304 impio—

95 1327 196 1355 rum,
224 1314 314 1347 sicut
339 1319 373 1347 et
396 1323 502 1357 supra
527 1312 599 1346 dixi
626 1312 669 1345 de
694 1311 936 1345 misericordia
961 1318 994 1346 et
1014 1324 1094 1345 mu-

95 1366 266 1400 tuatione.

197 1423 380 1461 Primum,
413 1421 494 1455 finis
517 1421 601 1455 facit
625 1421 827 1455 discrimen.
882 1420 972 1455 Nam
992 1421 1094 1466 impii

96 1475 233 1511 etiamsi
257 1481 338 1508 sunt
363 1471 513 1506 benefici
537 1479 569 1506 et
592 1473 773 1506 liberales:
804 1480 922 1506 tamen
939 1484 1014 1506 non
1032 1473 1093 1505 be-

96 1526 281 1562 nefaciunt
311 1525 390 1558 aliis
416 1531 562 1572 propter
583 1523 718 1564 Deum,
752 1535 813 1557 seu
839 1532 878 1559 ut
905 1523 980 1557 Deo
1007 1524 1093 1557 obe-

96 1579 217 1621 diant,
254 1577 313 1610 sed
348 1575 404 1608 vel
433 1575 669 1610 ostentatione
701 1576 853 1620 quadam
882 1582 917 1609 et
940 1575 1093 1618 aucupio

96 1630 230 1674 gloriae
255 1626 457 1671 popularis,
482 1634 544 1660 aut
569 1633 713 1670 propter
738 1627 824 1660 alias
849 1638 978 1660 causas.
1033 1626 1094 1659 In—

97 1682 238 1716 terdum
261 1677 467 1725 hypocritae
490 1684 669 1721 praestant
693 1689 799 1721 opera
822 1677 953 1711 similia
975 1677 1093 1722 operi-

95 1735 164 1768 bus
186 1732 347 1776 piorum:
377 1730 437 1762 sed
462 1729 535 1762 illis
559 1735 685 1774 putant
708 1740 743 1762 se
767 1729 895 1762 mereri
914 1729 1095 1762 remissio-

96 1797 179 1818 nem
202 1788 425 1828 peccatorum
441 1787 475 1814 et
491 1780 603 1814 iustos
622 1792 693 1813 esse
710 1791 829 1813 coram
846 1779 933 1814 Deo.
988 1779 1094 1814 Tales

96 1842 181 1870 sunt
202 1834 277 1867 sine
300 1832 480 1876 agnitione
496 1830 563 1865 Dei
581 1839 613 1865 et
629 1832 716 1871 fide,
743 1843 833 1876 quae
852 1832 1012 1866 intuetur
1026 1832 1094 1864 mi-

96 1884 346 1924 sericordiam,
382 1890 415 1917 et
445 1883 570 1917 statuit
599 1894 634 1916 se
656 1883 764 1925 gratis
790 1891 933 1928 propter
960 1882 1093 1916 Filium

95 1938 163 1973 Dei
191 1936 405 1982 promissum
424 1934 674 1974 mediatorem,
701 1931 831 1967 habere
848 1934 1093 1968 remissionem

95 1995 338 2035 peccatorum,
375 1992 409 2019 et
439 1985 548 2029 recipi
581 1997 600 2018 a
625 1983 719 2023 Deo,
755 1997 830 2018 non
859 1992 1004 2030 propter
1028 1998 1095 2019 no-

95 2049 204 2076 stram
228 2037 449 2081 dignitatem.
505 2035 589 2070 Ideo
613 2033 743 2070 horum
767 2036 1000 2072 beneficentia
1020 2049 1095 2071 non

96 2093 213 2138 placet
230 2089 317 2124 Deo.

199 2148 384 2187 Secundo,
425 2146 620 2181 discrimen
659 2154 710 2181 est
749 2148 787 2181 in
825 2148 932 2181 modo
966 2148 1093 2193 operis.

97 2203 191 2247 Quia
221 2199 324 2244 impii
356 2198 523 2232 facientes
548 2211 673 2243 opera,
707 2211 780 2232 non
808 2201 956 2234 credunt
980 2211 1015 2233 se
1039 2212 1094 2232 re-

95 2254 182 2299 spici
207 2265 225 2286 a
243 2250 338 2291 Deo,
364 2262 438 2283 non
458 2257 642 2295 expectant
659 2250 726 2283 sibi
745 2263 763 2284 a
781 2249 857 2285 Deo
875 2251 1094 2297 suppeditari

95 2307 211 2346 hona,
239 2303 390 2341 victum,
417 2301 661 2335 defensionem
679 2309 744 2336 etc.

200 2369 344 2411 Tertio,
370 2368 473 2413 impii
497 2380 570 2402 non
587 2370 873 2414 complectuntur
892 2369 1009 2404 debita
1027 2371 1092 2403 ob-

96 2426 185 2459 iecta
217 2422 312 2456 iuxta
343 2421 550 2454 mandatum
573 2418 659 2463 Dei,
694 2428 831 2455 tantum
867 2421 1093 2456 benefaciunt

96 2477 158 2518 iis,
186 2485 275 2521 quos
300 2471 433 2505 carnali
458 2470 586 2505 affectu
601 2470 765 2516 diligunt.
821 2471 902 2506 Non
922 2473 1093 2507 adiuvant

95 2540 177 2561 vere
195 2526 272 2571 pios
287 2530 426 2566 egentes
437 2549 446 2564 ‚
473 2529 533 2557 aut
549 2522 611 2568 qui
627 2529 770 2568 propter
784 2524 1002 2558 voluntatem
1013 2523 1092 2564 Dei,

97 2590 158 2612 scu
179 2576 436 2612 confessionem
459 2585 562 2607 verae
580 2574 781 2614 doctrinae,
809 2576 994 2620 patiuntur
1012 2588 1089 2620 per-

94 2630 332 2667 secutionem,
366 2632 428 2660 aut
449 2625 553 2658 exilia
575 2632 638 2659 etc.
693 2625 768 2660 lmo
793 2639 872 2670 erga
900 2628 984 2661 tales
1009 2634 1091 2661 sunt

95 2679 350 2722 crudelissimi,
387 2685 422 2712 et
453 2683 615 2710 exercent
648 2677 869 2711 barbaricam
895 2679 1090 2719 saevitiam,

94 2733 185 2767 sicut
217 2729 421 2777 hypocritae
452 2729 621 2762 adversus
646 2726 863 2774 Prophetas,
898 2728 1089 2775 Apostolos

705 131 770 170 IX.
824 129 1189 168 COMMENTARII
1226 130 1276 166 IN
1310 127 1555 167 PSALMOS.

2054 131 2152 167 1354

1155 224 1188 252 et
1215 216 1304 252 alios
1325 218 1529 261 profitentes
1554 214 1751 250 doctrinam
1777 212 1930 258 Christi,
1964 216 2063 250 omni
2089 229 2151 261 ge-

1153 281 1238 303 nere
1257 269 1477 303 crudelitatis
1493 267 1709 302 saeviebant.

1255 319 1409 354 Econtra
1432 321 1573 364 piorum
1599 318 1830 354 beneficentia
1851 330 1926 352 non
1945 325 1995 352 est
2011 324 2150 352 tantum

1153 379 1296 406 externa
1321 371 1518 405 simulatio:
1547 371 1607 404 sed
1632 382 1736 404 verus
1752 377 1869 404 motus
1887 370 2021 410 cordis,
2052 372 2150 414 quod

1151 423 1309 466 agnoscit
1338 421 1475 462 Deum,
1514 428 1547 455 et
1582 428 1727 465 propter
1759 423 1965 455 mandatum
1997 428 2151 463 praestat

1151 475 1265 509 officia
1289 473 1510 512 dilectionis,
1537 480 1577 507 ut
1599 479 1746 506 testetur
1770 485 1806 506 se
1830 472 1976 506 obedire
1991 470 2087 511 Deo,
2116 480 2150 505 et

1152 526 1241 559 velle
1258 532 1432 570 praestare
1448 536 1548 557 veros
1564 524 1692 559 cultus.
1746 523 1886 557 Deinde
1902 523 2150 567 complectitur

1151 577 1307 618 obiecta,
1342 588 1431 621 quae
1462 576 1582 609 debet:
1618 574 1794 608 Liberalis
1820 582 1870 608 est
1896 587 1976 618 erga
2004 575 2149 619 quosvis

1151 635 1309 672 egentes,
1337 635 1369 661 ct
1391 627 1498 671 gratis
1523 626 1699 660 benefacit
1718 626 1907 669 omnihus,
1936 626 2065 670 quibus
2085 638 2149 670 po-

1150 687 1227 715 test.
1289 679 1472 713 Postremo
1505 677 1542 710 in
1578 674 1634 710 his
1666 677 1833 721 operibus
1866 683 2002 710 exercet
2031 677 2148 715 fidem,

1150 732 1261 765 credit
1285 743 1323 765 ea
1347 731 1485 774 placere
1506 727 1582 762 Deo
1608 735 1752 772 propter
1777 726 1974 761 Christum:
2007 735 2038 761 et
2064 728 2149 772 quia

1150 790 1295 827 propter
1321 782 1540 815 voluntatem
1562 779 1633 814 Dei
1656 779 1849 817 benefacit,
1878 779 1988 812 credit
2012 778 2087 812 Deo
2114 790 2149 811 se

1149 834 1302 867 vicissim
1327 844 1431 866 curae
1453 843 1544 871 esse,
1577 843 1611 865 se
1636 827 1843 864 habiturum
1867 841 1886 863 a
1911 828 1988 863 Deo
2015 830 2149 863 victum

1150 892 1183 919 et
1200 885 1265 919 alia
1282 885 1373 917 vitae
1390 882 1575 928 praesidia.

1253 935 1354 969 Talis
1390 934 1585 968 liberalitas
1623 934 1894 967 commendatur
1930 930 1998 966 hoc
2033 944 2148 970 versu,

1151 996 1320 1032 tanquam
1345 998 1448 1020 verus
1472 986 1586 1019 cultus
1612 985 1755 1032 placens
1774 983 1868 1025 Deo,
1904 990 1937 1017 et
1959 981 2065 1017 habet
2091 984 2148 1015 in-

1151 1038 1267 1083 gentia
1292 1037 1448 1083 praemia
1473 1036 1689 1080 corporalia,
1718 1036 1807 1069 sicut
1829 1034 1886 1068 hic
1903 1035 2046 1068 additur
2064 1047 2148 1079 pro-

1150 1090 1289 1125 missio:
1320 1088 1463 1123 Iusticia
1482 1088 1556 1122 eius
1574 1094 1693 1120 manet
1711 1087 1749 1120 in
1767 1088 1939 1122 seculum.

1252 1141 1323 1175 Sed
1346 1138 1404 1173 hic
1427 1151 1537 1183 pauca
1559 1139 1721 1172 addenda
1745 1145 1829 1171 sunt
1852 1139 1895 1171 de
1912 1149 1979 1171 usu
1998 1138 2148 1170 faculta-

1149 1200 1243 1233 tum,
1278 1199 1310 1226 et
1332 1192 1375 1224 de
1401 1191 1487 1235 ipsis
1511 1189 1756 1234 eleemosynis.
1823 1187 1887 1223 Est
1913 1189 2007 1222 enim
2032 1196 2063 1221 et
2090 1187 2148 1220 hic

1149 1255 1268 1278 versus
1291 1242 1535 1277 testimonium
1560 1241 1743 1274 doctrinae
1768 1241 1810 1273 de
1829 1252 1895 1274 usu
1915 1252 2034 1273 rerum
2054 1240 2148 1283 poli-

1149 1296 1297 1329 ticarum
1316 1300 1438 1327 contra
1456 1293 1627 1326 fanaticos
1646 1292 1810 1335 spiritus,
1839 1291 2021 1329 videlicet,
2050 1293 2148 1336 quod

1149 1347 1216 1390 piis
1240 1353 1273 1380 et
1297 1345 1462 1378 fidelibus
1485 1356 1558 1377 non
1583 1342 1822 1387 praecipiatur
1846 1343 2027 1376 discedere
2051 1354 2068 1374 a
2094 1344 2148 1374 fa-

1148 1397 1357 1437 cultatibus,
1392 1408 1456 1429 nec
1487 1396 1664 1429 tolluntur
1693 1394 1941 1428 distinctiones
1965 1393 2148 1427 dominio-

1147 1460 1246 1487 rum,
1281 1454 1341 1481 aut
1367 1446 1572 1480 discrimina
1597 1445 1749 1478 divitum
1775 1452 1807 1479 et
1832 1455 2049 1488 pauperum,
2086 1446 2149 1477 sed

1148 1499 1356 1533 conceditur
1380 1498 1535 1531 retinere
1559 1496 1766 1541 proprium,
1795 1502 1828 1529 et
1845 1495 1976 1529 habere
1994 1496 2148 1533 divitias,

1120 1551 1237 1588 .sicut
1263 1547 1464 1587 Abraham,
1501 1547 1587 1589 Iob,
1624 1554 1657 1582 et
1689 1547 1794 1581 multi
1827 1547 1909 1588 alii,
1942 1544 2148 1581 habuerunt

1146 1613 1292 1646 magnas
1310 1612 1405 1646 opes,

1250 1652 1320 1687 Sed
1352 1653 1395 1685 de
1425 1662 1492 1684 usu
1516 1651 1724 1685 facultatum
1748 1649 1983 1694 praecipitur,
2020 1657 2056 1683 ut
2085 1651 2149 1695 qui

1147 1702 1280 1738 habent
1305 1714 1405 1748 opes,
1435 1702 1506 1736 sint
1528 1702 1693 1744 benefici,
1722 1702 1920 1735 liberaliter
1942 1702 2148 1745 impertiant

1146 1753 1214 1794 his,
1242 1755 1304 1800 qui
1322 1752 1453 1788 habent
1470 1765 1559 1798 opus
1575 1754 1734 1798 ipsorum
1754 1753 1945 1787 beneficiis.
1991 1752 2043 1786 Ac
2062 1765 2148 1797 pro—

1149 1804 1249 1840 hibet
1265 1812 1458 1851 utrunque,
1479 1805 1668 1838 avariciam
1684 1817 1818 1846 eorum,
1837 1805 1966 1850 quibus
1982 1802 2074 1837 nihil
2094 1817 2150 1837 sa-

1147 1857 1193 1891 tis
1216 1865 1282 1898 est,
1319 1858 1378 1890 sed
1403 1869 1548 1902 quoquo
1573 1857 1680 1889 modo
1705 1857 1898 1890 corradunt
1924 1862 1957 1889 et
1980 1868 2148 1889 accumu-

1148 1909 1222 1942 lant
1240 1920 1334 1953 opes,
1362 1915 1394 1941 et
1410 1908 1520 1952 partis
1535 1907 1718 1948 incubant,
1745 1920 1818 1940 non
1834 1906 2041 1941 afficiuntur
2057 1907 2150 1940 alio-

1147 1972 1226 1994 rum
1244 1959 1395 1993 miseriis
1409 1966 1469 1992 aut
1486 1965 1646 2002 egestate,
1674 1965 1713 1992 ut
1729 1958 1773 1992 iis
1788 1958 2021 1992 benefaciant.
2074 1957 2149 1992 De-

1147 2012 1230 2045 inde
1255 2018 1288 2045 et
1314 2010 1537 2055 profusiones
1561 2011 1598 2043 in
1622 2022 1676 2043 res
1693 2022 1766 2043 non
1783 2009 1997 2043 necessarias
2015 2010 2148 2054 perlu-

1147 2075 1253 2105 xum,
1288 2069 1349 2096 aut
1380 2062 1561 2107 quoddam
1592 2073 1725 2095 vanum
1756 2061 1915 2095 studium
1943 2062 2147 2095 ostentandi

1147 2127 1251 2159 opes,
1279 2113 1422 2147 interim
1442 2113 1609 2156 neglectis
1629 2120 1662 2146 et
1682 2111 1898 2146 defraudatis
1916 2109 1988 2152 his,
2013 2112 2148 2157 quibus

1147 2167 1346 2199 debebatur
1369 2165 1482 2198 victus
1506 2173 1539 2198 et
1560 2165 1625 2197 alia
1651 2164 1764 2197 officia
1791 2163 2006 2198 dilectionis.
2074 2163 2146 2197 Sed

1147 2219 1191 2250 de
1209 2216 1440 2262 eleemosynis
1458 2216 1579 2261 quaeri
1599 2215 1707 2255 solet,
1736 2227 1824 2260 quae
1842 2214 1912 2247 sint
1930 2215 2147 2248 necessariae

1148 2269 1409 2314 eleemosynae,
1437 2279 1496 2301 seu
1522 2267 1652 2312 quibus
1670 2266 1714 2300 sit
1733 2266 1890 2300 dandum
1909 2272 1941 2299 et
1959 2273 2148 2311 quatenus,

1147 2319 1311 2354 Breviter
1327 2331 1408 2363 ergo
1427 2319 1639 2363 respondeo.

1252 2370 1339 2405 Tria
1356 2377 1437 2404 sunt
1456 2382 1582 2413 genera
1600 2369 1787 2413 praecipue
1804 2367 2010 2402 necessaria.
2064 2366 2148 2401 Pri-

1147 2435 1264 2463 mum,
1296 2429 1337 2456 ut
1361 2422 1585 2455 conferamus
1608 2420 1743 2466 aliquid
1769 2421 1812 2453 ad
1839 2419 2147 2453 conservationem

1146 2474 1336 2507 ministerii
1359 2471 1549 2508 Ecclesiae.
1604 2470 1681 2505 Hoc
1703 2470 1861 2504 officium
1886 2470 2037 2504 maxime
2062 2483 2148 2515 pro-

1146 2526 1263 2570 prium
1289 2532 1338 2559 est
1357 2525 1509 2568 piorum.
1564 2522 1653 2557 Vult
1671 2522 1766 2556 enim
1785 2520 1882 2556 Deus
1897 2533 2002 2567 opeS,
2028 2528 2060 2555 et
2076 2522 2147 2555 alia

1145 2576 1341 2620 corporalia
1368 2576 1461 2608 bona
1494 2574 1685 2619 praecipue
1715 2574 1872 2607 conferri
1902 2575 1945 2607 ad
1976 2571 2065 2614 hoc,
2106 2581 2147 2607 ut

1144 2628 1296 2669 alantur,
1324 2628 1386 2673 qui
1404 2625 1789 2669 docentEvangeHum,
1810 2632 1843 2659 et
1860 2632 1900 2659 ut
1918 2632 2150 2658 conservetur

1145 2679 1393 2714 ministerIum.
1448 2677 1498 2712 Ita
1519 2675 1604 2711 haec
1621 2677 1817 2711 liberalitas
1834 2677 1981 2723 proprie
2002 2683 2051 2709 est
2069 2676 2149 2709 cul-

1143 2737 1199 2765 tus
1216 2730 1304 2774 Dei,
1332 2742 1410 2764 cum
1436 2730 1590 2764 refertur
1611 2730 1655 2763 ad
1676 2729 1785 2774 ipsius
1803 2728 1977 2773 gloriam,
2002 2734 2040 2761 ut
2059 2739 2148 2760 con-
