2379 2948
209 87 303 124 1523

795 69 919 105 PHIL.
950 67 1064 103 MEL.
1092 63 1304 101 SCRIPTA
1331 61 1628 99 EXEGETICA.

2138 59 2233 95 1524

306 168 354 204 Et
377 174 525 211 utraque
549 160 709 196 doctrina
733 167 822 201 opus
845 161 895 188 est
911 152 1108 194 Ecclesiae,
1135 152 1189 184 vi-
1243 150 1302 185 hic
1337 149 1524 193 repetenda
1562 154 1634 190 est,
1670 147 1707 180 in
1741 147 1909 181 concione
1937 148 1980 180 de
2012 146 2114 181 bonis
2152 156 2237 189 ope-

206 222 348 259 delicet,
385 225 425 253 ut
448 220 563 250 teneat
588 211 703 245 Deum
736 207 843 252 gratis
866 206 1024 239 misereri
1050 209 1193 249 propter

206 272 409 310 Christum,
436 274 468 301 et
492 265 662 298 iniustum
687 271 776 300 esse,
812 259 847 291 id
871 264 940 300 est,
969 255 1194 290 credentibus

207 324 429 360 benefacere,
471 323 504 350 et
542 313 669 358 impios
704 310 844 355 punire.
906 307 995 341 Nam
1032 318 1111 340 cum
1148 305 1196 338 ita

207 374 428 419 agnoscimus
453 375 643 409 utrumque
668 373 757 406 opus
773 359 860 402 Dei,
885 371 967 392 vere
991 356 1198 401 concipiunt

208 426 313 461 corda
332 424 435 456 fidem
453 426 485 453 et
503 418 676 452 timorem.
720 412 873 456 Ideoque
889 409 1051 443 Psalmus
1069 415 1198 441 utrun-

210 489 278 523 que
304 471 490 519 proponit,
519 474 558 501 ut
582 464 648 499 hac
671 463 840 497 concione
864 461 950 494 fides
973 468 1005 494 et
1028 460 1136 493 timor
1161 457 1199 490 in

210 527 313 562 nobis
332 522 579 559 exuscitentur.
621 513 893 549 Meminerimus
912 524 993 555 ergo
1010 509 1106 544 hunc
1122 520 1200 541 ver-

211 578 361 613 siculum
396 574 434 606 in
469 570 535 604 hoc
566 567 706 601 Psalmo
738 564 968 610 principalem
1004 560 1202 595 doctrinam

212 629 392 664 continere
405 652 413 666 ,
428 622 507 656 fidei
523 627 556 654 et
574 618 733 657 timoris,
759 628 819 649 seu
834 613 1020 657 Evangelii
1038 620 1070 647 et
1083 611 1181 654 legis.

262 718 362 753 Bene
380 717 455 750 viro
473 710 539 760 qui
553 709 744 744 miseretur
762 711 791 740 el
810 710 935 739 mutuo
956 702 1033 739 dat.

317 791 497 825 Hactenus
520 783 726 830 principalis
755 780 918 815 doctrina
952 779 995 812 de
1024 778 1150 811 timore
1176 781 1208 807 et

216 846 283 880 fide
301 842 429 878 tradita
453 844 520 875 est,
550 843 632 869 sunt
652 834 755 867 etiam
778 832 917 865 additae
945 828 1209 874 promissiones,

217 907 312 930 nunc
339 891 438 926 addit
463 899 563 921 veros
595 886 708 919 cultus
745 884 851 921 alios,
888 881 1052 913 videlicet
1085 877 1210 916 officia,

218 958 307 992 quac
332 954 411 986 erga
441 938 641 985 proximum
667 934 874 979 praestanda
901 939 993 965 sunt.
1055 929 1156 964 Sicut
1178 934 1211 960 et

217 997 351 1032 Paulus
380 991 512 1037 inquit:
556 988 597 1022 Iu
622 984 765 1020 Christo
795 984 872 1017 lesu
901 995 965 1015 nec
988 979 1209 1014 circumcisio

219 1047 355 1093 aliquid
375 1044 485 1081 valet,
513 1052 576 1072 nec
596 1036 839 1083 praeputium,
863 1035 923 1067 sed
949 1033 1032 1065 fides
1052 1043 1139 1077 quae
1162 1036 1212 1063 est

220 1112 283 1145 per
301 1095 525 1131 dilectionem
543 1090 676 1123 efficax.

322 1154 374 1189 Ac
401 1153 576 1197 primum,
604 1148 687 1193 quia
715 1145 876 1179 Psalmus
900 1144 1036 1177 nullam
1060 1142 1213 1175 mentio-

222 1221 303 1243 nem
320 1206 404 1240 sacit
421 1200 700 1237 ceremoniarum
715 1225 723 1238 ,
751 1205 783 1231 et
803 1196 979 1240 praedicat
994 1194 1107 1228 officia
1124 1193 1214 1226 dile-

224 1258 373 1298 ctionis,
401 1254 483 1288 satis
510 1251 699 1295 significat,
729 1260 833 1292 opera
856 1245 1058 1279 dilectionis
1080 1244 1214 1277 antefe-

223 1312 334 1345 renda
351 1319 422 1341 esse
441 1302 662 1338 ceremoniis.
706 1299 806 1333 Sicut
827 1298 933 1341 igitur
951 1296 1037 1329 alibi
1055 1292 1214 1339 Prophe-

223 1371 277 1397 tae
293 1369 449 1394 errorem
465 1354 730 1401 hypocritarum
751 1356 881 1389 taxant,
909 1348 970 1393 qui
986 1347 1214 1390 negligebant

226 1424 332 1457 opera
352 1406 572 1447 dilectionis,
597 1410 629 1437 et
652 1403 785 1434 interea
807 1399 1037 1432 cumulabant
1060 1409 1216 1430 ceremo-

227 1465 323 1503 nias,
350 1467 382 1494 et
400 1458 571 1503 putabant
590 1465 625 1487 se
646 1453 754 1485 iustos
777 1462 856 1493 esse,
874 1447 929 1481 his
955 1449 1141 1492 operibus,
1170 1447 1216 1479 ita

226 1514 294 1549 hoc
310 1514 388 1546 loco
404 1510 464 1543 illa
490 1507 574 1540 salsa
594 1502 773 1548 persuasio
798 1498 1091 1545 reprehenditur,
1120 1504 1216 1530 ante-

229 1568 395 1600 feruntur
421 1559 515 1593 enim
541 1555 687 1588 moralia
714 1564 829 1595 opera.
885 1549 1015 1584 Extant
1031 1549 1218 1582 conciones

231 1618 268 1650 in
294 1613 385 1648 hanc
408 1607 617 1644 sententiam
643 1604 773 1637 multae
798 1600 924 1635 Esaiae
950 1602 978 1634 1.
1035 1599 1120 1632 Item
1141 1597 1217 1632 58.:

229 1667 367 1708 Frange
392 1658 559 1696 esurienti
586 1667 711 1701 panem
739 1660 801 1686 etc.
855 1650 969 1685 Oseae
995 1650 1045 1683 6.:
1074 1649 1219 1683 Miseri-

229 1717 388 1752 cordiam
406 1711 513 1750 volui,
541 1720 613 1741 non
631 1705 853 1739 sacrificium.
901 1700 1063 1735 Micheae
1082 1701 1131 1735 6.;
1160 1700 1220 1733 In-

232 1769 356 1803 dicabo
389 1763 453 1798 tibi
478 1761 563 1806 quid
589 1759 634 1791 sit
664 1758 819 1793 bonum,
854 1754 966 1786 facere
991 1753 1161 1786 iudicium
1189 1757 1221 1784 et

232 1820 378 1862 diligere
403 1809 694 1847 misericordiam.
748 1803 939 1838 Zachariae
964 1805 1014 1837 7.:
1045 1803 1221 1836 Iudicium

234 1882 355 1904 verum
372 1866 542 1903 iudicate,
567 1868 599 1894 et
615 1856 892 1891 misericordiam
910 1855 1025 1889 facite,

336 1925 521 1961 Secundo,
557 1921 594 1952 in
624 1918 785 1951 doctrina
822 1927 969 1959 operum
1002 1925 1139 1947 necesse
1174 1918 1224 1945 est

236 1990 372 2024 semper
389 1975 471 2010 addi
488 1971 685 2005 doctrinam
702 1971 743 2000 de
761 1967 844 2005 fide,
862 1966 943 2010 quia
961 1965 1015 1998 lex
1034 1965 1108 1997 sine
1119 1961 1223 1997 Clxri-
1249 1969 1252 1981 ⁴

237 2040 288 2066 sto
305 2041 378 2063 non
396 2026 549 2072 prodest.
600 2018 645 2053 Et
668 2026 783 2063 patres
802 2017 958 2049 sciebant
975 2028 1048 2049 non
1065 2014 1224 2048 satisfieri

237 2083 323 2127 legi,
351 2090 414 2112 nec
441 2077 575 2121 placere
599 2082 723 2115 opera,
759 2068 827 2101 nisi
854 2069 935 2111 quia
959 2067 1088 2110 recepti
1114 2072 1227 2098 essent

239 2146 300 2179 per
325 2125 626 2165 misericordiam,
654 2127 797 2164 propter
823 2118 1085 2162 promissiones.
1143 2116 1226 2149 Ideo

239 2187 274 2218 in
292 2182 359 2216 hoc
371 2180 510 2214 Psalmo
538 2176 768 2216 interspersae
787 2178 868 2204 sunt
891 2169 1083 2203 sententiae
1100 2169 1142 2201 de
1161 2167 1226 2200 mi-

241 2231 431 2269 sericordia
448 2236 480 2263 et
496 2229 539 2261 de
555 2226 633 2259 fide.

343 2300 400 2334 Sic
423 2297 532 2340 igitur
563 2291 781 2333 intelligatur
810 2287 949 2321 concio:
991 2286 1136 2325 Beatus,
1169 2285 1230 2330 qui

242 2366 322 2387 vere
338 2349 448 2384 credit
467 2344 654 2379 sibiDeum
670 2340 866 2386 propicium
884 2350 956 2371 esse
972 2343 1115 2382 propter
1124 2334 1229 2370 Chri-

244 2413 352 2443 stum,
387 2407 420 2434 et
442 2397 506 2432 hac
533 2397 599 2428 lide
623 2403 815 2436 agnoscens
848 2390 921 2422 eius
951 2388 1228 2421 misericordiam

245 2454 369 2497 incipit
395 2451 424 2484 ei
449 2447 610 2483 obedire,
638 2451 671 2477 et
697 2449 840 2487 propter
864 2439 972 2484 ipsius
996 2439 1142 2483 gloriam
1167 2439 1231 2470 ob-

246 2510 435 2548 temperat,
462 2507 495 2532 et
522 2496 633 2531 credit
659 2495 689 2527 ei
714 2494 849 2537 placere
874 2489 964 2524 hanc
979 2489 1231 2529 obedientiam,

247 2567 321 2589 non
340 2554 420 2598 quia
437 2552 482 2584 sit
500 2549 650 2594 perfecta
663 2573 671 2586 ,
700 2545 759 2578 sed
783 2544 865 2588 quia
886 2553 1007 2575 sumus
1025 2540 1154 2585 recepti
1172 2552 1233 2584 per

246 2602 544 2643 misericordiam,
573 2604 716 2643 propter
735 2595 964 2628 mediatorem
982 2599 1015 2626 et
1032 2591 1232 2637 pontificem

249 2656 353 2691 nobis
377 2654 420 2687 ab
448 2653 523 2695 ipso
555 2651 737 2683 donatum.
801 2644 896 2679 Haec
922 2644 1081 2678 doctrina
1106 2643 1232 2677 iterum

1246 203 1356 236 ribus.

1350 257 1401 292 Ac
1427 259 1570 303 prodest
1596 259 1638 291 ad
1665 258 1899 292 consolandas
1927 257 2002 302 pias
2026 267 2177 302 mentes,
2204 267 2239 294 et

1249 308 1487 346 adhortandas
1509 310 1554 343 ad
1579 310 1669 343 bene
1696 310 1937 353 operandum,
1972 312 2176 350 ostendere,
2205 318 2240 345 et

1250 363 1345 408 quod
1377 360 1473 394 Deus
1502 362 1659 406 requirat
1690 360 1950 400 obedientiam,
1991 367 2025 394 et
2060 363 2240 407 quomodo

1252 413 1433 458 approbet.
1467 411 1594 457 Fitque
1613 412 1659 444 ita
1677 411 1828 444 maxime
1844 411 1992 445 illustris
2009 412 2148 446 bonitas
2159 412 2242 451 Dei,

1253 476 1332 498 cum
1351 463 1535 503 audimus,
1560 469 1697 496 tantam
1724 474 1796 496 esse
1810 461 2082 505 amplitudinem
2105 463 2244 497 miseri-

1254 514 1415 557 cordiae,
1450 521 1489 547 nt
1513 514 1551 546 in
1575 514 1798 546 credentibus
1824 511 1916 546 hanc
1942 513 2182 557 imperfectam
2211 520 2244 547 et

1256 565 1532 599 contaminatam
1567 564 1806 597 obedientiam
1842 565 2032 608 approbet,
2074 572 2107 599 et
2141 571 2244 599 ornet

1258 616 1423 661 praemiis
1439 642 1446 656 ‚
1475 615 1623 659 perinde
1639 627 1677 648 ac
1698 615 1726 646 si
1746 614 1815 657 legi
1831 615 2023 649 satisfieret.

1360 674 1455 708 Haec
1477 675 1540 708 etsi
1563 686 1667 718 supra
1686 674 1873 719 aliquoties
1891 675 1983 709 dicta
2002 681 2102 715 sunt,
2127 675 2246 708 brevi-

1259 735 1311 762 ter
1327 734 1444 760 tamen
1460 723 1528 759 hoc
1543 725 1581 758 in
1598 726 1674 759 loco
1695 726 1737 758 de
1755 725 1919 769 operibus
1939 726 2097 770 repetivi,
2123 732 2163 759 ut
2178 725 2246 758 im—

1261 778 1363 823 periti
1383 778 1594 820 respondere
1611 776 1768 821 possint,
1786 776 1813 808 si
1832 773 2035 810 huiusmodi
2051 776 2143 809 dicta
2162 788 2247 810 con-

1262 838 1314 863 tra
1334 828 1530 861 doctrinam
1548 828 1590 860 de
1613 828 1680 860 fide
1700 828 1989 872 detorqueantur.
2043 827 2125 861 Non
2153 827 2248 860 enim

1264 880 1354 913 valet
1381 885 1642 922 argumentum,
1681 879 1708 910 si
1732 878 1810 923 quis
1834 878 1991 912 obiiciat:
2024 877 2153 912 Beatus
2187 877 2250 923 qui

1263 938 1386 964 mutuo
1413 932 1489 969 dat,
1518 927 1611 973 Ergo
1638 937 1781 974 propter
1798 941 1903 973 opera
1921 929 2108 964 salvamur.
2159 928 2250 962 Nam

1264 982 1474 1016 antecedens
1492 981 1595 1014 debet
1610 980 1763 1023 intelligi
1778 981 1821 1013 de
1838 982 2016 1013 credente:
2045 979 2175 1013 Beatus
2191 979 2253 1024 qui

1265 1033 1374 1066 credit
1388 1033 1426 1065 in
1445 1030 1647 1071 Christum,
1676 1038 1709 1064 et
1732 1029 1795 1064 hac
1811 1031 1878 1064 fide
1903 1042 2094 1074 agnoscens
2116 1031 2253 1063 miseri-

1265 1084 1421 1118 cordiam
1440 1083 1505 1116 Dei
1531 1083 1656 1126 incipit
1682 1082 1836 1115 obedire.
1899 1081 1989 1115 Cum
2013 1089 2128 1115 autem
2156 1081 2253 1126 prius

1266 1135 1460 1180 requiritur
1478 1135 1581 1174 fides,
1608 1134 1805 1167 excluditur
1821 1133 1973 1176 dignitas
1993 1140 2125 1173 nostra,
2154 1139 2186 1166 et
2205 1132 2254 1165 si-

1267 1186 1469 1230 gnificatur,
1498 1186 1593 1230 quod
1609 1185 1676 1217 fide
1695 1191 1837 1228 propter
1854 1181 2038 1217 Christum
2063 1183 2170 1226 gratis
2197 1194 2256 1216 ac-

1268 1237 1438 1282 cipiamus
1455 1236 1697 1269 remissionem
1717 1242 1956 1278 peccatorum,
1985 1241 2017 1268 et
2034 1234 2157 1268 fiamus
2172 1231 2256 1266 hae-

1268 1289 1369 1322 redes
1384 1286 1461 1322 Dei.
1514 1285 1561 1321 Et
1577 1294 1693 1320 tamen
1712 1298 1851 1319 necesse
1869 1292 1934 1325 est,
1960 1285 2059 1330 sequi
2082 1285 2256 1318 incoatam

1269 1338 1518 1373 obedientiam.
1575 1336 1658 1370 Ideo
1678 1337 1771 1369 enim
1789 1336 2074 1374 reconciliamur,
2091 1343 2130 1369 ut
2146 1335 2255 1369 vitam

1271 1401 1402 1422 novam
1425 1395 1457 1421 et
1482 1395 1658 1421 aeternam
1682 1398 1958 1432 consequamur,
1993 1398 2082 1431 qnae
2107 1393 2158 1420 est
2184 1385 2257 1430 ipsa

1270 1452 1360 1473 nova
1393 1439 1605 1473 obedientia.
1666 1436 1712 1472 Et
1748 1445 1930 1481 propterea
1965 1438 2118 1470 donatur
2150 1437 2253 1470 nobis

1271 1491 1424 1534 Spiritus
1447 1496 1606 1529 sanctuS,
1645 1496 1683 1522 ut
1709 1489 1767 1521 illa
1796 1500 1887 1521 nova
1913 1488 1984 1521 vita
2010 1488 2046 1520 in
2073 1487 2176 1521 nobis
2204 1487 2260 1520 in-

1271 1548 1404 1575 coe'tur.

1323 1628 1401 1677 Qui
1420 1629 1620 1665 miseretur.

1376 1705 1578 1750 Spiritualis
1595 1704 1795 1739 obedientia
1813 1712 1880 1744 est,
1907 1718 1980 1739 non
1998 1712 2134 1739 tantum
2151 1711 2263 1738 exter-

1275 1770 1318 1791 na
1333 1769 1439 1801 opera
1456 1769 1492 1790 ac
1509 1756 1733 1800 disciplinam
1751 1763 1943 1800 praestare,
1967 1758 2028 1789 sed
2053 1755 2181 1790 habere
2208 1756 2264 1788 in-

1275 1809 1422 1844 teriores
1437 1815 1554 1841 motus
1573 1809 1685 1840 bonos
1703 1808 1953 1841 convenientes
1977 1807 2042 1851 legi
2062 1807 2141 1840 Dei.
2178 1805 2261 1839 Ideo

1276 1857 1452 1904 Propheta
1472 1859 1625 1902 primum
1650 1860 1692 1891 de
1722 1859 1881 1891 interiori
1901 1865 2001 1892 motu
2025 1858 2266 1895 concionatur,

1279 1911 1340 1955 qni
1363 1922 1436 1943 non
1460 1916 1510 1943 est
1532 1910 1568 1941 in
1594 1909 1732 1952 impiis,
1759 1917 1819 1942 aut
1838 1910 1941 1952 longe
1961 1908 2142 1942 dissimilis
2158 1907 2264 1941 mise-

1278 1962 1452 1994 ricordiae
1470 1960 1621 2004 piorum.

1384 2019 1563 2053 Differunt
1594 2019 1688 2052 enim
1720 2025 1835 2052 motns
1864 2019 1918 2051 illi
1948 2018 2145 2062 tripliciter.
2188 2017 2267 2051 Pri-

1281 2084 1377 2105 mum
1405 2071 1494 2112 fine,
1521 2077 1561 2103 ut
1583 2070 1781 2113 Augustus,
1811 2070 1873 2102 etsi
1896 2076 1945 2103 est
1971 2071 2189 2109 moderatus,
2215 2076 2267 2103 ta-

1281 2134 1361 2155 men
1390 2134 1462 2155 non
1485 2122 1635 2154 afficitur
1659 2121 1919 2164 misericordia,
1951 2128 1989 2154 ut
2013 2120 2087 2154 Deo
2113 2120 2266 2163 obediat,

1282 2180 1314 2207 et
1332 2172 1446 2206 Deum
1465 2173 1645 2216 glorificet.

1385 2230 1549 2265 Secundo
1569 2231 1732 2271 obiectis,
1761 2232 1842 2276 quia
1861 2231 2052 2276 impiorum
2071 2231 2268 2264 misericor-

1284 2284 1339 2316 dia
1359 2283 1540 2326 angnstior
1556 2288 1624 2322 est,
1655 2294 1758 2326 quam
1781 2282 1941 2326 piorum,
1969 2289 2106 2316 tantum
2127 2294 2205 2326 erga
2223 2282 2267 2314 il-

1283 2335 1336 2367 los
1354 2335 1462 2367 exerit
1478 2345 1513 2366 se
1531 2344 1619 2378 quos
1635 2333 1765 2366 carnali
1786 2334 1890 2366 modo
1909 2334 2073 2376 diligunt.
2127 2332 2172 2367 Ut
2183 2332 2268 2367 Saul

1284 2392 1333 2419 est
1358 2385 1556 2418 misericors
1580 2396 1658 2427 erga
1683 2396 1779 2423 suos,
1808 2385 1936 2429 quibus
1962 2386 2051 2418 bene
2069 2384 2156 2417 vult.
2211 2381 2270 2416 ln-

1284 2444 1376 2470 terea
1395 2436 1495 2480 impii
1522 2442 1605 2468 sunt
1623 2435 1856 2468 crudelissimi
1878 2447 1957 2478 erga
1974 2447 2054 2468 vere
2070 2435 2218 2467 afflictos
2239 2442 2271 2467 et

1285 2487 1524 2527 calamitosos,
1559 2498 1646 2531 quos
1678 2486 1771 2519 Dens
1803 2487 1988 2530 praecipue
2023 2485 2098 2519 vult
2128 2485 2271 2529 respici,

1285 2538 1373 2572 sicut
1400 2535 1600 2582 hypocritae
1626 2538 1814 2570 immanem
1833 2538 2013 2571 saevitiam
2042 2543 2272 2569 exercuerunt

1257 2631 1259 2634 Ι
1287 2600 1367 2632 erga
1402 2588 1613 2628 Ecclesiam,
1648 2600 1727 2631 erga
1764 2586 1977 2632 Prophetas,
2016 2587 2206 2631 Apostolos
2238 2593 2272 2620 et

1287 2651 1410 2675 omnes
1428 2639 1628 2684 profitentes
1646 2638 1887 2682 Evangelium.
