2379 2948
127 116 224 154 1205

121 203 279 248 quaerite
296 216 444 247 regnum
461 202 546 242 Dei,
575 210 609 237 et
626 211 759 238 caetera
777 205 990 239 adiicientur
1007 205 1117 237 vobis.

119 252 164 287 Et
190 256 233 287 de
257 256 540 297 persecutoribus
565 254 680 288 Psalru
714 256 814 291 108.:
861 256 981 289 Induit
1007 257 1115 289 male—

120 305 313 339 dictionem
331 307 421 341 sicut
438 307 702 341 vestimentum.

224 374 404 419 Septimus
438 386 560 408 versus
591 381 624 408 et
651 385 800 420 sequens
825 375 984 409 continet
1011 375 1115 408 verba

119 426 350 471 precationis:
380 424 439 459 Sit
453 437 534 472 pax
552 425 654 458 intra
678 437 803 458 muros
826 429 920 460 tuos.
976 425 1115 459 Diserte

120 484 236 511 autem
265 478 421 511 additur:
458 473 611 523 Propter
626 475 794 524 fratres,
824 480 854 509 et
876 481 1024 523 propter
1047 474 1113 510 do-

120 541 219 561 mum
238 526 400 561 Domini
413 525 491 561 Dei
513 528 642 563 nostri,
699 527 793 571 Quia
819 529 998 572 praecipui
1026 529 1111 561 flues

720 117 783 155 IX.
838 116 1202 154 COMMENTARII
1240 117 1290 153 IN
1325 117 1568 156 PSALMOS.

1139 311 1143 387 ›

117 581 279 613 omnium
296 580 473 613 actionum
498 591 570 612 esse
593 580 723 613 debent
740 577 795 620 hi,
822 580 1011 613 celebratio
1029 581 1112 619 Dei,
1136 615 1138 620 f

119 639 152 665 et
169 630 346 665 Ecclesiae
361 631 600 669 conservatio,
628 631 723 664 iuxta
741 628 826 664 haec
842 631 950 664 dicta:
979 630 1110 664 Luceat

118 683 178 716 lux
205 689 338 723 vestra,
374 689 411 716 ut
437 682 653 725 glorificetur
678 688 777 726 pater
802 689 916 715 vester
939 683 1107 716 coelestis.

120 733 206 768 Item
236 735 267 769 1.
295 732 376 767 Cor.
406 734 482 767 10.:
512 730 648 767 Omnia
667 734 709 766 ad
737 734 885 777 gloriam
908 732 972 766 Dei
995 734 1108 774 facite,

116 792 152 819 et
175 797 247 818 non
272 784 346 818 sitis
374 785 540 818 scandalo
565 782 754 820 Ecclesiae.
810 784 913 817 Item:
948 784 1107 818 Primum

116 836 275 881 quaerite
292 846 440 879 regnum
459 834 536 869 Dei.

220 903 332 948 Saepe
362 911 481 938 autem
513 910 624 937 totum
650 901 746 938 hunc
772 904 952 938 Psalmum
983 905 1106 938 recite-
1132 940 1134 943 ,

115 966 213 996 mus,
241 962 281 989 ut
302 953 356 987 his
381 956 498 988 verbis
516 963 549 989 et
574 956 702 999 gratias
727 967 870 999 agamus
895 958 938 989 de
966 968 1106 989 8011581·-
1132 974 1134 979 v

115 1008 256 1040 vatione
267 1004 456 1048 Ecclesiae,
484 1014 516 1040 et
535 1015 694 1051 petamus
710 1014 749 1040 ut
767 1014 1005 1043 conservetur.
1030 1007 1107 1041 Me-

113 1058 324 1091 minerimus
356 1058 460 1091 etiam
493 1058 529 1091 111
558 1056 622 1091 1108
649 1059 725 1102 ipso
751 1057 891 1091 Psalmo
925 1059 1105 1092 vobiscum

113 1109 250 1154 precari
276 1108 410 1142 Filium
434 1109 519 1150 Dei,
553 1110 614 1155 qui
642 1110 773 1154 inquit:
811 1109 960 1154 Propter
983 1110 1108 1144 fratres
1133 1145 1134 1148 Ἴ

113 1172 211 1194 111805
228 1167 262 1195 et
278 1168 423 1205 propter
441 1161 620 1205 proximos
644 1173 740 1194 meos
765 1161 891 1206 loquar
916 1162 1010 1195 bona
1031 1161 1107 1195 tibi.

113 1210 161 1246 Et
177 1212 382 1246 intueamur
405 1212 515 1256 ipsius
534 1213 638 1245 verba
667 1212 760 1245 dicta
786 1213 822 1244 111
848 1223 976 1254 agone:
1004 1212 1109 1246 Pater

113 1275 214 1297 serva
230 1275 289 1297 eos
308 1263 344 1296 111
365 1263 510 1297 1101111118
533 1270 612 1304 tuo,
641 1263 675 1295 id
694 1270 760 1304 est,
790 1263 825 1295 in
845 1264 1026 1307 agnitione
1044 1265 1107 1303 tui,

114 1316 152 1348 111
173 1326 253 1348 vera
272 1315 433 1348 doctrina
454 1322 486 1348 et
504 1314 749 1354 invocatione,
776 1322 816 1347 ut
840 1315 912 1348 sint
937 1327 1049 1348 unum
1072 1316 1106 1348 iu

113 1366 230 1401 nobis.
290 1363 346 1398 Ad
378 1363 486 1398 huius
517 1366 645 1398 summi
675 1365 868 1399 sacerdotis
896 1378 1016 1398 vocem
1046 1367 1108 1399 ad-

113 1417 302 1461 iungamus
326 1423 359 1450 et
384 1423 525 1450 nostros
556 1416 707 1459 gemitus
740 1423 772 1449 et
804 1417 1041 1460 precationes,
1076 1424 1107 1450 et

113 1468 263 1502 sciamus
292 1479 517 1514 nequaquam
542 1467 662 1500 irritos
684 1478 756 1500 esse
784 1474 989 1511 propterea,
1025 1469 1106 1514 quia

112 1531 176 1564 per
196 1517 290 1553 hunc
316 1531 494 1552 summum
519 1520 733 1552 sacerdotem
761 1520 803 1552 ad
829 1526 1011 1553 aeternum
1042 1532 1105 1564 pa-

114 1578 205 1604 trem
222 1571 461 1615 perferuntur.

376 1691 406 1723 P
419 1701 437 1723 s
456 1700 479 1723 a
497 1689 510 1723 l
527 1700 563 1722 m
581 1701 603 1723 u
622 1701 640 1723 s
685 1687 845 1723 CXXII.

425 1764 591 1790 Carmine
621 1765 794 1789 redditus,

166 1833 291 1864 Summe
307 1830 390 1861 Deus
404 1832 491 1860 nobis
507 1830 652 1870 patefacte
670 1831 701 1857 in
720 1840 792 1868 rupe
808 1827 904 1865 Sinai,

217 1884 326 1915 Nostra
342 1885 396 1912 tibi
414 1889 508 1922 grates
528 1889 646 1921 pectora
661 1887 689 1910 et
706 1891 755 1909 ora
773 1888 890 1910 sonant.

166 1937 260 1977 Quod
279 1937 372 1965 sancis
391 1933 525 1974 Solymis
544 1940 576 1962 ut
594 1934 699 1972 templi
715 1935 839 1961 immota
857 1935 895 1961 sit
913 1935 995 1961 omni

216 1987 370 2027 Tempore
386 1986 495 2015 dehinc
515 1985 614 2022 sedes,
644 1984 726 2025 quod
746 1991 797 2013 tua
815 1983 893 2013 dicta
914 1992 1008 2013 sonet.

169 2039 259 2071 Curia
275 2045 330 2068 stat
350 2040 436 2067 nobis
457 2040 591 2077 sapiente
607 2042 708 2065 ornata
730 2041 845 2073 senatu,

219 2090 355 2120 Consilio
373 2091 499 2130 patriam
516 2100 588 2118 voce
605 2095 716 2128 tuaque
732 2098 844 2126 regens.

168 2141 291 2171 Pectora
308 2148 485 2170 cunctorum
502 2141 597 2170 dulcis
615 2139 775 2169 concordia
792 2140 901 2177 iungit,

220 2193 259 2223 Et
278 2193 377 2222 studio
396 2193 551 2222 aedificant
568 2194 688 2220 moenia
706 2198 805 2220 nostra
824 2193 896 2229 pari.

166 2244 335 2285 Isaciasque
350 2246 443 2274 tribus
461 2250 580 2273 cunctas
595 2244 654 2273 huc
672 2245 714 2271 ire
727 2253 845 2271 necesse
864 2248 916 2278 est,

218 2296 358 2327 cedenda
373 2303 415 2325 est
429 2297 489 2325 alio
506 2297 627 2325 victima
642 2297 728 2324 nullo
746 2296 826 2323 loco.

169 2349 228 2379 Hic
246 2359 307 2377 vox
323 2348 475 2377 doctrinae
489 2353 644 2386 spargatur
660 2353 693 2376 ut
710 2349 797 2375 unica
821 2356 923 2385 purae,

221 2399 324 2439 Quam
341 2401 428 2429 nobis
445 2401 529 2429 coelo
547 2399 667 2427 tradidit
684 2401 748 2437 ipse
767 2396 860 2427 Deus.

168 2451 268 2493 Ipsius
287 2459 321 2481 ut
340 2453 456 2480 bouitas
474 2453 505 2479 iu
520 2457 584 2479 toto
600 2452 697 2479 luceat
715 2451 797 2487 orbe,

218 2503 358 2544 Notaque
373 2505 431 2533 sint
448 2504 529 2542 gnati
544 2500 676 2531 Numina
692 2512 798 2540 magna
813 2503 870 2530 sui.

169 2555 313 2586 Restituit
331 2557 417 2584 nobis
433 2557 525 2583 vitam
541 2555 593 2594 qui
611 2554 676 2582 labe
693 2559 817 2589 remota,

220 2606 352 2637 Iustilica
370 2609 467 2637 salvos
485 2612 512 2634 et
527 2606 598 2634 facit
617 2615 678 2633 esse
693 2604 759 2632 fide.

169 2659 228 2689 Hie
244 2660 312 2688 fons
330 2660 483 2688 doctrinae
501 2659 537 2686 sit
555 2656 718 2696 limpidus,
744 2654 813 2683 inde
834 2655 963 2691 fluentis,

220 2709 289 2741 Non
306 2712 374 2740 ficto
392 2709 476 2740 Deus
499 2717 529 2738 ut
546 2710 640 2748 possit
656 2707 772 2736 honore
796 2707 866 2735 coli.

2066 124 2162 160 1206

1220 207 1381 237 Posteritas
1399 212 1427 237 in
1445 220 1502 249 qua
1522 208 1647 239 Davidls
1665 221 1753 249 regna
1770 213 1894 249 tenebit,

1270 259 1328 287 Hic
1348 271 1462 299 semper
1478 262 1559 290 sedes
1575 273 1636 290 non
1655 265 1784 301 peritura
1805 271 1914 292 manet.

1218 309 1346 350 Diligite
1363 312 1438 340 hanc
1455 311 1621 351 Solymen,
1651 320 1679 342 et
1694 320 1776 353 grato
1794 315 1907 344 reddite
1924 315 2019 344 corde'

1269 361 1377 391 Debita
1394 363 1464 391 huic
1481 374 1583 393 omnes
1594 388 1601 401 ,
1625 376 1745 393 munera
1758 389 1766 403 ,
1794 373 1880 404 vota,
1909 378 2020 406 preces.

1218 412 1281 451 Qui
1298 415 1379 443 fovet
1399 416 1504 443 01110115
1522 415 1598 444 lianc
1616 419 1700 445 iustis
1716 425 1804 457 atque
1821 425 1931 454 tuetur,

1270 464 1401 504 Protegit
1417 466 1497 495 huuc
1511 478 1626 506 semper
1646 468 1765 496 dextera
1782 480 1889 508 inagna
1907 468 1978 500 Dei.

1215 516 1263 547 Sit
1282 519 1335 546 tibi
1352 528 1413 556 pax
1432 525 1459 546 et
1477 529 1543 546 vera
1561 521 1639 547 salus
1662 518 1793 548 Ecclesia
1815 532 1942 560 semper,

1265 567 1353 606 Quae
1371 569 1458 598 discis
1475 570 1573 598 studio
1592 571 1730 608 dogmata
1747 578 1845 600 sancta
1862 575 1924 610 pin.

1214 620 1321 649 Fausta
1337 631 1419 649 meos
1436 628 1558 659 propter
1574 622 1677 650 fratres
1689 645 1696 657 ,
1726 629 1907 662 propterque
1923 626 2110 664 propinquos

1265 670 1350 712 Opto
1369 674 1442 709 tibi,
1472 679 1500 701 et
1518 674 1623 712 templi
1639 684 1675 701 ne
1693 674 1807 702 labefiat
1823 685 1910 713 opus.

1298 781 1633 827 Aryumentum
1670 791 1723 814 ac
1762 780 2024 825 dispositio

1453 848 1611 888 Psalmi
1663 847 1863 890 CXXIII.

1522 922 1646 950 Gradu
1658 931 1711 949 11111
1739 922 1788 950 lY.

1210 982 1268 1016 Ad
1311 988 1349 1016 te
1384 984 1488 1017 laevo
1525 984 1648 1016 oculo-s
1692 993 1794 1016 'meos
1831 986 1894 1027 qui
1928 982 2080 1018 habitas
2115 988 2152 1019 in

1209 1035 1335 1068 coelis.

1264 1101 1423 1135 Precatio
1448 1109 1498 1134 est
1523 1099 1702 1134 Ecclesiae
1731 1102 1880 1146 petentis
1913 1103 2155 1137 defensionem

1161 1160 1193 1186 et
1220 1153 1485 1191 liberationem,
1521 1165 1593 1185 non
1619 1153 1735 1185 solum
1766 1154 1935 1186 adversus
1960 1155 2155 1195 saevitiam,

1133 1216 1135 1236 2
1161 1217 1248 1249 quae
1282 1205 1317 1236 in
1345 1216 1494 1248 corpora
1525 1211 1722 1243 exercetur,
1760 1205 1818 1237 sed
1852 1205 1956 1238 etiam
1986 1207 2155 1239 adversus

1161 1255 1416 1299 speciosissima
1437 1255 1565 1288 iudicia
1584 1255 1730 1295 mundi,
1756 1256 1886 1300 quibus
1903 1264 2155 1300 praegravatur

1134 1306 1135 1320 ³
1161 1307 1336 1346 Ecclesia,
1373 1307 1426 1339 vel
1452 1308 1545 1350 quod
1572 1307 1677 1340 stulte
1703 1313 1841 1340 moveat
1866 1308 2056 1341 certamina
2082 1320 2154 1342 non

1160 1358 1374 1397 necessaria,
1402 1358 1581 1391 autetiam
1609 1357 1824 1400 perniciosa,
1852 1358 1907 1390 vel
1932 1361 2026 1403 quod
2051 1360 2154 1392 falsas

1161 1409 1348 1451 opiniones
1366 1408 1553 1447 defendat,
1582 1415 1614 1440 et
1632 1408 1845 1441 contumelia
1862 1407 1977 1441 Deum
2005 1411 2154 1446 adficiat.

1161 1460 1228 1493 llis
1246 1459 1388 1493 iudiciis
1405 1459 1604 1502 sapit-ntum
1618 1486 1626 1497 ,
1654 1466 1824 1492 eteorum
1846 1460 1904 1504 qui
1924 1457 2055 1495 habent
2077 1473 2156 1506 spe-

1162 1512 1249 1545 ciem
1279 1511 1491 1550 sanctitatis,
1527 1510 1757 1543 condemnari
1790 1511 1902 1543 multo
1932 1511 2068 1545 tristius
2095 1520 2156 1553 est,

1163 1575 1266 1607 quam
1289 1563 1361 1595 11113
1385 1562 1556 1605 supplicia
1583 1573 1772 1604 corporum
1799 1562 1881 1605 pati.
1936 1561 1988 1595 De
2006 1561 2072 1596 hoc
2091 1565 2156 1597 do—

1134 1637 1135 1656 1
1164 1615 1237 1646 lore
1257 1613 1436 1658 queritur,
1466 1624 1529 1645 nos
1548 1613 1698 1655 repletos
1716 1623 1788 1644 esse
1815 1613 2054 1656 despectione,
2084 1626 2155 1648 esse

1164 1665 1198 1696 in
1223 1665 1305 1696 odio
1330 1664 1529 1706 sapientum
1560 1670 1703 1706 propter
1736 1663 1927 1696 stulticiam
1950 1670 1984 1698 et
2009 1677 2155 1705 errores,

1162 1722 1200 1748 ut
1218 1715 1283 1758 ipsi
1303 1715 1474 1747 iudicant:
1506 1714 1628 1747 miset-t
1649 1721 1765 1747 autem
1782 1714 2052 1749 similitudinem
2075 1729 2155 1761 pre—

1134 1784 1136 1787 ·
1162 1766 1314 1806 cationi,
1349 1772 1386 1798 ut
1411 1766 1446 1797 in
1472 1766 1563 1798 fame
1587 1765 1677 1798 servi
1705 1771 1737 1798 et
1760 1765 1909 1798 ancillae
1934 1775 2116 1811 expectant
2136 1781 2154 1802 a

1133 1820 1135 1843 ἴ
1162 1830 1268 1850 mann
1297 1817 1434 1849 domini
1461 1823 1493 1849 et
1516 1818 1682 1849 dominae
1703 1817 1839 1857 cibum,
1867 1817 1912 1851 ita
1937 1830 2002 1850 nos
2026 1819 2154 1852 tristis—

1132 1926 1133 1949 ῑ
1160 1935 1177 1954 3
1200 1919 1286 1953 Deo.

1160 1870 1249 1902 simo
1267 1876 1424 1911 tempore
1443 1875 1600 1911 petamus
1616 1874 1648 1900 et
1667 1875 1888 1910 expectemus
1911 1869 2153 1904 defensionem

1327 1919 1388 1951 list
1405 1926 1520 1951 autem
1544 1919 1730 1952 mediocris
1747 1919 1883 1951 domini
1913 1926 1945 1953 et
1962 1921 2153 1955 mediocris

1132 1967 1133 1973 ¹
1160 1971 1328 2004 dominae
1353 1983 1390 2002 ea
1419 1970 1578 2010 bonitas,
1603 1977 1641 2003 ut
1665 1970 1783 2003 nolint
1806 1981 1888 2003 suos
1912 1971 2004 2004 same
2028 1974 2154 2015 perire,

1131 2022 1132 2027 ¹
1160 2023 1205 2056 ita
1225 2023 1320 2055 Deus
1338 2022 1413 2054 sine
1430 2021 1501 2054 ulla
1520 2021 1743 2054 dubitatione
1761 2023 1925 2055 ostendet
1950 2024 2152 2058 testimonia

1159 2082 1280 2108 contra
1298 2071 1383 2106 baec
1400 2073 1521 2117 iniqua
1539 2073 1689 2112 iudicia,
1718 2084 1761 2105 ne
1783 2073 1911 2106 veritas
1934 2074 2073 2116 penitus
2091 2076 2152 2108 de-

1160 2126 1282 2159 leatur.

1308 2230 1431 2274 Aryu
1447 2232 1643 2261 mentum
1676 2238 1727 2259 (lc
1754 2226 2012 2270 dispositio

1464 2293 1620 2333 Psalmi
1651 2292 1854 2333 CXXIV.

1530 2365 1655 2393 Gradu
1668 2374 1721 2392 nm
1746 2365 1781 2392 V.

1210 2429 1296 2461 Nisi
1326 2428 1507 2460 Dmninus
1532 2422 1668 2469 fuisset
1687 2422 1896 2465 nobiscum,
1928 2422 2034 2459 dicat
2052 2438 2153 2461 nunc

1210 2480 1340 2513 lsrael.

1264 2545 1470 2579 Gratiarum
1495 2544 1585 2577 actio
1613 2549 1680 2582 cst,
1709 2555 1797 2588 quae
1823 2543 1991 2576 recitatur
2014 2551 2052 2577 ut
2077 2545 2152 2578 fieri

1161 2599 1248 2632 solet
1274 2598 1424 2640 exempli
1456 2607 1578 2635 causa,
1613 2601 1652 2628 ut
1676 2594 1917 2628 testimonium
1947 2596 2153 2638 promissio-

1131 2644 1134 2683 ².
1162 2651 1228 2686 nis,
1258 2661 1324 2693 qua
1347 2648 1439 2681 Deus
1460 2646 1634 2691 promittit
1651 2657 1684 2677 se
1701 2652 1921 2678 servaturum
1941 2657 2011 2678 esse
2030 2645 2154 2680 Eccle-

1132 2687 1135 2730 1
1163 2702 1249 2734 sium
1262 2727 1269 2740 ‚
1292 2707 1324 2733 et
1342 2699 1593 2732 confirmamur
1611 2696 1779 2741 exemplis
1803 2696 1952 2730 aliarum
1971 2698 2153 2731 liberatio-

1540 2747 1616 2781 76*
