2379 2948
200 91 292 125 1319

245 172 340 219 Opes
363 176 392 205 c!
412 169 561 204 divitiae
577 168 615 201 in
635 165 741 199 domo
759 163 847 197 eius.

299 247 375 280 Hae
402 244 650 290 promissiones
682 239 876 273 necessario
908 237 1062 282 primum
1090 248 1186 270 com-

201 301 403 344 plectuntur
420 296 637 339 agnitionem
654 291 731 325 Dei.
786 289 876 323 Cum
903 289 997 321 enim
1020 301 1093 321 non
1117 287 1186 320 sint

201 349 452 395 promissiones
478 344 673 383 humanae,
709 341 768 374 sed
802 340 961 378 divinae,
992 338 1187 372 necessario

203 401 409 445 requirunt,
443 398 617 441 primum,
652 400 689 426 nt
715 402 944 435 agnoscamus
968 388 1081 423 Deum
1106 401 1188 432 pro·
1215 414 1217 426 ,

206 452 424 489 mittentem,
453 448 548 492 quod
565 458 644 479 curn
663 445 718 482 fit,
747 443 951 485 intelligunt
979 442 1083 474 corda
1108 451 1190 483 pro-

205 501 288 546 poni
307 513 380 533 non
398 506 533 532 tamum
552 495 748 540 corporalia
772 494 883 533 bona'
910 493 967 525 sed
994 498 1108 536 ponus
1133 502 1191 522 ve-
1217 516 1221 544 ἶ
1244 528 1367 561 niseste
1386 526 1481 559 enirn
1499 525 1568 558 iam
1581 525 1766 558 coniunoit
1784 524 2005 558 adflictiones
2021 531 2054 557 et
2070 523 2213 556 consola

1717 550 1734 568 Ὀ
2214 543 2232 549 -

1220 615 1221 632 ¹
1246 580 1399 616 tionem,
1438 583 1470 610 et
1487 582 1635 610 testatur
1658 576 1768 609 iustos
1784 575 1934 608 exerceri
1959 573 2233 614 adflictionibus‚

1220 640 1222 687 ζ
1246 630 1305 664 sed
1321 629 1439 668 addit,
1469 625 1597 660 habere
1614 638 1672 659 eos
1689 626 1966 660 consolationem
1993 637 2030 658 ac
2050 624 2231 658 liberatio—

205 565 277 585 ram
297 551 511 594 agnitionem
524 548 589 581 Dei
609 554 641 580 et
660 553 799 579 aeterna
818 545 928 585 bona,
955 554 992 577 ac
1009 541 1191 576 liberatio-

207 615 287 636 nem
306 614 323 634 a
343 607 482 645 peccato
503 607 533 632 et
548 612 566 631 a
584 603 708 631 morte.

307 660 427 705 Neque
447 667 563 694 tamen
584 656 800 690 excludenda
819 660 899 687 sunt
918 650 1113 695 corporalia
1130 650 1194 682 bo—

209 723 250 743 na
265 739 272 752 ,
301 711 382 756 quia
401 711 505 743 etiam
525 714 662 752 oportet
681 707 717 738 in
734 704 797 738 hac
817 705 887 737 vita
903 701 1096 736 Ecclesiam
1109 712 1193 733 con-
1222 713 1223 738 γ

210 762 360 802 servari,
388 762 466 793 ideo
491 760 554 793 etsi
582 758 781 800 adfligitur,
808 763 925 789 tamen
948 765 1021 786 non
1048 752 1196 789 deletur,

211 825 282 845 non
301 823 443 856 prorsus
468 810 701 852 extinguitur,
729 808 787 840 sed
803 805 898 839 Deus
923 816 997 837 eam
1023 802 1197 836 mirabili-

211 871 263 896 ter
281 863 458 902 defendit,
486 868 518 893 et
535 859 734 903 suppeditat
752 857 782 890 ei
798 857 887 890 vitae
906 855 1094 900 praesidia.

314 923 362 956 lta
388 923 430 955 de
453 928 603 964 utroque
632 929 757 961 genere
785 917 961 949 bonorum
987 912 1199 956 intelligitur

215 974 392 1013 Psalmus,
420 973 480 1005 sed
507 972 552 1004 ita
577 977 616 1003 ut
641 969 874 1010 adiungamus
900 967 985 999 alias
1010 963 1200 997 sententias

216 1027 257 1057 de
274 1036 387 1062 cruce,
417 1030 449 1056 et
467 1022 615 1055 sciamus
629 1019 807 1065 quomodo
826 1016 890 1050 hae
907 1022 1102 1060 pugnantes
1122 1025 1202 1047 sen-

217 1076 344 1108 tentiae
385 1078 597 1116 congruant,
640 1070 822 1109 videlicet,
862 1068 956 1112 qnod
999 1076 1202 1111 quanquam

218 1126 371 1158 Ecclesia
403 1125 446 1158 sit
477 1123 632 1156 subiecta
660 1119 946 1156 adflictionibus,
980 1130 1053 1150 non
1085 1123 1203 1149 tamen

220 1176 441 1215 succumbat,
469 1180 607 1218 oportet
631 1183 772 1204 manere
796 1170 833 1202 in
856 1167 919 1202 hac
936 1169 1024 1208 vita,
1052 1178 1204 1200 oecono-

221 1228 308 1259 mias
327 1233 359 1259 et
377 1226 534 1270 polinas,
563 1229 701 1267 oportet
719 1222 837 1254 vivere
862 1227 1042 1264 parentes,
1065 1224 1106 1251 ut
1119 1218 1205 1250 edu-

223 1278 292 1310 cari
311 1284 342 1310 et
362 1276 497 1310 institui
521 1275 676 1308 iuniores
700 1272 852 1316 possint,
880 1276 1018 1314 oportet
1044 1280 1115 1302 esse
1139 1269 1207 1300 irn-

223 1328 318 1372 peria
347 1335 379 1360 et
409 1326 659 1360 defensionem.
713 1322 760 1356 Et
789 1321 853 1355 hae
876 1333 931 1355 res
955 1320 1126 1354 divinitus
1150 1330 1209 1352 or-

788 77 912 113 PHlL.
940 75 1056 111 MEL.
1082 72 1293 111 SCRIPTA
1320 69 1623 107 EXEGETICA.

2127 70 2144 104 1
2152 68 2225 104 320

1237 166 1316 202 tuo,
1344 159 1379 191 id
1405 164 1475 195 est,
1502 168 1602 190 causa
1628 156 1718 189 iusta
1743 156 1790 189 ita
1817 155 2050 199 glorificatur,
2078 161 2117 189 ut
2141 166 2224 199 per-

1240 217 1343 254 petuo
1372 209 1483 243 iustus
1508 208 1612 241 etiam
1636 207 1775 240 fruatur
1797 207 1858 239 illa
1884 205 2016 249 gloria,
2053 217 2124 238 non
2147 212 2226 239 tan-

1238 268 1312 294 tum
1330 266 1495 304 sequatur
1513 270 1591 291 eum
1611 257 1726 290 inanis
1745 257 1833 290 sama
1846 282 1855 295 ,
1883 269 1922 290 ac
1946 256 2072 289 umbra
2095 256 2226 299 gloriae

1239 309 1331 344 nihil
1356 312 1400 344 ad
1417 322 1496 343 euni
1515 309 1706 353 pertinens.

1291 396 1423 433 Oritur
1441 397 1479 431 in
1499 396 1654 432 tenebris
1672 395 1793 430 lumen
1813 396 1927 430 reclz'S.

1345 475 1414 509 Hic
1431 486 1550 508 versus
1569 481 1620 508 est
1636 473 1880 517 interpretatio
1899 472 2140 517 superiorum,
2157 484 2231 505 ma-

1248 693 1339 715 nem.
1392 678 1481 711 Nam
1507 678 1690 717 tenebrae,
1717 676 1844 710 usitata
1871 674 2093 720 metaphora,
2125 675 2234 718 signi-

1223 753 1225 779 3=
1248 732 1352 765 ficant
1373 740 1599 774 quascunque
1618 727 1837 761 adflictiones
1856 739 1914 760 seu
1931 727 2163 766 calamitates,
2180 726 2235 759 lu-

1223 781 1225 818 '2
1250 794 1329 815 men
1356 780 1527 824 significat
1554 778 1845 813 consolationem.
1898 776 2033 823 Estque
2049 777 2237 815 sententia,

1223 825 1226 868 l
1252 831 1381 867 Oritur
1400 832 1437 863 in
1455 830 1611 864 tenebris
1626 830 1746 862 lumen
1766 828 1886 869 rectis,
1913 829 1948 862 id
1966 835 2035 869 est,
2063 828 2146 862 iusti
2172 824 2236 860 ha-

1225 875 1227 935 }
1251 885 1334 917 bent
1350 881 1628 916 consolationem
1653 886 1686 913 et
1702 879 1948 913 liberationem
1966 879 2003 911 in
2024 878 2238 912 adflictioni-

1226 939 1228 961 ὶ
1253 936 1318 968 bus
1333 945 1396 966 nec
1416 934 1642 972 deseruntur,
1669 931 1759 964 sicut
1778 930 1849 968 illi,
1879 930 1939 975 qui
1956 936 2038 963 sunt
2056 929 2133 962 sine
2151 928 2240 971 Deo,

1226 989 1228 1024 ξ
1254 985 1418 1028 Quorum
1435 983 1549 1028 qualis
1564 983 1608 1015 sit
1625 982 1862 1026 perturbatio,
1889 993 1927 1014 ac
1943 980 2159 1024 desperatio,
2183 979 2241 1012 in-

1227 1029 1230 1074 l
1255 1037 1348 1070 dicat
1372 1032 1517 1068 historia
1546 1033 1652 1073 Saul,
1687 1033 1748 1077 qui
1774 1032 1811 1064 in
1836 1031 1990 1064 adversis
2020 1031 2126 1064 rebus
2149 1028 2242 1063 nihil

1230 1085 1394 1120 ¹consilii
1420 1092 1480 1118 aut
1505 1084 1579 1129 spei
1612 1081 1732 1124 habet,
1766 1083 1916 1127 ideoque
1948 1088 2093 1126 propter
2127 1081 2240 1115 animi

1230 1153 1232 1186 Ι
1257 1136 1501 1171 confusionem
1518 1134 1668 1178 magicas
1684 1141 1774 1167 artes
1793 1139 1914 1168 tentat.
1960 1131 2019 1166 Sic
2035 1144 2157 1166 omnes
2174 1132 2244 1164 im-

1230 1189 1233 1238 ζ
1259 1188 1307 1233 ρὶὶ
1331 1187 1375 1220 ad
1402 1193 1614 1224 extremum,
1649 1196 1728 1217 cum
1755 1184 1914 1218 sentiunt
1936 1194 1971 1216 se
1995 1184 2150 1217 desertos
2173 1194 2245 1216 esse

1232 1248 1234 1274 ε
1259 1251 1277 1272 a
1293 1238 1388 1278 Deo,
1415 1243 1589 1282 quaerunt
1613 1235 1786 1280 praesidia
1809 1235 2065 1280 qualiacunque
2090 1240 2247 1278 possunt,

1232 1286 1235 1302 ⁸
1261 1296 1381 1323 contra
1403 1288 1619 1321 voluntatem
1643 1286 1732 1325 Dei,
1767 1292 1807 1320 ut
1831 1286 2029 1319 liberentur
2054 1284 2246 1329 praesenti-

1261 1341 1326 1374 bus
1341 1339 1454 1372 malis.

226 1379 364 1412 dinatae
381 1385 481 1420 sunt,
499 1389 604 1421 quare
621 1388 639 1409 a
656 1373 731 1408 Deo
749 1380 935 1406 servantur
952 1385 990 1405 ac
1008 1371 1209 1404 defendun-
1234 1404 1236 1415 ἶ

226 1438 301 1467 tur,
335 1436 374 1462 ut
404 1427 559 1462 Ecclesia
591 1438 665 1459 nou
690 1425 806 1458 subito
841 1424 1003 1456 funditur
1039 1422 1208 1454 deleatur.

227 1479 345 1522 Quare
363 1479 458 1512 Deus
476 1479 573 1512 iubet
590 1477 677 1521 peti,
704 1482 737 1509 et
752 1476 810 1509 dat
828 1475 917 1507 vitae
935 1473 1116 1518 praesidia.

278 1570 434 1606 Iusticia
451 1571 527 1604 eius
541 1574 658 1602 manet
676 1569 713 1602 in
733 1572 931 1601 aeternum.

328 1654 375 1688 Et
393 1652 459 1687 hoc
474 1653 608 1686 dictum
625 1649 732 1684 habet
749 1649 925 1693 duplicem
950 1644 1212 1688 interpretatio-
1238 1650 1239 1654 ’

229 1719 307 1739 nem
319 1733 327 1746 ,
353 1718 390 1739 ac
408 1712 555 1748 utraque
574 1714 654 1735 vera
672 1709 733 1735 est.
768 1699 872 1733 Prior
888 1705 937 1731 est
956 1696 1089 1739 civilis,
1107 1707 1212 1740 quam
1238 1701 1240 1720 ἰ

1364 1404 1434 1438 Sed
1459 1410 1600 1436 econtra
1626 1403 1674 1448 pii
1699 1409 1877 1447 praestant
1893 1402 1969 1435 Deo
1996 1400 2247 1441 obedientiam,

1263 1462 1295 1489 et
1311 1456 1355 1489 ab
1370 1456 1445 1499 ipso
1464 1461 1647 1498 expectant
1664 1454 1940 1487 consolationem
1954 1479 1963 1493 ‚
1991 1459 2023 1486 et
2046 1449 2137 1484 hanc
2159 1462 2247 1484 con-

1237 1542 1238 1549 *
1263 1513 1459 1550 sequuntur
1482 1505 1678 1548 duplicem,
1713 1504 1932 1547 spiritualem
1959 1510 1992 1536 et
2017 1502 2248 1546 corporalem.

1238 1574 1239 1596 t
1264 1556 1354 1590 Nam
1371 1557 1475 1589 corda
1493 1562 1734 1589 sustentantur
1751 1555 1859 1588 verbo
1876 1553 1941 1588 Dei
1967 1561 2000 1588 et
2015 1553 2152 1597 Spiritu
2169 1564 2250 1586 san—

1237 1612 1239 1635 t
1265 1614 1339 1647 cto,
1367 1608 1455 1640 sicut
1466 1606 1595 1639 Paulus
1613 1607 1743 1651 inquit:
1769 1604 1924 1649 Spiritus
1939 1605 2082 1638 adiuvat
2098 1603 2249 1637 infirmi-

1613 1655 1660 1690 Et
1676 1656 1764 1690 Psal.
1776 1656 1874 1691 118.:
1903 1655 2044 1689 Memor
2060 1661 2132 1688 esto
2150 1654 2250 1688 verbi

1265 1709 1317 1742 tui
1342 1720 1443 1741 servo
1465 1715 1545 1745 tuo,
1569 1708 1607 1740 in
1633 1719 1702 1752 quo
1729 1705 1817 1739 mihi
1840 1718 1935 1751 spem
1963 1705 2102 1740 dedisti.
2157 1704 2252 1739 Haec

1238 1692 1239 1695 ,
1265 1665 1371 1692 tatem
1391 1664 1560 1690 nostram.

230 1758 338 1791 solam
362 1755 483 1789 ludaei
507 1754 678 1791 retinent,
713 1752 809 1796 quod
833 1749 966 1783 scilicet
990 1747 1118 1780 veritas
1149 1745 1214 1778 ali·
1239 1751 1241 1794 ξ
1266 1765 1317 1793 est
1339 1759 1534 1792 consolatio
1560 1770 1636 1791 mea
1660 1758 1698 1790 in
1715 1758 1937 1797 adflictione,
1964 1757 2046 1802 quia
2069 1755 2250 1801 eloquiam

231 1808 389 1853 quandiu
411 1817 574 1850 oppressa
599 1802 802 1842 calumniis,
829 1802 971 1834 tandem
1002 1803 1155 1839 emergat
1177 1807 1216 1829 ac
1240 1799 1241 1821 ἒ

232 1856 442 1902 triumphet,
459 1857 547 1889 sicut
565 1851 701 1898 Ioseph,
721 1865 799 1886 cum
816 1852 902 1885 falso
920 1855 1099 1883 accusatus
1119 1854 1216 1886 esset,

233 1917 348 1953 postea
383 1907 594 1940 mirabiliter
637 1905 806 1937 liberatus
846 1909 905 1935 est.
975 1899 1086 1932 Porro
1122 1899 1214 1941 apud

233 1971 354 1993 omnes
377 1965 516 2001 gemm,
551 1956 716 1989 omnibus
748 1954 919 1987 aetatibus
943 1951 1108 1984 accidunt
1134 1948 1216 1981 talia
1241 1952 1242 1959 ¹

235 2010 408 2054 exempla,
451 2015 489 2041 ut
514 2018 715 2052 quanquam
743 2005 902 2038 Socrates
930 2003 1054 2046 iniquo
1084 2000 1216 2033 iudicio

237 2062 489 2094 condemnatus
517 2065 585 2097 est,
620 2064 736 2090 tamen
762 2062 877 2098 postea
903 2054 976 2086 eius
1001 2058 1217 2085 accusatores

235 2112 373 2145 civitate
391 2110 482 2155 pulsi
500 2115 593 2143 sunt.
646 2105 770 2141 Cicero
789 2117 849 2149 per
865 2103 1077 2137 calumniam
1095 2102 1217 2146 pulsus

235 2163 393 2202 civitate,
421 2168 538 2194 tamen
554 2165 671 2203 postea
688 2163 870 2190 revocatus
889 2162 949 2190 est.

336 2228 403 2262 Sed
422 2228 581 2261 Psalmus
598 2238 670 2259 non
686 2231 822 2258 tantum
841 2223 1000 2268 loquitur
1016 2222 1059 2253 de
1078 2218 1144 2252 hoc
1162 2220 1216 2252 iu-
1242 2243 1243 2250 1

236 2281 327 2314 dicio
344 2280 458 2319 civili,
485 2279 547 2312 etsi
566 2278 601 2310 id
621 2287 761 2322 quoque
780 2281 828 2308 est
844 2285 931 2318 opus
947 2272 1013 2307 Dei
1041 2271 1133 2303 inter
1153 2268 1217 2302 ho-

235 2333 363 2371 mines,
399 2331 457 2363 sed
479 2329 709 2362 concionatur
726 2327 768 2359 de
793 2325 926 2358 iudicio
947 2322 1013 2356 Dei
1036 2327 1216 2366 perpetuo,
1241 2325 1242 2328 ’

237 2389 269 2414 et
291 2393 370 2414 vere
392 2393 464 2414 non
493 2379 591 2413 inani
616 2379 707 2411 fama
730 2376 947 2420 glorificante
971 2374 1058 2418 pios.
1120 2371 1215 2414 Quid

238 2433 330 2464 enim
347 2433 525 2475 prodesset
543 2426 687 2464 Naboth
705 2440 766 2472 per
783 2426 995 2460 calumniam
1022 2424 1217 2462 interfecto,
1240 2432 1241 2437 ¹

235 2483 262 2514 si
280 2494 403 2525 prosus
420 2482 592 2516 extinctus
614 2487 722 2520 esset,
751 2479 845 2524 quod
866 2484 983 2522 postea
1000 2475 1129 2508 veritas
1153 2485 1215 2517 pa-

235 2534 356 2566 tefacta
379 2540 436 2567 est.

333 2598 452 2643 ltaque
476 2599 565 2631 clare
590 2598 627 2630 in
653 2595 720 2630 hoc
746 2596 859 2634 dicto,
889 2602 938 2629 est
963 2594 1121 2627 involuta
1149 2593 1214 2625 do-

228 2651 336 2684 ctrina
361 2651 402 2683 de
426 2649 495 2683 vita
518 2656 673 2685 aeterna,
703 2647 842 2682 Iusticia
867 2646 917 2691 pii
945 2651 1061 2679 manet
1086 2655 1213 2688 perpe-

1239 1839 1242 1863 4
1269 1817 1370 1843 tuum
1393 1809 1583 1842 vivificavit
1610 1821 1675 1843 me.
1729 1808 1876 1842 Accedit
1901 1808 2005 1841 etiam
2031 1819 2132 1852 saepe
2156 1807 2252 1841 iuxta

1240 1865 1242 1895 1
1267 1860 1334 1894 Dei
1357 1861 1544 1893 consilium
1567 1866 1710 1893 externa
1735 1859 1917 1899 liberatio,
1945 1859 2036 1892 sicut
2053 1859 2102 1892 ait
2117 1864 2249 1891 textus:

1240 1926 1243 1947 ι
1267 1910 1339 1945 Ero
1360 1923 1481 1944 murus
1500 1912 1623 1954 igneus
1644 1911 1681 1942 in
1705 1910 1853 1943 circuitu
1871 1921 2004 1942 eorum.
2055 1907 2103 1942 Et
2129 1919 2251 1942 omnes

1268 1963 1378 1996 sancti
1415 1962 1542 1994 multas
1577 1961 1777 2005 corporales
1807 1960 2035 1993 liberationes
2064 1959 2251 2002 experiun-

1269 2020 1343 2050 tur,
1379 2013 1470 2045 sicut
1499 2019 1672 2045 testantur
1703 2011 1858 2055 exempla
1890 2007 2073 2049 Abrahae,
2112 2007 2252 2054 loseph,

1241 2051 1243 2120 J
1268 2063 1388 2104 Moisi,
1417 2063 1555 2103 David,
1580 2060 1753 2096 Ezechiae
1781 2068 1813 2094 et
1830 2061 1995 2094 aliorum.
2050 2060 2143 2103 Quia
2158 2060 2252 2093 enim

1268 2114 1363 2148 Deus
1381 2114 1417 2146 in
1434 2112 1498 2147 hac
1518 2115 1587 2148 vita
1606 2114 1681 2146 vult
1705 2113 1809 2147 etiam
1826 2111 2020 2145 Ecclesiam
2042 2110 2254 2151 conservari,

1268 2177 1369 2209 saepe
1388 2165 1543 2210 impertit
1561 2165 1778 2209 corporalem
1802 2163 2071 2203 liberationem,
2100 2174 2163 2206 pro
2189 2173 2252 2195 suo

1269 2217 1430 2252 consilio.
1470 2215 1569 2250 Sicut
1593 2222 1626 2248 et
1651 2216 1688 2247 in
1714 2212 1782 2247 hoc
1807 2213 1948 2246 Psalmo
1973 2213 2168 2258 corporalia
2191 2212 2254 2246 be-

1269 2267 1391 2301 neficia
1424 2266 1617 2311 promittit,
1653 2273 1686 2299 et
1711 2265 1794 2297 alibi
1824 2265 1942 2309 inquit
1974 2265 2017 2297 de
2043 2262 2252 2298 liberatione

1268 2319 1454 2363 utriusque
1476 2317 1629 2361 generis:
1659 2315 1798 2349 Multae
1821 2315 2043 2349 adflictiones
2068 2316 2253 2353 iustorum,

1268 2371 1326 2403 sed
1347 2381 1387 2402 ex
1412 2369 1577 2402 omnibus
1594 2367 1759 2401 liberabit
1783 2378 1841 2400 eos
1859 2364 2048 2400 Dominus.
2223 2366 2229 2371 ’

1369 2436 1431 2469 Est
1448 2436 1569 2478 igitur,
1597 2441 1635 2468 ut
1653 2434 1746 2474 dixi,
1769 2433 1992 2477 superiorum
2011 2425 2172 2465 versuum
2195 2429 2253 2462 in-

1267 2487 1469 2531 terpretatio
1488 2487 1523 2518 in
1543 2483 1608 2518 hoc
1629 2485 1800 2518 versiculo
1819 2484 1971 2517 adiecta:
2001 2480 2128 2516 Oritur
2146 2480 2183 2513 in
2200 2487 2253 2514 te-

1266 2538 1385 2571 nebris
1402 2538 1521 2570 lumen
1543 2537 1656 2576 rectis,
1676 2536 1769 2581 quod
1788 2535 1950 2567 videlicet
1967 2533 2049 2567 iusti
2068 2543 2254 2564 exercean-

1266 2596 1323 2622 tur
1339 2588 1620 2628 afflictionibus,
1645 2588 1705 2621 sed
1732 2587 1936 2620 liberentur.
1992 2583 2110 2626 Quare
2133 2583 2170 2615 in
2193 2594 2253 2615 su—

1269 2640 1466 2685 perioribus
1481 2638 1775 2683 promissionibus
1798 2648 1870 2669 non
1899 2635 2132 2668 excludantur
2150 2633 2252 2667 adfli-
