2379 2948
167 101 258 137 1181

165 185 333 230 gitatione
350 190 429 217 tuae
446 178 687 223 indignitatis,
715 177 775 211 sed
804 177 892 210 sicut
909 176 1016 210 instat
1034 173 1150 208 Cana-
1174 180 1175 218 l

166 249 271 276 naea,
298 236 345 268 ita
369 241 399 266 et
426 243 489 264 nos
515 239 775 275 perseveremus
799 228 835 260 in
855 227 941 268 fide,
969 225 1150 271 petitione,
1174 244 1176 272 ἦ

166 294 199 321 et
226 298 285 330 spe
310 284 449 322 auxilii,
482 282 571 314 sicut
599 279 655 313 bic
683 279 784 312 dicit:
824 276 997 323 Vespere,
1032 285 1151 314 ruane,
1175 277 1177 316 ᾗ

167 342 197 371 et
215 333 361 370 meridie
383 337 502 380 pelam
523 342 679 376 gemens.
737 328 839 363 Item:
868 327 953 373 Ego
972 327 1056 360 inte
1072 336 1150 372 spe-
1176 327 1177 345 ³

171 387 272 421 rabo.
325 385 419 418 llaec
443 383 603 416 exercitia
625 381 706 414 fidei
723 387 756 414 et
776 380 849 425 spei
874 380 912 412 in
931 390 997 412 usu
1013 378 1151 410 discen—

168 440 211 472 da
227 444 318 471 sunt,

302 547 632 592 Argumentum
671 552 725 574 ac
762 540 1023 584 dispositio

504 609 661 650 Psalmi
703 608 822 649 LVI.

218 700 402 733 Miserere
438 696 513 728 mei
549 693 673 733 Deus,
716 692 888 734 quoniam
926 686 1179 721 conculcavit}

220 760 278 783 we
315 747 439 788 homo,
492 748 571 778 iota
610 741 672 775 die
713 743 926 786 inpugnans
962 736 1180 771 tribularis

221 811 297 841 me,
324 802 391 831 etc.

272 875 429 918 Sequens
444 870 602 903 Psalmus
620 866 904 901 accommodatur
917 865 958 897 ad
972 862 1155 896 historiam
1179 882 1181 894 ι

169 925 334 963 Βδνίἀίδ,
362 934 450 968 quae
476 928 566 953 extat
591 920 626 951 in
655 919 765 962 primo
792 916 882 948 libro
907 915 1081 948 Samuelis
1100 925 1155 946 ca÷

170 979 241 1023 pite
257 975 424 1019 vigesimo
443 983 555 1009 nonu,
583 970 644 1002 ubi
669 974 833 1001 narratur
855 966 1027 998 Davidem
1041 992 1049 1005 ,
1075 976 1154 997 cum

170 1030 293 1063 fuisset
311 1025 389 1058 exul
404 1024 493 1067 apud
508 1019 613 1054 Aeliis
631 1020 666 1052 in
684 1015 777 1052 Gath
795 1023 947 1062 quatuor
962 1015 1156 1055 mensibuS,
1179 1030 1181 1037 =

170 1086 288 1124 postea
315 1076 449 1108 venisse
475 1074 510 1104 in
535 1072 656 1103 odium
682 1069 900 1113 principum,
927 1073 961 1100 et
985 1067 1117 1099 iussum
1137 1077 1155 1098 a
1179 1073 1181 1098 i

171 1141 250 1172 rege
279 1127 465 1160 discedere.
520 1120 595 1155 Etsi
613 1128 727 1154 autem
752 1118 958 1152 brevissime
980 1118 1016 1149 in
1035 1128 1155 1149 narra-

171 1181 268 1215 tione
293 1178 353 1210 illa
377 1174 609 1218 significatum
635 1178 684 1204 est
708 1171 829 1203 odium
854 1169 1070 1212 principum:
1103 1173 1155 1199 ta-

172 1242 252 1265 men
271 1234 543 1261 consentaneum
563 1230 612 1256 est
637 1222 765 1254 multos
793 1221 829 1252 in
847 1220 925 1252 aula
944 1218 1072 1251 Davidi
1098 1217 1155 1250 in-

173 1281 317 1316 sidiatos
335 1289 424 1316 esse,
453 1275 532 1319 quia
558 1272 759 1318 praesertim
788 1270 963 1313 peregrini
991 1268 1157 1308 hominis,

174 1340 207 1366 et
234 1330 344 1364 exulis
373 1325 555 1360 excellenti
580 1323 701 1356 virtuti
731 1322 831 1354 multi
857 1321 1038 1360 invident,
1066 1319 1156 1353 utin

174 1382 253 1417 aula
280 1379 417 1412 Persica
442 1375 544 1408 multi
570 1376 611 1407 de
639 1374 705 1405 fide
729 1370 979 1404 Themistoclis
1008 1370 1075 1402 viri
1103 1381 1157 1402 sa-

174 1431 302 1479 pientis
327 1436 360 1462 et
395 1428 524 1460 virtute
556 1423 765 1468 praestantis
789 1422 878 1454 male
913 1421 1158 1465 loquebantur,

175 1483 258 1529 quia
275 1480 452 1517 dicebant,
477 1477 670 1509 cavendum
689 1485 760 1506 esse
775 1471 868 1505 hunc
881 1470 1056 1505 Graecum
1076 1470 1157 1514 quia

175 1539 262 1568 esset
288 1530 405 1563 varius
431 1538 582 1571 serpens.
635 1523 681 1557 Et
705 1535 825 1556 omnes
850 1523 965 1556 sciunt
992 1522 1156 1555 usitatum
1182 1528 1184 1537 ¹

176 1595 248 1618 esse
265 1582 353 1614 male
371 1577 540 1621 suspicari
559 1576 687 1608 multos
705 1576 746 1607 de
764 1574 935 1612 exulibus,
962 1572 1068 1616 idque
1086 1583 1160 1603 ma-
1183 1597 1185 1607 ,

175 1636 226 1679 gis
246 1634 279 1666 fit
299 1630 361 1664 ubi
380 1628 589 1671 religionum
608 1624 858 1658 dissimilitudo
886 1629 950 1656 est:
979 1622 1160 1655 ardentio-

175 1698 212 1719 ra
229 1683 323 1718 enim
341 1681 419 1714 odia
441 1685 520 1712 sunt
540 1678 582 1710 de
601 1688 636 1709 re
657 1682 764 1709 tanta.
1183 1680 1187 1694 ⁶

276 1739 415 1774 Deinde
442 1736 576 1769 etiamsi
602 1735 694 1767 inter
709 1731 863 1776 hospites
887 1730 1014 1774 impios
1029 1736 1160 1763 caetera

176 1791 365 1827 mediocria
398 1795 530 1827 essent,
568 1793 685 1819 tamen
716 1782 798 1816 baec
836 1781 1035 1816 tristissima
1069 1788 1161 1821 sunt,

177 1846 295 1878 abesse
319 1854 336 1874 a
361 1840 427 1883 piis
453 1837 610 1870 coetibus
635 1834 827 1873 Ecclesiae,
856 1845 927 1865 non
950 1832 1072 1865 audire
1089 1832 1161 1864 col-
1185 1838 1186 1851 ¹

178 1894 297 1939 loquia
323 1892 460 1935 piorum
489 1889 558 1920 imo
582 1888 618 1919 in
637 1886 725 1919 aulis
745 1885 866 1918 audire
892 1883 1162 1916 contumeliosas

179 1955 279 1977 voces
304 1948 424 1975 contra
447 1940 558 1972 Deum
583 1945 614 1970 et
642 1936 810 1980 populum
831 1933 914 1973 Dei,
942 1934 1065 1966 audire
1089 1945 1161 1966 sar-

177 2005 314 2029 casmos
340 2003 480 2028 eorum,
515 1988 575 2033 qui
606 1989 780 2020 laetantur
814 1985 1010 2018 calamitate
1041 1984 1162 2025 exulis,

179 2046 239 2091 qui
257 2056 291 2078 se
311 2042 492 2087 profitetur
511 2040 581 2071 veri
600 2037 663 2070 Dei
684 2037 883 2069 ministrum
902 2047 983 2070 esse.

280 2093 369 2127 Cum
398 2092 503 2133 igitur
521 2090 648 2122 multas
665 2094 697 2120 et
720 2087 835 2120 tristes
853 2086 999 2118 iniurias
1019 2092 1051 2118 et
1079 2098 1162 2118 con-

178 2145 339 2182 tumelias
363 2143 485 2176 tacitus
509 2142 630 2178 ferret,
659 2136 715 2171 liic
737 2138 773 2169 in
794 2137 894 2170 titulo
916 2137 1113 2169 nominavit
1129 2148 1163 2169 se

177 2196 376 2232 columbam
395 2200 541 2226 mutam.
594 2188 806 2223 Extenuatio
831 2193 916 2220 esset
940 2187 1108 2230 insignis,
1135 2188 1161 2220 si

179 2254 316 2282 tantum
348 2244 547 2278 columbam
578 2253 613 2274 se
644 2246 802 2278 vocaret,
838 2238 919 2282 quia
956 2238 1162 2280 significaret

180 2308 365 2343 personam
379 2322 386 2335 ,
415 2305 502 2339 quae
518 2292 636 2326 multis
652 2290 791 2323 iniuriis
808 2289 1022 2328 afficeretur,
1050 2300 1111 2320 nec
1129 2301 1163 2321 se

180 2349 271 2383 tueri
290 2352 413 2391 posset.
470 2344 570 2376 ‘Nunc
589 2342 685 2375 addit
705 2341 826 2378 etiam,
852 2350 886 2372 se
907 2339 1013 2371 fuisse
1032 2346 1162 2372 mutam

182 2399 398 2434 columbam,
433 2403 469 2428 ut
490 2395 554 2427 suit
574 2394 666 2426 filius
685 2390 763 2424 Dei
779 2402 894 2423 coram
916 2388 1077 2430 Herode,
1103 2390 1164 2424 ubi

182 2449 302 2482 multis
319 2448 432 2480 modis
453 2446 587 2479 derisus
606 2451 637 2477 et
657 2443 858 2486 exagitatuS,
882 2442 1028 2473 omnino
1047 2442 1164 2476 tacuit.

285 2507 437 2540 Facilius
464 2512 579 2537 autem
608 2500 664 2535 hic
688 2500 1056 2543 titulusintelligitur‚
1085 2512 1163 2534 cum

183 2559 226 2593 ad
244 2569 308 2591 nos
325 2557 416 2600 ipsos
435 2567 513 2588 eum
531 2552 883 2587 accommodabimus.

286 2607 430 2640 Levatio
450 2613 498 2638 est
517 2606 634 2649 aliqua
653 2603 785 2637 doloris
805 2602 908 2635 etiam
927 2613 1006 2634 cum
1030 2602 1165 2647 suppli—

185 2659 238 2694 cio
263 2657 464 2696 adficimur,
490 2663 608 2689 tamen
633 2666 718 2688 voce
740 2653 891 2687 refutare
919 2659 1106 2698 tyrannos,
1133 2661 1165 2688 et

754 91 881 128 PHIL.
908 91 1024 126 MEL.
1058 86 1270 125 SCRIPTA
1303 85 1603 123 EXEGETICA.

1180 1003 1181 1006 =
1210 983 1391 1023 audimus,
1417 983 1477 1015 sed
1501 995 1574 1015 non
1597 983 1673 1016 sine
1694 994 1821 1025 magno
1851 985 1983 1019 dolore.

2087 90 2185 128 1132

1203 173 1277 216 ipsa
1308 171 1524 206 conscientia
1555 171 1706 205 alacrior
1734 178 1786 206 est
1815 177 1901 206 tunc
1931 174 2184 208 confessionem

1204 235 1349 257 sonans:
1384 230 1423 257 ut
1452 234 1531 256 cum
1560 221 1771 256 Laurentius
1803 223 1841 255 in
1873 234 1957 266 rogo
1982 224 2116 259 iocatur
2141 227 2186 260 de

1204 273 1390 318 supplicio.
1443 272 1596 307 Econtra
1619 285 1701 306 vero
1720 274 1844 307 crescit
1865 274 1985 315 dolor,
2010 287 2087 308 cum
2103 289 2186 320 pro-

1205 325 1314 358 babili
1339 325 1456 369 aliqua
1480 336 1582 357 causa
1608 330 1722 357 tacere
1746 324 1824 368 pios
1850 330 2008 368 oportet,
2033 332 2072 359 ut
2095 327 2187 361 filius

1206 374 1272 409 Dei
1297 387 1413 408 coram
1438 374 1580 408 Herode
1602 381 1710 414 tacet,
1737 381 1797 408 aut
1821 381 1939 420 postea
1965 375 2001 409 in
2018 388 2118 410 cruce
2133 383 2187 411 ta-

1176 472 1179 480 1
1207 426 1296 460 citus
1323 426 1422 459 audit
1447 426 1700 459 contumeliosa
1721 425 1830 459 dicta:
1865 426 1892 459 si
1924 426 2016 460 filius
2035 425 2101 460 Dei
2127 434 2188 470 est,

1208 477 1396 509 descendat
1418 477 1461 509 de
1484 489 1603 518 cruce,
1639 484 1671 510 et
1696 483 1736 510 ut
1766 476 1859 510 cives
1892 476 2188 522 lerosolymorum

1209 528 1358 560 andiunt
1381 524 1615 570 blasphemias
1646 526 1832 571 Rapsacis,
1874 536 1933 562 aut
1963 538 2042 561 cum
2073 528 2189 562 David

1209 578 1307 611 audit
1337 577 1588 611 vociferantem
1621 577 1813 612 semeiam:
1848 580 2011 622 egredere
2033 578 2089 612 vir
2109 590 2190 612 san-

1178 657 1179 666 ,
1209 628 1368 671 guinum.

1310 677 1391 711 Non
1419 679 1607 711 obscurum
1632 685 1683 712 est
1707 685 1843 722 autem,
1870 681 1938 725 piis
1958 687 1990 714 et
2014 680 2191 723 generosis

1210 729 1386 762 mentibus
1410 729 1548 762 facilius
1572 741 1644 762 esse
1670 737 1816 764 mortem
1838 732 1952 772 ferre,
1979 743 2083 776 quam
2105 732 2191 765 tales

1210 779 1457 813 contumelias:
1486 780 1533 812 ita
1557 791 1621 813 nos
1647 777 1713 813 hoc
1738 787 1894 825 tempore
1918 793 2040 815 sumus
2055 782 2192 815 colum-

1210 831 1273 863 bae
1291 836 1426 870 mutae,
1453 830 1671 864 obiiciuntur
1694 831 1803 864 multa
1829 833 1985 866 convicia
2002 840 2072 867 tam
2091 833 2193 876 plau-

1209 881 1344 922 sibilia,
1389 887 1428 914 ut
1456 881 1610 914 difficilis
1648 881 1692 915 sit
1725 882 1905 925 refutatio,
1945 895 2032 929 quae
2073 890 2192 916 tamen

1211 938 1327 976 postea
1350 938 1488 975 tempus
1512 932 1691 967 refutabit.
1752 931 1871 974 Quare
1899 946 1994 967 nunc
2025 945 2064 966 ea
2096 933 2194 974 taciti

2036 983 2192 1027 Quando

1179 1061 1181 1071 ,
1210 1041 1326 1067 autem
1359 1034 1645 1077 respondendum
1683 1034 1747 1074 sit,
1782 1034 1884 1068 facile
1919 1041 1969 1069 est
2002 1035 2191 1068 iudicium:

1210 1095 1288 1117 cum
1305 1090 1387 1117 nota
1408 1090 1457 1117 est
1473 1091 1594 1118 nostra
1610 1084 1801 1127 confessio,
1828 1086 2017 1130 praeterire
2035 1085 2194 1119 convicia

1211 1145 1406 1179 possumus.

1314 1184 1410 1218 Haec
1426 1186 1468 1218 de
1484 1185 1587 1218 titulo
1605 1185 1732 1218 dixisse
1749 1185 1832 1219 satis
1847 1185 1902 1219 sit.
1943 1185 2102 1220 Psalmus
2120 1187 2194 1232 ipse

1211 1237 1313 1270 initio
1338 1244 1387 1270 est
1415 1236 1590 1280 precatio,
1624 1237 1753 1269 deinde
1782 1237 1939 1270 narratio
1973 1237 2193 1280 calamitatis,

1212 1295 1390 1332 postremo
1415 1287 1605 1329 gratiarum
1622 1288 1730 1332 ,actio-
1790 1286 1858 1320 Hic
1881 1288 1969 1320 ordo
1991 1288 2029 1320 in
2045 1287 2194 1322 Psalmis

1211 1339 1359 1372 usitatus
1378 1345 1446 1377 est,
1473 1344 1505 1370 et
1526 1337 1647 1378 nobis,
1677 1345 1716 1371 ut
1739 1337 1870 1371 similes
1885 1337 2038 1379 Psalmi,
2063 1351 2194 1384 propo-

1211 1389 1264 1422 nit
1287 1388 1484 1431 exemplum
1516 1387 1768 1426 invocationis,
1802 1388 1883 1421 fidei
1913 1394 1946 1421 et
1978 1389 2070 1433 spei,
2103 1390 2194 1424 sicut

1212 1441 1285 1483 ipse
1315 1445 1460 1471 testatur
1485 1449 1519 1470 se
1545 1438 1687 1471 defendi
1713 1445 1745 1471 et
1768 1438 1900 1478 iuvari,
1929 1439 2011 1483 quia
2043 1440 2196 1481 invocat,

1213 1489 1357 1523 confidit
1380 1487 1472 1528 Deo,
1498 1489 1600 1531 petit,
1625 1495 1742 1532 sperat
1769 1494 1803 1521 et
1827 1495 1981 1532 expectat
2010 1489 2194 1525 auxilium.

1216 1540 1264 1573 lta
1289 1539 1460 1581 significat
1484 1550 1547 1570 suo
1572 1539 1728 1583 exemplo
1751 1551 1814 1572 nos
1840 1540 1981 1572 defendi
2004 1547 2036 1574 et
2053 1542 2195 1581 servari,

1213 1601 1291 1623 cum
1312 1596 1344 1621 et
1360 1589 1427 1632 ipsi
1445 1589 1511 1620 fide
1528 1589 1697 1632 petimus,
1723 1601 1901 1632 speramus
1925 1597 1957 1623 et
1975 1598 2195 1635 expectamus

1214 1640 1404 1680 auxilium,
1427 1639 1517 1671 sicut
1533 1640 1734 1683 saepissime
1755 1640 1887 1684 inquit,
1916 1638 2005 1674 hanc
2023 1642 2132 1686 ipsam
2148 1644 2195 1676 ob

1214 1702 1351 1724 causam
1375 1701 1411 1723 se
1433 1690 1634 1734 praedicare
1658 1688 1743 1724 haec
1766 1690 1832 1724 Dei
1857 1691 2040 1733 beneficia,
2074 1699 2114 1726 ut
2134 1694 2196 1726 alii

1214 1742 1257 1775 ad
1279 1741 1495 1783 agnitionem
1518 1740 1605 1781 Dei,
1632 1742 1814 1782 timorem,
1842 1742 1945 1775 fidem
1970 1750 2001 1776 et
2019 1754 2114 1786 spem
2138 1744 2197 1777 in-

1214 1793 1389 1830 vitentur,
1423 1798 1456 1824 et
1493 1798 1672 1835 expectent
1709 1793 1841 1826 similes
1876 1793 2119 1836 liberationes,
2158 1801 2197 1829 ut

1215 1843 1373 1876 Psalmus
1391 1841 1466 1877 34:
1495 1843 1659 1876 Accedite
1681 1844 1726 1876 ad
1744 1855 1842 1883 eum,
1875 1850 1907 1876 et
1930 1844 2195 1884 illuminamini,

1216 1901 1247 1926 et
1269 1893 1374 1926 facies
1400 1900 1533 1926 vestrae
1556 1905 1628 1926 non
1659 1894 1937 1927 confundentur:
1973 1893 2041 1928 Iste
2064 1907 2196 1940 pauper

1216 1944 1390 1984 clamavit,
1417 1951 1449 1977 et
1464 1944 1640 1977 Dominus
1658 1945 1835 1978 exaudivit
1852 1957 1943 1983 eum,
1972 1952 2004 1978 et
2023 1957 2061 1978 ex
2081 1946 2197 1979 omni-

1216 1997 1280 2028 bus
1297 1995 1588 2028 tribulationibus
1605 1995 1732 2039 eripuit
1753 2007 1842 2028 eum.
1889 1993 1935 2028 Et
1954 1994 2113 2029 Psalmus
2131 2009 2197 2030 no-

1217 2058 1297 2079 nus:
1328 2044 1374 2079 Et
1390 2052 1528 2089 sperent
1548 2046 1585 2078 in
1603 2053 1633 2079 te
1657 2046 1716 2090 qui
1741 2052 1916 2079 noverunt
1936 2058 2065 2079 nomen
2086 2053 2197 2089 tuum,

1217 2097 1297 2141 quia
1314 2108 1387 2128 non
1404 2097 1575 2140 relinquis
1593 2103 1796 2141 quaerentes
1819 2103 1851 2129 te
1870 2094 2034 2132 Domine.
2087 2097 2198 2133 Sunt-

1217 2159 1283 2192 que
1300 2144 1364 2179 hae
1382 2149 1600 2180 narrationes
1617 2147 1771 2189 exempla
1793 2147 2082 2189 promissionum,
2109 2161 2199 2194 quae

1218 2210 1295 2231 cum
1320 2199 1511 2239 ostendunt
1535 2198 1571 2229 in
1593 2197 1864 2231 liberationibus
1895 2195 2000 2231 huius
2024 2199 2091 2232 viri
2115 2212 2199 2244 pro-

1218 2249 1399 2282 missiones
1421 2259 1519 2281 veras
1544 2259 1633 2287 esse,
1667 2256 1814 2282 monent
1838 2256 1877 2282 ut
1908 2250 2033 2282 caeteri
2059 2262 2199 2296 quoque

1219 2311 1274 2332 eas
1293 2300 1335 2331 ad
1359 2311 1394 2332 se
1420 2299 1596 2342 pertinere
1619 2305 1790 2340 statuant,
1818 2306 1852 2333 et
1873 2299 1941 2332 fide
1961 2311 2015 2333 eas
2033 2300 2197 2334 intuean-

1218 2357 1292 2390 tur,
1322 2357 1439 2393 petant
1455 2356 1488 2382 et
1507 2357 1687 2393 expectent
1706 2351 1888 2384 auxilium.
1940 2349 2042 2384 Hanc
2065 2352 2197 2384 doctri-

1218 2413 1298 2433 nam
1330 2401 1373 2434 de
1406 2400 1639 2443 applicatione
1675 2401 1915 2445 exemplorum
1954 2413 2054 2445 saepe
2086 2402 2198 2445 repeti

1217 2458 1379 2496 oportere
1396 2452 1431 2483 in
1448 2451 1622 2484 similibus
1637 2452 1869 2494 argumentis,
1896 2452 2119 2485 manifestum
2137 2460 2199 2486 est.

1318 2501 1458 2534 Primus
1491 2514 1610 2535 versus
1643 2503 1794 2545 precatio
1828 2509 1891 2536 est:
1926 2499 2100 2535 Miserere
2129 2502 2201 2536 mei

1218 2550 1332 2585 Deus.
1396 2551 1535 2585 Deinde
1568 2553 1724 2586 narratio
1759 2552 1993 2586 calamitatum
2027 2554 2196 2598 sequitur,

1219 2604 1275 2636 cui
1301 2603 1467 2636 admiscet
1498 2604 1793 2644 consolationem,
1824 2615 1862 2636 ac
1895 2604 2048 2637 ostendit
2073 2615 2107 2637 se
2137 2616 2198 2648 spe

1218 2655 1339 2688 auxilii
1357 2654 1468 2687 divini
1486 2661 1717 2689 sustentatum
1736 2665 1824 2694 esse,
1850 2659 1882 2687 et
1898 2651 1987 2688 hanc
2010 2666 2106 2699 spem
2124 2666 2198 2688 non
