2379 2948
127 114 197 149 401
728 110 792 147 111.

129 197 339 232 alimentum
368 204 420 231 est
452 196 680 231 subtilissima
710 207 790 240 pars
823 192 1015 236 sanguinis.

130 255 246 282 autem
265 248 431 282 diffluant
453 247 554 289 haec,
584 247 813 280 continentur
835 244 935 278 siccis
952 242 1061 281 vasis,
1088 249 1121 275 et

129 299 281 332 calorem
299 300 504 333 moderatur
518 298 668 341 frigidus
687 294 827 330 humor.

232 356 354 391 Coctio
373 357 479 400 igitur
495 367 583 400 quae
599 353 857 387 conservationi
874 353 924 386 rei
942 352 1122 393 convenit,

131 415 182 441 est
199 420 217 441 a
237 409 352 441 calore
370 406 523 440 naturali
546 412 579 438 et
604 405 766 449 proprio,
794 406 982 437 reducente
1001 401 1122 436 humi-

130 460 216 492 dum
248 466 281 492 et
310 459 440 492 siccum
473 457 516 489 ad
545 456 759 489 conveniens
793 462 1122 498 temperamentum,

133 567 247 603 partes
274 559 377 593 utiles
403 565 659 591 convertuntur
679 558 716 589 in
739 556 972 590 substantiam
995 568 1120 599 corpo-

131 668 171 695 ut
187 662 286 702 seces,
313 660 550 704 expelluntur,
579 671 667 704 quae
686 671 759 692 non
779 665 926 703 possunt
944 657 1121 702 percoqui.

329 768 433 807 Quae
449 771 540 800 sunt
557 770 701 811 species
718 764 924 801 coctionis?

234 840 444 876 Aristoteles
478 842 637 888 loquitur
669 843 705 876 in
737 855 864 887 genere
889 843 932 875 de
963 840 1123 874 coctione

131 893 201 931 rei,
229 905 318 938 quae
337 901 580 935 conservatur,
607 900 646 927 ut
662 895 704 927 de
721 894 880 927 coctione
897 893 992 938 pomi
1008 898 1124 925 matu-

133 944 312 985 rescentis,
337 951 396 977 aut
409 945 564 987 vigorem
583 956 685 978 snum
704 945 898 978 retinentis.
933 943 1123 986 Quomodo

132 1002 249 1028 autem
268 993 352 1028 haec
368 996 583 1029 conveniant
599 997 642 1028 ad
661 996 855 1029 coctionem
873 993 967 1039 chyli
986 995 1022 1026 in
1039 1005 1125 1026 ven—

131 1045 280 1086 triculo,
307 1053 424 1090 postea
449 1047 616 1081 dicemus.
669 1046 759 1079 Nam
783 1059 820 1079 ea
845 1046 956 1079 coctio
979 1045 1015 1077 in
1038 1056 1124 1076 ven-

130 1096 259 1130 triculo
290 1097 410 1140 plures
442 1098 574 1141 species
612 1095 718 1131 huius
748 1097 920 1141 generalis
954 1094 1125 1129 coctionis

132 1147 389 1191 complectitur.

237 1204 407 1238 Nominat
431 1212 547 1238 autem
574 1205 781 1238 Aristoteles
804 1205 935 1249 species
956 1203 1127 1237 coctionis

133 1262 222 1295 tres,
257 1267 347 1299 quae
375 1256 487 1289 causis
512 1256 746 1289 efficientibus
779 1263 811 1289 et
842 1256 910 1288 fine
944 1255 1127 1289 differunt.

134 1305 253 1338 Prima
268 1306 362 1338 enim
382 1313 520 1340 tantum
536 1307 574 1340 fit
594 1314 731 1347 natura,
758 1307 913 1352 reliquae
931 1307 1021 1339 duae
1038 1306 1128 1338 fiunt

133 1356 239 1389 etiam
263 1363 348 1391 arte.

235 1414 355 1448 Prima
373 1416 504 1459 species
522 1417 691 1450 coctionis
707 1424 758 1451 est
772 1415 959 1456 πέπανσις,
983 1413 1050 1448 hoc
1068 1421 1129 1453 est,

134 1466 346 1506 maturatio,
381 1478 460 1499 cum
492 1468 657 1502 videlicet
685 1468 825 1502 nativus
856 1468 952 1501 calor
976 1478 1048 1499 non
1080 1472 1130 1498 cst

135 1524 330 1560 prostratus
353 1524 412 1550 aut
437 1518 649 1552 imbecillior
667 1517 837 1560 humido,
861 1519 921 1552 sed
941 1518 987 1551 ita
1007 1517 1130 1550 alterat

137 1565 345 1608 humidum,
373 1568 462 1601 sicut
486 1575 762 1611 temperamento
787 1570 860 1602 eius
884 1569 931 1603 rei
955 1568 1131 1609 congruit,

137 1619 436 1662 quemadmodum
447 1630 482 1652 se
496 1627 619 1653 natura
635 1621 694 1654 illa
713 1621 845 1665 optime
861 1619 991 1654 habere
1007 1625 1131 1662 potest,

137 1676 169 1702 et
188 1669 329 1713 expellit
346 1670 501 1703 alienum
520 1669 720 1706 humidum.

242 1727 451 1762 Aristoteles
470 1731 626 1773 exempla
644 1731 751 1764 sumit
767 1742 784 1763 a
802 1730 926 1774 pomis,
954 1729 1038 1762 dicit
1057 1740 1131 1761 esse

140 1776 339 1820 πίπανσιν,
367 1791 445 1812 cum
476 1781 656 1824 perficitur
682 1781 937 1813 nutrimentum
966 1780 1003 1812 in
1029 1791 1132 1812 carne

139 1829 331 1863 fructuum.
385 1828 462 1863 Etsi
487 1838 605 1864 autem
628 1843 767 1865 necesse
785 1839 834 1864 est
853 1830 1096 1875 principaliter
1114 1842 1130 1861 a

140 1880 255 1913 calore
274 1881 418 1924 proprio
444 1889 476 1915 et
494 1883 614 1915 nativo
629 1883 702 1916 fieri
723 1881 904 1916 πίπανσιν
917 1909 925 1922 ,
954 1888 1070 1914 tamen
1088 1881 1132 1913 ab

141 1938 284 1964 externo
301 1932 415 1964 calore
433 1940 465 1966 et
485 1933 528 1966 ab
545 1941 623 1967 aere
640 1934 902 1978 aliquantulum
919 1933 1117 1965 adiuvatur.

244 1997 431 2032 Contraria
453 2006 503 2032 cst
535 2000 764 2033 maturationi
790 1999 943 2032 cruditas
976 1994 1131 2042 ὠμότης,

142 2060 219 2080 cum
247 2049 410 2083 videlicet
445 2050 540 2082 calor
574 2051 713 2084 nativus
750 2050 936 2083 imbecillis
964 2056 1031 2089 est,
1069 2060 1133 2081 nec

143 2105 257 2141 potest
271 2111 484 2145 percoquere
503 2099 708 2143 humidum,
734 2103 792 2134 sed
812 2102 849 2135 fit
868 2101 1045 2145 reliquum
1066 2097 1134 2132 liu-

143 2149 299 2190 midum,
333 2152 427 2195 quod
455 2152 536 2196 quia
560 2165 633 2185 non
659 2153 809 2186 vertitur
834 2153 871 2185 in
901 2151 1133 2184 substantiam

145 2200 194 2231 rei
220 2212 307 2243 quae
337 2202 462 2243 alitur,
494 2211 641 2237 vocatur
664 2204 833 2237 alienum.
897 2202 935 2235 ld
960 2214 1043 2235 vero
1075 2207 1134 2234 aut

145 2251 330 2293 putrescit,
363 2259 422 2285 aut
452 2265 469 2286 a
496 2255 790 2297 praeternaturali
822 2254 937 2288 calore
962 2253 1134 2286 aduritur.

146 2300 187 2333 ln
205 2302 317 2345 pomis
334 2303 428 2335 calor
444 2305 570 2338 debilis
587 2307 747 2339 nondum
762 2305 920 2350 percoxit
936 2303 1136 2345 humidum,

148 2359 180 2384 et
199 2364 276 2385 cum
294 2350 480 2386 humidum
499 2356 653 2390 alienum
672 2358 783 2390 vincit
797 2384 805 2398 ,
831 2362 1046 2400 putrescunt.

250 2420 412 2454 Secunda
447 2423 576 2464 species
605 2431 655 2457 est
684 2425 824 2458 elixatio
860 2423 1004 2470 ἕψησις,
1048 2434 1137 2468 quae

149 2471 204 2511 fit,
232 2484 311 2504 cum
330 2473 373 2505 ah
392 2470 556 2513 humido,
587 2475 700 2507 calore
717 2476 853 2515 alieno,
883 2476 1052 2508 alteratur
1070 2472 1137 2506 liu—

150 2521 285 2555 midurn
303 2535 477 2563 crassum,
508 2536 568 2556 seu
590 2536 758 2568 aquosum
783 2526 820 2558 in
838 2526 974 2570 aliquo,
1004 2532 1041 2558 ut
1059 2536 1137 2558 cum

151 2572 327 2606 elixantur
344 2586 483 2617 carnes,
512 2572 680 2608 humidus
699 2576 793 2608 calor
809 2576 1041 2609 circumfusus
1057 2587 1139 2620 spu-

151 2634 288 2657 mosum
315 2625 403 2658 illud
429 2623 616 2658 humidum
645 2625 681 2657 in
703 2626 867 2659 carnibus
884 2627 1018 2660 alterat.
1070 2625 1141 2658 Nec

846 108 1001 144 INITIA
1029 103 1324 141 DOCTRINAE
1351 103 1606 140 PHYSICAE.

2090 103 2163 140 402

1068 190 1121 224 Ne
1146 191 1149 205 '
1174 201 1250 223 non
1276 197 1422 233 possunt
1446 191 1586 232 elixari,
1621 191 1680 224 sed
1703 190 1764 224 illa
1795 196 1932 224 tantum
1966 191 2089 231 mixta,
2125 191 2162 223 in

1174 241 1304 286 quibus
1330 238 1514 273 humidum
1538 243 1582 275 ab
1606 240 1752 275 humido
1779 242 1893 275 calore
1911 242 2012 275 adfici
2037 248 2161 285 potest,

1174 298 1212 325 ut
1232 292 1268 325 fit
1287 292 1324 323 in
1344 291 1502 323 carnium
1521 292 1719 328 elixatione.

1275 358 1455 392 Dicuntur
1471 365 1586 390 tamen
1604 360 1742 393 metalla
1759 359 1880 393 elixari
1892 387 1900 400 ‚
1928 359 2010 405 quia
2029 371 2106 393 cum
2123 360 2161 392 in

1174 409 1224 442 eis
1240 406 1385 441 humida
1405 409 1506 441 initia
1526 409 1617 448 sint,
1644 413 1741 442 aerea
1757 417 1789 443 et
1805 422 1912 455 aquea
1926 437 1934 451 ,
1960 407 2112 454 sulphur
2129 417 2162 444 et

1147 499 1148 504 ¹
1174 458 1440 506 hydrargyron,
1467 459 1641 504 liquefieri
1657 467 1815 503 possunt,
1841 463 1899 493 sed
1917 461 1952 494 id
1968 474 2041 494 non
2060 461 2096 494 fit
2116 461 2162 494 ab

131 521 200 554 qua
231 510 268 542 in
298 509 432 542 actione
458 508 529 540 duo
562 507 806 550 principaliter
839 506 948 543 fiunt,
982 505 1122 549 aliquae
1147 526 1148 534 1

1174 509 1323 544 humido
1341 510 1574 550 circumfuso,
1604 511 1663 543 sed
1681 522 1698 543 a
1716 511 1830 543 calore
1853 511 1935 544 sorti
1957 512 2072 544 alieno
2089 512 2162 545 dis-

1147 597 1148 606 *
1174 562 1306 595 similes
1324 568 1440 605 partes
1459 561 1690 601 dissolvente,
1717 561 1810 605 quod
1832 573 1909 593 cum
1927 561 1983 604 fit,
2011 564 2111 595 aerea
2129 569 2162 595 et

133 610 198 651 ris,
227 611 321 655 qUOd
346 615 592 648 conservatur,
618 609 707 641 allae
721 620 804 641 νθῐῸ
829 614 943 651 partes
966 607 1122 646 ῘΠΠῘῙῙθδ,
1147 630 1149 654 i
1175 619 1346 646 unctuosa
1364 612 1523 652 metalla,
1551 611 1682 646 scilicet
1699 623 1738 644 ex
1763 609 1932 655 sulphure
1955 619 1987 645 et
2010 610 2160 658 hydrar-

1175 675 1260 709 gyro
1285 663 1453 703 conflata,
1481 668 1617 696 natant.

1278 728 1453 775 Opposita
1486 729 1668 763 elixationi
1698 735 1749 763 est
1776 725 1970 773 μόλυνσις,
1999 741 2087 773 quae
2114 737 2164 763 est

1176 782 1377 826 imperfecta
1395 781 1536 814 elixatio
1548 808 1557 821 ‚
1584 786 1623 814 ut
1641 793 1719 813 cum
1735 792 1856 813 carnes
1870 792 1942 813 non
1957 780 2038 812 satis
2055 780 2163 813 elixa-

1176 840 1230 866 tae
1256 839 1349 867 sunt.
1402 831 1466 866 Est
1490 832 1596 875 igitur
1618 829 1702 864 haec
1724 831 1854 874 species
1881 830 2034 864 cruditas
2057 843 2163 875 quae-

1177 885 1279 925 dam,
1307 895 1367 916 seu
1384 883 1575 916 flacciditas
1599 882 1682 915 inde
1704 889 1800 922 orta,
1827 894 1905 915 cum
1930 882 2025 914 calor
2045 879 2164 915 humi-

1177 936 1261 975 dus,
1288 934 1425 967 alienus
1451 941 1483 967 et
1507 934 1755 970 circumstans,
1787 932 1940 965 debilior
1963 939 2031 972 est,
2059 944 2165 977 quam

1177 992 1215 1019 ut
1233 983 1433 1018 inchoatam
1451 985 1624 1017 actionem
1643 983 1808 1028 perficere
1825 983 1945 1027 possit.
1999 981 2036 1016 Si
2055 983 2166 1016 latina

1177 1036 1367 1080 adpellatio
1382 1035 1564 1080 quaeritur
1577 1062 1586 1076 ,
1613 1047 1677 1079 pro
1693 1031 1866 1077 μολύνσει
1885 1034 1953 1067 dici
1974 1033 2083 1078 possit
2098 1035 2166 1066 im-

1179 1088 1327 1132 perfecta
1347 1086 1511 1128 elixatio,
1538 1086 1593 1118 vel
1617 1085 1818 1119 flacciditas.

1281 1153 1402 1186 Tertia
1427 1153 1558 1197 species
1582 1153 1754 1186 coctionis
1779 1159 1830 1186 est
1855 1153 1980 1186 assatio
2007 1151 2168 1198 ὄπτησις,

1180 1217 1268 1250 quae
1292 1211 1341 1237 est
1365 1204 1445 1236 talis
1463 1203 1594 1243 coctio,
1622 1215 1711 1247 quae
1729 1203 1765 1235 fit
1782 1204 1825 1236 ab
1843 1210 1985 1237 externo
2005 1205 2118 1237 calido
2136 1211 2169 1236 et

1181 1257 1290 1295 sicco,
1320 1255 1413 1299 quod
1434 1254 1605 1297 extinguit
1628 1251 1815 1286 humidum
1834 1255 2000 1295 crassius,
2032 1262 2071 1288 nt
2093 1266 2169 1287 car-

1181 1318 1243 1339 nes
1262 1306 1335 1349 igni
1352 1313 1481 1339 assatae
1501 1305 1712 1347 alterantur,
1742 1305 1892 1337 extincto
1911 1302 2058 1338 humido
2078 1317 2170 1338 cras-

1182 1358 1287 1390 siore.
1340 1355 1504 1389 Efficitur
1523 1362 1638 1388 autem
1662 1362 1786 1388 natura
1807 1362 1839 1388 et
1855 1362 1938 1388 arte.
1993 1354 2169 1389 Artificia-

1183 1409 1224 1441 lis
1241 1408 1366 1440 assatio
1382 1414 1432 1440 est
1445 1406 1617 1444 carnium,
1637 1417 1724 1451 qnae
1741 1406 1812 1449 igni
1829 1412 2009 1439 torrentur
2024 1413 2055 1439 et
2072 1418 2172 1450 prae—

1183 1465 1353 1503 parantur
1377 1459 1419 1490 ad
1438 1468 1546 1491 esum.
1596 1456 1729 1489 Natura
1755 1456 1793 1490 fit
1810 1457 1955 1496 assatio,
1984 1463 2021 1489 ut
2040 1469 2057 1489 a
2076 1456 2169 1496 Sole,

1184 1510 1297 1542 autin
1322 1508 1531 1552 corporibus
1555 1508 1808 1547 animantium,
1834 1515 1872 1541 ut
1892 1520 1969 1541 cum
1989 1508 2084 1540 calor
2108 1519 2172 1541 na-

1184 1561 1308 1594 turalis
1334 1560 1507 1593 convertit
1533 1559 1792 1592 nutrimentum
1819 1558 1855 1590 in
1879 1570 1977 1602 ossa,
2008 1559 2062 1591 vel
2092 1570 2174 1592 cum

1184 1611 1494 1655 praeternaturalis
1521 1611 1617 1643 calor
1640 1610 1677 1642 in
1705 1616 1802 1653 epate
1833 1610 1950 1643 adurit
1974 1609 2172 1642 nutrimen-

1185 1669 1278 1702 tum,
1306 1669 1338 1695 et
1359 1659 1546 1694 humidum
1563 1661 1638 1693 sine
1657 1662 1762 1693 modo
1781 1658 1948 1700 extrahit,
1976 1661 2122 1704 dissipat
2141 1667 2174 1693 et

1185 1713 1376 1756 extinguit,
1405 1719 1445 1745 nt
1462 1712 1596 1755 reliqua
1622 1711 1665 1744 sit
1691 1711 1835 1744 materia
1862 1711 2035 1744 terrestris
2059 1718 2092 1744 et
2118 1711 2174 1742 in-

1186 1776 1286 1796 censa
1307 1763 1417 1806 magis
1435 1770 1495 1796 aut
1511 1762 1630 1795 minus
1648 1762 1773 1802 tenuis,
1800 1761 1909 1794 cineri
1927 1762 2063 1802 similis,
2085 1773 2173 1807 quae

1186 1822 1236 1848 est
1252 1814 1334 1847 bilis
1352 1815 1485 1848 adusta.

1287 1879 1462 1924 Opposita
1479 1880 1610 1923 species
1626 1878 1793 1912 assationi
1811 1884 1955 1911 vocatur
1973 1874 2172 1918 σῑάτευσις,

1186 1944 1275 1977 quae
1293 1938 1342 1964 cst
1358 1931 1560 1974 imperfecta
1580 1930 1726 1970 assatio,
1752 1936 1790 1962 ut
1809 1941 1886 1962 cum
1905 1942 1984 1962 caro
2002 1942 2073 1962 non
2093 1929 2175 1962 satis

1186 1989 1296 2015 assata
1313 1989 1373 2016 est.
1426 1980 1517 2014 Nam
1535 1976 1724 2015 στατεύειν
1742 1986 1791 2013 est
1805 1980 1932 2014 leniter
1949 1981 2175 2020 condensam,

1186 2041 1224 2067 ut
1255 2045 1333 2066 cum
1366 2032 1511 2076 pinguia
1544 2032 1752 2066 consistunt.
1812 2029 1999 2064 Eiusmodi
2030 2031 2174 2064 crudam

1186 2085 1334 2122 molem,
1366 2095 1455 2127 quae
1473 2083 1733 2127 aliquantulum
1752 2083 1959 2115 condensari
1978 2082 2088 2124 cepit,
2118 2078 2176 2113 hic

1187 2134 1338 2177 intelligi
1356 2135 1452 2174 vult,
1480 2133 1677 2177 oppositam
1702 2133 1888 2174 assationi,
1913 2132 2025 2178 qualis
2043 2132 2079 2165 fit
2099 2143 2174 2164 mo-

1187 2187 1236 2219 les
1255 2185 1369 2219 carnis
1388 2185 1589 2229 imperfecte
1612 2190 1754 2218 assatae.

1189 2294 1374 2337 Quomodo
1391 2293 1720 2329 accommodantur
1732 2292 1752 2326 le
1760 2304 1806 2326 ae
1820 2294 1962 2336 species
1977 2292 2027 2326 ad
2042 2293 2176 2326 coctio-

1347 2358 1434 2380 nem
1451 2349 1489 2381 in
1508 2345 1719 2390 corporibus
1736 2345 1987 2377 cmimantimn
1998 2341 2015 2375 ?

1294 2421 1425 2464 Magna
1462 2421 1596 2454 utilitas
1632 2426 1683 2451 est
1722 2416 1826 2451 huius
1865 2416 2177 2455 considerationis,

1192 2473 1277 2519 quid
1305 2471 1362 2505 hic
1380 2471 1588 2505 Aristoteles
1610 2469 1805 2502 coctionem
1829 2470 2009 2509 nominet,
2039 2475 2071 2501 et
2089 2479 2179 2512 qno-

1192 2525 1299 2557 modo
1324 2521 1389 2556 hae
1409 2522 1538 2566 species
1554 2520 1871 2553 accommodandae
1891 2521 1961 2553 sint
1982 2521 2026 2552 ad
2049 2518 2180 2552 coctio-

1193 2587 1296 2614 nem,
1325 2585 1430 2618 quam
1455 2572 1503 2604 sic
1525 2582 1709 2611 vocamus,
1736 2583 1823 2615 quae
1846 2570 1886 2604 fit
1908 2572 1945 2603 in
1970 2569 2178 2608 ventriculo,

1193 2627 1230 2658 in
1249 2630 1364 2667 epate,
1393 2630 1424 2655 et
1442 2622 1518 2655 aliis
1544 2622 1723 2656 membris.
1775 2621 1864 2655 Nam
1883 2621 2090 2656 Aristoteles
2114 2619 2181 2651 alte

152 2675 269 2708 omnia
285 2687 429 2719 corpora
449 2683 596 2719 possunt
613 2676 754 2716 elixari‚
787 2683 825 2709 ut
840 2677 974 2720 lapides
990 2684 1019 2710 et
1046 2677 1142 2719 ligna
1166 2678 1169 2712 i
1195 2686 1337 2709 exorsus
1364 2673 1580 2707 alterationis
1605 2673 1751 2716 modos,
1782 2673 1937 2717 primum
1963 2669 2182 2715 simplicissi-

202 2725 384 2759 Mum-Ta,
415 2729 517 2759 Ona,
547 2729 628 2760 Vox..
658 2729 750 2760 Xlll.

1500 2724 1549 2758 26
