2379 2948
244 131 340 169 1467

243 218 375 256 Deum,
423 213 598 258 placatum
632 219 704 243 esse
735 218 798 252 per
828 205 942 239 filium
975 204 1092 239 Iesum
1125 203 1232 240 Chri-

244 276 356 307 stum,
384 272 418 299 et
441 269 587 308 propter
612 257 708 294 hunc
730 257 926 291 condonari
944 263 1102 301 peccata,
1128 268 1234 290 exau-

247 318 316 352 diri
340 328 424 356 nos,
452 322 484 347 et
508 312 583 346 fieri
609 309 774 344 haeredes
791 309 881 342 vitae
897 315 1077 349 aeternae,
1103 307 1235 341 servari

248 370 352 403 etiam
370 364 561 400 Ecclesiam
580 362 618 394 in
636 359 702 394 hac
718 360 807 398 vita,
837 359 973 392 etiamsi
992 358 1107 403 aliqua
1124 370 1235 391 mem-

247 422 312 454 lira
337 419 523 450 intereant.
554 419 556 421 ’
575 412 651 446 Hac
675 412 743 444 fide
765 422 799 443 se
818 410 868 454 pii
886 410 924 442 in
942 407 1005 443 hac
1021 409 1159 444 infinita
1175 421 1234 442 va-

248 472 371 504 rietate
388 465 626 511 periculorum
641 469 673 496 et
689 461 920 495 afflictionum
937 467 1143 500 sustentant,
1170 471 1236 493 no-

248 527 334 555 runt
356 518 471 553 Deum
494 527 566 548 non
592 525 664 547 esse
687 513 865 554 ociosum,
897 524 971 545 non
997 511 1127 554 agitare
1153 522 1238 543 con-

249 571 365 608 vivia,
392 575 431 602 ut
456 567 585 600 ludunt
609 565 750 607 po'e'tae,
776 563 836 595 sed
862 563 952 596 serio
974 563 1063 595 velle
1083 561 1238 605 agnosci,

249 630 282 657 et
297 619 475 659 invocari,
499 628 572 650 non
589 616 716 649 frustra
734 614 868 647 misisse
885 613 1018 646 Filium
1035 625 1136 646 suum
1153 612 1236 646 uni-

251 673 407 717 genitum
421 697 429 710 ,
456 680 529 701 non
546 668 675 700 frustra
693 665 830 699 dedisse
846 677 966 698 rocem
983 662 1168 707 Evangelii
1184 663 1238 697 sui

250 723 410 768 patribus
438 726 470 752 et
490 715 696 761 Prophetis,
731 728 803 748 non
827 717 955 748 frustra
979 715 1178 758 patefecisse
1201 714 1239 747 in

250 774 318 808 hac
341 770 552 817 pulcerrima
578 767 702 801 mundi
725 766 945 806 conditione,
968 765 1153 799 foecundis
1171 772 1241 799 ter-

251 837 311 859 rae
342 822 496 859 vicibus,
538 818 747 852 liberatione
775 818 937 849 miranda
968 815 1163 857 Ecclesiae,
1202 816 1241 848 in

253 873 440 909 eductione
470 883 510 903 ex
534 870 713 915 Aegypto,
744 867 782 900 in
812 867 1017 900 defensione
1040 874 1240 901 sanctorum

252 925 417 960 omnibus
436 921 572 956 seculis.

359 973 402 1007 ln
424 971 510 1006 haec
529 970 646 1004 omnia
664 969 806 1002 intuens
826 968 881 1012 pia
899 979 1015 1009 mens,
1039 974 1150 1001 erecta
1166 968 1243 1001 luce

254 1024 456 1068 Evangelii,
490 1029 523 1055 et
552 1021 682 1054 noticia
707 1020 791 1053 Filii
816 1018 903 1063 Dei,
939 1026 1050 1063 potest
1077 1019 1242 1052 clamare:

254 1076 359 1111 Deus
383 1085 481 1108 meus
504 1083 540 1106 es
565 1075 615 1107 Iu.
669 1069 716 1104 Et
739 1071 897 1115 sequitur
921 1071 1112 1111 gratiarum
1139 1070 1242 1110 actio,

254 1136 289 1162 et
312 1125 494 1172 proprium
512 1120 688 1156 Ecclesiae
708 1122 878 1154 officium:
908 1117 1110 1154 Celebrabo
1131 1124 1179 1159 le,
1207 1121 1243 1153 id

256 1186 325 1217 cst,
367 1176 430 1210 etsi
469 1173 627 1218 undique
657 1173 788 1206 bellum
818 1173 969 1205 infertur
999 1172 1138 1205 nomini
1172 1179 1244 1210 tuo,

257 1228 420 1270 tyranni,
443 1224 629 1269 Epicurei,
657 1221 871 1269 hypocritae,
898 1229 1036 1256 autores
1052 1223 1243 1267 impiorum

257 1271 472 1322 dogmatum,
492 1287 610 1308 veram
624 1275 832 1314 doctrinam,
852 1286 968 1306 veram
983 1274 1243 1307 invocationem

257 1331 396 1365 abolere
419 1332 607 1360 conantur.
659 1324 865 1359 Defendunt
880 1323 1025 1358 Ethnici
1049 1336 1130 1358 suos
1147 1325 1246 1358 furo-

257 1393 331 1422 res,
364 1378 476 1418 Iovis,
503 1375 648 1415 Martis,
674 1373 825 1416 Bacchi,
852 1375 1018 1417 Veneris,
1046 1374 1168 1420 Priapi
1191 1387 1246 1408 sa-

258 1444 326 1466 cra.
378 1427 500 1463 Iudaei
515 1426 648 1461 Filium
664 1425 730 1460 Dei
747 1433 779 1459 et
790 1427 980 1470 Apostolos
996 1427 1187 1465 trucidant,
1214 1433 1247 1459 et

258 1480 437 1516 somniant
454 1479 610 1512 seiustos
623 1489 707 1520 esse,
730 1477 800 1510 suis
812 1477 952 1517 ritibus,
975 1474 1247 1511 Mahometistae

259 1530 471 1567 contumelia
482 1528 612 1562 Filium
624 1527 688 1561 Dei
701 1528 880 1568 adficiunt,
900 1528 1018 1560 delere
1030 1539 1160 1560 nomen
1174 1528 1247 1560 eius

260 1589 456 1621 conantur,
482 1585 516 1612 et
538 1579 605 1612 sibi
629 1584 795 1620 arrogant
817 1578 974 1610 iusticiae
993 1578 1155 1618 laudem,
1181 1576 1248 1610 hoc

258 1646 331 1667 uno
365 1636 593 1673 argumento,
628 1630 722 1674 quod
747 1640 818 1661 non
842 1629 977 1661 addunt
1001 1628 1137 1661 Filium
1161 1626 1248 1668 Deo,

261 1691 378 1729 postea
402 1683 541 1715 frenum
569 1681 687 1713 laxant
703 1679 932 1719 libidinibus,
959 1679 1034 1722 lege
1049 1679 1248 1712 concedunt

260 1735 363 1772 duci,
390 1732 535 1770 dimitti,
564 1738 596 1765 et
613 1742 733 1764 rursus
750 1730 830 1763 duci
849 1730 1021 1770 dimissas,
1049 1736 1135 1774 quot
1152 1730 1248 1773 qnis-

261 1798 329 1831 que
359 1784 463 1823 velit,
498 1783 696 1816 concedunt
726 1782 800 1824 lege
832 1788 864 1814 et
895 1781 1047 1814 nefarias
1072 1781 1250 1821 libidines,

260 1842 405 1881 propter
422 1844 508 1878 quas
524 1832 619 1866 Deus
637 1844 707 1865 non
726 1838 862 1865 tantum
882 1831 1056 1875 Sodoma,
1083 1833 1140 1864 sed
1157 1832 1249 1864 mul-

261 1896 312 1920 tas
330 1893 448 1929 gentes
464 1890 555 1917 totas
572 1884 732 1917 funditus
750 1883 892 1916 delevit.

363 1935 543 1978 Quantam
563 1934 741 1968 saevitiam
759 1940 893 1966 exercet
906 1932 1060 1966 Romani
1075 1933 1251 1977 pontificis

262 1987 388 2027 factio,
414 1993 454 2019 ut
474 1985 569 2018 idola
594 1997 655 2018 sua
676 1984 849 2024 stabiliat,
878 1983 1021 2023 Missas,
1049 1991 1180 2017 statuas
1197 1984 1251 2016 di-

261 2049 406 2076 vorum,
456 2036 686 2075 coelibatum,
731 2035 940 2068 monasticas
971 2035 1249 2079 superstitiones.

262 2088 310 2123 Et
327 2086 412 2121 haec
428 2087 547 2120 omnia
561 2085 739 2126 defendit,
767 2098 839 2118 non
855 2087 948 2130 quod
968 2087 1111 2129 probet,
1137 2086 1196 2118 sed
1214 2092 1252 2118 ut

262 2138 479 2184 potentiam,
505 2149 609 2182 opes,
637 2137 835 2180 voluptates
852 2144 1002 2170 tueatur.
1056 2135 1152 2169 Inter
1168 2136 1252 2170 talia

264 2241 366 2274 clesia
381 2266 390 2281 ,
411 2251 499 2284 quae
515 2246 564 2272 est
580 2246 694 2272 custos
710 2238 808 2271 verbi
828 2236 914 2277 Dei,
943 2250 1031 2282 quae
1047 2245 1144 2271 sonat
1161 2235 1252 2270 hanc

263 2303 402 2325 vocem:
431 2285 628 2323 Celebrabo
653 2293 683 2321 ie
701 2286 823 2326 Deus,
851 2285 1072 2332 confilemini
1087 2287 1253 2321 Domino

264 2340 438 2389 quoniam
460 2339 592 2380 bonus,
619 2338 794 2387 quoniam
814 2338 851 2372 in
872 2338 1032 2373 seculum
1051 2339 1254 2372 miscricor-

266 2391 329 2426 dia
347 2391 436 2428 eius.

267 2506 345 2527 cum
369 2494 411 2526 de
435 2503 543 2535 regno
561 2489 715 2532 Christi,
743 2492 784 2524 de
810 2491 1012 2524 adflictione
1031 2499 1063 2525 et
1084 2493 1126 2525 de
1142 2492 1254 2525 victo-

266 2544 328 2577 riis
352 2544 426 2576 eius
448 2542 701 2583 concionatur,
736 2554 832 2575 nunc
855 2543 1005 2575 maxime
1029 2543 1198 2586 legendus
1221 2549 1254 2576 et

266 2594 489 2626 meditandus
513 2599 582 2632 est,
608 2599 647 2626 ut
669 2605 748 2626 cum
772 2599 963 2626 statuemus
986 2606 1058 2626 non
1077 2605 1175 2638 posse
1192 2595 1254 2626 de-

267 2644 331 2677 leri
354 2655 482 2676 nomen
499 2642 584 2675 Filii
600 2641 667 2676 Dei
691 2650 723 2677 et
739 2642 970 2686 Evangelium
997 2645 1088 2684 eius,
1115 2657 1155 2678 eo
1181 2645 1253 2677 for-

269 2694 387 2730 tiorib.
410 2693 536 2726 animis
559 2700 592 2727 et
612 2695 802 2728 refutemus
820 2694 948 2739 impios
964 2695 1143 2737 doctores,
1167 2702 1199 2729 et
1216 2695 1253 2728 in

843 119 969 155 PHIL;
996 117 1112 155 MEL.
1142 115 1352 155 SCRIPTA
1380 114 1678 153 EXEGETICA.

1277 2048 1279 2058 τ
1305 2034 1343 2067 in
1361 2033 1508 2066 Daniele
1531 2034 1749 2077 praedictum
1773 2041 1833 2068 est.
1874 2032 1950 2067 Etsi
1966 2040 2081 2066 autem
2098 2034 2167 2068 late
2182 2033 2290 2068 vasti-

1278 2150 1280 2172 :
1306 2135 1391 2169 Filii
1414 2134 1479 2169 Dei
1503 2147 1575 2169 non
1600 2136 1741 2180 penitus
1763 2135 1873 2169 deleri
1896 2147 2009 2179 posse.

263 2189 454 2224 certamina
472 2199 608 2232 semper
626 2194 659 2221 et
676 2187 761 2227 fuit,
787 2187 901 2220 eterit
918 2187 1033 2232 aliqua
1051 2188 1172 2230 exigua
1183 2186 1253 2220 Ec-
1278 2202 1280 2208 ν

1280 2325 1281 2329 Ἰ
1306 2289 1527 2334 praebebunt
1545 2288 1766 2322 domicilium
1784 2299 1885 2321 verae
1899 2287 2088 2324 Ecclesiae.

365 2441 397 2476 E
563 2439 591 2473 Ρ
632 2440 643 2472 l
826 2441 844 2473 d
997 2441 1006 2473 1
1280 2421 1281 2447 ἶ
1307 2390 1551 2423 adsentiantur
1575 2401 1700 2433 regn0,
1725 2391 1821 2435 quod
1845 2391 2042 2424 collabente
2062 2390 2131 2423 iam
2149 2401 2293 2424 monar-

402 2441 540 2475 narravi
594 2451 628 2473 sa
648 2452 743 2473 mum
766 2452 821 2473 me
851 2440 935 2473 iocri
957 2441 991 2474 di
1012 2441 1158 2484 igentia,
1192 2440 1253 2486 qui
1280 2450 1281 2454 ¹

2176 119 2273 156 1468

1286 204 1359 238 acie
1401 202 1609 237 dimicemus
1646 203 1813 237 adversus
1845 201 2032 238 Turcicam
2063 206 2276 243 barbariem.

1287 254 1454 289 Extrema
1476 254 1602 288 mundi
1626 260 1785 288 senectus
1802 261 1871 296 est,
1897 267 1966 300 qua
1985 256 2147 290 diabolus
2163 258 2275 292 sciens

1287 306 1419 341 instare
1434 306 1544 346 diem,
1572 318 1641 351 quo
1659 306 1774 350 palam
1792 307 2062 348 condemnatus,
2090 314 2122 341 et
2138 308 2276 343 vinctus

1288 357 1439 401 grassari
1455 357 1608 398 desinet,
1635 357 1770 391 rabiem
1788 368 1885 390 suam
1905 358 2071 392 adversus
2081 357 2277 392 Ecclesiam
2307 399 2310 402 η

1289 408 1460 453 paulatim
1478 408 1631 442 atrocius
1647 408 1766 442 exerit.
1819 406 1913 441 Hinc
1929 416 2109 453 oppugnat
2124 421 2199 443 eam
2214 421 2277 454 per

1288 459 1483 504 pontifices,
1510 459 1725 493 stabilientes
1741 459 1848 498 idola,
1873 459 1978 493 istinc
1994 459 2157 494 Turcicis
2172 459 2278 494 armis

1290 517 1404 544 totum
1421 521 1550 543 nomen
1565 507 1699 544 Christi
1717 510 1833 543 delere
1851 517 2009 546 conatur.

1391 560 1553 594 Fuerunt
1584 567 1616 594 et
1647 568 1748 594 antea
1773 561 1920 605 imperia
1944 562 1980 594 in
2003 562 2158 603 mundo,
2189 573 2279 607 quae

1291 623 1393 655 saepe
1417 618 1668 645 concusserunt
1684 609 1888 645 Ecclesiam.
1942 612 2011 646 Sed
2037 619 2154 646 tamen
2175 613 2280 646 dissi-

1292 663 1389 696 milia
1408 661 1559 695 Turcico
1573 689 1582 703 ,
1608 661 1795 696 Persarum
1811 661 2015 696 monarchia
2040 664 2102 697 diu
2128 664 2280 697 clemen-

1292 721 1345 747 ter
1375 713 1463 746 fovit
1495 713 1665 758 populum
1698 711 1778 747 Dei.
1839 711 2058 755 Alexander,
2100 713 2280 755 Seleucus,

1292 764 1514 798 Ptolemaeus
1544 771 1664 808 pater,
1707 770 1740 798 et
1770 764 1864 798 filius
1891 762 2164 808 Philadelphus,
2207 777 2282 798 me·-

1294 815 1405 848 diocri
1424 812 1645 849 humanitate
1663 825 1742 858 erga
1760 815 1929 859 populum
1939 814 2005 849 Dei
2022 816 2075 849 usi
2093 822 2185 850 sunt.
2240 814 2283 849 In

1294 865 1444 910 imperio
1468 864 1654 906 Romano,
1687 865 1750 899 etsi
1774 866 1953 899 interdum
1979 867 2121 900 saevitia
2146 866 2285 907 exarsit,

1295 925 1412 952 tamen
1437 927 1538 960 saepe
1562 916 1719 960 mitigata
1748 923 1816 958 est,
1844 924 1877 951 et
1898 917 2001 950 multi
2023 917 2200 961 principes
2216 915 2284 950 ho-

1295 968 1400 1012 spitia
1410 966 1575 1000 Ecclesiis
1591 968 1840 1011 praebuerunt.
1895 967 1943 1001 At
1958 974 2074 1011 postea
2085 966 2285 1001 Mahometi

1297 1018 1458 1064 tyrannis
1482 1015 1549 1051 hoc
1573 1018 1677 1053 titulo
1701 1019 1891 1053 constituta
1917 1025 1984 1058 est,
2011 1025 2048 1051 ut
2069 1019 2176 1052 coiret
2191 1018 2286 1052 mul-

1298 1070 1413 1104 titudo
1444 1069 1487 1102 ad
1512 1069 1736 1102 liberandum
1764 1070 1886 1102 orbem
1908 1076 2080 1103 terrarum
2105 1069 2285 1110 servitute,

1298 1122 1342 1154 ad
1365 1120 1537 1154 tollendas
1562 1120 1774 1163 religionum
1800 1121 2057 1159 dissensiones,
2086 1127 2119 1154 et
2141 1121 2185 1153 ad
2210 1120 2284 1153 eius

1297 1171 1478 1214 religionis
1497 1171 1798 1215 propagationem,
1825 1183 1913 1216 quae
1931 1183 2041 1204 unum
2052 1169 2166 1204 Deum
2177 1182 2285 1214 agno-
2324 1166 2325 1174 ¹

1298 1223 1466 1256 scendum
1496 1228 1528 1255 et
1560 1222 1748 1255 colendum
1774 1233 1846 1255 esse
1873 1223 2012 1263 doceat,
2046 1234 2120 1254 non
2143 1222 2286 1263 multos,

1301 1286 1364 1306 nec
1389 1272 1479 1316 patri
1504 1272 1616 1306 filium
1640 1273 1763 1313 addat,
1791 1285 1950 1318 quaeque
1975 1273 2082 1305 armis
2098 1273 2286 1306 defendere

1299 1324 1496 1357 doctrinam
1522 1324 1662 1365 doceat,
1690 1331 1723 1358 et
1745 1325 1955 1357 constituere
1979 1323 2187 1367 imperium,
2213 1335 2286 1357 non

1300 1375 1419 1408 iubeat
1441 1374 1558 1407 subire
1583 1375 1777 1416 cruciatus,
1805 1375 1893 1408 sicut
1910 1373 2074 1419 Apostoli
2097 1381 2130 1408 et
2152 1381 2287 1420 marty-

1299 1438 1353 1460 res
1375 1425 1567 1460 subierant.

1403 1475 1499 1508 Haec
1523 1487 1601 1508 cum
1622 1481 1738 1509 essent
1755 1474 1975 1519 plausibilia,
2000 1475 2179 1509 concurrit
2194 1475 2287 1508 mul-

1301 1526 1436 1566 titudo,
1470 1527 1557 1558 duce
1581 1523 1806 1565 Mahometo,
1833 1532 1865 1558 et
1886 1525 1987 1558 facile
2010 1525 2211 1570 Aegyptum
2234 1525 2289 1558 di-

1301 1577 1487 1609 laceratam
1511 1576 1633 1609 multis
1657 1576 1936 1609 dissensionibus
1957 1582 2149 1617 sectarum,
2177 1576 2289 1610 et'vi-

1302 1627 1380 1660 cina
1401 1627 1476 1660 loca
1501 1627 1701 1670 occupavit,
1729 1633 1761 1660 et
1776 1626 1949 1660 Ecclesias
1971 1627 2132 1660 funditus
2155 1627 2194 1660 in
2216 1627 2288 1660 illis

1302 1678 1389 1711 locis
1414 1678 1563 1718 delevit,
1591 1689 1629 1710 ac
1653 1678 1822 1722 paulatim
1848 1678 1988 1721 longius
2007 1678 2156 1722 protulit
2174 1677 2287 1722 impe-

1302 1728 1409 1764 rium.
1461 1726 1654 1762 Creverant
1670 1729 1763 1761 enim
1781 1729 1864 1762 vitia
1883 1729 2000 1762 omnis
2016 1729 2152 1772 generis
2167 1729 2205 1761 in
2221 1727 2289 1762 Ec-

1303 1780 1424 1820 clesia,
1463 1779 1586 1820 luxus,
1621 1780 1788 1820 ambitio,
1822 1780 1967 1813 audacia
2005 1779 2161 1822 fingendi
2197 1791 2290 1813 nova

1303 1832 1487 1873 dogmata,
1523 1837 1557 1864 et
1581 1842 1694 1864 novos
1717 1831 1831 1864 cultus
1854 1837 1968 1875 spreto
1991 1828 2206 1874 Evangelio,
2233 1830 2291 1864 in-

1304 1882 1431 1915 testina
1474 1881 1573 1921 odia,
1622 1881 1809 1922 libidines,
1854 1881 2025 1922 avaricia,
2074 1881 2290 1926 rapacitates.

1305 1932 1454 1965 Talibus
1471 1932 1630 1965 moribus
1646 1932 1803 1966 irritatus
1822 1930 1934 1972 Deus,
1962 1932 2119 1976 permisit
2135 1938 2175 1966 ut
2193 1943 2291 1975 gras-

1304 1990 1440 2016 saretur
1464 1983 1524 2015 illa
1542 1981 1738 2017 Mahometi
1764 1984 1924 2028 tyrannis
1945 1990 1978 2017 et
2000 1983 2174 2023 vinceret,
2201 1983 2291 2017 sicut

1306 2092 1411 2118 tatem
1436 2082 1672 2118 Ecclesiarum
1702 2085 1801 2125 fecit,
1833 2091 1949 2118 tamen
1979 2084 2127 2118 sciamus
2159 2095 2291 2118 nomen

1304 2186 1460 2220 Ecclesia
1480 2198 1562 2220 vera
1584 2184 1734 2230 Christi,
1762 2187 1798 2219 in
1816 2199 1883 2231 qua
1901 2187 2032 2220 lucebit
2047 2184 2294 2230 Evangelium,

1307 2238 1372 2271 erit
1405 2237 1522 2282 aliqua
1557 2239 1674 2277 sedes,
1713 2244 1818 2271 erunt
1846 2237 1983 2282 aliquae
2014 2236 2171 2282 Respub.
2202 2248 2290 2283 quae

1409 2339 1598 2372 Discamus
1628 2339 1735 2382 igitur
1763 2339 1839 2382 pios
1864 2339 2102 2383 praemonitos
2123 2350 2213 2379 esse,
2245 2351 2292 2374 ne

1308 2438 1383 2473 chia
1403 2439 1567 2474 Romana
1586 2441 1838 2481 constituetur,
1865 2448 1898 2474 et
1914 2441 2137 2485 profitebitur
2151 2453 2186 2475 se
2201 2441 2292 2476 velle

1306 2489 1442 2525 Christi
1465 2503 1595 2524 nomen
1620 2491 1748 2526 delere.
1800 2490 1854 2525 De
1875 2489 1942 2525 hoc
1964 2504 2071 2536 regno
2086 2492 2204 2538 inquit
2217 2490 2292 2526 Da-

1308 2542 1394 2575 niel:
1430 2540 1477 2575 Et
1499 2554 1678 2575 sermones
1701 2548 1822 2576 contra
1846 2543 2019 2577 excelsum
2041 2543 2224 2589 loquetur,
2258 2549 2291 2577 et

1307 2600 1445 2627 sanctos
1471 2593 1632 2626 altissimi
1657 2600 1831 2635 conteret,
1859 2600 1892 2627 et
1913 2594 2051 2638 putabit
2069 2594 2163 2639 quod
2182 2594 2292 2638 possit

1307 2651 1443 2678 mutare
1466 2651 1625 2688 tempora
1649 2651 1683 2678 et
1706 2644 1815 2687 leges,
1842 2651 1875 2678 et
1898 2645 2083 2678 tradentur
2105 2644 2144 2677 in
2165 2656 2290 2679 manus
2324 2656 2326 2668 ³

1306 2695 1392 2736 eius,
1418 2706 1528 2740 usque
1544 2695 1587 2728 ad
1604 2701 1741 2741 tempus
1758 2702 1820 2729 etc.
1872 2694 2112 2730 Contremisco
2127 2702 2201 2730 toto
2213 2707 2290 2730 cor-

2070 2134 2150 2169 Erit
2174 2135 2292 2181 aliqua
2336 2151 2338 2159 r
2373 2148 2379 2156 “
