2379 2948
175 129 270 165 1179

175 215 316 250 Deum,
343 209 405 255 qui
430 219 464 241 se
487 203 647 251 patefecit
670 214 744 236 non
768 201 882 234 solum
900 198 1038 244 opificio
1056 203 1162 231 natu-

177 276 255 305 rae,
282 262 340 295 sed
366 259 468 293 etiam
493 268 553 290 sua
578 265 660 287 voce
685 260 717 287 et
742 252 846 285 certis
869 249 1099 288 testimoniis,
1126 253 1164 280 ut

178 316 283 349 misso
308 312 398 350 filio,
426 305 688 341 resuscitatione
712 309 952 342 mortuorum,
978 299 1164 333 eductione

179 363 305 411 populi
327 373 367 394 ex
384 361 556 403 Aegypto.
606 355 771 389 Secundo
796 365 869 386 non
887 359 1022 386 tantum
1041 349 1165 383 recitat

179 413 335 451 Ecclesia
367 410 511 454 legalem
543 406 739 440 doctrinam
771 405 814 438 de
841 403 935 444 Deo,
966 403 1024 436 sed
1060 400 1163 434 etiam

179 462 449 511 promissionem
466 459 604 503 gratiae,
631 464 670 491 ut
685 456 834 489 sciamus
849 466 914 488 nos
930 452 1037 496 recipi
1054 462 1166 508 quan-

180 527 285 562 quam
311 523 431 547 sumus
455 508 613 552 indigni,
642 514 675 541 et
699 507 862 541 invocare
883 517 961 538 eum
981 512 1167 548 possimus,

180 574 213 601 et
239 572 354 610 petere
380 569 413 596 et
439 567 616 605 expectare
639 559 747 591 bona.
799 556 878 590 Etsi
904 555 997 588 enim
1020 550 1166 586 Ethnici

180 622 314 651 norunt
336 614 429 648 dicta
451 613 494 645 de
519 609 762 655 providentia,
788 614 906 640 tamen
930 606 966 638 in
989 602 1168 638 aerumnis

179 668 321 712 fugiunt
338 665 452 698 Deum
463 688 473 703 ,
503 661 585 706 quia
601 665 794 704 agnoscunt
810 670 844 691 se
859 668 937 690 reos
955 662 986 689 et
1003 654 1169 697 indignos

182 730 274 758 esse,
301 717 358 750 sed
385 713 540 748 Ecclesia
564 711 712 755 opponit
736 708 1005 753 promissionem
1029 707 1072 738 de
1089 704 1169 738 Me—

182 770 336 807 diatore,
363 766 434 799 imo
457 762 591 798 etiamsi
614 774 648 795 es
669 773 767 799 reus,
794 767 912 793 tamen
936 757 1033 790 Deus
1060 755 1171 789 edidit

182 817 470 866 promissionem,
497 821 531 847 et
554 813 629 846 vult
652 819 685 845 te
702 811 855 853 recipere
871 815 1014 853 propter
1031 806 1171 840 Media-

182 879 315 908 torem,
340 869 435 900 iuxta
459 863 722 898 iusivrandum:
751 860 843 893 Vivo
865 871 946 903 ego,
973 859 1057 891 nolo
1075 869 1170 890 mor-

185 930 254 956 tem
273 916 477 964 peccatoris,
501 915 558 948 sed
574 921 613 947 ut
629 918 854 946 convertatur
869 918 901 945 et
917 910 1022 942 vivat.
1073 907 1172 941 Scia-

184 982 262 1006 mus
282 980 362 1012 ergo
380 968 418 1000 in
433 965 499 1000 hoc
517 964 657 998 Psalmo
676 961 852 995 contineri
869 959 1122 994 confessionem
1140 965 1172 992 et

185 1022 373 1067 gratiarum
391 1017 562 1052 actionem
578 1014 745 1047 directam
763 1013 805 1045 ad
823 1023 944 1045 verum
957 1009 1083 1049 Deum,
1111 1009 1173 1053 qui

187 1086 222 1108 se
240 1073 279 1105 in
296 1069 452 1104 Ecclesia
473 1065 632 1111 patefecit
648 1066 727 1097 data
745 1063 997 1107 promissione,
1024 1061 1174 1093 sciamus

185 1172 314 1208 nefacti
346 1179 575 1213 agnoscamus
600 1165 888 1210 promissionem,
924 1163 1073 1196 sciamus
1094 1173 1175 1194 vere

186 1222 305 1266 colligi
324 1219 535 1257 Ecclesiam,
563 1229 643 1250 vere
667 1215 776 1260 recipi
801 1226 858 1248 eos
882 1214 940 1259 qui
960 1220 1175 1247 convertun-

187 1284 245 1310 tur
262 1275 304 1307 ad
323 1271 436 1306 Deum
454 1268 581 1303 fiducia
592 1266 823 1307 Mediatoris,
850 1272 883 1299 et
900 1277 979 1298 eum
996 1264 1176 1304 invocant,

188 1335 219 1360 et
243 1323 385 1370 proprie
410 1322 452 1354 ad
470 1319 660 1353 Ecclesiam
680 1325 713 1351 et
730 1318 773 1350 ad
789 1315 853 1350 hos
873 1317 1077 1349 invocantes
1095 1326 1176 1358 per-

188 1371 304 1411 tinent
328 1372 394 1406 hae
417 1370 640 1404 dulcissimae
664 1368 937 1402 consolationes:
965 1363 1061 1411 Quis
1084 1364 1175 1398 sicul

189 1425 379 1460 Dominus
404 1420 508 1455 Deus
535 1424 655 1453 noster
678 1418 743 1465 qui
768 1417 807 1450 in
832 1416 940 1455 altis,
972 1414 1122 1449 habitat
1146 1418 1176 1448 et

189 1474 352 1510 humilia
384 1470 545 1518 respicit,
579 1469 617 1503 in
650 1467 744 1503 coelo
775 1472 805 1501 et
835 1468 874 1501 in
903 1471 1019 1505 terra,
1055 1467 1091 1499 id
1115 1472 1177 1506 est,

190 1527 324 1570 colligit
347 1524 413 1557 sibi
429 1521 620 1556 Ecclesiam
646 1532 734 1565 quae
759 1519 947 1553 durissime
966 1524 1108 1551 onerata
1128 1523 1177 1550 est

189 1577 392 1622 ingentibus
414 1572 611 1612 aerumnis,
639 1572 727 1604 sicut
750 1576 783 1602 et
805 1569 919 1603 Filius
940 1568 1071 1613 inquit:
1107 1566 1176 1600 Ve-

190 1630 264 1662 nite
296 1628 338 1660 ad
363 1637 418 1657 me
441 1634 563 1657 omnes
589 1622 650 1667 qui
673 1620 841 1654 laboratis
867 1626 899 1653 et
924 1619 1059 1652 onerati
1085 1618 1178 1658 estis,

191 1691 253 1724 ego
270 1677 421 1712 reficiam
441 1685 502 1707 vos
519 1680 580 1707 etc.

328 1804 655 1849 Argumentum
695 1808 748 1831 ac
784 1795 1039 1839 dispositio

386 1866 544 1908 Psalmi
580 1862 739 1905 CXIV.
771 1866 811 1901 et
842 1859 982 1902 CXV.

244 1957 287 1988 Ιη
317 1953 422 1985 exitu
448 1949 601 1982 Israelis
635 1945 679 1979 cle
701 1947 882 1991 Aegypto,
920 1943 1051 1977 domus
1071 1940 1181 1976 Iacob
1204 1924 1206 1973 ἶ

247 2004 293 2038 de
310 2001 444 2047 populo
464 1997 641 2039 barbaro,
671 2000 741 2029 etc.

296 2077 416 2111 Prima
439 2085 519 2118 pars
543 2080 593 2106 est
609 2071 765 2105 narratio
791 2070 986 2103 eductionis
1010 2080 1049 2101 ex
1067 2066 1181 2114 Aegy-
1205 2061 1208 2073 ⁸

196 2139 274 2178 pto,
310 2135 342 2162 et
366 2125 537 2160 confessio
563 2123 658 2168 quod
684 2119 841 2154 Ecclesia
865 2120 1063 2153 illustribus
1086 2120 1182 2153 testi-

195 2181 326 2216 moniis
349 2176 480 2211 divinis
505 2175 672 2208 collocata
696 2171 740 2204 sit
762 2172 800 2203 in
815 2169 888 2214 ²hoc
908 2170 1057 2214 populo,
1086 2177 1118 2204 et
1134 2178 1182 2204 est
1207 2170 1209 2176 '

577 2223 738 2258 Secunda
762 2233 843 2266 pars
866 2228 916 2254 est
937 2221 1090 2264 precatio
1105 2248 1113 2260 ,
1145 2229 1183 2255 ut
1209 2230 1210 2233 ’

198 2282 407 2318 constitutae
428 2276 602 2310 Ecclesiae
628 2273 722 2307 Deus
746 2284 846 2317 opem
871 2272 977 2309 serat,
1007 2283 1050 2303 ne
1075 2272 1184 2315 ipsius
1209 2268 1210 2276 ¹

199 2344 329 2368 nomen
360 2327 572 2363 contumelia
604 2325 775 2358 afficiatur
806 2323 850 2356 ab
879 2320 1053 2355 hostibus:
1097 2319 1182 2354 ,Non
1210 2331 1211 2344 ³

197 2233 389 2277 gratiarum
416 2226 517 2261 actio.

202 2382 305 2417 nobis
330 2377 509 2418 Domine,
550 2388 623 2409 non
648 2373 769 2412 nobis,
804 2370 870 2407 sed
890 2371 1031 2406 nomini
1053 2376 1112 2405 tuo
1135 2370 1184 2405 da

201 2432 374 2480 gloriam.
444 2428 541 2462 Haec
569 2427 691 2471 petitio
723 2432 755 2458 et
784 2436 884 2469 saepe
908 2423 1054 2467 repetita
1079 2430 1129 2457 est
1153 2431 1185 2458 et

203 2484 359 2530 quotidie
379 2479 567 2525 repetenda
584 2484 650 2511 est:
678 2475 857 2510 Confirma
871 2472 937 2507 hoc
955 2473 1067 2515 Deus,
1091 2476 1185 2519 quod

202 2541 363 2579 operatus
387 2544 421 2565 es
442 2531 479 2563 in
503 2529 625 2566 nobis,
662 2540 679 2561 a
702 2527 834 2570 templo
861 2532 979 2559 sancto
1005 2532 1077 2559 tuo.
1134 2524 1185 2558 Ie-

202 2596 290 2620 rem.
304 2584 375 2617 14.:
402 2581 554 2614 Domine
570 2580 622 2612 fac
638 2584 781 2623 propter
797 2588 927 2610 nomen
945 2583 1055 2611 tuum.
1084 2575 1186 2610 Item:

204 2636 263 2670 Tu
287 2639 402 2667 autem
428 2631 465 2663 in
487 2631 590 2663 nobis
615 2641 650 2662 es
672 2628 844 2666 Domine,
880 2633 914 2660 et
935 2638 1066 2659 nomen
1088 2634 1186 2660 tuum

206 2688 408 2720 invocatum
439 2688 488 2714 est
519 2691 622 2724 super
655 2692 739 2717 nos,
775 2690 818 2712 ne
851 2678 1076 2723 derelinquas
1110 2684 1215 2712 nos-¹

756 113 882 150 PHIL.
910 110 1026 148 MEL.
1055 108 1266 147 SCRIPTA
1293 105 1595 144 EXEGETICA.

1210 2410 1212 2418 ‚
1238 2375 1425 2409 iusticiam.

2103 107 2202 142 1180

1212 194 1258 229 Et
1276 193 1400 228 Esaiae
1417 192 1492 229 48.:
1530 192 1681 237 Propter
1704 204 1835 226 nomen
1859 203 1976 225 meum
2001 193 2124 236 procul
2146 204 2202 226 re-

1215 246 1364 280 movebo
1395 246 1482 278 iram
1513 257 1647 287 meam,
1692 250 1725 277 et
1754 244 1858 277 laude
1886 255 1962 276 mea
1986 243 2131 277 frenabo
2155 251 2200 284 te,

1216 309 1260 330 ne
1283 308 1414 341 pereas.
1487 295 1593 330 Item:
1625 295 1775 339 Propter
1797 305 1872 335 me,
1905 300 2050 338 propter
2073 306 2128 328 me
2147 295 2202 328 fa-

1215 349 1324 389 ciam,
1349 354 1389 381 ut
1409 359 1482 381 non
1500 343 1732 391 blasphemer.

1317 405 1413 439 Haec
1443 406 1535 439 dicta
1561 416 1700 449 semper
1721 403 1826 437 nobis
1852 402 1889 435 in
1913 409 2100 446 conspectu
2126 402 2208 444 sint,

1218 464 1257 491 ut
1286 458 1436 490 eundem
1464 457 1590 497 finem,
1626 456 1773 489 eandem
1798 465 1937 488 causam
1961 453 2206 494 invocationis,

1218 509 1256 541 in
1277 514 1397 541 nostra
1423 507 1593 552 petitione
1614 507 1835 546 intueamur,
1867 517 1912 538 ne
1935 505 2026 538 sinat
2048 516 2113 537 nos
2134 504 2209 538 labi

1217 558 1333 600 Deus,
1360 570 1404 591 ne
1423 559 1517 592 sinat
1534 558 1609 590 fieri
1625 557 1852 595 vastationes,
1880 568 1925 589 ne
1941 555 2033 589 sinat
2051 554 2207 598 extingui

1219 611 1332 643 lucem
1365 607 1570 652 Evangelii,
1611 620 1655 641 ne
1687 607 1898 641 contumelia
1933 606 2104 640 afficiatur
2134 606 2209 650 ipse

1219 660 1333 701 Deus,
1359 661 1416 693 sed
1437 660 1555 704 plures
1571 671 1649 692 eum
1669 666 1760 692 recte
1775 659 1941 692 invocent
1956 664 1991 691 et
2004 657 2191 691 celebrent.

1322 718 1434 753 Addit
1457 718 1565 762 igitur
1589 715 1781 751 antithesin
1805 718 1878 750 veri
1896 715 1962 750 Dei
1986 716 2146 761 patefacti
2172 715 2210 748 in

1220 769 1393 811 Ecclesia,
1427 776 1460 803 et
1490 768 1813 803 commentitiorum
1845 768 2046 802 numinum.
2118 765 2210 800 Vero

1222 820 1297 855 Deo
1320 821 1464 862 tribuit,
1499 820 1594 865 quod
1619 819 1662 852 sit
1685 830 1788 852 verax
1814 825 1847 852 et
1869 819 2086 859 misericors,
2115 818 2212 863 quod

1223 871 1360 905 dederit
1395 871 1665 916 promissiones,
1706 869 1927 903 constituerit
1964 869 2212 908 Mediatorem,

1224 922 1386 956 exaudiat
1417 930 1450 957 et
1480 922 1590 955 salvet
1621 921 1716 956 iuxta
1753 920 2040 964 promissionem,
2085 919 2213 953 tribuit

1224 974 1329 1007 etiam
1359 974 1453 1018 quod
1484 979 1562 1016 agat
1584 971 1779 1005 liberrime:
1814 966 1956 1004 Omnia
1981 980 2213 1017 quaecunque

1226 1022 1338 1057 voluit
1363 1022 1472 1071 fecit,
1516 1024 1552 1056 id
1581 1023 1713 1056 dictum
1740 1023 1992 1066 opponendum
2019 1029 2068 1055 est
2094 1021 2214 1055 stoicis

185 1125 268 1158 ‘tem
285 1122 333 1154 sie
350 1118 517 1154 affirmari
535 1115 792 1161 providentiam
842 1119 880 1146 ut
897 1112 1002 1146 simul
1018 1123 1154 1144 commo
1198 1105 1201 1131 ²
1225 1075 1557 1118 imaginationibus'
1598 1085 1685 1119 quae
1715 1073 1853 1116 fingunt
1884 1071 1998 1106 Deum
2030 1072 2214 1116 alligatum

184 1138 195 1158 ι
805 1138 814 1152 ,
1157 1132 1174 1136 -

1225 1138 1297 1159 esse
1321 1126 1432 1159 causis
1453 1125 1628 1158 secundis.
1696 1122 1743 1157 Et
1769 1123 1895 1168 repetit
1919 1123 2105 1157 beneficia:
2131 1120 2216 1155 Do-

1226 1188 1306 1209 mus
1332 1174 1461 1210 Israel
1482 1179 1605 1223 sperat
1631 1174 1668 1208 in
1690 1172 1875 1212 Domino,
1904 1172 2055 1208 adiutor
2078 1177 2109 1207 et
2129 1185 2215 1220 pro-

1227 1232 1336 1261 tector
1361 1239 1481 1260 eorum
1507 1231 1576 1265 est,
1604 1227 1754 1259 affirmat
1772 1224 1948 1259 Ecclesiae
1971 1226 2118 1259 traditas
2144 1235 2217 1257 esse

1227 1279 1499 1324 promissiones,
1526 1285 1559 1312 et
1583 1278 1658 1310 sine
1682 1277 1754 1310 ulla
1779 1276 2000 1311 dubitatione
2022 1283 2114 1310 ratas
2132 1287 2217 1318 esse,

1227 1330 1353 1373 recipi,
1395 1329 1553 1362 exaudiri
1586 1336 1617 1362 et
1647 1327 1775 1361 salvari
1807 1325 1987 1367 homines,
2027 1327 2123 1360 iuxta
2154 1323 2219 1358 has

1228 1373 1497 1424 promissiones,
1538 1380 1617 1412 ideo
1645 1379 1683 1411 in
1709 1378 1777 1410 fine
1802 1378 1889 1421 petit
1913 1377 2217 1411 conservationem

1229 1429 1336 1463 huius
1353 1430 1541 1464 Ecclesiae.
1594 1426 1683 1463 IVon
1706 1427 1841 1461 mortui
1863 1427 2073 1462 laudabunt
2087 1431 2119 1460 te
2134 1424 2219 1460 Do-

1229 1480 1339 1519 mine,
1368 1481 1403 1513 id
1430 1487 1497 1521 est,
1524 1492 1623 1513 serva
1650 1486 1682 1514 et
1708 1480 1746 1512 in
1769 1477 1833 1512 hac
1857 1479 1928 1512 vita
1946 1486 2064 1512 coetus
2081 1478 2219 1522 aliquos

1228 1539 1261 1565 te
1280 1533 1480 1572 laudantes,
1507 1537 1751 1574 agnoscentes,
1779 1537 1869 1563 recte
1886 1530 2111 1569 invocantes,
2139 1539 2220 1571 gra-

1228 1582 1294 1616 tias
1318 1589 1457 1625 agentes
1482 1588 1513 1614 et
1539 1593 1619 1614 vere
1639 1581 1872 1619 celebrantes,
1901 1581 1981 1625 quia
2001 1592 2074 1614 non
2089 1581 2220 1613 frustra

1230 1632 1421 1666 conditlisti
1451 1643 1560 1675 genus
1589 1629 1806 1669 humanum,
1842 1631 1900 1663 sed
1934 1632 1986 1664 vis
2016 1631 2122 1664 talem
2147 1641 2220 1664 esse

1229 1690 1412 1716 aeternum
1428 1687 1597 1720 coetum,
1631 1683 1687 1715 cui
1709 1682 1747 1714 in
1772 1681 1870 1715 omni
1895 1681 2100 1716 aeternitate
2123 1693 2220 1715 com-

1230 1733 1388 1767 munices
1406 1740 1501 1767 tuam
1520 1733 1728 1777 sapientiam
1748 1739 1781 1765 et
1795 1732 1987 1766 bonitatem
2001 1760 2010 1773 ‚
2037 1739 2071 1766 et
2087 1732 2149 1778 qui
2168 1731 2220 1764 vi-

1233 1784 1349 1818 cissim
1366 1791 1398 1818 te
1417 1784 1567 1818 celebret
1584 1785 1621 1817 in
1639 1783 1737 1818 omni
1755 1783 1971 1818 aeternitate.

1365 1895 1702 1941 Argumentum
1739 1904 1789 1926 ac
1825 1892 2088 1937 dispositio

1559 1961 1719 2000 Psalmi
1760 1959 1896 2002 CXV.

1286 2045 1438 2085 Dilexi,
1475 2043 1571 2088 quod
1604 2042 1751 2076 midinis
1778 2043 1966 2076 Dominus
1991 2053 2113 2076 vocem
2139 2053 2225 2076 ora-

1286 2097 1400 2129 tionis
1424 2105 1542 2127 meae.

1340 2170 1544 2204 Gratiarum
1569 2169 1659 2202 actio
1679 2175 1747 2209 est,
1774 2171 1871 2214 quod
1888 2170 2070 2203 exauditus
2087 2177 2120 2203 et
2134 2170 2224 2203 libe-

1237 2228 1332 2256 ratus
1356 2221 1420 2261 sit,
1445 2228 1478 2254 et
1499 2220 1668 2253 intexitur
1684 2221 1839 2253 narratio
1858 2221 2023 2264 periculi,
2052 2228 2085 2254 et
2101 2221 2225 2254 misce-

1238 2281 1294 2307 tur
1317 2271 1482 2316 precatio.
1534 2271 1633 2304 Alibi
1657 2277 1772 2304 autem
1796 2272 1949 2304 diximus
1970 2272 2222 2315 gratitudinem

1238 2324 1423 2368 praecipue
1454 2323 1540 2356 duas
1572 2322 1718 2356 virtutes
1746 2323 1949 2366 complecti,
1983 2323 2165 2356 veritatem
2191 2329 2224 2354 et

1484 2372 1623 2406 Veritas
1644 2372 1829 2416 profitetur
1850 2374 1945 2407 unde
1969 2373 2141 2417 acceperis
2163 2373 2224 2405 be-

1240 2425 1424 2465 neficium,
1469 2430 1502 2457 et
1537 2435 1610 2456 non
1649 2431 1790 2467 arrogat
1819 2424 1886 2458 sibi
1918 2425 2048 2457 aliena:
2091 2423 2224 2466 obligat

1239 2483 1354 2509 autem
1379 2474 1516 2508 iusticia
1536 2475 1579 2507 ad
1598 2481 1718 2508 mutua
1737 2475 1861 2509 officia.
1915 2474 1966 2508 lta
1983 2475 2058 2508 vult
2072 2472 2168 2507 Deus
2186 2474 2224 2506 in

1240 2526 1429 2570 gratiarum
1452 2525 1588 2558 actione
1612 2532 1726 2559 extare
1751 2526 2025 2564 confessionem,
2052 2525 2147 2569 quod
2166 2537 2225 2558 ex-

1239 2577 1391 2611 audierit
1416 2583 1449 2609 et
1472 2576 1692 2615 liberaverit,
1720 2583 1759 2610 ut
1777 2577 1844 2620 ipsi
1860 2577 2063 2610 tribuantur
2081 2587 2161 2609 vere
2179 2576 2223 2608 ab

1240 2629 1315 2673 ipso
1340 2627 1427 2660 facta
1439 2654 1447 2667 ,
1475 2634 1508 2660 et
1524 2627 1659 2660 discant
1677 2625 1838 2661 homines
1853 2639 1933 2660 vere
1949 2638 2028 2659 eum
2046 2627 2225 2665 invocare,

1240 2686 1273 2713 et
1298 2678 1408 2712 sciant
1432 2678 1691 2712 invocationem
1715 2690 1788 2711 non
1811 2690 1882 2711 esse
1899 2677 2046 2711 irritam.
2098 2676 2156 2711 Sic
2173 2677 2224 2710 le-
