2379 2948
123 129 217 167 1341

119 216 298 252 cedamus,
359 215 418 251 Sic
448 217 604 252 declarat
640 217 789 250 eandem
829 217 1039 251 sententiam
1074 217 1117 249 ad

116 264 292 301 Ebraeos:
312 265 532 303 Accedamus
548 281 628 303 cum
646 268 775 302 fiducia
793 269 837 302 ad
856 265 1026 302 thronum
1038 279 1118 311 gra-

117 319 197 354 tiae.
251 317 298 353 Et
323 317 499 365 Ephesios
519 322 566 355 1.:
595 319 664 353 Per
694 332 800 366 quem
826 317 999 354 habemus
1025 319 1117 353 fidu-

117 369 208 403 ciam
229 377 262 404 et
281 383 456 405 accessum
479 371 514 403 in
533 372 612 405 fide.

587 437 650 472 IV.

219 496 278 532 Sic
290 495 454 532 Christus
472 495 639 542 inquiens
658 496 821 536 mulieri,
841 496 947 531 Fides
968 505 1025 533 tua
1046 501 1115 534 sal-

114 560 193 582 vam
213 555 245 582 te
259 549 364 590 fecit,
383 555 475 583 certe
490 560 564 582 non
581 548 748 592 intelligit
765 548 918 583 ociosam
936 552 1116 593 noticiam,

113 649 333 693 Dominum,
368 659 400 686 et
416 653 460 685 ab
481 664 521 685 eo
550 652 690 696 petebat
719 664 758 685 ac
791 654 882 686 serio
910 656 1114 698 expectabat

113 703 298 739 auxilinm.
352 701 490 737 Eadem
517 711 567 738 est
593 703 646 737 vis
671 703 835 737 vocabuli
869 704 906 737 in
935 707 1114 740 similibus

114 754 213 788 locis.

595 822 637 856 V.

214 881 255 916 In
282 879 381 916 Actis
407 881 454 916 ait
481 880 625 916 Petrus:
663 881 752 916 Fide
783 883 972 927 purificans
1005 883 1111 915 corda

113 945 248 969 eorum.

112 985 186 1018 ciac
203 985 308 1029 legis,
337 985 436 1030 quasi
453 985 567 1026 dicat,
597 984 687 1019 Cum
708 985 778 1029 legi
802 998 875 1019 non
896 993 1038 1030 possent
1056 997 1111 1018 sa-

113 1037 274 1070 tisfacere
302 1043 436 1080 patres,
471 1037 540 1070 fide
573 1037 752 1071 iustificati
787 1044 888 1078 sunt,
925 1038 1110 1071 credentes
1135 1061 1137 1084 ἕ
1163 1065 1211 1098 let
1237 1065 1362 1097 audire
1386 1062 1475 1097 hanc
1501 1065 1699 1098 doctrinam
1725 1066 1767 1098 de
1790 1065 1877 1106 fide,
1907 1076 1974 1110 qua
2002 1071 2159 1098 statuen-

112 1088 181 1122 sibi
197 1088 339 1132 agnosci
359 1095 505 1132 propter
525 1088 739 1133 promissum
751 1088 933 1123 Messinm.
989 1087 1109 1130 Signi-

111 1139 190 1174 ficat
216 1140 324 1183 igitur
349 1139 434 1173 fides
461 1147 493 1173 et
509 1140 547 1173 in
565 1152 605 1174 eo
625 1140 703 1173 loco
722 1140 887 1173 fiduciam
908 1140 1110 1173 misericor·
1135 1161 1136 1177 1
1182 1168 1189 1174 .
1441 1167 1448 1174 .
2051 1166 2058 1174 .

253 1190 402 1225 Constat
420 1192 515 1224 enim
532 1203 605 1224 non
625 1192 804 1236 purificari
824 1193 930 1225 corda
958 1191 1017 1224 tali
1043 1203 1108 1224 no-
1135 1212 1136 1225 ι
1162 1174 1328 1225 maiorer?
1361 1164 1565 1225 Christum,
1600 1179 1736 1227 noiqffm
1766 1175 1911 1226 proptqr
1942 1179 2021 1200 eum
2049 1173 2160 1200 msms

1134 1247 1136 1256 ⁴
1162 1225 1338 1263 reputari,
1365 1230 1512 1263 resp1c1,
1538 1220 1696 1252 exaudiri
1715 1226 1746 1253 et
1763 1220 1902 1254 salvari.

110 1191 199 1226 diae.

110 1242 214 1286 ticia,
240 1243 354 1287 qualis
373 1249 423 1277 est
441 1242 478 1276 in
499 1243 631 1288 impiis.

583 1309 645 1343 VI.

214 1369 256 1403 In
281 1369 384 1403 dictis
409 1371 454 1403 de
479 1370 642 1403 oratione
658 1369 886 1403 manifestum
905 1376 954 1402 est
974 1369 1042 1402 fide
1061 1370 1108 1402 si-

107 1421 268 1467 gnificari
284 1420 451 1455 fiduciam
468 1420 745 1461 misericordiae,
761 1427 800 1454 ut
817 1421 910 1464 apud
924 1420 1107 1454 Iacobum:

108 1474 146 1508 Si
173 1472 253 1518 quis
277 1469 384 1507 habet
406 1484 495 1517 opus
520 1472 711 1517 sapientia,
740 1478 834 1517 petat
858 1472 895 1504 in
917 1472 1005 1512 fide,
1034 1484 1108 1505 non

108 1523 297 1559 haesitans.

563 1590 644 1626 VII.

211 1649 348 1685 Eadem
367 1657 419 1684 cst
441 1651 652 1696 significatio
672 1650 709 1684 in
729 1651 839 1684 veteri
858 1650 1106 1685 Testamento:

107 1703 270 1739 Credidit
295 1700 479 1736 Abraham
505 1703 601 1742 Deo,
634 1702 671 1736 id
701 1709 773 1746 est,
811 1702 940 1735 fiducia
969 1703 1107 1736 miseri-

106 1755 248 1790 cordiae
271 1754 465 1799 promissae
488 1754 611 1789 statuit
634 1765 668 1787 se
685 1751 816 1787 habere
841 1752 957 1787 Deum
986 1755 1106 1799 propi-

104 1858 359 1904 posteritatem.

209 1909 269 1944 Sic
287 1909 325 1942 in
344 1908 516 1942 concione
534 1906 700 1954 Iosaphat
709 1908 746 1942 2.
763 1907 916 1953 Paralip.
935 1908 996 1945 20.
1019 1907 1105 1943 Cre-

107 1962 178 1997 dite
198 1962 297 2002 Deo,
324 1967 356 1995 et
374 1960 487 1994 securi
507 1960 622 2002 eritis,
650 1972 725 1994 non
741 1967 879 1994 tantum
898 1960 1029 1994 noticia
1049 1958 1106 1994 hi-

107 2013 236 2048 storiae
268 2012 501 2055 intelligitur,
536 2012 595 2045 sed
622 2024 702 2046 cum
727 2012 899 2045 exercitus
933 2018 1041 2046 staret
1069 2013 1105 2045 in

107 2064 312 2109 procinctu,
356 2061 510 2097 habebat
538 2075 628 2108 opus
666 2064 919 2098 consolatione.
985 2062 1106 2107 Quare

107 2115 271 2150 hortatur
295 2116 487 2159 populum,
522 2122 561 2149 ut
586 2122 709 2159 petant
741 2122 774 2149 et
800 2121 983 2159 expectent
1005 2116 1106 2149 auxi-

108 2169 196 2202 lium
223 2179 241 2200 a
266 2165 354 2201 Deo.
419 2165 522 2200 Hanc
548 2167 713 2201 fiduciam
739 2173 916 2212 petentem
945 2173 978 2200 et
1001 2178 1106 2212 expe-

111 2226 265 2254 ctantem
284 2217 458 2251 auxilium
476 2217 665 2262 intelligit,
692 2231 771 2252 eum
792 2219 858 2258 ait,
887 2216 1046 2259 Credite,
1074 2225 1107 2252 et

107 2271 296 2315 pollicetur
313 2268 428 2302 Deum
448 2270 707 2313 opitulaturum
727 2282 818 2310 esse,
848 2269 1049 2314 petentibus
1073 2278 1106 2305 et

107 2321 373 2367 expectantibus
393 2320 577 2360 auxilium,

210 2371 344 2406 Eadem
371 2379 421 2406 est
438 2372 490 2405 vis
508 2373 672 2406 vocabuli
702 2374 737 2406 in
762 2371 829 2406 hoc
848 2373 960 2407 dicto:
990 2371 1106 2406 Iustus

106 2426 175 2459 fide
199 2436 260 2458 sua
286 2424 390 2458 vivet.

107 2478 135 2510 si
154 2477 316 2510 videatur
340 2475 488 2510 contari.
543 2474 590 2509 Et
611 2477 706 2520 quod
726 2476 863 2522 inquit,
891 2475 980 2508 Fide
998 2476 1106 2518 vivet,

107 2527 277 2571 intelligit
316 2527 481 2560 fiduciam
519 2527 780 2568 consolantem,
819 2527 970 2567 scilicet,
1014 2540 1104 2573 quae

107 2585 279 2614 sustentat
296 2579 455 2611 animum
473 2578 656 2622 agnitione
672 2579 935 2613 misericordiae
952 2580 1103 2623 promis-
1129 2621 1131 2627 γ

105 2643 182 2674 sae,
210 2637 244 2664 et
262 2636 418 2674 expectat
435 2630 694 2665 liberationem.

208 2679 263 2716 Ex
288 2679 343 2715 his
360 2681 529 2726 exemplis
562 2679 731 2715 hactenus
756 2681 931 2723 recitatis,
966 2682 995 2715 si
1023 2682 1103 2728 quis

106 2747 144 2769 ea
176 2746 249 2768 non
275 2733 483 2778 depravabit
508 2730 718 2778 sophistice,
760 2734 843 2768 satis
876 2734 1101 2779 perspicuum

727 130 789 165 IX.
845 126 1213 166 COMMENTARH
1241 128 1293 165 IN
1319 126 1565 166 PSALMOS.

303 933 468 978 Opponit
497 940 615 968 autem
636 934 674 966 in
693 947 732 967 eo
751 935 848 973 loco,
878 935 982 967 fidem
1009 933 1112 967 iusti-
1136 957 1138 986 ,*
1163 962 1264 994 facile
1285 961 1437 1004 intelligi
1456 968 1602 1005 possunt

450 2423 550 2457 Iubet
580 2424 675 2457 enim
700 2431 881 2469 expectare
908 2423 1103 2458 Dominum
1130 2445 1132 2447 ·

2075 131 2173 168 1342

1170 223 1240 257 est,
1269 216 1354 262 quid
1374 217 1586 251 vocabulum
1605 217 1687 250 fidei
1705 216 1894 260 significet,
1923 224 1956 251 et
1977 218 2072 263 quod
2094 230 2167 252 non

1169 268 1240 301 sint
1276 269 1536 312 corrumpenda
1572 269 1775 303 testimonia
1819 281 1880 313 per
1916 267 2166 313 amphibolias,

1169 320 1335 365 quodque
1371 318 1503 353 Paulus
1535 320 1679 365 proprie
1711 320 1872 354 citaverit
1904 320 2096 354 sententias
2124 332 2165 353 ex

1169 371 1277 405 veteri
1296 369 1537 405 Testamento.

1269 437 1454 472 Caeterum
1474 439 1565 473 illud
1584 446 1702 473 tamen
1717 440 1870 484 largior,
1899 439 2080 474 interdum
2098 451 2163 472 vo-

1167 490 1334 523 cabulum
1364 490 1445 523 fidei
1477 503 1540 534 pro
1574 491 1704 525 noticia
1740 499 1879 526 tantum
1904 491 2092 536 usurpari,
2124 497 2164 524 ut

1167 553 1245 575 cum
1266 541 1414 575 Iacobus
1433 541 1565 587 inquit:
1594 542 1794 577 Daemones
1812 544 1974 577 credunt.
2017 540 2063 576 Et
2081 553 2160 575 cum

114 601 175 634 sed
201 600 385 641 fiduciam,
413 612 481 646 qua
506 600 636 634 mulier
660 601 889 643 agnoscebat,
920 599 1015 637 hunc
1041 616 1114 637 esse
1139 602 1141 634 ζ
1166 592 1298 627 Paulus
1313 593 1475 626 nominat
1491 594 1689 637 analogiam
1714 595 1816 633 fidei,
1843 594 2010 637 intelligit
2028 592 2162 627 doctri-

1169 656 1265 680 nam.
1317 643 1413 677 Haec
1431 656 1512 677 vera
1533 652 1631 685 sunt,
1660 653 1692 679 et
1711 658 1751 678 ex
1770 645 2045 679 circumstantiis
2065 644 2160 678 iudi-

1166 696 1238 729 cari
1270 703 1401 740 potest,
1436 696 1497 729 ubi
1534 697 1576 728 de
1602 697 1762 730 doctrina
1789 697 1931 741 proprie
1965 697 2161 742 loquantur

1138 788 1139 794 ἵ
1166 754 1300 788 textus,
1328 747 1391 780 ubi
1407 748 1449 780 de
1467 747 1703 790 promissione
1720 755 1753 782 et
1771 749 1813 782 de
1832 747 2076 781 misericordia
2095 759 2160 791 op-

1166 800 1329 842 ponenda
1349 799 1541 843 pavoribus
1558 799 1701 834 nostris.

1267 858 1376 891 Plana
1403 865 1435 891 et
1460 859 1643 902 perspicua
1669 865 1769 898 sunt,
1799 871 1888 904 quae
1903 858 2097 899 tradimus,
2127 865 2160 892 et

1164 910 1370 953 praesertim
1398 910 1425 942 si
1449 911 1491 943 ad
1520 911 1775 953 poenitentiam
1794 911 2013 954 referantur,
2043 922 2060 943 a
2091 909 2159 953 piis

1668 961 1786 1005 Quam
1805 962 1899 995 enim
1918 968 2032 1008 potest
2058 961 2159 994 inve-

1163 1013 1240 1045 nire
1257 1013 1393 1045 firmam
1414 1013 1695 1046 consolationem
1721 1013 1777 1057 pia
1802 1025 1919 1054 mens,
1947 1013 1976 1046 si
2000 1024 2073 1046 non
2096 1024 2159 1045 vo—

1163 1117 1248 1149 dum
1270 1122 1319 1149 est
1338 1123 1432 1149 certo
1450 1116 1554 1149 nobis
1570 1116 1702 1150 remitti
1720 1123 1859 1160 peccata
1875 1123 2021 1160 propter
2036 1115 2159 1159 propi—

1266 1277 1392 1321 Qualis
1409 1278 1568 1316 caecitas,
1596 1291 1701 1323 quam
1718 1279 1917 1312 diabolicus
1934 1279 2034 1312 furor
2052 1284 2102 1311 est
2120 1277 2158 1310 in

1134 1355 1135 1365 ,
1162 1329 1392 1369 adversariis,
1429 1329 1490 1374 qui
1518 1330 1693 1373 Aspidum
1726 1342 1824 1363 more
1849 1342 1950 1363 aures
1978 1330 2160 1369 obturant,

1134 1415 1135 1427 ἵ
1163 1388 1195 1414 et
1215 1389 1253 1415 ut
1270 1379 1360 1414 hanc
1380 1381 1577 1413 doctrinam
1603 1382 1787 1420 aboleant,
1818 1381 2008 1414 immanem
2032 1381 2159 1414 crude-

1163 1432 1298 1466 litatem
1325 1439 1499 1465 exercent.
1555 1431 1679 1465 Postea
1710 1439 1749 1466 ut
1779 1433 1973 1476 scripturas
1996 1443 2159 1465 corrum-

1162 1491 1265 1527 pant,
1294 1485 1432 1516 addunt
1455 1483 1522 1515 alia
1547 1483 1749 1527 sacrilegia,
1784 1484 1924 1527 fingunt
1948 1481 2159 1527 sophisticas

1133 1537 1135 1549 '
1160 1535 1405 1568 cavillationes
1429 1535 1471 1567 ad
1505 1534 1718 1567 eludendam
1745 1535 1940 1578 simplicem
1965 1541 1998 1568 et
2023 1545 2160 1578 germa-

1133 1614 1135 1623 ι
1161 1598 1245 1619 nam
1265 1586 1609 1630 interpretationem.

1664 1584 1716 1619 Ac
1732 1586 1871 1619 facilius
1899 1593 1949 1620 est
1973 1586 2157 1630 aliquanto

1160 1638 1246 1682 piis,
1275 1638 1485 1671 confirmare
1510 1637 1648 1670 animos
1673 1645 1794 1671 contra
1821 1637 2021 1676 saevitiam,
2050 1648 2158 1682 quam

1161 1689 1295 1722 muniri
1326 1695 1450 1721 contra
1477 1686 1705 1732 sophisticen.
1768 1688 1853 1722 Ideo
1878 1688 2028 1723 studiosi
2051 1688 2099 1722 ita
2124 1699 2159 1721 se

1160 1747 1389 1784 praeparent,
1416 1746 1455 1773 ut
1471 1740 1629 1774 iudicare
1649 1747 1682 1774 et
1698 1740 1855 1774 refutare
1870 1739 2156 1774 adversariorum

106 1808 202 1842 cium
237 1813 271 1841 et
302 1806 546 1847 defensorem,
589 1814 622 1839 et
659 1805 856 1850 expectavit
894 1806 1105 1850 promissam
1131 1806 1133 1834 ἶ
1159 1792 1402 1826 ⁶³V¹¹lm¹⁰¹¹e⁵
1420 1798 1566 1835 possum

1261 1850 1454 1896 Postquam
1469 1850 1631 1884 doctrina
1648 1851 1691 1884 de
1712 1851 1799 1892 fide,
1825 1852 1868 1884 de
1896 1863 1964 1896 qua
1991 1850 2158 1890 diximus,

1159 1901 1287 1937 tradita
1306 1908 1373 1943 est,
1401 1902 1507 1935 etiam
1527 1903 1708 1936 docendae
1734 1909 1817 1936 sunt
1831 1900 2011 1936 Ecclesiae
2028 1903 2071 1935 de
2090 1903 2157 1936 bo-

1158 1955 1214 1987 nis
1232 1954 1420 1998 operibuS‚
1449 1965 1509 1987 seu
1532 1954 1576 1987 de
1592 1965 1683 1987 nova
1701 1954 1916 1989 obedientia.
1952 1952 2043 1988 Cum
2061 1953 2157 1987 enim

1159 2006 1196 2038 in
1224 2006 1316 2038 veris
1335 2005 1548 2050 pavoribus,
1576 2006 1663 2046 fide,
1695 2003 1761 2039 boc
1785 2012 1835 2039 est
1867 2005 1994 2038 fiducia
2020 2002 2155 2039 Christi

1158 2057 1346 2101 eriguntur
1379 2063 1533 2097 mentes,
1567 2064 1602 2090 et
1635 2057 1840 2101 concipiunt
1865 2056 2040 2101 Spiritum
2074 2068 2155 2090 san-

1159 2115 1274 2149 ctum,
1290 2115 1487 2152 agnoscunt
1506 2120 1541 2141 se
1560 2120 1632 2142 esse
1647 2120 1750 2141 curae
1769 2107 1864 2147 Deo,
1889 2108 2058 2141 invocant
2074 2119 2154 2141 eum

1159 2167 1192 2194 et
1215 2160 1392 2205 incipiunt
1415 2160 1571 2193 obedire.
1630 2159 1732 2193 Hanc
1755 2172 1886 2193 novam
1917 2166 1949 2192 et
1978 2159 2155 2192 incoatam

1157 2211 1400 2245 obedientiam
1442 2223 1515 2245 esse
1554 2211 1786 2244 necessariam
1830 2211 2056 2244 manifestum
2093 2217 2155 2251 est,

1158 2263 1242 2311 quia
1261 2263 1341 2296 ideo
1361 2263 1611 2301 iustificamur‚
1642 2269 1675 2296 et
1695 2269 1875 2307 peccatum
1896 2262 1976 2295 ideo
2000 2261 2155 2302 tollitur,

1158 2323 1197 2349 ut
1221 2327 1302 2348 vere
1336 2315 1373 2347 in
1405 2315 1509 2348 nobis
1535 2314 1699 2347 inco'e'tur
1725 2326 1817 2347 nova
1846 2320 1880 2347 et
1905 2320 2046 2347 aeterna
2071 2312 2154 2353 vita,

1158 2378 1247 2412 quae
1266 2373 1313 2399 est
1335 2379 1427 2400 nova
1447 2366 1505 2399 lux
1518 2391 1526 2404 ,
1555 2372 1589 2399 et
1606 2365 1810 2399 obedientia
1830 2376 1910 2408 erga
1926 2363 2053 2399 Deum.

1261 2425 1328 2459 Sed
1349 2426 1414 2459 tria
1436 2425 1623 2469 praecipue
1642 2426 1684 2457 de
1702 2424 1925 2466 obedientia,
1953 2436 2014 2458 seu
2038 2425 2156 2469 operi-

1158 2478 1223 2512 bus
1241 2477 1363 2522 quaeri
1379 2477 1505 2510 solent.
1548 2475 1720 2516 Primum,
1739 2489 1828 2521 quae
1842 2488 1947 2521 opera
1966 2477 2154 2522 requiran-

1157 2537 1223 2563 tur.
1279 2528 1465 2569 Secundo,
1492 2528 1673 2572 quomodo
1700 2528 1881 2571 placeant,
1910 2540 1988 2561 cum
2014 2535 2155 2562 maneat

1156 2581 1194 2613 in
1221 2580 1327 2613 nobis
1352 2579 1524 2614 naturalis
1551 2579 1757 2620 infirmitas,
1794 2577 1959 2613 videlicet
1984 2580 2155 2624 concupi-

1156 2633 1308 2672 scentia,
1342 2644 1431 2676 quae
1457 2638 1506 2664 est
1530 2643 1591 2664 sua
1616 2638 1741 2664 natura
1768 2638 1962 2675 peccatum.
2016 2630 2154 2672 Tertio,

1156 2684 1198 2717 de
1215 2683 1366 2728 peccatis
1382 2683 1603 2717 mortalibus,
1657 2680 1713 2716 Ad
1739 2680 1801 2717 has
1825 2683 2049 2728 quaestiones
2074 2683 2157 2716 bre-

1156 2735 1248 2769 viter
1270 2735 1507 2779 respondebo·
