2379 2948
149 121 221 156 459

378 114 586 153 SCRtPTA
617 113 689 147 PH.
718 109 833 146 MEL„
864 111 930 146 AD
958 113 1084 149 HtST.
1114 112 1258 152 PROF.
1284 114 1350 150 ET
1380 113 1571 151 PHtLOS.
1605 114 1926 152 SPECTANTIA.

2107 117 2182 152 460

942 258 1085 287 LIBER
1127 258 1390 289 SECUNDUS.

806 332 902 372 De

155 446 404 486 Inventionem
441 460 479 481 ac
508 447 778 492 dispositionem
813 450 972 494 sequitur
1005 450 1043 482 in
1071 457 1145 483 arte

156 502 334 538 Elocutio.
388 499 507 533 Prima
532 499 626 532 enim
652 500 696 532 de
719 500 824 533 rebus
849 500 1058 534 deliberatio
1084 509 1146 541 est,

158 566 246 599 quae
269 564 348 586 cum
372 551 585 594 excogitatae
609 557 713 594 atque
738 550 902 584 inventae
926 559 1027 590 sunt,
1055 552 1146 584 deli-

157 605 355 638 berandum
373 609 444 642 est,
472 614 541 646 quo
562 602 686 634 ordine
703 601 773 633 sint
789 601 1026 645 explicandae.
1066 601 1146 636 Ma-

157 668 225 699 gna
244 655 339 688 enim
356 653 408 685 vis
423 660 474 687 est
492 652 647 692 ordinis,
674 664 752 684 cum
778 652 815 684 in
838 652 916 684 aliis
940 654 1046 686 rebus
1070 661 1146 687 tum

157 706 307 740 maxime
325 705 363 737 in
381 704 550 744 docend0‚
574 710 607 736 et
626 704 721 748 quod
738 703 775 734 in
790 700 1010 737 Oeconomia
1026 703 1146 737 Xeno-

157 755 257 802 phon
281 755 402 788 scribit
429 751 539 788 οὐδὲν
567 753 683 792 οὕτως
713 752 797 787 οὔτε
827 752 1030 799 εὐχρήστων
1064 755 1147 789 οὔτε

157 805 272 842 καλὸν
304 802 520 850 ἀνθρώποις
551 803 599 843 ὡς
626 802 648 849 ἡ
679 800 796 844 τάξις,
834 803 961 838 hocin
987 807 1147 841 oratione

158 859 307 891 maxime
333 857 430 889 cerni
456 862 588 900 potest,
622 867 728 900 qnae,
754 856 783 888 si
807 856 913 889 rebus
935 858 1023 890 ordo
1049 858 1148 898 desit,
1173 868 1177 876 ’

159 909 366 953 simpliciter
385 913 436 939 est
455 908 528 940 sine
544 913 660 939 mente
677 918 795 939 sonus.
832 907 956 952 Neque
972 920 1055 943 vero
1075 921 1147 942 non

160 967 278 993 extant
294 959 403 992 multa
422 955 627 991 huiusmodi
644 958 788 991 confuse
804 965 837 991 et
849 960 1051 1002 perturbate
1063 961 1148 992 scri-
1175 969 1176 973 ’

159 1018 239 1055 pta,
267 1011 338 1043 fere
358 1010 395 1041 in
414 1008 580 1042 omnibus
597 1009 750 1047 artibus,
779 1021 869 1054 quae
893 1017 1067 1054 quantum
1094 1023 1148 1044 re-

159 1068 345 1094 morentur
368 1060 562 1097 discentes,
599 1071 673 1091 non
697 1066 748 1093 est
771 1061 973 1096 obscurum.
1027 1061 1148 1095 Tertia

160 1112 368 1145 deliberatio
405 1112 447 1142 de
485 1110 602 1142 verbis
628 1116 696 1150 est,
730 1123 799 1154 quo
823 1122 949 1154 genere
978 1113 1149 1146 orationis

159 1175 214 1196 res
237 1174 255 1195 a
279 1161 383 1194 nobis
410 1161 640 1202 excogitatae,
676 1164 903 1204 exponendae
935 1169 1040 1207 atque
1066 1164 1149 1197 illu—

159 1214 322 1247 strandae
341 1212 422 1246 sint.
474 1210 538 1244 Est
556 1212 673 1256 itaque
690 1213 860 1251 elocutio,
886 1226 975 1258 quae
993 1214 1150 1248 dilucida

160 1272 193 1298 et
210 1263 393 1308 perspicua
413 1263 572 1295 oratione
585 1274 637 1294 res
656 1263 810 1306 exponit.
839 1263 962 1309 Neque
979 1278 1062 1299 vero
1080 1266 1148 1298 mi-

160 1327 228 1348 nus
255 1315 291 1347 in
317 1312 381 1347 hac
406 1320 522 1357 parte,
549 1325 655 1358 quam
680 1314 716 1346 in
733 1315 877 1348 caeteris
895 1316 1148 1350 elaborandum

161 1373 223 1400 est.
276 1364 364 1398 Nam
384 1376 438 1397 res
453 1365 528 1397 sine
546 1364 681 1397 lumine
697 1366 887 1399 verborum
907 1367 1059 1410 intelligi
1085 1380 1150 1401 ne-

117 1411 123 1417 ’
163 1422 319 1461 queunt,
351 1427 458 1459 quare
482 1415 586 1447 initio
612 1412 718 1449 huius
742 1417 857 1458 operis
883 1429 983 1450 error
1004 1419 1148 1452 illorum

161 1463 475 1511 reprehendendus
502 1472 569 1505 est,
596 1465 657 1509 qui
683 1473 916 1500 contemnunt
941 1468 1150 1502 elocutionis

162 1524 360 1561 praecepta,
380 1523 413 1549 et
430 1516 517 1549 falso
535 1516 756 1550 arbitrantur
767 1518 959 1562 eloquendi
976 1520 1148 1552 rationem

162 1581 236 1601 non
255 1567 468 1600 necessitatis
486 1578 604 1607 causa,
631 1569 689 1600 sed
711 1569 753 1600 ad
776 1569 917 1602 inanem
942 1570 1151 1603 ostentatio-

163 1631 245 1652 nem
278 1619 505 1661 excogitatam
531 1629 614 1652 esse.
675 1617 743 1651 Hic
775 1631 873 1652 error
903 1620 939 1652 in
964 1633 1066 1654 causa
1091 1628 1151 1662 est,

163 1681 271 1715 quare
297 1677 329 1702 et
355 1669 439 1701 olim
466 1668 607 1701 dicendi
633 1670 748 1702 studia
773 1670 972 1704 intermissa
995 1672 1084 1712 sint,
1118 1678 1150 1705 et

162 1732 257 1753 nunc
289 1720 533 1762 negligantur,
568 1731 637 1764 qua
662 1733 702 1754 ex
726 1732 763 1753 re
786 1721 925 1755 infinita
959 1723 1151 1756 extiterunt

163 1772 399 1805 incommoda.
458 1769 651 1816 Postquam
683 1772 779 1804 enim
802 1773 945 1806 dicendi
971 1775 1063 1808 ratio
1088 1786 1151 1806 ne-

163 1823 272 1866 glecta
297 1828 367 1861 est,
395 1828 484 1855 artes
511 1833 634 1854 omnes
659 1823 802 1856 confuse
826 1831 859 1857 et
885 1825 1033 1858 obscure
1059 1825 1151 1858 tradi

164 1879 353 1916 ceperunt,
380 1872 461 1916 quia
478 1872 610 1915 percipi
635 1884 689 1906 res
713 1881 914 1919 nequeunt,
940 1876 1009 1908 nisi
1034 1876 1152 1909 verbis

165 1923 341 1966 expositae
365 1922 645 1965 significantibus
677 1936 715 1957 ac
747 1925 850 1960 notis,
912 1927 968 1959 Ad
998 1925 1081 1960 haec
1104 1927 1150 1960 ita

164 1974 352 2007 coniuncta
372 1971 457 2005 haec
473 1980 555 2006 sunt
572 1981 697 2007 natura
711 2003 719 2015 ‚
746 1983 785 2009 ut
810 1977 871 2021 qui
893 1977 930 2010 in
954 1978 1153 2011 elocutione

166 2025 381 2067 negligentes
399 2031 498 2063 sunt,
526 2025 638 2057 multo
655 2026 724 2059 sint
740 2027 775 2059 in
794 2028 1025 2071 dispositione
1040 2030 1152 2073 negli-

166 2082 351 2118 gentiores.

166 2127 275 2166 dunt,
302 2137 404 2169 saepe
426 2125 464 2158 in
487 2126 591 2159 rebus
618 2126 836 2168 iudicandis,
861 2142 948 2173 quae
977 2143 1050 2164 non
1073 2144 1153 2175 per-

168 2177 257 2223 spici
277 2183 443 2220 possunt,
471 2176 541 2209 nisi
560 2178 699 2220 cognito
718 2190 842 2221 genere
858 2182 1046 2221 orationis,
1077 2181 1153 2215 hal-

168 2229 383 2262 lncinantur.

168 2277 359 2322 Tlieologis
376 2278 432 2310 vel
448 2291 465 2311 a
484 2279 767 2321 Iurisconsultis‚
795 2289 877 2315 sunt
901 2284 995 2315 enim
1022 2285 1154 2329 ubique

169 2380 340 2413 rationem
360 2381 574 2414 necessitatis
592 2394 691 2416 causa
707 2384 934 2427 excogitatam
955 2397 1046 2425 esse,
1072 2387 1153 2431 quia

171 2438 262 2463 certo
289 2442 413 2473 genere
437 2433 608 2465 orationis
633 2446 721 2478 opus
749 2442 817 2475 est,
860 2437 903 2469 ad
930 2437 1153 2479 explicandas

171 2480 369 2513 animorum
385 2483 625 2525 cogitationes,
670 2484 759 2528 Quis
777 2487 872 2519 enim
890 2488 1029 2522 dubitat
1047 2489 1152 2522 verba

172 2537 273 2564 notas
296 2543 367 2563 esse
389 2544 525 2571 rerum,
562 2547 650 2578 quae
674 2543 713 2569 ut
737 2548 874 2581 semper
897 2539 1153 2582 intelligantur,

173 2581 303 2614 debent
328 2592 399 2614 esse
424 2585 559 2617 certae'?
613 2586 723 2631 Saepe
750 2589 854 2622 etiam
879 2591 1066 2624 necessitas
1089 2603 1153 2634 po-

171 2631 277 2664 stulat
308 2631 442 2676 aliquid
474 2637 669 2677 exaggerari
703 2645 737 2672 et
771 2639 998 2684 amplificari,
1033 2648 1072 2675 ut
1101 2642 1152 2674 illi

171 2693 259 2727 quos
277 2682 442 2716 docemus
458 2683 667 2729 intelligant,
687 2700 759 2722 rem
776 2702 847 2724 esse
863 2692 1005 2725 maximi
1021 2692 1153 2726 facien-

405 2073 452 2108 Et
469 2075 550 2119 quia
567 2076 739 2108 rationem
758 2078 929 2122 loquendi
948 2092 1020 2113 non
1039 2088 1151 2115 atten-
1179 2081 1181 2098 ⁷

1179 2172 1181 2175 Ι
1207 2131 1352 2168 artium,
1382 2145 1454 2165 non
1471 2145 1541 2166 esse
1558 2139 1686 2166 temere
1705 2132 1878 2165 confictas.

437 2227 572 2272 Siquis
600 2229 711 2269 volet,
739 2238 853 2263 sumat
876 2233 1031 2276 exempla
1057 2234 1112 2266 vel
1135 2246 1152 2266 a
1179 2228 1181 2231 ¹

1180 2317 1181 2320 ,
1207 2285 1349 2318 musica.

168 2330 283 2364 obvia.
320 2329 439 2372 Quare
456 2330 501 2363 ita
521 2331 742 2365 sentiendum
760 2339 822 2372 est,
840 2340 947 2367 totam
965 2335 1154 2380 eloquendi
1207 2343 1308 2374 sunt,
1337 2344 1481 2381 propter
1506 2338 1720 2370 necessarios
1741 2349 1843 2375 usus,
1871 2348 1972 2370 usum
1996 2342 2109 2369 autem
2134 2346 2189 2366 se-

1180 2423 1182 2430 ,
1207 2393 1284 2420 cuta
1302 2395 1351 2421 est
1368 2388 1499 2421 alicu'bi
1524 2389 1695 2432 voluptas.

995 333 1520 374 Elocutione.

1199 452 1290 484 dam.
1328 451 1386 485 An
1405 451 1467 496 qui
1483 452 1525 484 de
1542 451 1773 495 religionibus
1789 459 1848 486 aut
1867 453 1910 485 de
1928 452 2044 495 legum
2061 459 2094 486 et
2110 465 2184 486 ma-

1198 502 1407 544 gistratuum
1434 502 1607 546 dignitate
1631 503 1756 546 vulgus
1780 505 1899 544 docet,
1928 515 2001 536 non
2028 504 2184 537 studebit

1199 553 1353 594 efficere,
1378 554 1504 595 grandi
1520 565 1607 587 sono
1624 554 1813 596 orationis,
1840 562 1880 588 ut
1901 551 1966 587 hae
1989 565 2044 587 res
2069 561 2186 587 tantae

1199 604 1388 636 videantur
1404 604 1483 637 aliis
1501 617 1588 646 esse,
1612 612 1765 650 quantae
1782 617 1820 638 re
1836 606 1909 650 ipsa
1931 612 2024 640 sunt.
2066 604 2186 639 Picto-

1199 665 1253 687 res
1268 654 1426 688 efficiunt
1442 662 1481 688 ut
1498 656 1565 688 alia
1581 656 1770 689 videantur
1785 654 1974 690 humiliora
1986 681 1995 694 ‚
2023 655 2091 689 alia
2109 667 2186 688 ma-

1200 705 1251 748 gis
1268 705 1464 744 emineant,
1493 713 1526 740 et
1542 706 1612 740 sint
1630 707 1849 748 excitatiora,
1871 715 2004 752 quanto
2021 707 2132 750 magis
2147 706 2187 739 in

1199 757 1349 790 dicendo
1369 757 1461 789 idem
1477 757 1679 791 faciendum
1697 764 1766 799 est,
1793 771 1869 791 cum
1888 760 1978 791 bona
1998 769 2079 802 pars
2094 758 2187 790 vitae

1201 814 1341 850 regatur
1358 809 1536 849 oratione,
1563 816 1595 842 et
1619 820 1720 853 saepe
1743 811 1786 842 de
1808 809 1970 843 maximis
1993 809 2097 842 rebus
2121 806 2187 841 ho-

1202 859 1313 891 mines
1338 859 1492 892 docendi
1513 860 1595 894 sint.
1651 860 1768 903 Quid,
1798 861 1893 905 quod
1921 860 1997 899 illi,
2025 860 2084 904 qui
2111 872 2187 892 ma—

1201 909 1292 943 xime
1309 916 1540 944 contemnunt
1558 909 1772 951 rhetoricen,
1800 919 1915 944 tamen
1936 911 2101 944 affectant
2120 908 2188 943 hu-

1203 961 1256 993 ius
1276 962 1361 994 artis
1378 961 1529 996 laudem.
1584 962 1685 1005 Cogit
1710 963 1803 994 enim
1830 973 1888 994 eos
1911 968 2036 994 natura
2059 972 2190 1001 rerum,

1202 1018 1241 1044 ut
1258 1012 1376 1044 verbis
1399 1012 1576 1046 illustrare
1601 1020 1661 1046 aut
1682 1013 1896 1056 amplificare
1918 1025 1975 1053 ea,
2003 1024 2092 1057 quae
2116 1018 2189 1044 tra-

1203 1069 1315 1102 ctant,
1343 1070 1527 1096 conentur.
1581 1064 1649 1097 Hic
1668 1075 1769 1101 vero,
1796 1075 1901 1108 qnam
1925 1064 2042 1108 inepte
2065 1059 2189 1095 rheto-

1176 1134 1178 1144 ι
1204 1114 1380 1153 rimantur,
1408 1122 1540 1158 quanto
1555 1115 1717 1148 foelicius
1735 1112 1801 1147 hoc
1825 1115 1999 1154 facerent,
2025 1114 2053 1147 si
2076 1120 2187 1146 artem

1203 1177 1221 1197 a
1244 1165 1528 1209 prudentissimis
1552 1163 1758 1198 hominibus
1783 1166 1826 1198 ad
1855 1178 1933 1198 eum
1955 1176 2058 1198 usum
2076 1163 2190 1197 tradi-

1205 1222 1273 1249 tam
1290 1213 1511 1250 adhiberent.
1544 1219 1594 1250 Ac
1610 1217 1635 1249 si
1657 1223 1796 1250 tantum
1814 1217 1976 1260 voluptas
1993 1221 2190 1260 captaretur

1204 1279 1243 1300 ex
1269 1264 1335 1300 hoc
1359 1268 1495 1307 studio,
1521 1274 1640 1301 tamen
1663 1274 1751 1301 esset
1774 1278 1829 1300 res
1848 1267 2022 1308 liberalis,
2049 1278 2087 1299 ac
2113 1277 2190 1298 ma-

1203 1318 1295 1350 xime
1313 1319 1418 1360 digna
1435 1316 1579 1351 homine
1595 1319 1684 1351 bene
1700 1319 1841 1351 dicendi
1861 1331 1955 1353 cura.
2009 1317 2116 1351 Nulla
2134 1327 2190 1349 res

1204 1369 1310 1407 enim,
1338 1369 1459 1402 nullus
1476 1370 1603 1409 cultus,
1617 1370 1727 1411 magis
1746 1376 1848 1402 ornat
1869 1367 2063 1408 hominem,
2082 1379 2188 1412 quam

1204 1419 1320 1452 suavis
1339 1421 1464 1453 oratio.
1517 1419 1639 1464 Neque
1664 1420 1794 1452 musica
1820 1420 1960 1451 dulcior
1982 1426 2041 1451 ant
2062 1419 2190 1451 iucun-

1204 1470 1283 1502 dior
1298 1471 1456 1509 aurihus,
1483 1478 1543 1503 aut
1561 1478 1677 1503 mente
1696 1470 1826 1513 percipi
1845 1470 1915 1502 ulla
1932 1475 2058 1512 potest,
2083 1479 2189 1513 quam

1204 1520 1398 1564 aequabilis
1422 1515 1551 1559 oratio,
1586 1528 1748 1553 constans
1775 1520 1878 1552 bonis
1902 1520 2019 1552 verbis
2044 1531 2083 1552 ac
2109 1530 2191 1551 sen-

1204 1570 1335 1604 tentiis.
1371 1569 1504 1613 Quare,
1531 1571 1558 1602 si
1578 1583 1681 1615 quem
1698 1570 1796 1603 nulla
1815 1571 1994 1614 voluptate
2013 1570 2092 1603 talis
2110 1581 2192 1602 ora-

1204 1622 1251 1654 tio
1269 1621 1395 1660 afficit,
1423 1621 1450 1653 is
1471 1622 1574 1664 longe
1592 1634 1609 1654 a
1628 1629 1751 1655 natura
1776 1619 1932 1654 hominis
1954 1620 2190 1664 degeneravit.

1208 1671 1395 1704 Verissima
1425 1680 1508 1706 sunt
1534 1685 1623 1718 quae
1644 1673 1744 1710 dico,
1786 1679 1819 1706 et
1845 1673 2028 1706 ostendere
2053 1683 2190 1716 possem

1205 1723 1360 1767 exempla
1379 1720 1585 1761 hominum,
1614 1725 1674 1769 qni
1692 1721 1777 1756 haec
1803 1724 1919 1758 studia
1947 1729 2192 1763 contemnunt,

1206 1785 1356 1819 quorum
1382 1775 1447 1807 feri
1473 1787 1588 1809 mores
1609 1776 1821 1815 ostendunt,
1857 1780 2030 1820 quantum
2055 1771 2098 1807 ab
2122 1771 2191 1807 hu-

1206 1825 1372 1858 manitate
1400 1827 1528 1861 absint.
1591 1826 1642 1860 Ac
1668 1826 1735 1859 nisi
1761 1827 1907 1869 longum
1933 1833 2038 1865 esset,
2071 1831 2191 1858 osten-

1205 1877 1323 1908 derem
1341 1877 1503 1920 pluribus
1522 1877 1638 1910 verbis
1656 1875 1741 1910 haec
1763 1878 1877 1911 studia
1903 1877 2085 1910 faciendae
2109 1887 2190 1908 ora-

1205 1927 1331 1966 tionis,
1359 1939 1473 1961 mores
1491 1930 1638 1961 reddere
1656 1928 1825 1961 mitiores.
1879 1927 1947 1961 Sed
1977 1925 2062 1960 haec
2085 1938 2191 1960 enco-

1179 2017 1180 2022 ,
1205 1978 1275 2010 mia
1293 1978 1399 2022 artis,
1426 1987 1551 2023 putant
1567 1979 1676 2023 aliqui
1696 1980 1732 2011 in
1748 1977 1877 2012 scholis
1894 1978 2004 2019 magis
2029 1990 2069 2010 ex
2093 1989 2191 2010 more

1207 2029 1295 2069 dici,
1319 2041 1424 2074 quam
1440 2031 1535 2075 quod
1554 2042 1609 2063 res
1626 2030 1672 2062 ita
1695 2042 1728 2062 se
1752 2027 1890 2063 habeat.
1946 2028 2077 2062 Verum
2103 2028 2189 2061 olim

1208 2080 1300 2113 inter
1318 2080 1390 2124 ipsa
1417 2082 1559 2125 negocia
1583 2081 1804 2124 comperietis
1827 2078 1888 2114 has
1913 2080 2035 2114 laudes
2062 2077 2189 2112 harum

1924 2132 1976 2164 Ac
1994 2137 2033 2164 ut
2048 2132 2188 2164 redeam

1207 2183 1301 2216 unde
1320 2183 1495 2226 digressus
1512 2195 1588 2217 sum
1601 2208 1610 2221 ,
1639 2183 1677 2216 Si
1698 2189 1835 2215 tantum
1854 2182 2029 2226 voluptati
2044 2181 2189 2215 serviret

1207 2234 1378 2272 elocutio,
1405 2242 1521 2268 tamen
1540 2247 1611 2267 non
1632 2241 1719 2267 esset
1744 2235 1953 2277 negligenda
1978 2240 2047 2267 tam
2073 2231 2190 2266 suavis

1404 2285 1506 2319 Nunc
1523 2293 1561 2319 ut
1578 2294 1710 2320 ceterae
1733 2294 1822 2319 aites
1847 2286 2003 2330 primum
2026 2284 2189 2316 inventae

1752 2387 1801 2421 Ita
1826 2386 1916 2421 hanc
1940 2393 2049 2420 artem
2075 2385 2190 2428 co'e'git

1209 2438 1309 2471 initio
1329 2451 1496 2484 quaerere
1515 2441 1721 2481 necessitas,
1746 2447 1820 2473 erat
1838 2439 1931 2472 enim
1958 2444 2091 2470 certum
2114 2447 2188 2469 ser·

1179 2524 1181 2534 ¹
1206 2490 1323 2522 monis
1340 2502 1448 2533 genus
1465 2492 1666 2533 eligendum
1687 2492 1780 2536 quod
1800 2489 2067 2531 intelligeretur.
2104 2486 2189 2520 Erat

1179 2571 1181 2579 2
1207 2540 1384 2575 interdum
1404 2542 1538 2587 aliquid
1552 2543 1837 2587 amplificandum
1852 2548 1884 2573 et
1897 2539 2189 2582 exaggerandum.

1206 2590 1330 2625 Postea
1348 2599 1387 2626 ut
1405 2594 1538 2635 gratior
1555 2605 1639 2627 usus
1665 2600 1768 2629 esset,
1795 2591 1929 2636 aliquid
1956 2591 2058 2623 etiam
2085 2588 2188 2622 volu-

1206 2644 1291 2685 ptati
1320 2644 1459 2677 aurium
1485 2646 1604 2678 datum
1627 2652 1689 2678 est.
1742 2643 1897 2685 Quidam
1932 2643 2112 2685 disputant
2148 2639 2185 2671 in

1205 2694 1302 2736 gravi
1323 2695 1503 2733 oratione,
1530 2696 1733 2729 indecorum
1759 2706 1830 2727 esse
1857 2701 2040 2732 ornatum,
2063 2702 2186 2735 quem-

2353 1264 2379 1291 171‘
