2379 2948
180 122 254 156 715
791 121 834 157 V.

888 120 1208 157 EROTEMATA
1236 117 1583 157 DIALECTICES.

2131 120 2204 155 714

177 207 281 240 batur
297 202 453 239 Ecclesia
471 217 489 240 a
504 204 594 250 Deo,
622 219 701 241 cum
717 206 814 241 Deus
833 219 982 252 poenam
1001 207 1048 241 ita
1066 207 1162 241 miti·
1188 215 1191 248 ς
1216 212 1332 238 autem
1346 203 1384 236 in
1404 202 1629 250 philosophia
1652 206 1838 251 praecipue
1856 203 1911 239 his
1927 205 2066 239 duobus
2086 206 2202 238 nomi-

176 263 307 301 gasset,
330 264 369 290 ut
386 257 539 301 populus
558 256 702 292 haberet
718 256 949 301 αὐτονομίαν
972 258 1009 290 in
1028 258 1161 292 doctri-
1188 259 1190 302 j*

175 319 242 348 na,
278 308 414 342 etiamsi
458 308 633 352 politicam
674 309 967 351 gubernationem
1003 305 1189 345 Romani]

1214 358 1316 397 sitas,
1346 368 1418 389 non
1438 356 1688 399 imaginatione
1706 366 1842 392 tantum
1867 360 1977 399 facta,
2008 369 2071 391 nec
2095 369 2113 391 a
2137 369 2202 389 vo-

175 365 350 395 tenerent.
386 358 493 402 Quod
514 371 595 392 vero
612 359 862 399 objiciebatur:
891 358 1061 393 Israelitis
1078 372 1160 403 pro-

175 410 318 443 missam
343 421 415 444 esse
439 410 654 450 libertatem,
680 410 769 442 scire
794 411 870 453 pios
893 417 1050 453 oportet,
1076 423 1160 454 pro-

175 461 360 494 missiones
403 461 579 494 bonorum
629 461 865 504 corporalium
911 461 1160 505 intelligendas
1188 494 1190 503 ,

1188 515 1190 547 ξ
1216 509 1356 542 realiter
1379 508 1498 541 omnia
1523 520 1613 552 quae
1639 511 1792 552 separari
1818 518 1984 554 possunt,
2011 518 2048 544 ut
2073 521 2201 555 aquam

177 523 270 551 esse,
299 524 378 545 cum
396 510 598 554 exceptione
616 511 876 555 castigationis,
909 518 947 545 ut
965 512 1000 544 in
1019 512 1160 545 Psalmo

176 563 321 596 dicitur:
353 561 511 595 visitabo
534 561 571 594 in
589 561 686 606 virga
704 563 908 608 iniquitates
929 575 1065 604 eorum,
1092 563 1161 596 mi-

175 613 400 647 sericordiam
421 624 502 645 vero
520 624 593 645 non
611 614 783 647 amovebo
802 615 845 647 ab
864 614 923 648 eis.
976 613 1027 648 Ita
1044 615 1080 647 in
1099 615 1160 647 de-

175 663 445 698 liberationibus
460 674 560 706 saepe
579 664 784 699 collationes
802 665 906 705 fiunt,
934 678 1084 711 quarum
1104 666 1160 698 ‹li-

174 714 342 749 iudicatio
360 725 400 746 ex
416 714 507 747 veris
524 714 683 749 fontibus
705 718 876 750 sumenda
901 723 969 758 est,
997 717 1161 750 videlicet

175 779 215 800 ex
233 765 302 798 illis
320 764 404 808 ipsis
421 765 557 798 artibus
569 793 577 805 ,
605 768 647 799 ad
665 779 751 811 quas
766 768 911 802 materia
931 768 1100 811 pertinet,
1128 774 1160 800 et

174 816 366 849 videndum
385 823 452 855 est,
480 828 524 849 ne
548 817 694 851 vitiosae
713 820 984 864 consequentiae
1000 819 1036 851 in
1053 819 1162 864 syllo-

173 866 292 910 gismis
310 873 494 908 texantur,
522 874 562 901 ut
585 869 622 901 in
646 869 850 915 syllogismo
866 869 1078 905 Iudaeorum
1097 872 1160 903 ad-

172 917 387 952 versantium
410 918 595 952 Ieremiae:

324 969 425 1003 Deus
440 976 555 1003 servat
572 968 781 1011 Ecclesiam,

326 1019 399 1054 Nos
421 1032 542 1054 sumus
558 1018 727 1063 Ecclesia,

324 1069 420 1114 Ergo
438 1071 485 1104 sic
507 1071 746 1114 servabimur,
774 1085 817 1106 ne
834 1070 1002 1108 Chaldaei
1021 1071 1162 1105 deleant

381 1121 647 1168 lerosolymam.

274 1171 344 1206 Hic
366 1172 446 1216 plus
470 1180 521 1207 est
544 1174 582 1206 in
605 1174 855 1217 conclusione,
883 1187 988 1220 quam
1006 1174 1043 1207 in
1062 1185 1161 1218 prae-

171 1223 297 1258 missis.
353 1223 450 1256 Haec
466 1225 509 1257 de
526 1226 789 1269 comparatione
809 1226 988 1260 monuisse
1006 1226 1087 1259 satis
1106 1225 1161 1266 sit,

171 1276 235 1309 ubi
251 1275 372 1308 vident
389 1275 549 1317 studiosi,
575 1273 667 1310 hanc
684 1277 843 1311 locorum
861 1278 1071 1317 doctrinam,
1088 1288 1162 1309 non

170 1333 308 1360 tantum
326 1337 399 1359 esse
415 1337 577 1359 normam
596 1327 780 1361 iudicandi
798 1328 925 1372 scripta
937 1355 947 1369 ,
974 1329 1034 1361 sed
1057 1328 1161 1362 etiam

170 1388 243 1411 esse
261 1388 423 1410 normam
443 1377 624 1411 rectricem
646 1378 750 1414 vitae.

318 1495 384 1535 De
415 1495 654 1537 nominibus
686 1497 1009 1540 distinctIonum.

274 1577 358 1611 Ideo
382 1577 478 1612 Deus
502 1579 633 1613 indidit
658 1587 805 1615 naturae
828 1581 1041 1624 intelligenti
1067 1581 1162 1615 noti-

170 1630 260 1664 ciam
286 1639 540 1667 numerorum,
567 1636 606 1663 ut
625 1630 802 1664 discernat
826 1642 890 1664 reS.

171 1680 266 1715 enim
284 1679 489 1713 discrimina
506 1691 623 1713 rerum
640 1681 758 1726 aliqua
775 1682 934 1724 agnosci,
962 1694 1025 1715 nec
1041 1683 1160 1715 omnia

171 1731 439 1769 confundenda,
475 1737 509 1764 et
533 1731 571 1762 in
596 1743 708 1764 unum
734 1730 839 1765 chaos
865 1733 1043 1766 miscenda
1069 1740 1162 1767 sunt.

170 1782 318 1817 Necesse
336 1788 386 1815 est
401 1782 508 1822 scire,
535 1782 633 1816 aliud
652 1795 725 1816 esse
742 1782 878 1824 Deum,
905 1784 1001 1817 aliud
1024 1792 1161 1819 creatu—

170 1845 244 1874 ras,
278 1833 375 1866 aliud
409 1833 643 1873 substantias,
686 1835 781 1868 aliud
813 1835 1026 1876 accidentia,
1063 1836 1160 1869 aliud

171 1892 298 1919 natura
316 1884 564 1927 intelligentes,
587 1885 683 1918 aliud
703 1898 775 1918 non
793 1886 1042 1929 intelligentes,
1063 1888 1159 1920 aliud

171 1935 341 1976 noticias,
368 1935 466 1968 aliud
484 1936 718 1979 appetitiones
732 1944 796 1972 etc.

172 1986 334 2021 doctrina
351 1987 394 2019 de
416 1986 646 2020 distinctione
673 1995 723 2021 est
751 1989 849 2033 quasi
866 1989 1027 2021 doctrina
1045 1991 1088 2022 (le
1106 2002 1159 2022 re—

172 2049 252 2071 rum
268 2037 524 2078 numeratione,
552 2045 585 2071 et
601 2039 755 2073 ostendit
772 2051 862 2084 quae
878 2040 995 2082 iungi,
1021 2048 1054 2074 et
1071 2053 1161 2085 quae

173 2088 296 2122 divelli
311 2095 489 2132 oporteat,
518 2100 641 2134 quam,
667 2098 705 2125 ut
721 2091 769 2124 ita
786 2091 913 2132 dicam,
941 2092 1160 2125 numeratio-

174 2151 256 2172 nem
281 2151 416 2178 rerum,
444 2141 673 2174 necessariam
700 2153 772 2175 esse
795 2142 871 2174 sani
888 2155 1011 2176 omnes
1028 2143 1160 2176 intelli-

174 2196 274 2234 gunt.
324 2188 444 2232 Quare
460 2197 493 2224 et
508 2190 724 2226 Aristotelici
751 2193 935 2233 dixerunt,
963 2195 1161 2238 proprieta-

173 2248 225 2276 tes
242 2238 346 2274 Entis
369 2252 441 2274 esse
463 2254 575 2275 unum
599 2251 632 2277 et
650 2245 847 2286 diversum,
880 2245 962 2290 quia
991 2245 1027 2278 in
1045 2246 1162 2291 quali-

176 2293 235 2326 bet
254 2291 367 2336 specie
384 2291 609 2327 individuum
627 2296 812 2340 quodlibet
829 2295 875 2330 sit
891 2309 1003 2330 unum
1017 2325 1026 2338 ,
1047 2297 1082 2330 id
1101 2305 1161 2339 est,

176 2344 355 2387 integrum
373 2342 542 2387 quiddam
562 2345 600 2378 in
622 2358 683 2380 sua
700 2347 833 2391 specie,
861 2354 894 2381 et
913 2349 1091 2382 diversum
1116 2350 1160 2382 ah

176 2394 345 2428 omnibus
363 2393 441 2427 aliis
461 2395 643 2438 speciebus
659 2404 691 2432 et
711 2398 925 2440 individuis,
955 2398 994 2432 ld
1015 2400 1161 2434 fortasse

175 2446 362 2479 obscurius
381 2444 452 2478 dici
472 2445 628 2488 videtur,
661 2450 720 2482 sed
736 2456 853 2483 tamen
872 2451 1009 2484 erudite
1026 2451 1160 2485 dictum

176 2504 238 2532 est,
291 2496 438 2530 Planius
455 2503 504 2530 est
526 2498 663 2539 autem,
691 2512 769 2533 cum
785 2502 828 2533 ad
852 2513 1018 2535 numeros
1044 2514 1160 2546 regre-

175 2547 314 2588 dimur,
349 2554 381 2581 et
404 2548 596 2591 cogitamus
621 2561 675 2582 res
697 2551 945 2586 discernendas
970 2566 1009 2587 ac
1036 2566 1162 2587 nume-

175 2600 302 2632 randas
325 2611 415 2640 esse,
443 2596 534 2633 hanc
560 2600 605 2633 ob
632 2612 770 2635 causam
789 2602 939 2636 inditam
957 2616 1030 2638 esse
1056 2611 1162 2639 natu-

176 2662 235 2683 rae
254 2650 465 2693 intelligenti
489 2663 720 2685 numerorum
746 2652 932 2694 noticiam,
959 2662 998 2689 ut
1015 2667 1070 2689 res
1090 2656 1163 2689 dis-

179 2708 388 2743 cernantur,
420 2708 453 2735 et
477 2703 565 2737 ordo
592 2716 711 2737 earum
734 2703 967 2748 intelligatur.
1020 2705 1164 2741 Utimur

944 1631 1091 1665 Necesse
1113 1639 1162 1664 est

848 1936 944 1970 Haec
963 1938 1034 1981 ipsa
1054 1939 1162 1981 igitur
1190 1974 1191 1983 ἵ

1188 575 1191 632 ἱ

1191 1602 1193 1609 ,
1217 1592 1276 1620 ca,
1309 1580 1390 1625 quia
1418 1580 1508 1612 circa
1534 1578 1687 1612 diversas
1713 1579 1877 1613 materias
1902 1585 2072 1612 versatur.

1680 256 1760 290 Alia
1791 265 1841 291 est
1873 256 2053 290 distinctio
2086 256 2201 295 realis,

1521 305 1710 340 Distinctio
1735 309 1838 341 realis
1865 315 1916 341 est
1940 319 2058 341 rerum
2083 307 2200 340 diver-

1215 256 1321 288 nibus
1348 254 1635 289 distinctionum:

1214 306 1282 339 alia
1310 305 1468 340 rationis.

1214 408 1350 440 luntate
1377 413 1497 439 nostra
1523 414 1658 440 tantum
1686 409 1862 449 instituta,
1890 410 1950 442 sed
1970 421 2120 454 quarum
2139 419 2202 440 na-

1214 465 1313 492 turae
1337 464 1418 490 sunt
1442 457 1539 492 aliae.
1593 456 1644 491 Ac
1670 460 1787 502 regula
1814 467 1906 493 certa
1931 467 2001 500 est,
2030 458 2203 502 distingui

1216 573 1233 593 a
1258 560 1388 603 frigore
1407 558 1578 601 distingui
1602 561 1742 593 realiter
1765 568 1898 593 certum
1916 568 1983 599 est,
2012 561 2092 606 quia
2113 573 2201 605 aqua

1216 617 1329 655 potest
1348 609 1509 643 amittere
1525 610 1645 652 friguS.
1688 610 1856 645 Animam
1875 611 2044 654 distingui
2062 612 2203 644 realiter

1214 675 1232 694 a
1253 661 1400 702 noticia,
1428 661 1510 694 item
1529 673 1547 693 a
1564 661 1703 704 virtute,
1731 675 1749 695 a
1768 662 1852 695 vitio
1871 669 2004 694 certum
2025 669 2092 702 est,
2120 661 2202 706 quia

1216 711 1278 746 lias
1295 724 1350 745 res
1366 712 1525 745 amittere
1544 719 1666 756 potest.
1718 712 1795 746 Etsi
1820 721 1935 745 autem
1954 713 2082 745 usitato
2101 721 2203 746 natu-

1216 777 1274 797 rae
1289 764 1426 804 ordine,
1454 775 1526 796 non
1544 763 1581 795 fit
1598 764 1770 807 separatio
1789 764 1949 797 omnium
1969 763 2203 796 accidentium

1217 815 1254 848 in
1281 815 1430 858 singulis
1455 814 1638 855 subiectis,
1669 821 1786 848 tamen
1806 815 1901 848 aliud
1925 821 1973 847 est
1998 813 2204 853 substantia,

1216 866 1312 899 aliud
1340 865 1520 898 accidens:
1555 863 1661 898 Calor
1685 878 1757 899 non
1777 873 1959 910 separatur
1983 867 2027 898 ab
2054 865 2143 908 igni,
2171 870 2204 897 at

1217 923 1399 961 separatur
1424 917 1468 949 ab
1493 928 1594 962 aqua.
1648 915 1726 950 Hoc
1748 917 1908 961 exemplo
1935 914 2204 949 commonefacti

1217 965 1534 1012 deprehendimus,
1576 967 1674 1002 aliud
1708 980 1780 1002 esse
1816 967 2067 1008 substantiam,
2108 966 2205 999 aliud

1217 1019 1389 1054 accidens.
1443 1016 1506 1052 Est
1533 1026 1564 1051 et
1597 1019 1705 1052 altera
1730 1020 1850 1062 regula
1881 1025 2064 1063 perpetua:
2104 1016 2205 1059 Quae

1217 1069 1382 1103 subiectis
1415 1069 1705 1111 distinguuntur,
1743 1071 1884 1104 realiter
1918 1069 2204 1112 distinguuntur,

1217 1127 1278 1161 ut,
1305 1120 1443 1164 opinio,
1471 1126 1504 1153 et
1527 1120 1682 1155 affectus.
1728 1121 1815 1154 Nam
1841 1120 1963 1165 opinio
1987 1132 2048 1154 seu
2074 1118 2206 1153 noticia

1218 1178 1267 1205 est
1283 1172 1319 1204 in
1337 1178 1435 1216 parte
1451 1179 1698 1213 cognoscente,
1732 1179 1766 1205 at
1790 1172 1934 1205 affectus
1960 1178 2010 1205 est
2029 1171 2067 1203 in
2089 1169 2207 1204 corde.

1218 1222 1365 1256 Necesse
1381 1229 1431 1255 est
1456 1222 1563 1265 igitur
1588 1223 1684 1256 aliud
1708 1235 1781 1256 esse
1799 1223 2027 1267 opinionem,
2057 1232 2116 1254 seu
2138 1232 2206 1253 no-

1218 1273 1354 1314 ticiam,
1391 1273 1488 1306 aliud
1520 1272 1696 1309 affectum.
1748 1273 1940 1307 Distinctio
1974 1272 2122 1306 rationis
2145 1277 2207 1311 est,

1217 1337 1296 1358 cum
1321 1324 1485 1368 cogitatio
1512 1331 1572 1357 aut
1597 1325 1761 1359 voluntas
1785 1325 1869 1358 facit
1892 1324 2082 1358 discrimen
2107 1323 2145 1355 in
2169 1333 2207 1354 re

1217 1388 1288 1409 una
1312 1383 1346 1409 et
1370 1376 1510 1414 eadem,
1533 1382 1587 1408 ut:
1625 1374 1721 1408 Idem
1740 1383 1799 1409 aer
1815 1382 1867 1409 est
1884 1375 2044 1419 superior
2065 1381 2098 1408 et
2116 1373 2207 1405 infe—

1218 1427 1302 1465 rior,
1328 1426 1489 1470 superior
1506 1432 1609 1466 terra,
1633 1433 1666 1459 at
1686 1426 1835 1459 inferior
1850 1426 1947 1462 luna.
1981 1425 2078 1460 Idem
2095 1423 2207 1458 Caro—

1218 1479 1272 1512 lus
1298 1485 1348 1511 est
1367 1478 1557 1521 imperator
1585 1484 1618 1510 et
1652 1489 1711 1510 rex
1742 1476 1948 1522 Hispaniae.
2002 1475 2053 1510 Ita
2074 1486 2146 1509 una
2174 1480 2207 1507 et

1217 1529 1337 1563 eadem
1354 1539 1454 1562 mens
1471 1527 1557 1561 alias
1575 1528 1706 1562 dicitur
1721 1529 1947 1571 speculativa,
1974 1528 2059 1560 alias
2077 1525 2208 1572 practi-

2126 1575 2207 1611 Una

1218 1638 1250 1664 et
1274 1632 1395 1663 eadem
1415 1629 1534 1663 anima
1565 1637 1616 1662 est
1641 1630 1836 1664 substantia
1860 1631 2062 1673 intelligens
2090 1635 2122 1662 et
2144 1639 2207 1670 ap-

1217 1689 1349 1726 petens,
1389 1680 1458 1715 Sed
1476 1681 1632 1714 actiones
1648 1681 1743 1725 ipsae
1758 1682 1899 1715 realiter
1913 1681 2095 1721 differunt,
2122 1679 2207 1724 quia

1217 1733 1347 1766 noticia
1375 1732 1521 1765 existere
1542 1739 1655 1776 potest
1679 1733 1754 1765 sine
1778 1733 1967 1773 electione,
1994 1738 2052 1764 aut
2073 1736 2205 1763 mutata

1216 1784 1397 1819 electione.
1450 1782 1558 1817 Novit
1576 1782 1701 1817 Cicero
1718 1782 1897 1823 Clodium,
1924 1791 1957 1817 et
1977 1783 2062 1816 alias
2079 1780 2207 1823 diligit,

1215 1836 1301 1868 alias
1325 1835 1411 1867 odit.
1465 1833 1646 1867 Differunt
1675 1834 1784 1877 igitur
1814 1834 1957 1868 realiter
1987 1832 2137 1869 noticia,
2173 1837 2207 1865 et

1216 1886 1338 1919 electio
1359 1885 1561 1917 voluntatis.
1596 1884 1649 1918 Ac
1665 1884 1702 1917 in
1720 1885 1899 1918 infinitum
1916 1891 2062 1928 vagatur
2078 1882 2207 1916 distin-

1216 1938 1284 1971 ctio
1302 1936 1462 1971 rationis,
1515 1934 1650 1969 Eadem
1671 1948 1787 1981 pugna
1803 1935 1951 1970 Davidis
1968 1942 2018 1969 est
2037 1945 2125 1978 opus
2142 1945 2206 1977 po-

1218 1989 1370 2029 liticum,
1404 1995 1435 2020 et
1458 1987 1573 2020 cultus
1598 1985 1683 2028 Dei,
1717 1987 1800 2031 quia
1834 1988 1998 2021 voluntas
2022 1986 2129 2019 refert
2160 1985 2204 2017 ad

1216 2039 1456 2073 defensionem
1482 2038 1613 2071 civium
1641 2045 1674 2071 et
1700 2039 1743 2071 ad
1775 2039 2024 2072 illustrandam
2054 2035 2203 2079 gloriam

1216 2090 1294 2125 Dei.
1348 2089 1397 2124 Ita
1428 2101 1594 2122 vocamus
1624 2089 1890 2122 distinctionem
1923 2088 2090 2127 rationis,
2123 2098 2203 2119 cum

1216 2150 1333 2176 nostra
1358 2140 1522 2184 cogitatio
1541 2147 1601 2174 aut
1619 2140 1782 2174 voluntas
1799 2141 1924 2174 unicae
1938 2138 2068 2173 actioni
2087 2138 2204 2182 plures

1215 2195 1299 2227 fines
1317 2192 1499 2232 attribuit,
1530 2198 1591 2224 aut
1610 2192 1735 2225 unicae
1753 2193 1803 2224 rei
1823 2191 1921 2237 quasi
1941 2190 2058 2234 plures
2082 2200 2203 2232 perso-

1217 2258 1277 2278 nas
1293 2244 1424 2284 induit,
1450 2250 1505 2276 ut:
1537 2241 1633 2276 Idem
1652 2241 1804 2277 Roscius
1820 2243 1904 2276 alias
1921 2248 1972 2275 est
1986 2240 2203 2279 Palamedes,

1215 2297 1300 2331 alias
1320 2295 1472 2342 Ulysses.

1318 2347 1359 2381 In
1375 2345 1530 2380 Ecclesia
1545 2357 1627 2378 vero
1646 2345 1789 2379 additur
1806 2345 1848 2378 ad
1866 2342 1950 2377 haec
1968 2344 2038 2376 duo
2055 2341 2201 2375 nomina

1216 2398 1503 2436 distinctionum,
1529 2403 1563 2430 et
1579 2396 1675 2429 aliud
1693 2396 1848 2437 tertium,
1874 2395 2003 2428 scilicet
2023 2391 2203 2427 distinctio

1216 2450 1431 2489 essentialis,
1458 2460 1546 2493 quae
1566 2447 1601 2479 in
1621 2447 1788 2481 creaturis
1815 2443 1906 2478 nihil
1925 2445 2044 2478 differt
2067 2456 2085 2477 a
2102 2443 2202 2483 reali,

1218 2502 1317 2536 Plato
1343 2508 1372 2534 et
1391 2498 1599 2532 Aristoteles
1627 2498 1901 2540 destinguuutur
1924 2496 2066 2529 realiter
2090 2502 2123 2529 et
2149 2506 2203 2527 es-

1216 2553 1421 2587 sentialiter.
1475 2550 1543 2583 Sed
1566 2560 1732 2592 personas
1751 2548 1957 2582 Divinitatis
1980 2547 2130 2580 dicimus
2148 2546 2202 2578 di-

1215 2604 1347 2647 stingui
1368 2600 1526 2640 realiter,
1554 2612 1627 2632 non
1647 2600 1888 2634 essentialiter.
1941 2598 2000 2633 Sic
2024 2598 2061 2630 in
2079 2595 2201 2630 Eccle-

1216 2656 1263 2690 sia
1290 2654 1488 2699 loquimur,
1516 2657 1548 2684 et
1566 2663 1654 2695 quae
1677 2652 1720 2685 sit
1744 2650 1937 2692 sententia,
1964 2662 2026 2683 suo
2046 2649 2123 2682 loco
2146 2647 2202 2680 di-

1215 2706 1367 2740 cendum
1383 2708 1444 2739 est.
1481 2700 1626 2736 Caetera
1644 2702 1789 2737 nomina
1806 2701 2077 2736 distinctionum
2093 2698 2202 2732 relin-
