2379 2948
189 94 264 129 379

195 177 345 211 ridicule
366 176 474 218 dixit,
500 174 637 219 regredi
653 173 794 214 Solem,
820 173 903 219 quia
920 173 1050 217 frigore
1066 174 1182 219 repel-

197 229 346 266 leretur,
388 239 468 261 cum
501 225 653 259 venisset
677 225 721 257 ad
749 231 858 259 metas
892 224 1046 261 solstitii.
1112 224 1183 258 Sed

198 290 280 311 vera
304 289 404 311 causa
422 284 472 310 est
491 274 616 309 harum
640 275 918 317 regressionum,
944 276 1040 321 quod
1064 272 1181 310 archi-

198 329 278 362 tecti
294 327 443 361 consilio
460 333 576 359 motus
591 325 641 359 sic
657 326 812 360 ordinati
830 333 924 363 sunt.

452 419 625 459 Quintum
651 423 925 465 argumentum.

199 487 291 519 Ante
307 496 448 518 omnem
467 491 602 519 motum
618 493 670 520 est
686 493 816 522 motus.

200 534 296 578 Ergo
315 542 430 568 motus
446 542 497 569 est
516 543 695 578 aeternus,
723 538 818 571 unde
842 536 1001 581 sequitur
1026 542 1060 569 et
1076 546 1181 569 mun-

251 586 335 619 dum
353 591 533 619 aeternum
551 598 633 619 esse.

302 642 522 678 Antecedens
553 646 735 679 confirmat
770 644 997 686 Aristoteles,
1040 644 1122 688 quia
1153 644 1182 677 si

201 701 318 727 motus
341 695 449 738 cepit,
485 706 623 728 neeesse
648 702 697 728 est
723 702 838 728 tamen
868 695 1000 728 mobile
1022 706 1181 739 praeces-

201 745 295 777 sisse.
355 744 393 778 Si
419 746 603 789 praecessit
633 746 783 786 mobile,
817 752 877 778 aut
900 745 968 778 fuit
989 752 1182 785 aeternum,

200 801 260 828 aut
288 795 380 838 cepit
406 807 467 838 per
495 795 603 828 alium
635 803 781 831 motum.
851 796 925 828 Iam
951 795 980 827 si
1002 795 1093 839 cepit
1121 807 1182 839 per

200 845 308 878 alium
327 851 483 884 motum,
508 845 577 877 fuit
596 853 712 879 motus
730 851 811 879 ante
835 845 985 884 mobile,
1012 847 1108 891 quod
1133 853 1183 880 est

200 895 429 938 impossibile.
483 893 716 941 Relinquitur
741 907 821 939 ergo
845 897 976 929 mobile
995 897 1102 930 fuisse
1126 908 1182 930 ae-

201 951 351 979 ternum.

574 1036 796 1074 Responsio.

302 1093 470 1136 Neganda
489 1099 538 1126 est
554 1091 640 1126 haec
656 1094 923 1139 consequentia,
949 1095 978 1127 si
998 1096 1184 1138 praecessit

202 1143 350 1183 mobile,
385 1144 476 1187 cepit
500 1155 561 1187 per
584 1144 693 1177 alium
720 1151 867 1181 motum.
928 1144 1017 1178 Nam
1042 1146 1183 1187 mobile,

202 1193 236 1225 id
254 1200 304 1226 est
324 1194 478 1235 coelum,
505 1206 576 1227 non
596 1196 686 1238 cepit
706 1207 766 1238 per
782 1195 891 1228 alium
918 1202 1052 1228 motum
1076 1197 1183 1230 ullius

202 1243 291 1276 siniti
309 1245 483 1288 corporis,
511 1245 569 1277 sed
595 1256 655 1289 per
677 1247 855 1279 decretum
871 1252 904 1279 et
918 1246 1031 1278 ideam
1051 1247 1183 1289 primae

202 1305 323 1327 causae
340 1294 524 1328 condentis
550 1302 582 1329 et
605 1296 789 1328 formantis
815 1303 997 1336 naturam,
1024 1296 1100 1330 sine
1125 1309 1185 1329 ex—

204 1351 305 1377 terno
329 1345 479 1385 auxilio,
513 1351 546 1378 et
572 1345 646 1378 sine
669 1346 865 1379 mutatlone
893 1346 929 1378 in
955 1347 1041 1388 ipsa.
1092 1346 1185 1381 Nam

204 1395 383 1427 decretum
402 1395 492 1428 illud
509 1401 543 1428 et
559 1395 636 1428 idea
654 1396 857 1428 admirandi
882 1397 996 1440 operis
1009 1422 1018 1436 ,
1044 1409 1118 1429 non
1135 1405 1185 1431 est

203 1450 319 1477 motus
333 1451 428 1477 extra
446 1451 599 1478 mentem
618 1443 815 1484 architecti,
851 1457 915 1479 nec
939 1445 1043 1480 efficit
1069 1453 1185 1480 muta-

204 1493 336 1527 tionem
354 1495 389 1526 in
407 1495 482 1539 ipso
501 1493 705 1529 architecto.

289 1551 383 1585 Haec
402 1559 483 1586 sunt
503 1554 687 1597 praecipua
705 1561 922 1597 argumenta,
939 1566 1027 1599 quae
1045 1555 1087 1588 ad
1101 1567 1186 1588 con—

204 1602 413 1635 firmandam
437 1604 678 1637 aeternitatem
703 1605 746 1637 ab
770 1603 959 1638 Aristotele
983 1605 1187 1646 recitantur,

205 1664 356 1696 quorum
395 1654 604 1686 sententiam
643 1654 815 1687 mediocri
850 1655 1098 1699 perspicuitate
1126 1667 1184 1688 ex-

205 1713 318 1745 POSUI·

306 1760 484 1795 Hactenus
509 1762 652 1796 recitavi
671 1763 873 1808 praecipuas
889 1764 1072 1806 materias,
1098 1776 1186 1810 quae

205 1810 431 1844 continentur
456 1812 493 1844 in
510 1820 587 1846 octo
605 1814 705 1847 libris
719 1811 950 1860 Physicorum
963 1841 972 1855 ,
998 1822 1038 1849 ut
1057 1827 1187 1848 vocan-

205 1867 279 1900 tur,
308 1873 395 1905 quae
411 1869 493 1895 sunt
511 1863 632 1906 exigua
656 1864 757 1897 initia
784 1865 964 1899 doctrinae
991 1866 1034 1898 de
1060 1872 1186 1898 natura

205 1922 411 1954 corporum,
439 1913 520 1956 quia
540 1913 577 1945 in
597 1925 722 1956 genere
739 1915 861 1949 dicunt
878 1916 920 1948 de
936 1916 1066 1957 causis,
1094 1922 1127 1949 et
1143 1916 1186 1948 de

206 1961 480 2004 proprietatibus
510 1974 720 2006 corporum,
755 1966 797 1997 de
822 1972 939 2006 motu,
976 1966 1073 2008 loco,
1098 1973 1187 2000 tem-

205 2022 310 2053 pore,
338 2018 371 2045 et
388 2011 593 2046 discernunt
615 2015 796 2047 materiam
815 2022 847 2048 et
863 2016 1024 2050 sormam.
1084 2016 1186 2049 Nunc

205 2068 371 2105 sequetur
391 2062 551 2095 doctrina
578 2064 621 2096 de
643 2062 838 2098 Elementis
870 2072 903 2099 et
928 2067 970 2098 de
1003 2066 1186 2099 mixtioni-

205 2110 289 2151 bus,
317 2111 353 2143 in
379 2123 447 2156 qua
472 2124 594 2146 causae
617 2114 886 2155 alterationum,
919 2117 1184 2158 generationum

205 2167 237 2194 et
251 2162 518 2205 corruptionum
537 2164 716 2208 propiores
733 2166 887 2209 conspici
913 2174 1070 2209 possunt.

304 2227 348 2262 Et
367 2241 450 2263 usus
474 2230 621 2264 illustris
644 2239 694 2266 est
719 2230 824 2266 huius
850 2234 1028 2267 doctrinae
1053 2235 1089 2267 in
1108 2248 1184 2268 om—

205 2278 305 2312 nium
330 2280 520 2313 mixtorum
551 2283 850 2324 consideratione,
884 2284 946 2316 ubi
973 2285 1185 2329 quaerimus,

205 2340 294 2372 quae
312 2341 364 2363 res
383 2331 512 2375 quibus
532 2331 629 2377 iungi
646 2341 704 2368 aut
724 2334 861 2367 misceri
881 2334 1025 2379 possint,
1049 2342 1081 2369 et
1098 2348 1183 2381 qua-

436 89 644 127 SCRIPTA
672 89 747 126 PH.
775 82 891 123 MEL.
920 85 987 122 AD
1011 87 1138 124 HlST.
1164 86 1306 126 PROF.
1333 87 1399 124 ΕΤ
1427 87 1616 126 PHIEOS.
1645 88 1963 129 SPECTANTIA.

2134 94 2209 129 380

1235 174 1284 208 les
1309 174 1392 208 fiant
1411 175 1654 216 alterationes,
1680 181 1739 208 aut
1762 178 2019 217 generationes,
2046 184 2107 211 aut
2130 190 2209 212 cor-

1235 225 1429 268 ruptiones,
1454 226 1583 259 iunctis
1599 232 1659 259 aut
1674 225 1791 259 mixtis
1809 227 1910 260 certis
1926 229 2040 269 rebus,
2067 235 2105 262 ut
2122 229 2211 263 sicut

1236 281 1308 308 arte
1334 276 1494 309 videmus
1515 276 1649 320 lapides
1667 282 1783 310 coctos
1800 276 1895 315 fieri,
1919 285 2054 321 sumpta
2076 279 2210 313 viscosa

1236 331 1346 364 terra,
1374 333 1405 359 et
1423 327 1611 360 madefacta
1628 339 1731 372 aqua,
1757 339 1795 359 ac
1815 327 1951 370 agitata,
1978 335 2017 361 ut
2034 340 2123 373 aqua
2141 342 2210 362 un-

1236 375 1342 420 dique
1359 377 1541 411 misceatur
1557 384 1678 412 terrae.
1705 377 1794 410 Nam
1805 375 1933 410 humor
1950 384 2001 411 est>
2014 379 2211 420 coagulum,

1236 425 1310 458 sine
1327 439 1396 470 quo
1413 427 1522 460 siccae
1539 435 1653 472 partes
1670 440 1743 461 non
1762 425 1967 468 cohaerent,
1994 434 2112 472 postea
2130 441 2211 463 vero

1236 477 1367 509 accedit
1380 477 1524 516 assatio,
1554 490 1623 522 qua
1650 479 1758 511 moles
1781 478 1841 511 illa
1866 479 2032 517 duratur,
2059 478 2107 511 ita
2123 479 2211 512 etin

1237 531 1328 558 terra
1345 527 1430 559 etin
1450 527 1533 571 ipsis
1556 526 1742 561 hominum
1766 529 1911 562 renibus
1945 535 2139 562 nascuntur
2160 529 2214 562 la-

1237 575 1353 619 pides,
1381 577 1462 621 quia
1481 578 1621 621 pinguis
1646 586 1678 611 et
1702 579 1826 613 billosa
1851 579 2074 624 superfluitas
2097 579 2214 612 nutri-

1236 627 1345 658 menti
1362 626 1399 658 in
1417 628 1560 661 renibus
1577 629 1743 669 subsidit,
1771 636 1804 664 et
1828 637 1972 674 propter
1996 629 2215 663 debilitatem

1236 676 1347 709 nativi
1362 677 1505 715 caloris,
1534 678 1595 722 qui
1620 678 1646 710 si
1666 679 1790 712 fortior
1812 687 1909 721 esset,
1933 680 2117 723 dissiparet
2137 691 2214 712 eam

1237 727 1417 760 materiam
1440 733 1474 761 et
1495 728 1702 772 expelleret,
1729 730 1897 772 paulatim
1913 731 1982 763 coit
1999 737 2031 763 et
2050 729 2214 773 coagula-

1237 783 1293 810 tur
1323 777 1384 810 illa
1412 778 1540 818 moles,
1565 778 1693 811 deinde
1723 780 1856 812 accedit
1880 781 2024 821 assatio,
2060 792 2148 825 quae
2174 780 2212 813 fit

1237 839 1255 860 a
1269 828 1383 861 calore
1400 829 1702 872 praeternaturali.
1755 828 1802 863 Ut
1818 829 1912 862 enim
1929 830 2091 864 calefiunt
2109 830 2214 863 etiam

1237 878 1273 910 in
1288 876 1412 923 hyeme
1430 880 1577 919 canaleS,
1593 879 1675 924 quia
1695 877 1826 912 halitus
1843 880 1955 912 efflari
1970 892 2040 912 non
2061 887 2216 923 possunt,

1236 928 1283 960 ita
1309 929 1346 961 in
1371 929 1472 961 senili
1497 941 1661 973 corpore,
1689 937 1831 974 propter
1848 930 2114 963 obstructiones.
2147 929 2216 963 Ca-

1238 978 1292 1011 lor
1322 979 1383 1011 ille
1421 981 1730 1023 praeternaturalis
1762 980 1885 1013 crescit
1916 986 1976 1013 aut
2013 979 2216 1014 accenditur

1238 1035 1335 1062 motu
1348 1055 1355 1069 ,
1378 1030 1426 1062 sic
1441 1037 1575 1064 assatur
1593 1031 1735 1063 materia
1751 1031 1789 1063 in
1805 1030 1898 1064 cavis
1916 1030 2012 1063 locis.

1339 1093 1446 1129 Vides
1465 1096 1572 1139 igitur
1588 1109 1737 1141 quarum
1760 1097 1987 1130 materiarum
2011 1097 2068 1130 fiat
2083 1097 2218 1138 mixtio,

1237 1146 1370 1180 scilicet
1389 1146 1427 1179 in
1443 1147 1661 1181 nutrimento
1679 1147 1831 1190 partium
1857 1147 2028 1180 siccarum
2047 1154 2079 1180 et
2098 1145 2218 1179 humi-

1237 1199 1381 1235 darum,
1409 1209 1497 1241 quae
1522 1204 1603 1231 sunt
1627 1197 1664 1230 in
1688 1197 1927 1241 superfluitate
1954 1197 2087 1230 viscosa
2111 1203 2143 1229 et
2167 1203 2218 1230 te-

1238 1247 1326 1280 naci.
1380 1246 1488 1280 Vides
1508 1254 1541 1281 et
1558 1259 1765 1280 concurrere
1782 1248 1968 1280 efficientes
1994 1257 2132 1287 causaS,
2156 1248 2217 1280 sed

1238 1298 1378 1330 diverso
1413 1299 1537 1338 modo,
1572 1298 1682 1341 frigus
1707 1305 1740 1331 et
1764 1298 1915 1330 calorem
1942 1297 2109 1331 alienum.
2170 1295 2217 1331 Et

1239 1348 1376 1380 facilius
1407 1348 1601 1391 gignuntur
1624 1348 1749 1380 calculi
1775 1348 1810 1379 in
1836 1348 1979 1380 renibus
2010 1355 2135 1381 natura
2161 1348 2218 1379 ni-

1238 1398 1349 1430 mium
1366 1398 1582 1438 calentibus,
1606 1398 1687 1442 quia
1711 1410 1789 1430 cum
1806 1398 1988 1441 proprium
2014 1398 2140 1430 caloris
2160 1398 2216 1435 sit,

1239 1448 1442 1491 praesertim
1467 1448 1709 1487 immoderati,
1738 1445 1930 1488 attrahere,
1957 1459 2057 1480 renes
2083 1447 2120 1480 in
2137 1448 2219 1481 tali-

1239 1499 1304 1531 bus
1326 1498 1403 1541 plus
1420 1499 1584 1531 materiae
1602 1495 1795 1538 attrahunt,
1822 1503 1855 1530 et
1871 1497 1979 1540 magis
1995 1497 2220 1531 inflamman-

1237 1554 1295 1581 tur
1314 1554 1422 1583 motu.
1475 1547 1521 1581 Et
1537 1546 1620 1581 haec
1636 1559 1737 1581 causa
1755 1554 1822 1588 est,
1850 1559 1911 1580 cur
1936 1545 1993 1580 hic
2015 1548 2160 1581 morbus
2182 1548 2220 1580 in

1237 1605 1337 1631 natos
1353 1605 1581 1642 propagetur,
1607 1599 1689 1643 quia
1713 1610 1837 1631 renum
1861 1605 1988 1631 natura
2009 1598 2154 1638 similis,
2181 1598 2219 1631 id

1237 1655 1302 1690 est,
1330 1649 1496 1687 calidior,
1524 1649 1720 1694 plerunque
1737 1655 1959 1692 propagatur.

1338 1715 1416 1749 Hoc
1441 1716 1640 1759 exemplum
1663 1728 1702 1749 eo
1726 1716 1889 1756 recitavi,
1922 1721 1962 1749 ut
1993 1715 2217 1750 considerent

1238 1766 1404 1803 iuniores,
1427 1767 1540 1811 qualis
1559 1766 1603 1800 sit
1617 1778 1700 1800 usus
1717 1766 1897 1799 doctrinae
1920 1777 2025 1810 supra
2044 1767 2086 1798 de
2109 1767 2221 1799 causis

1237 1818 1402 1857 traditae,
1426 1823 1458 1850 et
1480 1817 1618 1850 avidius
1642 1823 1821 1860 expectent
1847 1823 2049 1861 sequentem
2066 1817 2110 1849 de
2125 1817 2215 1849 mix-

1237 1868 1394 1901 tionibus
1421 1874 1452 1900 et
1480 1867 1586 1900 variis
1618 1868 1826 1911 qualitatum
1864 1867 2070 1901 actionibus,
2137 1865 2220 1900 Dixi

1238 1916 1294 1950 hic
1319 1918 1500 1951 materiam
1532 1917 1661 1961 lapidis
1690 1929 1761 1950 esse
1794 1917 1960 1960 pinguem
1989 1922 2021 1949 et
2054 1916 2217 1950 biliosam

1238 1968 1525 2012 superfluitatem.
1583 1966 1719 2000 Deinde
1745 1979 1847 2001 causa
1871 1979 1933 1999 cur
1958 1967 2067 2000 moles
2094 1979 2218 2000 cumu-

1238 2019 1348 2059 letur,
1384 2031 1455 2050 non
1483 2024 1533 2051 est
1562 2018 1731 2062 positiva,
1768 2018 1827 2050 sed
1861 2017 2055 2061 privativa,
2087 2017 2217 2051 scilicet

1238 2069 1390 2102 defectus
1413 2069 1548 2103 caloris.
1610 2067 1702 2102 Iacet
1737 2068 1879 2100 materia
1913 2068 2057 2100 immota
2082 2075 2114 2102 et
2138 2070 2218 2107 coit,

1238 2119 1318 2164 quia
1350 2132 1422 2152 non
1454 2119 1650 2163 expellitur.
1712 2118 1781 2152 Sed
1805 2129 1906 2150 causa
1934 2117 2081 2160 positiva
2106 2125 2155 2151 est
2180 2119 2217 2150 in

1237 2171 1403 2210 assando,
1424 2170 1519 2202 calor
1542 2170 1677 2203 alienus
1692 2169 1751 2214 qui
1771 2170 1873 2201 durat
1889 2165 1980 2200 hanc
2003 2168 2151 2209 molem,
2178 2175 2218 2202 ut

1239 2220 1274 2253 fit
1293 2221 1329 2252 in
1350 2221 1454 2253 coctis
1471 2220 1661 2264 lapidibus.
1715 2218 1783 2251 Sed
1803 2218 1838 2250 in
1856 2225 1954 2261 parte
1971 2218 2104 2262 operis,
2129 2230 2216 2264 quae

1239 2271 1419 2316 sequitur,
1447 2271 1548 2316 plura
1567 2269 1721 2313 exempla
1741 2268 1973 2302 recitabimus.
2009 2286 2015 2291 -

1652 2325 1799 2365 Τέλος.
