2379 2948
192 156 262 190 199
422 148 630 187 scmPTA
659 147 733 184 PH.
762 144 876 180 MEL.
905 143 970 179 AD
998 142 1127 178 Hlsr.
1153 140 1297 178 paor.
1326 140 1392 176 ET
1417 139 1611 177 PH1Los.
1639 139 1958 178 SPECTANTIA.
2126 144 2200 177 200

189 246 267 272 tura
290 234 476 269 hominum
513 234 629 268 amisit
656 231 804 275 primam
830 229 1096 268 rectitudinem,
1131 235 1164 262 et

191 300 286 321 nunc
304 298 427 328 magna
446 292 493 317 est
511 286 547 316 in
563 281 770 315 horninibus
786 279 1016 320 contumacia,
1045 280 1168 312 adver-

191 351 250 372 sus
266 338 362 370 illam
382 337 487 378 ipsam
505 333 691 369 noticiam,
720 342 808 374 quae
825 330 973 363 debebat
990 341 1061 362 esse
1081 329 1172 362 vitae

194 388 332 422 rectrix.
386 385 459 417 lmo
478 382 717 416 dubitationes
734 380 864 413 multae
883 381 1096 414 conturbant
1114 391 1173 411 ve-

195 450 270 472 ram
289 434 468 469 noticiam.

298 485 390 527 Quia
408 483 501 516 enim
519 494 618 525 saepe
633 481 736 514 bonis
751 480 840 513 male
864 487 932 521 est,
960 486 999 513 ut
1015 478 1174 512 Palame-

197 539 274 573 des,
308 534 485 574 Socrates,
523 531 728 569 Parmenio,
770 530 922 568 Seneca,
956 542 974 563 a
1000 528 1172 562 sceleratis

198 584 476 623 interficiuntur,
510 580 670 615 homines
702 582 903 623 ignorantes
935 591 1035 613 veros
1063 580 1175 611 sontes

198 634 434 669 calamitatum
459 631 694 666 humanarum
717 631 897 669 dubitant,
925 631 967 662 de
986 629 1177 674 providen-

198 687 265 726 tia,
292 692 325 718 et
343 684 508 717 noticiam
523 684 564 716 de
580 682 655 715 Deo
668 709 677 722 ‚
705 682 887 714 nobiscum
907 687 1116 716 nascentem,
1144 684 1177 710 et

199 735 387 770 habentem
404 734 502 766 firma
526 732 723 766 testimonia
746 744 785 764 ex
807 729 1177 765 demonstrationibus,

201 788 375 824 obruunt,
402 783 644 816 dissentientes
662 783 705 814 ab
725 782 796 825 ipsa
814 781 940 813 mentis
957 780 1043 812 luce.
1085 778 1178 811 Hinc

201 843 283 870 sunt
313 834 465 878 epicurei
480 834 634 872 furores,
661 832 721 876 qni
746 831 931 863 adfirmant
954 829 1072 861 omnia
1098 840 1178 861 casu

203 886 297 925 fieri,
324 891 356 918 et
374 882 464 916 nihil
487 883 558 925 regi
583 882 730 915 consilio
754 881 832 915 Dei.
886 879 1085 913 Academici
1113 879 1179 911 du-

204 937 334 975 bitant,
362 941 395 967 et
417 946 494 967 cum
513 932 722 966 Simoniden
739 930 847 963 Hiero
864 929 1004 963 Siculus
1028 929 1180 961 interro-

203 992 332 1030 gasset,
364 984 449 1029 quid
478 983 519 1016 sit
547 982 663 1022 Deus,
697 988 731 1015 et
757 980 958 1014 Simonides
980 979 1090 1013 tribui
1113 978 1179 1011 sibi

202 1035 359 1080 spacium
373 1035 416 1067 ad
434 1033 656 1075 cogitandum
670 1031 841 1075 petiisset,
867 1031 1007 1064 tandem
1025 1037 1101 1073 post
1115 1029 1181 1062 ali-

204 1093 290 1131 quot
313 1085 386 1118 dies
413 1082 612 1126 respondit,
648 1093 683 1114 se
710 1093 779 1124 quo
807 1081 939 1113 diutius
963 1080 1107 1121 cogitet,
1140 1090 1180 1111 eo

203 1136 321 1169 minus
339 1145 437 1177 posse
454 1132 630 1170 invenire,
658 1131 740 1174 quid
757 1142 829 1162 esse
845 1130 959 1162 Deum
975 1129 1078 1161 dicat.

304 1182 380 1217 Etsi
396 1189 512 1216 autem
528 1182 677 1214 obscura
693 1187 744 1214 est
761 1179 890 1213 noticia
910 1177 1063 1224 physica,
1090 1189 1180 1222 quae

206 1235 389 1268 nobiscum
413 1232 585 1269 nascitur,
619 1237 737 1264 tamen
762 1229 1002 1263 definitionem
1027 1229 1181 1273 aliquam

205 1285 299 1318 Deus
315 1283 419 1316 nobis
437 1288 557 1315 notam
575 1292 647 1313 esse
670 1280 800 1317 voluit,
826 1287 866 1313 ut
883 1279 1013 1312 Paulus
1036 1279 1107 1322 ipse
1126 1278 1182 1309 in-

204 1335 298 1380 quit,
326 1346 404 1367 cum
421 1332 469 1365 ait
489 1332 532 1365 de
552 1330 703 1364 naturali
721 1329 866 1363 noticia:
894 1329 990 1362 Deus
1006 1329 1054 1361 eis
1070 1327 1183 1360 mani-

205 1384 352 1418 festavit.
407 1382 578 1415 Tenenda
595 1387 645 1413 est
670 1381 776 1422 igitur
800 1377 940 1424 physica
965 1379 1082 1422 aliqua
1099 1378 1182 1410 defi-

204 1435 311 1474 nitio,
347 1442 541 1473 congruens
565 1429 717 1462 naturali
740 1428 870 1461 iudicio
897 1429 1043 1461 rationis
1070 1434 1102 1459 et
1121 1429 1183 1458 de-

206 1482 534 1517 monstrationibus.
586 1479 684 1511 Talis
699 1485 749 1511 est
764 1476 849 1510 haec
866 1476 1060 1510 Platonica:
1088 1475 1183 1508 Deus

207 1541 257 1567 est
283 1544 381 1565 mens
403 1538 560 1567 aeterna,
594 1540 695 1563 causa
718 1527 803 1561 boni
828 1528 864 1560 in
888 1534 1023 1561 natura.
1082 1525 1182 1558 Hanc

206 1583 448 1618 definitionem
481 1580 630 1613 sciamus
659 1576 839 1623 physicam
871 1589 960 1618 esse,
1000 1589 1089 1621 quae
1120 1576 1181 1609 etsi

206 1634 317 1667 multa
346 1630 608 1674 complectitur,
639 1629 800 1662 adfirmat
823 1627 939 1668 enim,
970 1626 1085 1659 Deum
1110 1638 1182 1658 non

207 1695 279 1717 esse
310 1694 453 1726 corpus,
486 1681 546 1713 sed
580 1685 731 1712 mentem
756 1684 952 1718 aeternam,
995 1677 1184 1709 immensae

206 1733 401 1778 potentiae,
437 1730 643 1774 sapientiae,
683 1728 885 1776 bonitatis&
913 1739 1092 1765 veracem,
1128 1727 1184 1759 iu—

207 1791 293 1817 stam
307 1808 315 1822 ,
339 1790 372 1816 et
388 1780 615 1815 conditricem
637 1780 810 1811 bonarum
828 1790 944 1810 rerum
958 1805 966 1818 ,
992 1784 1108 1810 tamen
1135 1784 1184 1810 tc-

206 1834 313 1867 nuior
328 1840 395 1873 est,
418 1843 522 1876 quam
540 1829 697 1863 definitio
716 1827 891 1861 Ecclesiae
909 1829 1120 1868 necessaria,
1148 1827 1184 1858 in

208 1895 277 1928 qua
296 1883 393 1915 Deus
408 1880 567 1924 patefecit
587 1886 655 1912 tres
669 1878 858 1918 Personas,
885 1884 918 1911 et
942 1890 1104 1910 arcanam
1122 1889 1184 1910 vo-

207 1934 378 1967 luntatem
398 1932 441 1964 de
461 1930 656 1972 colligenda
672 1927 827 1961 Ecclesia
843 1935 994 1969 aeterna,
1020 1935 1051 1961 et
1068 1929 1111 1961 de
1129 1939 1185 1960 re-

206 1983 373 2016 missione
389 1987 622 2025 peccatorum.

312 2032 490 2065 Teneatur
506 2040 586 2071 ergo
603 2028 761 2062 definitio
779 2028 815 2060 in
825 2026 980 2061 Ecclesia
1001 2027 1185 2066 illustrior,

209 2088 344 2126 sumpta
363 2094 402 2114 ex
420 2079 635 2113 admirandis
651 2077 878 2118 testimoniis,
904 2078 1033 2122 quibus
1047 2089 1081 2110 se
1092 2077 1186 2110 Deus

210 2135 378 2166 immensa
401 2130 558 2164 bonitate
585 2128 688 2161 nobis
719 2128 891 2170 patefecit.
942 2126 1037 2159 Dens
1060 2135 1109 2160 cst
1134 2140 1185 2160 es-

210 2183 321 2216 sentia
366 2180 576 2225 spiritualis,
615 2178 833 2220 intelligens,
873 2183 1031 2217 aeterna,
1070 2189 1185 2218 verax,

209 2235 320 2273 hona,
354 2233 464 2270 iusta,
499 2229 716 2268 misericors,
749 2235 858 2267 casta,
894 2227 1092 2267 liberrima,
1118 2228 1186 2259 im-

210 2295 348 2316 mensae
372 2280 549 2325 potentiae
582 2285 615 2312 et
639 2277 848 2320 sapientiae,
882 2276 985 2310 Pater
1013 2284 1185 2317 aeternus,

211 2333 271 2377 qui
286 2332 417 2365 Filium
433 2330 620 2373 imaginem
642 2340 740 2362 suam
759 2328 803 2361 ab
819 2334 960 2361 aeterno
983 2328 1102 2370 genuit
1116 2354 1124 2367 ,
1152 2335 1185 2361 et

211 2382 324 2415 Filius
344 2382 458 2424 imago
469 2380 583 2413 Patris
604 2385 796 2418 coaeterna,
823 2384 856 2410 et
867 2376 1019 2421 Spiritus
1037 2384 1184 2417 sanctus,

212 2433 406 2476 procedens
422 2443 440 2463 a
458 2429 560 2463 Patre
578 2436 611 2462 et
629 2428 740 2468 Filio,
771 2428 859 2461 sicut
882 2433 932 2460 est
947 2428 1112 2470 patefacta
1129 2428 1184 2460 di-

212 2482 339 2514 vinitas
355 2486 446 2513 certo
464 2480 582 2519 verbo,
600 2479 693 2523 quod
706 2478 810 2511 Pater
825 2484 985 2511 aeternus
1002 2489 1079 2510 cum
1091 2476 1182 2510 Filio

211 2538 246 2565 et
273 2530 408 2574 Spiritu
430 2535 546 2562 sancto
568 2529 766 2562 condiderit
788 2534 821 2561 et
843 2534 955 2561 servet
990 2527 1124 2560 coelum
1151 2534 1183 2560 et

212 2590 352 2618 terram,
379 2585 413 2612 et
435 2590 556 2611 omnes
573 2585 757 2619 creaturas,
783 2585 818 2611 et
833 2578 870 2610 in
886 2589 1010 2620 genere
1027 2574 1182 2610 humano

211 2631 352 2664 condito
376 2629 420 2662 ad
443 2628 630 2670 imaginem
657 2640 753 2661 suam
787 2635 821 2662 et
857 2635 985 2661 certam
1014 2627 1183 2660 obedien-

211 2682 296 2716 tiam
318 2678 459 2723 elegerit
483 2678 551 2712 sibi
567 2675 781 2719 Ecclesiam,
807 2684 848 2712 ut
870 2678 914 2712 ab
940 2689 978 2711 ea
1003 2674 1087 2712 haec
1111 2689 1183 2711 una

1221 235 1255 261 et
1276 239 1357 260 vera
1380 226 1548 259 divinitas
1571 227 1740 270 patefacta
1772 226 1875 259 certis
1906 227 2132 268 testimoniis,
2168 234 2202 261 et

1221 289 1282 321 pet
1327 278 1472 310 verbum
1512 276 1680 310 traditum
1720 274 1906 320 Prophetis
1944 284 1977 310 et
2020 278 2201 322 Apostolis

1222 333 1446 369 agnoscatur,
1474 328 1657 359 invocetur
1684 333 1717 359 et
1742 327 1896 366 colatur,
1930 327 2023 360 iuxta
2056 329 2202 360 verbum

1224 377 1311 409 illud
1330 377 1500 410 divinitus
1519 377 1685 410 traditum
1698 401 1707 415 ‚
1735 377 1820 410 etin
1837 377 1908 409 vita
1927 383 2066 409 aeterna
2084 389 2201 410 coram

1224 427 1457 470 conspiciatur
1473 433 1506 459 et
1523 427 1728 459 celebretur.
1778 426 1896 459 Huius
1914 427 2129 459 definitionis
2145 439 2204 460 ex-

1225 477 1449 520 plicationem
1472 474 1530 509 hic
1548 483 1748 520 praetereo,
1775 477 1926 520 pertinet
1949 477 2042 509 enim
2068 489 2140 509 non
2160 477 2204 509 ad

1226 525 1311 560 haec
1335 527 1504 560 elementa
1523 524 1698 572 physices,
1726 528 1785 560 sed
1810 528 1853 559 ad
1869 525 2046 560 Ecclesiae
2071 527 2205 560 doctri-

1225 589 1318 611 nam.
1370 575 1548 610 Recensui
1567 584 1681 610 autem
1700 577 1875 617 breviter,
1902 584 1942 611 ut
1959 578 2100 611 collatio
2120 577 2206 610 defi-

1226 626 1401 659 nitionum
1430 627 1603 659 studiosos
1631 627 1815 660 admoneat
1833 625 2011 672 physicam
2028 627 2207 660 definitio-

1227 688 1307 709 nem
1325 676 1485 709 mutilam
1504 687 1575 709 esse
1589 703 1598 716 ,
1625 683 1658 709 et
1675 683 1714 709 ut
1734 684 1814 709 ante
1832 678 1924 718 dixi,
1951 678 2149 712 doctrinam
2164 678 2207 710 de

1227 726 1302 760 Deo
1319 726 1355 759 in
1373 724 1529 759 Ecclesia
1545 727 1782 771 quaerendam
1807 738 1890 761 esse.

1329 791 1403 825 Etsi
1421 799 1535 825 autem
1552 793 1595 825 ad
1611 792 1867 825 confirmandas
1886 798 2034 833 mentes,
2058 799 2096 825 nt
2114 800 2207 827 certo

1230 850 1383 877 statuant
1402 854 1473 875 csse
1490 843 1604 876 Deum
1629 849 1781 875 mentem
1809 849 1984 875 aeternam
1998 869 2007 883 ,
2035 844 2208 876 conditri-

1230 906 1305 926 cem
1333 905 1471 933 rerum,
1506 893 1657 926 iudicem
1694 890 1930 925 humanorum
1963 893 2151 933 factorum,
2176 901 2209 927 et

1232 942 1418 975 Vindicem
1443 943 1629 983 scelerum,
1662 942 1812 975 maxime
1835 943 2035 975 conducunt
2060 943 2210 977 illustria

1232 1000 1264 1026 et
1281 994 1463 1026 manifesta
1481 993 1678 1027 testimonia
1690 1018 1700 1031 ‚
1724 993 1853 1037 quibus
1872 1004 1909 1025 se
1926 992 2020 1025 Deus
2038 993 2210 1036 patefecit,

1232 1050 1271 1076 ut
1294 1043 1432 1075 eductio
1457 1055 1497 1075 ex
1520 1042 1698 1088 Aegypto,
1731 1043 1948 1077 resuscitatio
1975 1050 2210 1086 mortuorum,

1232 1100 1264 1126 et
1289 1093 1355 1125 alia
1382 1094 1551 1136 quaedam
1584 1093 1770 1133 miracula,
1804 1106 1891 1138 quae
1919 1093 2017 1126 nulla
2052 1100 2210 1127 creatura

1233 1143 1362 1175 imitari
1380 1149 1507 1186 potest:
1538 1150 1655 1176 tamen
1671 1145 1713 1175 ad
1731 1140 1819 1176 hanc
1838 1155 2058 1176 communem
2071 1145 2112 1177 de
2128 1156 2211 1188 pro-

1233 1193 1387 1225 videntia
1411 1193 1619 1225 sententiam
1652 1193 1926 1226 confirmandam
1950 1194 2101 1227 multum
2128 1206 2212 1236 pro-

1234 1244 1327 1282 dest,
1354 1244 1457 1275 etiam
1483 1255 1619 1286 semper
1641 1243 1678 1274 in
1699 1250 1888 1286 conspectu
1913 1241 2040 1275 habere
2064 1244 2213 1276 demon-

1233 1293 1435 1332 strationes,
1462 1305 1501 1325 ex
1520 1301 1644 1325 natura
1663 1299 1831 1334 sumptas,
1857 1305 1945 1336 quae
1961 1292 2039 1325 ideo
2062 1293 2213 1336 diligen-

1235 1343 1304 1375 tius
1322 1343 1537 1385 colligendae
1553 1350 1647 1383 sunt,
1676 1350 1713 1373 nt
1732 1343 1884 1383 conspici
1902 1342 2214 1385 possitEpicureos

1235 1405 1312 1425 cum
1332 1393 1405 1434 ipsa
1426 1404 1507 1422 voce
1525 1398 1669 1422 naturae
1689 1402 1862 1434 pugnare,
1888 1402 1966 1422 cum
1990 1399 2118 1434 negant
2141 1405 2214 1425 esse

1233 1440 1367 1480 Deum,
1395 1447 1426 1474 et
1441 1439 1516 1473 Deo
1544 1452 1647 1473 curae
1666 1452 1738 1474 esse
1761 1451 1816 1473 res
1840 1438 2023 1476 humanas.
2075 1441 2130 1476 Sit
2147 1443 2214 1485 igi..

1235 1498 1292 1524 tur
1319 1488 1403 1523 haec
1427 1491 1540 1534 prima
1567 1491 1676 1531 ratio,
1710 1497 1848 1534 sumpta
1871 1491 1915 1523 ab
1938 1491 2064 1524 ordine
2088 1492 2126 1525 in
2150 1504 2214 1526 na-

1235 1548 1330 1581 tura,
1367 1541 1400 1574 id
1435 1548 1502 1582 est,
1542 1541 1586 1574 ab
1616 1541 1797 1574 effectibus
1829 1541 2108 1576 monstrantibus
2136 1543 2216 1587 opi-

1236 1592 1347 1624 ficem.

1337 1648 1557 1693 Impossibile
1582 1655 1631 1682 est
1653 1650 1812 1683 ordinem
1835 1656 2062 1694 perpetuum,
2097 1652 2134 1684 in
2150 1664 2215 1686 na-

1237 1707 1314 1734 tura
1339 1712 1420 1733 casu
1443 1706 1559 1732 ortum
1583 1711 1675 1738 esse,
1703 1706 1736 1733 et
1759 1711 1839 1734 casu
1863 1712 2024 1740 manere,
2052 1708 2112 1735 aut
2136 1708 2216 1735 tan—

1236 1758 1309 1784 tum
1334 1762 1353 1782 a
1375 1751 1520 1783 materia
1550 1756 1666 1783 ortum
1696 1761 1778 1782 esse.
1844 1749 2057 1794 Praecipuae
2097 1759 2213 1786 autem

1236 1807 1351 1844 partes
1382 1800 1420 1832 in
1451 1806 1577 1834 natura
1603 1800 1785 1833 ordinatae
1802 1807 1902 1841 sunt,
1929 1808 1962 1834 et
1986 1809 2103 1836 manet
2127 1804 2214 1836 ordo

1237 1857 1444 1895 perpetuus,
1483 1857 1643 1884 motuum
1667 1851 1886 1891 coelestium,
1918 1851 2133 1895 specierum,
2168 1853 2215 1886 ita

1236 1908 1276 1934 ut
1303 1913 1342 1933 ex
1365 1899 1509 1934 homine
1535 1898 1659 1940 homo,
1684 1913 1724 1933 ex
1748 1901 1836 1934 bove
1853 1902 1914 1934 bos
1934 1908 2115 1942 nascatur,
2140 1903 2215 1936 soe-

1237 1951 1427 1984 cunditatis
1446 1958 1572 1990 terrae,
1595 1951 1822 1993 perennitatis
1839 1950 2043 1991 fluminum,
2072 1959 2213 1987 natura-

1238 2001 1325 2034 lium
1344 2001 1555 2034 noticiarum
1574 2001 1610 2032 in
1632 2001 1808 2034 mentibus
1828 1998 2002 2034 humanis.
2041 2000 2135 2045 Ergo
2151 2014 2215 2036 na-

1237 2058 1315 2085 tura
1333 2063 1405 2084 non
1423 2051 1535 2084 extitit
1553 2062 1652 2090 casu,
1679 2052 1738 2083 sed
1756 2063 1773 2084 a
1791 2058 1908 2084 mente
1925 2051 2042 2096 aliqua
2061 2059 2136 2086 orta
2152 2060 2213 2094 est,

1238 2113 1327 2147 quae
1342 2101 1503 2134 ordinem
1520 2100 1698 2142 intelligit.

1340 2159 1499 2193 Secunda
1511 2186 1520 2199 ,
1547 2171 1565 2192 a
1582 2165 1706 2191 natura
1723 2159 1850 2192 mentis
1868 2156 2052 2196 humanae.
2105 2161 2215 2196 Bruta

1238 2221 1292 2243 res
1316 2222 1389 2243 non
1411 2216 1461 2243 est
1486 2220 1587 2242 causa
1611 2216 1755 2242 naturae
1780 2209 2017 2252 intelligentis.
2076 2211 2216 2246 Mentes

1238 2258 1422 2293 hominum
1442 2258 1571 2292 habent
1586 2259 1739 2304 aliquam
1757 2271 1907 2300 causam,
1932 2261 2015 2306 quia
2034 2258 2138 2296 homo
2157 2263 2215 2295 in-

1237 2311 1320 2354 cipit
1338 2322 1419 2348 esse,
1447 2316 1480 2343 et
1498 2310 1641 2342 aliunde
1660 2310 1784 2342 oritur.
1818 2308 1912 2353 Ergo
1929 2322 2066 2345 necesse
2081 2319 2131 2345 est
2146 2313 2213 2345 ali-

1236 2373 1341 2405 quam
1358 2360 1612 2403 intelligentem
1629 2366 1810 2400 naturam,
1837 2371 1975 2393 causam
1997 2373 2069 2394 esse
2084 2363 2212 2397 mentis

1236 2408 1422 2444 humanae.
1475 2410 1620 2443 Necesse
1639 2417 1688 2443 est
1706 2410 1813 2452 igitur
1833 2421 1905 2443 esse
1922 2409 2047 2446 Deum.

1337 2475 1472 2514 Tertia,
1497 2488 1514 2508 a
1534 2475 1737 2508 discrimine
1753 2473 1978 2509 honestorum
1997 2484 2028 2510 et
2044 2479 2212 2522 turpium,

1235 2533 1269 2560 et
1292 2527 1369 2560 aliis
1397 2525 1535 2558 noticiis
1560 2526 1800 2566 naturalibus,
1832 2526 1966 2558 ordinis
1992 2533 2024 2560 et
2044 2540 2211 2563 numero-

1234 2589 1324 2609 rum.
1349 2597 1356 2606 ,
1385 2575 1604 2618 Impossibile
1634 2583 1683 2609 est
1712 2575 1900 2609 discrimen
1924 2573 2150 2612 honestorum
2176 2587 2211 2614 et

1233 2626 1389 2670 turpium
1409 2625 1445 2658 in
1464 2633 1597 2666 mente,
1625 2637 1705 2659 casu
1720 2632 1780 2659 aut
1795 2637 1813 2658 a
1830 2626 1972 2659 materia
1988 2634 2104 2661 ortum
2124 2640 2209 2664 esse.

1233 2675 1338 2718 Item,
1378 2676 1526 2710 noticias
1560 2676 1696 2710 ordinis
1730 2682 1764 2710 et
1790 2687 2021 2711 numerorum
2048 2678 2210 2713 fortuitas

2137 2736 2152 2751 0

2368 1085 2370 1098 ζ
2368 163 2377 199 ⁴..
2371 141 2377 153 ,
2370 0 2374 18 .-
