2379 2948
212 115 303 148 1211

806 104 929 139 PHIL.
958 101 1075 140 MEL.
1101 102 1312 138 SCRIPTA
1340 102 1640 138 EXEGETICA.

2139 109 2236 143 1212

214 209 350 233 summa
381 197 472 229 bona
502 195 676 227 discamus
711 191 907 234 intelligere
931 197 962 224 et
987 202 1004 223 a
1030 189 1106 224 Deo
1135 200 1196 233 pe·
1222 198 1225 240 3
1251 190 1362 222 ctrina
1387 196 1419 223 et
1444 189 1480 222 in
1508 189 1750 229 invocatione,
1787 189 1888 222 sitin
1914 189 1963 222 eis
1985 190 2091 224 timor
2107 191 2174 226 Dei
2201 200 2235 227 et

219 258 301 283 tere.

318 313 377 348 Est
397 324 475 355 ergo
494 311 653 344 Psalmus
671 316 702 342 et
719 309 897 349 doctrina,
933 315 965 341 et
992 306 1199 346 consolatio,

217 370 316 402 (locet
338 364 450 409 qualis
468 375 538 395 esse
555 361 685 393 familia
706 362 847 399 debeat,
883 367 915 393 et
933 359 1029 392 addit
1047 357 1199 402 promis-
1225 380 1227 388 ,

218 420 350 455 sioncs,
377 421 414 447 ut
433 413 631 446 consoletur
650 423 713 444 nos
734 412 770 443 in
789 418 884 445 tanta
907 411 999 444 mole
1026 408 1199 452 periculo-

219 480 296 502 rum
323 466 538 510 privatorum
567 470 598 495 et
625 463 863 506 publicorum.
914 460 1087 503 Magnnm
1111 470 1200 491 onus

220 526 269 553 est
289 530 349 561 per
365 527 435 548 sese
452 514 610 548 educatio
629 513 779 553 sobolis,
810 520 840 545 et
859 513 895 544 in
922 511 1071 555 publicis
1095 509 1201 541 mise·
1226 526 1228 536 ι

220 570 301 607 riis,
328 566 431 599 bellis
459 572 490 598 et
517 564 769 597 vastationibus
795 564 907 596 multo
934 563 1012 606 plns
1037 560 1120 593 mali
1145 572 1200 592 ac-
1228 579 1229 598 ᾖ

221 620 327 654 cedit:
356 618 476 650 Patres
491 615 771 653 interficiuntur,
807 621 933 646 matres
960 620 991 645 et
1008 612 1070 644 filii
1089 611 1201 643 abdu-

221 677 349 704 cuntur
369 669 406 700 in
426 668 579 701 exilium.
633 664 684 698 De
701 665 828 698 talibus
854 663 1018 708 periculis
1043 661 1203 694 consola-

221 723 334 755 tiones
352 718 408 752 hic
430 723 698 762 proponuntur,
732 717 797 748 erit
823 727 924 747 curae
942 714 1037 753 Deo,
1073 720 1111 745 nt
1137 711 1203 754 piis

220 771 362 805 familiis
378 769 438 802 diu
459 777 569 802 servet
588 768 735 811 patriam
755 773 788 799 et
806 765 1016 798 Ecclesiam:
1042 770 1073 796 et
1091 774 1202 807 quan-

223 834 327 868 quam
348 827 451 853 ruent
469 831 593 862 regna,
623 825 737 851 tamen
756 814 820 848 hae
845 821 1089 859 protegentur,
1115 813 1202 845 sicut

223 873 354 906 multae
371 870 522 903 familiae
552 869 587 901 in
616 868 718 900 exilio
738 866 957 911 Babylonico
982 869 1204 898 conservatae

222 931 314 957 sunt.
367 920 440 953 Has
461 919 708 964 promissiones
737 929 814 949 cnm
843 917 1000 949 intuetur
1028 916 1112 948 fides
1138 914 1203 946 im-

222 979 382 1018 petratur
397 981 643 1004 aerumnarum
661 967 833 1011 mitigatio
845 994 852 1008 ,
886 974 919 1001 et
936 967 1119 1000 leniuntur
1141 966 1204 997 do-

223 1026 326 1058 lores.

326 1090 465 1123 Primus
484 1099 604 1120 versus
621 1086 781 1119 doctrina
799 1093 867 1127 est,
901 1085 1020 1130 quales
1048 1089 1205 1127 oporteat
1232 1086 1234 1111 ὲ

224 1154 296 1176 esse
317 1141 500 1182 coniuges,
530 1135 702 1171 Tz'meczni
721 1135 861 1175 Deum,
899 1140 929 1168 et
955 1133 1143 1168 ambulent
1169 1132 1204 1165 in

227 1192 294 1225 viis
313 1190 400 1224 eius.
440 1189 508 1222 Hic
526 1196 606 1222 nota
625 1189 667 1221 sit
685 1185 833 1232 phrasis,
850 1188 975 1221 Timor
993 1185 1055 1219 Dei
1074 1185 1206 1228 signifi-

225 1251 278 1277 cat
303 1242 435 1275 cultum
463 1252 534 1272 non
559 1240 780 1276 simulatum,
816 1245 847 1271 et
874 1249 1004 1271 nomen
1035 1237 1122 1285 ΠῘΠἾ
1147 1237 1207 1268 de-

226 1294 322 1327 ducit
339 1304 403 1325 nos
422 1292 464 1324 ad
483 1289 575 1323 hunc
593 1303 713 1323 verum
732 1289 844 1322 Deum
857 1315 866 1328 ,
901 1289 962 1334 qui
986 1300 1019 1321 se
1045 1283 1205 1332 patefecit

226 1346 262 1377 in
282 1343 436 1378 Ecclesia
453 1343 532 1374 dato
552 1343 656 1374 verbo
675 1353 749 1375 suo,

327 1418 519 1452 Ambulare
548 1417 584 1449 in
622 1417 687 1449 viis
720 1417 814 1457 eius,
856 1415 1074 1457 intelligatur
1114 1414 1207 1447 iuxta

225 1470 478 1513 Evangelium,
511 1468 545 1500 id
572 1474 639 1505 est,
681 1467 844 1511 amplecti
869 1467 1065 1499 doctrinam
1091 1465 1208 1497 incor-

227 1529 366 1565 ruptam
379 1546 388 1560 ,
419 1526 451 1551 et
469 1519 535 1551 fide
554 1530 737 1561 agnoscere
756 1517 1010 1555 Mediatorem,
1030 1522 1061 1547 et
1081 1513 1207 1547 habere

227 1574 401 1606 incoatam
427 1568 687 1607 obedientiam,
727 1579 815 1612 quae
842 1568 951 1610 placet
978 1566 1104 1598 fiducia
1130 1564 1208 1597 Me-

228 1622 393 1659 diatoris,
429 1620 515 1652 sicut
534 1616 623 1651 hznnc
648 1617 793 1661 phrasin
819 1629 918 1660 saepe
943 1616 1028 1648 alias
1052 1616 1207 1647 declara-

230 1685 320 1707 mus.
382 1670 536 1714 Ideoque
567 1680 708 1702 exorsus
740 1676 788 1701 est
815 1669 857 1700 ab
882 1665 949 1700 hoc
972 1666 1094 1705 initio,
1130 1677 1207 1697 cnm

228 1731 346 1768 postea
369 1723 411 1754 de
435 1720 616 1753 laboribus
641 1727 672 1752 et
696 1719 861 1762 operibus
887 1718 1044 1751 dicturus
1071 1716 1133 1755 sit,
1172 1722 1207 1748 ut

228 1775 376 1808 sciamus
403 1778 564 1816 oportere
590 1771 788 1814 praelucere
811 1769 1025 1812 agnitionem
1045 1766 1130 1804 Dei,
1165 1766 1210 1799 ti-
1235 1803 1236 1807 Ἰ

228 1836 362 1858 morem
382 1830 411 1856 et
434 1824 554 1860 fidem,
590 1833 647 1853 seu
669 1833 772 1864 opera
799 1821 931 1864 primae
950 1818 1110 1851 Tabulae
1133 1829 1207 1849 cae-

1252 243 1335 274 fides
1348 269 1354 278 ,
1383 241 1428 274 ita
1448 241 1511 273 erit
1530 240 1612 272 felix
1629 239 1845 283 coniugium.

1353 290 1420 324 Hic
1440 291 1637 324 communis
1656 290 1815 324 doctrina
1842 292 1885 323 de
1910 290 2075 334 coniugio
2099 301 2235 338 repeta-

1252 350 1320 376 tur.
1374 341 1536 374 Mirabili
1561 342 1709 375 consilio
1735 340 1830 374 Deus
1856 339 1923 373 hoc
1946 343 2052 375 modo
2077 344 2236 379 condidit

1252 405 1359 436 genus
1390 390 1606 433 humanum,
1648 393 1684 425 in
1709 405 1778 438 quo
1806 392 1940 435 colligit
1963 392 2031 425 sibi
2055 400 2235 428 aeternam

1253 442 1443 477 Ecclesiam
1470 444 1630 476 ordinata
1660 443 1922 487 propagatione.
1985 442 2145 478 Primum
2175 458 2238 479 vo-

1254 495 1318 527 luit
1336 506 1407 526 esse
1426 495 1531 534 dum,
1558 501 1595 527 ut
1615 501 1703 528 esset
1720 493 1887 527 Ecclesia.
1940 492 2103 528 Secundo
2124 496 2237 530 voluit

1254 557 1326 578 esse
1342 556 1473 577 marem
1492 552 1525 578 et
1542 545 1752 586 foeminam,
1775 551 1812 578 nt
1829 545 1873 578 sit
1889 556 1992 577 verus
2008 551 2041 579 et
2054 546 2238 580 ordinatus

1255 607 1363 629 amor.
1407 594 1530 628 Tertio
1551 596 1665 629 voluit
1683 603 1818 629 tantum
1836 596 1944 629 unius
1960 597 2066 629 maris
2083 604 2113 630 et
2131 599 2238 630 unius

1254 646 1429 679 foeminae
1453 646 1713 689 copulationem
1747 658 1838 690 esse,
1879 653 1913 679 et
1944 646 2239 689 indissolubilem,

1256 704 1293 731 ut
1309 697 1425 730 luceat
1444 697 1642 729 intellectus
1666 697 1832 730 castitatis
1859 697 1896 729 in
1919 708 2045 739 genere
2069 695 2238 740 humano,

1229 761 1230 766 ¹
1256 756 1289 782 et
1312 748 1463 781 sciamus
1485 746 1598 780 Deum
1623 759 1696 780 esse
1721 754 1871 780 mentem
1897 760 2021 791 puram
2044 755 2076 781 et
2099 756 2240 790 castam,

1257 806 1290 832 et
1321 811 1400 831 enm
1434 799 1674 831 discernamus
1698 798 1742 830 ab
1767 798 1961 831 immundis
1990 798 2174 843 spiritibus
2206 808 2239 834 et

1258 848 1481 889 hominibus,
1501 855 1532 882 et
1550 849 1587 881 in
1605 849 1827 882 invocatione
1844 849 2035 892 cogitemus
2052 851 2165 895 qualis
2183 851 2240 891 sit,

1259 900 1439 940 videlicet,
1468 900 1625 943 sapiens,
1654 900 1787 939 bonus,
1815 911 1938 940 verax,
1965 907 2096 942 castus,
2120 901 2238 939 iudex,

1259 951 1474 991 misericors,
1501 950 1716 983 liberrimus.
1776 948 1912 992 Quarto
1936 949 2072 997 στοργὴ
2098 952 2136 984 in
2161 952 2238 985 viro

1259 1003 1299 1035 ad
1323 1002 1505 1034 mulierem
1523 1008 1573 1034 est
1591 1002 1703 1044 imago
1722 1000 1851 1033 amoris
1868 1001 1904 1033 in
1921 999 2014 1033 Filio
2033 1000 2097 1034 Dei
2115 1003 2158 1035 ad
2173 1015 2237 1035 na-

1259 1060 1373 1086 turam
1396 1050 1586 1085 humanam
1610 1058 1818 1091 assumtam,
1855 1059 1887 1085 et
1911 1052 2039 1084 deinde
2063 1054 2106 1086 ad
2129 1060 2239 1087 totam

1261 1102 1465 1137 Ecclesiam.
1520 1101 1567 1136 Ut
1593 1103 1634 1135 ad
1662 1099 1835 1146 Ephesios
1860 1102 2027 1146 scriptum
2054 1110 2122 1137 est:
2158 1103 2240 1137 Ma-

1260 1166 1367 1197 gnum
1384 1153 1590 1199 mysterium
1612 1160 1662 1187 est
1677 1153 1880 1196 coniugium
1899 1153 1937 1185 in
1955 1150 2096 1187 Christo
2124 1161 2155 1187 et
2172 1152 2242 1188 Ec-

1261 1206 1375 1240 clesia.

1361 1255 1457 1288 Haec
1473 1254 1643 1298 significat
1661 1253 1755 1288 Deus
1772 1254 1810 1288 in
1827 1252 1895 1287 hoc
1913 1254 2077 1288 mirando
2100 1255 2242 1289 foedere

1262 1306 1434 1349 coniugii,
1463 1307 1557 1351 quod
1575 1306 1689 1339 sanxit
1707 1306 1808 1338 certis
1825 1306 1981 1348 legibuS‚
2009 1317 2072 1339 nec
2088 1306 2164 1339 vult
2182 1318 2242 1338 va-

1262 1357 1334 1401 gari
1355 1355 1516 1390 homines
1533 1356 1622 1389 sicut
1639 1358 1798 1400 pecudes.
1850 1355 1922 1388 Nec
1944 1356 2058 1389 ociose
2080 1356 2240 1390 additum

1262 1415 1312 1441 est
1334 1408 1371 1440 in
1394 1407 1598 1440 narratione
1621 1407 1663 1439 de
1686 1406 1862 1439 creatione
1879 1405 1988 1439 Evae:
2022 1403 2141 1439 Dixit
2157 1404 2242 1438 Do-

1262 1458 1384 1491 minus
1401 1456 1526 1490 Deus:
1555 1455 1642 1491 Non
1660 1461 1710 1489 est
1726 1455 1859 1489 bonum
1879 1452 2061 1489 hominem
2086 1468 2160 1490 esse
2182 1469 2242 1489 so-

1264 1507 1358 1549 lum,
1386 1507 1580 1556 faciamus
1602 1507 1636 1540 ei
1656 1505 1883 1540 adiutorium
1907 1505 2029 1539 simile
2053 1506 2136 1553 ipsi.
2201 1507 2243 1540 In

1263 1560 1391 1602 verbo,
1426 1559 1542 1599 Dixit,
1577 1569 1700 1601 magna
1725 1558 1881 1602 pondera
1902 1557 2040 1598 insunt,
2074 1557 2245 1601 singulari

1262 1609 1515 1642 deliberatione
1533 1609 1653 1640 divina
1673 1610 1870 1646 decretum,
1902 1608 2127 1647 ordinatum,
2162 1620 2244 1642 san-

1263 1661 1370 1693 citum
1397 1666 1428 1692 et
1454 1659 1716 1703 promulgatum
1744 1665 1812 1699 est,
1848 1664 1887 1691 ut
1911 1658 1955 1692 sit
1980 1659 2183 1702 coniugium
2211 1666 2245 1692 et

1263 1711 1306 1744 sit
1338 1716 1429 1743 certa
1455 1711 1529 1753 lege
1555 1710 1769 1742 ordinatum.
1831 1707 1900 1742 Hic
1923 1709 1980 1742 fiat
2004 1710 2242 1754 amplificatio,

1263 1761 1346 1794 dicit
1369 1759 1483 1801 Deus,
1527 1760 1624 1793 vivas
1656 1760 1693 1792 in
1720 1759 1884 1802 coniugio
1910 1759 2084 1803 legitimo:
2122 1768 2244 1794 contra

1235 1820 1236 1829 ¹
1263 1824 1345 1844 vero
1367 1818 1461 1844 tanta
1487 1817 1536 1844 est
1564 1811 1708 1843 audacia
1733 1809 1964 1852 Pontificum,
1997 1817 2038 1844 ut
2058 1810 2187 1845 dicenti
2211 1819 2245 1845 et

230 1876 312 1909 teris
330 1875 516 1918 operibus,
544 1879 573 1904 et
594 1873 795 1904 includatur
813 1869 869 1903 hic
886 1880 1006 1902 versus
1034 1868 1071 1900 in
1098 1874 1210 1900 caete·
1235 1886 1236 1889 =

230 1938 286 1959 ros
323 1936 465 1964 omnes,
508 1922 614 1955 huins
651 1923 717 1954 viri
747 1921 903 1954 timentis
931 1919 1045 1953 Deum
1074 1919 1210 1951 labores

232 1983 336 2009 erunt
355 1975 490 2014 felices,
518 1973 720 2015 coniugium
737 1973 914 2016 placidum
933 1977 997 2005 ete.

336 2049 519 2083 Secundus
538 2058 656 2079 versus
675 2046 830 2078 continet
848 2044 1043 2077 doctrinam
1071 2049 1102 2075 et
1126 2053 1211 2075 con-

233 2101 439 2135 solationem
453 2126 461 2140 ,
488 2100 589 2131 docet
608 2098 644 2129 in
665 2095 869 2130 timorel)ei
887 2102 917 2127 et
934 2095 1001 2128 fide
1025 2094 1136 2126 facere
1160 2093 1210 2124 la-

230 2155 334 2187 bores
351 2154 445 2184 iuxta
464 2149 682 2181 vocationem
695 2174 702 2184 ,
731 2153 763 2179 et
778 2145 963 2189 promissio
981 2144 1123 2177 additur
1147 2140 1212 2175 hos
1237 2145 1238 2166 ἶ

231 2205 369 2237 labores
391 2202 465 2234 sore
491 2200 660 2232 salutares
682 2197 823 2230 facienti
849 2202 883 2228 et
906 2196 997 2228 aliis.
1053 2193 1126 2226 Iam
1154 2206 1213 2226 co-

231 2255 300 2297 gita
320 2259 490 2298 quantum
507 2251 641 2283 bonum
659 2248 723 2289 sit,
754 2259 825 2280 non
844 2245 959 2289 frangi
982 2245 1100 2279 inutili
1128 2256 1212 2277 con-

231 2304 409 2343 tentione,
444 2314 516 2334 non
535 2312 606 2333 esse
625 2311 683 2332 vas
707 2300 797 2339 irae,
834 2298 867 2330 id
895 2304 962 2335 est,
996 2296 1214 2328 instrumen-

232 2363 305 2388 tum
324 2354 506 2387 exitiosum
524 2351 642 2383 sibiet
666 2350 760 2389 aliiS,
793 2355 831 2382 ut
858 2348 959 2380 multi
984 2347 1129 2379 suerunt
1155 2357 1212 2377 ex-

233 2405 441 2438 cellentibus
458 2402 609 2444 ingeniis
627 2400 795 2444 praediti,
823 2399 1045 2438 Alcibiades,
1075 2395 1213 2429 Marius

234 2462 265 2488 et
287 2456 357 2487 alii.

334 2521 476 2554 Tertius
500 2532 620 2553 versus
644 2519 757 2563 pingit
783 2518 985 2560 coniugium
1010 2512 1211 2549 dulcissima

232 2571 394 2613 imagine.

232 2622 409 2663 Coniuges
436 2620 505 2653 sint
521 2619 673 2653 Ecclesia
693 2620 779 2660 Dei,
816 2626 985 2661 congruat
1009 2614 1211 2658 coniugium

232 2685 310 2707 cum
337 2672 410 2714 lege
426 2669 510 2710 Dei,
538 2678 569 2704 et
593 2672 636 2704 sit
660 2671 697 2703 in
716 2671 765 2704 eis
781 2681 969 2703 consensus
986 2669 1023 2701 in
1044 2677 1126 2700 vera
1150 2666 1214 2700 do-

447 2570 513 2603 Hic
539 2571 665 2603 iterum
693 2570 895 2602 includatur
921 2568 1056 2612 primus
1078 2575 1211 2605 x'‘³1⁸⁵Us,
1267 2577 1300 2604 et
1318 2572 1554 2614 precationes,
1589 2583 1678 2616 quae
1694 2581 1815 2604 rursus
1832 2570 1935 2602 etiam
1955 2575 2115 2607 monent,
2152 2576 2243 2602 certa

1264 1862 1433 1895 sancienti
1456 1861 1529 1895 Deo
1556 1861 1733 1894 adversari
1761 1862 1929 1902 audeant,
1972 1868 2001 1894 et
2032 1862 2151 1895 dicant
2177 1862 2243 1905 ipsi

1264 1924 1421 1957 expresse
1439 1912 1674 1952 contrarium,
1691 1911 1771 1944 Non
1786 1911 1883 1944 vivas
1902 1912 1939 1944 in
1957 1912 2141 1955 coningio,
2158 1924 2245 1945 con-

1266 1964 1398 2006 iugium
1416 1963 1659 1997 immundities
1678 1969 1746 2003 est,
1782 1969 1815 1996 et
1830 1974 1891 1995 sua
1914 1960 1998 1995 haec
2023 1963 2136 1996 edicta
2162 1975 2244 1996 cru-

1265 2015 1407 2047 delitate
1430 2014 1684 2057 suppliciorum
1705 2019 1887 2050 tueantur,
1916 2013 1962 2045 ita
1981 2013 2087 2046 simul
2107 2020 2141 2046 et
2161 2013 2244 2046 libi-

1265 2065 1408 2098 dinibns
1424 2065 1551 2108 polluti
1568 2071 1650 2098 sunt
1665 2071 1697 2097 et
1716 2063 1924 2107 parricidiis.

1367 2115 1459 2149 Sunt
1475 2122 1507 2149 et
1527 2114 1800 2158 significationes
1817 2114 1853 2146 in
1877 2114 1946 2146 vite
1969 2121 2000 2148 et
2024 2114 2119 2148 olea:
2156 2127 2245 2148 uxor

1265 2173 1486 2210 comparatur
1502 2166 1564 2199 viti
1577 2191 1585 2204 ‚
1613 2165 1693 2210 quia
1712 2171 1761 2197 est
1778 2164 1894 2197 debile
1911 2165 2048 2208 lignum
2067 2173 2099 2199 et
2116 2166 2245 2199 adiun-

1265 2217 1358 2261 gitur
1374 2218 1414 2250 ad
1437 2217 1522 2250 alias
1547 2217 1706 2255 arbores,
1741 2215 1928 2259 praecipue
1951 2228 2034 2250 vero
2060 2217 2171 2250 amica
2195 2223 2246 2250 est

1267 2268 1383 2306 oleae,
1412 2279 1450 2300 ac
1475 2267 1646 2301 naturalis
1670 2262 1886 2310 συμπάθεια
1906 2273 1955 2300 est
1978 2267 2060 2301 vitis
2084 2273 2117 2300 et
2139 2267 2246 2300 oleae.

1266 2318 1418 2351 Maritus
1452 2319 1558 2361 igitur
1584 2318 1680 2350 oleae
1709 2317 1890 2350 confertur
1920 2317 1974 2349 cui
2003 2318 2167 2351 adiuncta
2194 2323 2245 2350 est

1266 2381 1355 2402 uxor
1388 2376 1555 2414 tanquam
1589 2368 1689 2408 vitis,
1733 2374 1765 2401 et
1794 2368 1869 2400 olea
1898 2368 2035 2401 labores
2059 2368 2244 2412 significat,

1266 2419 1348 2451 inde
1364 2426 1396 2453 et
1415 2420 1477 2452 filii
1497 2419 1603 2452 ramis
1621 2419 1719 2452 oleae
1743 2418 1985 2453 conferuntur.
2037 2418 2188 2452 Possunt
2211 2425 2244 2452 et

1238 2487 1240 2494 ν
1266 2470 1354 2502 aliae
1372 2470 1622 2503 similitudines
1639 2469 1768 2512 colligi.

1367 2519 1512 2566 Reliqui
1538 2532 1656 2554 versus
1679 2526 1761 2553 sunt
1784 2519 1945 2563 repetitio
1972 2518 2243 2563 promissionum

1267 2621 1330 2655 Dei
1348 2622 1514 2656 beneficia
1532 2633 1603 2656 esse
1621 2621 1922 2655 conservationem
1939 2617 2114 2653 Ecclesiae
2131 2627 2163 2653 et
2178 2631 2245 2663 po-

1238 2713 1240 2717 ,
1267 2672 1370 2705 litiae.
