2379 2948
113 92 210 128 1409

113 177 239 213 Deum.
294 176 390 211 Haec
415 177 538 211 omnia
562 176 808 221 complectitur
832 173 889 208 hic
906 173 1023 208 David
1049 175 1104 208 in-

114 230 257 275 quiens:
287 226 418 262 Omnis
443 226 550 262 homo
574 228 743 267 mendax,
767 227 802 260 id
823 233 893 268 est,
922 238 995 260 non
1013 233 1106 260 recte

112 280 269 314 sentiens
288 281 331 313 de
345 278 440 320 Deo,
457 291 534 312 non
551 290 632 312 vere
650 278 837 319 obediens,
852 278 1005 311 irascens
1017 276 1104 318 Deo,
1131 293 1132 299 ¹

110 331 276 365 diffidens
292 337 356 365 etc.

109 382 268 416 intuetur
290 380 569 415 misericordiam
581 408 590 421 ,

407 329 453 363 Et
472 330 510 363 in
535 327 600 363 hac
617 329 838 363 confessione
857 329 1004 372 peccati,
1032 329 1106 372 ipse

623 387 657 414 et
682 380 748 414 scit
772 391 807 413 se
833 377 964 413 habere
988 377 1103 412 Deum

106 432 317 477 propicium,
339 438 484 476 propter
503 431 717 475 promissum
734 431 971 465 liberatorem.
1010 429 1106 463 Hac·
1130 467 1132 471 ,

107 490 210 517 tenus
233 483 323 516 dixit
350 483 393 515 de
419 482 544 526 primis
570 482 741 523 cultibus,
775 483 819 514 de
842 481 930 522 fide,
961 481 1105 514 invoca-

106 534 220 574 tione,
257 533 539 578 praedicatione,
575 544 696 574 cruce,
741 532 922 576 agnitione
959 533 1103 577 peccati.

106 583 248 619 Horum
267 585 429 618 locorum
445 584 603 628 cognitio
618 596 724 630 quam
743 584 787 617 sit
813 585 1006 617 necessaria
1026 583 1105 628 piis,

107 643 142 670 et
158 648 264 682 quam
282 635 437 669 suaviter
463 635 501 668 in
526 632 593 669 hoc
616 635 776 679 exemplo
799 634 933 668 Psalmi
958 633 1023 668 liae
1048 646 1104 668 res
1129 630 1131 665 Ξ

107 687 279 721 maximae
295 693 561 731 proponantur,
585 687 776 729 diligenter
793 686 1021 729 cogitandum
1041 693 1103 721 est.

106 737 211 772 Nunc
238 744 376 772 tantum
402 738 502 772 addit
521 738 751 783 repetitiones
769 737 994 782 superiorum
1011 749 1101 782 quo-

106 790 258 823 rundam
283 788 537 825 membrorum.

157 887 265 936 Quid
289 887 442 923 reddam
474 887 663 928 Domino,
697 902 763 936 pro
802 888 971 923 omnibus
999 888 1103 922 bene-

199 938 302 986 ficiis
325 953 412 987 erga
438 952 502 977 me.

158 1004 321 1043 Calicem
343 1006 549 1042 salutarem
583 1008 783 1055 accipiam,
812 1012 842 1041 et
867 1019 995 1042 nomen
1019 1006 1103 1041 Do-

206 1059 302 1093 mini
323 1058 513 1094 invocabo.

206 1137 287 1171 Non
305 1137 455 1171 dubium
474 1143 536 1179 est,
551 1137 878 1181 interrogationem,
899 1134 1006 1183 Quid
1023 1134 1103 1170 red-

106 1186 210 1229 dam,
239 1189 373 1233 opponi
398 1189 537 1222 duabus
564 1189 688 1227 rebus,
725 1189 954 1229 ceremoniis,
986 1195 1019 1222 et
1043 1200 1101 1232 ge-

106 1240 277 1273 neraliter
311 1240 460 1273 fiduciae
491 1240 719 1279 meritorum,
756 1240 856 1286 quasi
879 1241 993 1281 dicat,
1026 1239 1102 1273 Alii

105 1297 260 1325 mactant
278 1302 397 1335 greges
414 1297 617 1329 taurorum,
647 1289 833 1325 aedificant
864 1291 1013 1335 templa,
1044 1291 1101 1324 in-

105 1343 258 1376 stituunt
283 1342 436 1382 ieiunia,
464 1348 497 1375 et
521 1342 654 1374 similes
682 1343 910 1376 ceremonias,

104 1394 256 1439 requiris
275 1393 343 1426 alia
359 1392 494 1425 maiora
512 1404 678 1432 munera,
707 1393 990 1431 invocationem,
1016 1405 1101 1426 con-

103 1445 312 1485 fessionem,
331 1442 651 1488 praedicationem,
670 1455 822 1476 crucem.
879 1442 963 1476 ldeo
979 1443 1099 1487 proxi-

103 1507 183 1529 mus
209 1505 329 1528 versus
360 1495 397 1527 in
422 1492 514 1528 hanc
538 1494 750 1528 sententiam
775 1495 965 1538 respondet
990 1495 1100 1528 inter-

103 1546 289 1590 rogationi.

208 1604 332 1639 Altera
360 1601 547 1638 antithesis
571 1610 666 1638 taxat
690 1604 927 1647 arrogantiam
953 1603 1098 1637 illorum

104 1657 166 1704 qui
194 1657 325 1690 iactant
349 1656 496 1694 merita,
527 1655 627 1700 quasi
645 1655 760 1696 dicat,
788 1653 918 1699 Accepi
943 1654 1100 1698 ingentia

104 1708 296 1749 beneficia,
322 1713 467 1741 vocatus
489 1718 567 1740 sum
591 1707 634 1740 ad
658 1706 878 1751 agnitionem
896 1705 964 1740 Dei
989 1712 1021 1739 et
1038 1705 1099 1739 Fi-

104 1761 145 1794 lii
172 1760 266 1800 eius,
293 1759 447 1792 donatus
469 1769 546 1791 sum
570 1755 786 1792 haereditate
812 1758 903 1792 vitae
923 1765 1099 1801 aeternae,

105 1812 279 1845 defendor
304 1817 338 1844 et
354 1810 535 1853 gubernor
558 1809 740 1844 divinitus,
776 1808 871 1842 Haec
888 1816 984 1842 tanta
1004 1809 1098 1842 dona

106 1875 179 1896 non
196 1873 274 1895 sum
292 1862 440 1895 meritus
456 1861 545 1893 meis
561 1860 768 1899 virtutibus,
797 1862 855 1893 sed
874 1872 1026 1904 agnosco
1043 1872 1098 1893 me

105 1914 302 1947 debitorem
330 1924 402 1945 esse
424 1911 522 1952 Deo,
556 1911 645 1946 sicut
669 1911 802 1945 Paulus
835 1911 971 1957 inquit:
1007 1909 1097 1954 Quis

104 1965 203 2010 prior
220 1964 317 1997 dedit
335 1964 398 1998 illi.
452 1962 524 1996 Nec
541 1969 624 2007 post
644 1970 825 2006 acceptum
848 1974 977 1996 munus
1001 1975 1098 1995 com-

105 2015 264 2061 pensatio
295 2015 367 2048 ulla
399 2026 463 2058 par
492 2020 552 2047 est.
619 2012 803 2047 Exclamat
835 2014 957 2057 igitur:
994 2010 1100 2060 Quid

107 2064 278 2107 reddam,
320 2065 421 2111 quasi
444 2065 555 2103 dicat,
598 2076 736 2099 summa
768 2065 934 2099 beneficia
967 2066 1096 2099 donata

105 2126 187 2153 sunt
218 2117 442 2157 immerenti,
478 2129 542 2149 nec
574 2128 669 2149 nunc
700 2114 813 2150 habeo
840 2117 1097 2161 compensatio-

104 2183 199 2204 nem.
254 2167 360 2211 Quod
388 2180 516 2201 munus
541 2168 620 2201 Deo
642 2167 745 2200 reddi
768 2175 898 2212 potest,
925 2180 987 2212 pro
1002 2167 1096 2201 Filio

105 2222 233 2261 misso,
259 2232 321 2264 pro
347 2219 482 2253 sublata
507 2226 619 2253 morte
642 2226 804 2259 aeterua,
830 2220 1015 2264 profutura
1040 2231 1097 2252 so-

105 2274 227 2307 cietate
261 2271 421 2304 coelestis
455 2270 571 2304 vitae‘?
632 2269 847 2315 Quanquam
887 2278 1002 2305 autem
1034 2283 1097 2315 par

105 2324 217 2367 gratia
250 2322 348 2356 nulla
380 2323 482 2355 reddi
512 2328 642 2365 potest,
672 2329 789 2355 tamen
820 2321 916 2356 Deus
946 2322 1095 2367 requirit

965 1341 1034 1376 Sed
1063 1348 1102 1375 tu
1128 1357 1129 1361 ¹

716 89 778 125 IX.
831 87 1197 125 COMMENTARII
1223 86 1275 122 IN
1302 84 1545 123 PSALMOS.

2058 93 2155 127 1410

1266 172 1388 219 Inquit
1406 173 1513 217 igitur
1530 173 1661 215 David,
1677 186 1713 207 se
1730 175 1884 219 aliquam
1904 178 2050 220 gratiam
2073 180 2155 212 red-

1163 224 1324 259 diturum
1350 236 1434 258 esse.
1472 220 1635 258 Calicem
1661 224 1862 259 salutarem
1888 227 2086 274 accipiam,
2125 235 2155 262 e!

1159 287 1288 309 nomen
1312 273 1475 308 Domini
1498 275 1682 312 invocabo.
1736 276 1883 312 Constat
1908 290 1979 312 esse
2007 278 2153 323 phrasin

1157 324 1359 367 Ebraicam,
1385 325 1539 360 Calicem
1560 328 1748 363 salutarem
1767 330 1951 373 accipiam.
2003 329 2050 364 Et
2068 333 2150 376 quia

1158 376 1270 422 figura
1286 389 1360 411 non
1376 378 1444 411 fuit
1463 378 1650 420 intellecta,
1679 381 1874 413 versiculus
1893 381 2012 426 inepte
2030 383 2149 416 detor-

1158 435 1215 463 tus
1238 436 1290 463 est
1311 429 1354 462 ad
1374 430 1540 472 poculum
1559 430 1597 463 in
1615 429 1733 464 Coena
1751 431 1917 473 Domini,
1945 445 2023 466 cum
2042 434 2085 467 de
2111 446 2150 467 eo

1158 480 1285 525 poculo
1303 477 1360 513 hic
1378 492 1452 513 non
1464 480 1613 516 dicatur.
1666 481 1735 516 Sed
1752 483 1876 516 crebro
1892 484 1995 518 offert
2011 496 2046 518 se
2065 482 2151 519 haec

1158 528 1363 576 metaphora
1380 531 1418 564 in
1433 529 1621 576 Prophetis
1633 559 1641 573 ,
1668 533 1729 566 ubi
1755 534 1843 567 calix
1863 533 2035 578 significat
2050 548 2149 569 suam

1157 582 1327 628 cuiusque
1344 582 1542 626 portionem
1554 610 1561 623 ,
1577 595 1637 617 seu
1654 585 1783 617 bonam
1802 597 1862 618 seu
1882 587 2021 619 malam.
2051 586 2149 629 Qua—

1157 645 1194 666 re
1209 641 1242 666 et
1261 631 1327 666 hoc
1343 633 1420 666 loco
1440 634 1489 666 sic
1508 634 1737 677 intelligatur,
1791 635 1945 669 Calicem
1960 637 2149 671 salutarem

1157 684 1345 728 accipiam,
1378 684 1414 717 id
1437 691 1506 722 est,
1542 682 1632 717 hanc
1664 687 1790 719 ducam
1821 698 1893 720 esse
1927 688 2149 733 praecipuam

1157 736 1376 780 portionem,
1408 747 1477 780 qua
1509 735 1659 768 maxime
1682 737 1781 770 fruar
1805 744 1838 770 et
1862 738 2081 780 delectabor,
2117 747 2150 773 et

1157 799 1246 832 quae
1265 783 1355 819 mihi
1371 798 1443 819 una
1468 785 1535 819 erit
1561 785 1742 828 salutaris,
1769 788 1932 823 videlicet
1953 787 2012 823 hic
2036 790 2150 824 cultus

1156 836 1348 871 invocandi
1369 835 1455 877 Dei,
1492 843 1525 869 et
1548 837 1805 881 praedicandae
1831 851 1934 873 verae
1958 841 2151 882 doctrinae,

1157 888 1258 933 quasi
1276 888 1369 921 dicat
1382 914 1390 928 ,
1414 887 1612 932 relinquam
1629 888 1715 921 alias
1733 890 1915 933 portiones
1931 891 2009 925 aliis
2027 892 2149 926 fruen—

1156 940 1229 972 das.
1284 938 1423 972 Habeat
1440 938 1525 973 Saul
1547 950 1712 982 regnum,
1739 938 1892 975 habeant
1919 954 2002 986 opes
2027 951 2060 977 et
2082 944 2148 976 im-

1156 991 1252 1034 peria
1269 989 1424 1036 tyranni.
1477 989 1551 1033 Ego
1577 987 1669 1023 hanc
1691 992 1892 1035 portionem
1909 991 1999 1026 mihi
2019 995 2147 1029 saluta-

1127 1054 1130 1063 ·
1156 1054 1231 1075 rem
1250 1053 1323 1075 esse
1341 1042 1431 1074 duco
1443 1068 1450 1081 ,
1480 1041 1645 1075 invocare
1662 1049 1695 1075 et
1712 1043 1915 1087 praedicare
1931 1056 2062 1078 nomen
2071 1044 2149 1081 Dei.

1157 1092 1256 1127 Sicut
1281 1092 1412 1127 Psalm.
1440 1092 1521 1126 118.
1548 1092 1695 1126 dicitur:
1730 1093 1851 1128 Portio
1881 1107 1956 1129 mea
1982 1094 2149 1139 Domine,

1156 1144 1229 1177 dixi
1260 1143 1455 1177 custodiam
1491 1144 1602 1187 legem
1635 1151 1753 1186 tuam,
1793 1146 1829 1179 id
1856 1153 1924 1187 est,
1961 1144 2053 1181 hanc
2082 1150 2148 1182 du-

1156 1208 1231 1228 cam
1253 1206 1325 1228 esse
1356 1194 1580 1239 praecipuam
1606 1207 1718 1229 meam
1735 1197 1935 1241 portionem
1949 1225 1957 1239 ,
1985 1211 2054 1244 qua
2074 1212 2148 1234 ma-

1157 1247 1250 1280 xime
1267 1247 1385 1287 sruar,
1412 1246 1570 1291 profiteri
1588 1258 1706 1280 veram
1724 1248 1934 1284 doctrinam.

1259 1296 1484 1331 Conferenda
1510 1304 1562 1331 est
1586 1298 1695 1341 igitur
1723 1296 1927 1341 antithesis,
1955 1308 1994 1335 ut
2012 1301 2148 1336 intelli-

1155 1355 1258 1392 gatur
1287 1348 1500 1389 versiculus,
1533 1350 1747 1393 opponenda
1776 1349 1990 1385 Sanctorum
2018 1354 2146 1396 portio,

1154 1401 1198 1433 iis
1217 1400 1321 1432 rebus
1337 1412 1423 1444 quas
1438 1400 1614 1443 impetunt
1632 1401 1734 1445 impii
1750 1408 1782 1435 et
1799 1403 1954 1447 tyranni.
2008 1402 2054 1437 Et
2071 1406 2144 1438 dis-

1154 1451 1289 1483 crimen
1307 1451 1567 1483 observandum
1588 1458 1648 1491 est,
1665 1453 1759 1496 quod
1781 1450 1838 1486 hic
1857 1454 2020 1489 traditur.
2050 1455 2145 1490 Haec

1153 1513 1225 1535 una
1252 1501 1370 1544 portio
1396 1502 1589 1535 invocandi
1612 1500 1678 1535 Dei
1705 1510 1737 1536 et
1763 1505 2020 1547 praedicandae
2046 1519 2147 1540 verae

1154 1552 1354 1593 doctrinae,
1378 1560 1427 1585 est
1449 1553 1628 1586 salutaris:
1657 1553 1848 1597 impiorum
1869 1557 2049 1599 portiones
2072 1571 2147 1592 non

1154 1610 1237 1638 sunt
1261 1604 1451 1647 salutares,
1480 1605 1539 1637 sed
1565 1604 1696 1648 species
1720 1605 1824 1649 longe
1845 1607 1914 1640 alia
1941 1615 2003 1644 est.
2056 1608 2147 1643 Nam

1153 1655 1215 1700 qui
1237 1655 1444 1702 praedicant
1470 1667 1586 1687 veram
1605 1656 1823 1697 doctrinam,
1852 1666 2060 1693 exercentur
2081 1661 2145 1694 ad-

1153 1706 1372 1739 flictionihus
1389 1706 1506 1739 omnis
1522 1707 1671 1749 generis,
1701 1716 1956 1751 oppugnantur
1978 1722 1995 1743 a
2017 1711 2145 1746 diabo-

1152 1758 1200 1798 lo,
1226 1757 1449 1791 trucidantur
1464 1770 1482 1790 a
1500 1758 1670 1803 tyrannis,
1724 1758 1800 1792 Hae
1818 1760 2032 1795 calamitates
2052 1770 2144 1797 certe

1153 1810 1190 1841 in
1223 1808 1374 1852 speciem
1406 1820 1479 1841 non
1503 1809 1671 1842 videntur
1696 1810 1859 1844 salutaris
1882 1814 2009 1855 portio.
2072 1813 2142 1848 Sed

1153 1860 1334 1894 credentes
1349 1867 1482 1893 norunt
1499 1872 1538 1892 ex
1553 1861 1662 1894 verbo
1674 1859 1759 1902 Dei,
1790 1859 1851 1895 has
1866 1875 2053 1898 aerumnas
2069 1877 2142 1899 esse

1152 1911 1391 1944 obedientiam
1424 1910 1498 1944 Deo
1532 1911 1745 1955 placentem,
1778 1912 1814 1946 in
1849 1926 1918 1959 qua
1942 1913 2038 1949 Deus
2068 1918 2144 1951 vult

1152 1962 1322 2002 exerceri,
1350 1962 1467 1996 lucere
1487 1969 1520 1995 et
1537 1963 1692 2007 conspici
1710 1963 1815 1997 fidem
1834 1972 1867 1998 et
1885 1966 2142 2001 confessionem

1151 2021 1328 2053 nostram,
1357 2020 1491 2047 norunt
1514 2013 1617 2055 item,
1644 2021 1723 2059 post
1747 2012 1809 2048 has
1833 2027 2019 2051 aerumnas
2043 2031 2143 2052 secu-

1150 2073 1266 2099 turam
1286 2076 1357 2097 esse
1376 2071 1552 2097 aeternam
1575 2065 1737 2108 gloriam.
1790 2065 1874 2101 Ideo
1898 2068 1985 2101 fides
2009 2069 2143 2103 intelli-

1150 2117 1200 2160 git
1226 2114 1310 2148 haec
1338 2117 1529 2149 certamina
1559 2116 1724 2150 salutaria
1750 2129 1832 2153 esse.
1894 2117 1999 2161 Quod
2025 2128 2141 2154 autem

1151 2168 1256 2208 dicit,
1299 2165 1488 2200 Invocabo
1518 2179 1646 2201 nomen
1677 2166 1860 2213 Domini,
1899 2171 2144 2215 complectitur

1151 2219 1412 2252 invocationem
1441 2218 1527 2259 Dei,
1564 2220 1821 2253 consessionem
1846 2227 1879 2253 et
1912 2224 2144 2264 praedicatio-

1150 2282 1231 2304 nem
1251 2282 1352 2303 verae
1369 2270 1569 2312 doctrinae,
1597 2271 1679 2315 quia
1703 2267 1788 2304 haec
1812 2284 1917 2316 opera
1946 2274 2061 2317 reipsa
2085 2287 2144 2307 co-

1149 2321 1314 2362 haerent,
1340 2328 1379 2355 ut
1402 2333 1505 2365 supia
1524 2321 1657 2354 dictum
1673 2329 1741 2366 est,
1770 2323 1851 2367 quia
1868 2323 2072 2359 invocantes
2092 2332 2143 2359 est

107 2375 286 2421 quoddam
314 2374 472 2407 debitum
501 2373 673 2413 officium,
701 2373 851 2412 scilicet,
878 2380 916 2407 ut
942 2374 1095 2406 celebre·
1122 2386 1124 2418 Ι
1151 2384 1290 2406 necesse
1315 2373 1499 2406 ostendere
1523 2373 1608 2417 quid
1637 2373 1807 2415 sentiant
1836 2386 1924 2420 quos
1941 2376 2056 2410 cultus
2080 2388 2144 2422 ap-

105 2438 184 2460 mus
200 2423 284 2459 haec
300 2424 480 2464 beneficia,
498 2425 629 2457 etalios
645 2424 837 2458 invitemus
855 2426 897 2457 ad
912 2424 977 2458 Dei
997 2425 1097 2467 agni-
1122 2421 1125 2476 ξ
1151 2425 1314 2470 probent.

107 2479 260 2517 tionem,
278 2484 311 2510 et
328 2477 371 2509 ad
391 2476 594 2520 accipienda
612 2473 696 2509 haec
713 2477 902 2519 bemfieia,
924 2476 1014 2510 sicut
1031 2475 1096 2509 Pe-

106 2536 181 2563 trus
199 2528 332 2573 inquit:
362 2527 392 2558 Χ
396 2527 486 2561 ocati
505 2540 522 2560 e
539 2527 693 2560 tenebris
712 2528 755 2560 ad
772 2528 1024 2562 admirandum
1041 2528 1097 2561 lu-
1124 2543 1126 2575 ':

106 2592 206 2621 rnen,
241 2587 281 2613 ut
305 2579 451 2613 virtutes
474 2579 568 2618 eius,
596 2578 631 2610 id
657 2585 723 2618 est,

106 2631 289 2665 enarretis.
342 2629 444 2663 Hanc
460 2630 607 2673 gratiam
626 2627 700 2662 Deo
718 2631 830 2673 poscit
848 2631 999 2665 aliorum
1019 2642 1101 2664 cau-

108 2694 142 2716 sa
155 2711 163 2724 ,
191 2690 231 2717 ut
246 2683 364 2727 plures
380 2682 572 2715 salventur.

159 2737 336 2768 Menan-ru.
367 2736 469 2768 Ormi.
496 2735 577 2765 Vot.
608 2732 700 2764 XIII.

1253 2474 1415 2509 Recitaw
1434 2476 1695 2508 enarrflilOssein
1716 2474 1822 2510 huius
1841 2477 2004 2511 VerSlCUll
2015 2491 2143 2524 ‚qUalYl

1153 2526 1284 2561 eruditi
1311 2526 1407 2560 1ud1c
1411 2534 1471 2560 int
1495 2527 1644 2559 maxime
1672 2529 1934 2570 grammaticam
1962 2541 2054 2570 esse,
2092 2531 2144 2562 vi-

752 2580 902 2622 gloiiosa
933 2579 1099 2612 beneficia
1124 2567 1128 2602 ¹!
1154 2579 1283 2613 delicet
1303 2578 1332 2610 si
1361 2578 1460 2636 ptius
1484 2590 1618 2611 comma
1646 2578 1812 2622 iungatur
1830 2581 2039 2624 posteriori,
2068 2588 2146 2615 tan-

1155 2641 1260 2675 quam
1287 2629 1478 2673 expositio,
1507 2628 1571 2662 lnv
1576 2630 1661 2662 ocal
1667 2642 1685 2662 o
1712 2630 1846 2672 Deum,
1880 2639 1912 2664 et
1935 2633 2146 2676 praedicabo

1157 2693 1277 2715 veram
1305 2681 1522 2719 doctrinam,
1558 2679 1654 2714 Haec
1686 2693 1793 2727 opera
1823 2690 1926 2717 erunt
1950 2682 2036 2717 mihi
2064 2685 2153 2717 calix

1592 2732 1639 2765 89
