2379 2948
129 92 227 131 1465

127 181 185 220 lii,
214 192 414 225 proponere
432 187 464 215 et
482 181 605 215 audire
622 179 875 224 Evangelium,
903 181 996 226 quod
1013 193 1117 225 supra

127 232 275 266 tradidit
291 233 333 265 de
349 244 458 276 regno
474 231 642 273 Messiae,
669 244 856 275 agnoscere
871 231 1057 273 Messiam,
1084 239 1117 265 et

126 295 210 316 vera
233 283 301 316 fide
319 283 438 317 Deum
464 283 649 324 invocare,
677 290 709 316 et
727 284 756 316 ei
774 283 899 327 gratias
913 294 1034 326 agere,
1061 290 1115 316 at-

125 346 194 379 que
218 334 265 367 ita
290 334 328 366 in
352 332 408 368 his
432 334 667 369 conventibus
689 346 882 379 propagare
898 335 942 368 ad
958 342 1116 379 posteros

124 384 373 429 Evangelium.

227 451 387 486 Frondes
414 454 621 497 praesertim
644 453 682 487 in
707 453 779 487 illis
796 453 1019 496 regionibus,
1045 452 1115 485 fra-

124 504 368 548 grantissimae
397 505 675 539 contexebantur
699 505 737 537 in
762 505 923 549 pompis,
957 511 997 538 ut
1019 504 1116 537 viror

124 563 158 589 et
175 556 263 588 odor
277 562 450 588 recrearet
465 568 624 599 corpora.
673 555 731 590 Sic
747 568 849 589 verae
866 556 1020 596 frondes,
1048 554 1115 587 sci-

122 606 204 639 licet
222 607 408 639 conciones
425 607 468 639 de
486 605 578 648 Deo,
606 607 849 641 invocationes
866 614 899 640 et
915 607 1035 640 laudes
1047 604 1115 639 Dei

123 664 206 691 sunt
221 658 310 690 odor
324 664 441 700 gratus
454 656 529 691 Deo
541 683 550 697 ,
578 658 614 690 id
632 665 699 699 est,
726 657 895 691 sacrificia
912 657 1114 702 praecipua,

121 716 155 742 et
184 709 354 742 suavitate
382 721 442 742 sna
469 716 628 742 recreant
651 715 786 742 mentes
810 709 950 753 piorum
974 709 1114 742 audito-

121 771 213 794 rum.
268 758 336 793 Sed
361 757 428 793 boc
445 761 707 794 observandum
727 766 794 800 est,
822 760 917 804 quod
934 757 996 792 has
1014 760 1112 792 fron-

121 811 184 844 des
215 816 308 843 certo
338 811 440 844 altari
472 811 611 853 alligat,
647 811 729 855 quia
752 811 807 843 lex
830 807 1016 857 prohibuit
1039 810 1112 843 ulla

120 862 197 894 fieri
212 861 335 895 altaria
354 869 413 895 aut
430 862 580 906 templa,
608 862 676 894 nisi
695 861 732 894 in
750 873 822 894 uno
840 861 917 894 loco
939 861 1112 894 divinitus

121 912 331 953 constituto,
358 919 397 946 nt
414 913 535 946 doceat
552 924 659 946 unam
675 924 747 945 esse
759 910 971 952 Ecclesiam,
998 924 1110 944 unum

119 963 356 997 ministerium
381 964 481 996 verbi
504 962 590 1006 Dei,
623 964 666 997 ad
692 964 788 1009 quod
812 963 889 997 vult
912 962 1006 997 Deus
1032 963 1111 996 alli-

119 1022 232 1058 gatam
250 1027 322 1048 esse
340 1012 543 1049 Ecclesiam.

221 1081 317 1115 Iliuc
336 1082 511 1115 discamus
531 1082 700 1125 regulam,
729 1083 772 1115 de
793 1094 860 1128 qua
873 1094 974 1126 saepe
986 1082 1109 1125 dispu—

118 1140 228 1174 tatur,
257 1131 447 1166 Ecclesiam
468 1134 643 1177 alligatam
661 1145 732 1166 esse
750 1135 793 1167 ad
812 1140 945 1167 certum
961 1134 1108 1165 verbum

117 1182 204 1225 Dei,
231 1191 263 1217 et
285 1184 522 1218 ministerium
548 1185 647 1218 verbi
666 1184 747 1218 Dei.
802 1184 912 1230 quue
935 1184 1108 1227 significa-

117 1242 175 1269 tur
197 1247 258 1279 per
283 1235 427 1268 frondes
452 1243 632 1270 contextas
658 1236 701 1269 ad
722 1236 841 1271 altare.
897 1234 965 1269 Sed
987 1235 1023 1267 in
1044 1232 1108 1267 hac

116 1287 238 1329 regula
269 1287 421 1320 discerni
452 1294 589 1330 oportet
621 1299 741 1320 verum
773 1287 1028 1326 ministerium,
1065 1286 1108 1318 ab

117 1338 307 1382 episcopis,
342 1338 404 1382 qui
437 1338 581 1371 titulum
613 1344 757 1381 gerunt,
790 1350 868 1371 cum
896 1338 966 1371 sint
992 1334 1109 1369 hostes

116 1386 314 1430 Evangelii.
374 1387 420 1422 Et
450 1395 568 1421 tamen
598 1386 636 1421 bi
668 1390 870 1433 disputant,
913 1386 1107 1421 Ecclesiam

115 1439 293 1482 alligatam
311 1449 382 1471 esse
397 1439 439 1472 ad
457 1439 710 1472 successionem
728 1439 944 1472 ordinariam
956 1465 964 1478 ,
991 1445 1030 1471 ut
1045 1450 1106 1470 vo-

116 1497 209 1531 cant,
236 1488 497 1534 Episcoporum
513 1502 551 1523 ac
566 1491 609 1523 ad
626 1502 747 1523 eorum
761 1490 864 1533 leges,
888 1489 1024 1532 Negant
1036 1499 1108 1521 esse

115 1547 331 1575 sacramenta
355 1548 387 1574 et
410 1540 652 1574 remissionem
674 1547 896 1584 peccatorum
920 1540 1014 1584 apud
1039 1550 1108 1580 eos,

116 1593 179 1639 qui
193 1605 267 1626 non
285 1592 530 1636 obtemperant
548 1592 677 1625 talibus
694 1591 876 1636 episcopis.

220 1662 356 1695 Contra
378 1660 443 1694 hos
465 1672 600 1693 errores
618 1660 807 1703 diligenter
822 1660 1006 1693 muniendi
1026 1665 1106 1692 sunt

115 1714 245 1753 animi,
280 1725 318 1746 ac
347 1719 528 1756 utrunque
554 1712 783 1752 discendum,
811 1710 1005 1744 Ecclesiam
1027 1711 1107 1743 alli-

115 1772 227 1809 g-itam
256 1776 328 1798 esse
352 1764 393 1796 ad
421 1764 566 1796 verbum
592 1762 679 1803 Dei,
714 1769 747 1797 et
773 1762 1008 1796 ministerium
1032 1762 1107 1795 eius

115 1816 234 1857 verbi,
270 1815 351 1860 quia
377 1813 473 1848 Deus
501 1812 687 1858 prohibuit
717 1814 837 1857 vagari
868 1813 1006 1846 animos
1032 1813 1107 1846 sine

115 1875 210 1902 certo
235 1867 362 1905 verbo,
391 1872 424 1899 et
446 1865 575 1908 fingere
594 1865 781 1910 opiniones
799 1865 842 1897 de
858 1863 952 1903 Deo,
981 1871 1013 1897 et
1030 1864 1107 1896 cul—

115 1927 190 1960 tus,
219 1918 309 1951 sicut
325 1914 471 1951 Ethnici
493 1916 642 1959 fingunt.
696 1914 743 1950 Et
765 1923 881 1950 tamen
901 1927 1020 1948 rursus
1040 1912 1107 1948 hoc

116 1971 297 2004 sciendum
322 1975 389 2009 est,
416 1966 611 2001 Ecclesiam
636 1980 708 2001 non
734 1968 778 2001 ad
800 1978 967 2011 personas
983 1966 1106 2008 alliga-

114 2029 186 2056 tam
198 2048 207 2062 ,
235 2032 322 2066 quae
338 2019 481 2053 titulum
498 2025 625 2063 gerunt
639 2018 912 2063 Episcoporum,
939 2030 1019 2050 cum
1035 2017 1107 2050 sint

116 2071 235 2106 hostes
259 2070 465 2114 Evangelii,
499 2071 587 2103 sicut
611 2069 741 2103 Paulus
772 2070 814 2103 ad
845 2067 989 2102 Galatas
1014 2068 1105 2102 clare

117 2123 305 2168 praecipit:
335 2122 469 2166 Siquis
485 2122 581 2154 aliud
592 2119 827 2163 Evangelinm
844 2119 994 2159 docebit,
1021 2132 1105 2152 ana—

116 2173 234 2209 thema
273 2174 326 2208 sit.
393 2173 498 2207 Item:
541 2172 666 2216 Fugite
701 2172 916 2211 idolatriam,
987 2170 1106 2213 Quare

115 2226 269 2270 episcopi
303 2224 530 2257 defendentes
554 2223 771 2264 idolatriam,
800 2222 985 2256 deserendi
1010 2229 1104 2262 sunt,

116 2285 149 2312 et
164 2276 324 2321 fugiendi
346 2283 512 2320 tanquam
530 2272 766 2319 anathemata.

218 2345 289 2379 Nec
308 2351 490 2389 propterea
510 2344 547 2377 fit
565 2340 744 2388 ἀναρχία,
773 2343 832 2376 sed
850 2342 999 2375 maxime
1019 2353 1103 2374 con-

115 2396 313 2437 tendimus,
360 2403 400 2429 ut
437 2395 640 2428 obedientia
681 2394 878 2427 ministerio
918 2391 1103 2436 Evangelii

114 2454 327 2494 praestetur,
363 2447 410 2479 sic
432 2447 575 2480 frondes
599 2452 835 2480 contexuntur
858 2452 890 2478 et
914 2444 1105 2487 alligantur

115 2500 235 2540 altari,
264 2499 357 2543 quud
381 2497 477 2532 Deus
502 2497 668 2531 collocari
691 2496 809 2535 iussit,
837 2497 872 2529 id
900 2502 967 2533 est,
997 2495 1104 2527 mini—

114 2551 219 2586 sterio
237 2550 337 2583 verbi
347 2548 423 2582 Dei.
476 2546 565 2583 Nam
584 2548 691 2582 altare
709 2548 881 2591 significat
898 2559 1020 2580 verum
1036 2547 1102 2578 mi-

113 2603 315 2636 nisterium.
372 2599 420 2635 Et
446 2601 560 2646 qualis
585 2600 629 2634 sit
653 2605 726 2633 tota
751 2597 837 2633 haec
862 2610 989 2644 pompa
1014 2597 1103 2639 sesti,

114 2660 296 2700 sequentes
314 2664 433 2687 versus
449 2652 619 2685 indicant.

724 93 789 131 IX.
839 91 1208 130 COMMENTARII
1236 93 1288 129 IN
1315 91 1560 130 PSALMOS.

2066 95 2161 131 1466

1219 178 1325 213 Deus
1355 192 1455 214 meus
1486 185 1601 219 estu,
1637 177 1824 212 celebrabo
1847 183 1895 218 ie,
1929 177 2036 213 Deus
2062 192 2161 214 meus

1271 230 1448 265 exaltabo
1465 236 1507 266 te.

1219 294 1459 343 Confilemini
1485 298 1655 333 Domino
1685 299 1861 347 quoniam
1895 298 2029 337 bonus,
2068 312 2156 345 (μω-

1271 351 1374 385 niam
1396 351 1434 384 in
1454 350 1613 386 seculum
1633 347 1886 385 misericordia
1907 350 1993 384 eius.

1268 427 1366 461 Haec
1389 435 1439 462 est
1458 440 1538 462 vera
1564 428 1750 461 celebratio
1773 427 1868 465 festi,
1897 439 1976 460 cum
1995 428 2155 460 doctores

1167 486 1200 513 et
1238 479 1390 523 populus
1429 486 1561 513 canunt
1599 476 1666 511 boc
1712 478 1960 511 admirandum
2001 490 2153 515 carnem,

1166 528 1271 563 Deus
1295 536 1394 562 meus
1419 542 1452 563 es
1481 535 1536 571 iu,
1565 528 1751 563 celebrabo
1772 534 1818 563 te.
1873 530 1928 563 Ad
1947 527 2037 561 hanc
2054 530 2153 571 agni-

1166 581 1298 615 tionem
1324 588 1358 614 et
1381 582 1652 615 celebrationem
1670 581 1766 613 Deus
1788 580 1891 612 initio
1917 579 2074 612 condidit
2094 591 2153 621 ge-

1165 645 1233 666 nus
1258 630 1470 673 humanum,
1499 640 1531 666 et
1551 640 1668 676 postea
1686 631 1878 675 reparavit,
1907 643 1943 663 ac
1960 628 2152 663 Ecclesiam

1165 690 1334 728 perpetuo
1352 683 1523 716 victuram
1543 683 1662 726 elegit,
1691 689 1729 715 ut
1746 682 1885 715 bonitas
1900 682 2009 725 ipsius
2028 690 2059 714 et
2077 681 2160 723 glo-·

1165 735 1217 767 ria
1238 736 1493 772 innotesceret,
1522 742 1555 768 et
1579 734 1824 766 celebraretur.
1853 731 1924 764 Nec
1943 739 1992 765 est
2011 732 2077 765 alia
2097 744 2151 764 sa-

1164 786 1296 829 pientia
1311 787 1424 819 maior
1437 786 1508 818 ulla
1522 783 1707 818 bominum
1725 790 1784 816 aut
1795 783 2020 825 angelorum,
2045 794 2151 826 quam

1164 835 1249 870 haec
1281 849 1385 881 quam
1419 837 1515 869 iubet
1548 847 1612 869 nos
1635 847 1774 874 canere,
1809 831 1863 866 his
1889 834 2020 866 verbis:
2057 832 2152 866 Deus

1165 900 1262 921 meus
1276 899 1310 920 es
1327 894 1375 925 tu,
1405 888 1587 920 celebrabo
1605 895 1648 921 te.
1701 885 1771 918 Hic
1786 885 1951 918 iubemur
1966 895 2152 926 agnoscere

1164 936 1259 972 bunc
1272 938 1478 977 Dominum,
1509 939 1568 983 qui
1587 938 1734 971 verbum
1755 948 1855 969 suum
1874 935 1977 968 nobis
1993 935 2151 972 tradidit,

1164 990 1224 1035 qui
1241 991 1334 1023 misit
1347 989 1524 1029 Messian),
1551 1002 1632 1021 vere
1647 1000 1720 1021 esse
1737 988 1880 1020 unicum
1891 985 2018 1026 Deum,
2041 993 2150 1019 aeter—

1164 1054 1248 1074 num
1281 1049 1313 1075 et
1335 1041 1635 1085 omnipotentem,
1669 1039 1887 1073 conditorem
1912 1044 1944 1069 et
1965 1048 2151 1069 conserva-

1163 1099 1275 1126 torem
1309 1104 1447 1129 rerum,
1484 1092 1612 1124 deinde
1636 1098 1667 1124 et
1692 1090 1794 1123 nobis
1817 1101 1887 1121 csse
1913 1087 2046 1124 Deum,
2082 1087 2148 1119 boc

1164 1150 1230 1183 est,
1263 1155 1344 1176 vere
1368 1149 1569 1181 curantem,
1599 1142 1864 1185 respicientem,
1892 1139 2150 1180 exaudientem,

1162 1195 1388 1234 liberantem,
1417 1194 1610 1227 salvantem
1626 1205 1700 1226 nos.

1263 1252 1430 1286 Humana
1455 1265 1552 1286 mens
1575 1264 1739 1296 oppressa
1763 1252 1984 1285 dubitatione
2008 1251 2049 1283 de
2068 1262 2150 1293 pro-

1161 1305 1338 1343 videntia,
1365 1316 1438 1337 non
1460 1311 1561 1336 sonat
1579 1301 1670 1336 hanc
1688 1315 1806 1336 vocem
1827 1303 1901 1335 sine
1920 1302 1996 1334 luce
2014 1301 2149 1337 divina,

1160 1354 1266 1389 Deus
1285 1366 1382 1388 meus
1399 1366 1434 1387 es
1452 1359 1507 1387 lu:
1536 1356 1673 1388 dubitat
1693 1355 1785 1386 enim
1798 1365 1840 1386 an
1850 1353 1944 1386 Deus
1961 1365 2025 1385 nos
2041 1359 2151 1391 curet,

1161 1408 1340 1446 exaudiat,
1368 1406 1451 1439 velit
1474 1406 1614 1447 invare,
1641 1418 1679 1439 ac
1705 1405 1888 1449 praecipue
1908 1404 1945 1436 in
1962 1402 2151 1442 aerumnis,

1161 1470 1240 1491 cum
1267 1458 1374 1490 sentit
1398 1468 1432 1488 se
1457 1457 1605 1499 negligi,
1639 1468 1711 1489 non
1737 1455 1863 1490 iuvari.
1923 1454 1992 1487 liic
2017 1465 2151 1498 nequa-

1161 1520 1266 1554 quam
1292 1508 1356 1548 ait,
1383 1506 1478 1540 Deus
1501 1518 1599 1540 meus
1624 1518 1659 1540 es
1682 1513 1739 1544 tu,
1766 1507 1823 1539 sed
1843 1505 1961 1538 fremit
1980 1505 2095 1548 potius
2112 1516 2150 1536 ac

1160 1560 1327 1598 miratur,
1355 1569 1417 1591 cur
1432 1556 1527 1591 Deus
1549 1558 1635 1591 adeo
1659 1555 1921 1604 negligatbhanc
1937 1555 2151 1590 imbecillem

1159 1617 1333 1643 naturam.

1262 1660 1401 1694 Deinde
1425 1672 1504 1693 cum
1523 1672 1621 1693 mens
1640 1657 1732 1692 nibil
1751 1660 1866 1700 novit,
1895 1659 1962 1692 nisi
1983 1658 2067 1701 legis
2083 1658 2149 1689 do-

1161 1712 1309 1745 ctrinam
1323 1738 1331 1751 ,
1359 1711 1573 1755 opprimitur
1589 1719 1777 1755 conspectu
1794 1711 1923 1755 peccati
1941 1717 1973 1743 ct
1989 1710 2060 1742 irae
2073 1708 2150 1747 Dei,

1159 1763 1249 1806 fugit
1279 1761 1415 1803 Deum,
1448 1762 1519 1796 ruit
1549 1763 1586 1795 in
1617 1764 1897 1807 desperationem
1927 1768 1959 1795 et
1991 1760 2151 1797 exitium,

1160 1815 1251 1848 sicut
1274 1812 1382 1854 Cain,
1416 1812 1520 1854 Saul,
1551 1813 1674 1854 Iudas,
1709 1820 1769 1847 aut
1794 1813 1938 1846 similes.
2007 1810 2147 1843 Horum

1160 1877 1265 1898 nemo
1282 1871 1395 1909 potest
1410 1864 1543 1905 dicere,
1567 1863 1663 1898 Deus
1681 1876 1779 1897 meus
1797 1875 1832 1897 es
1848 1871 1905 1907 tu,
1933 1863 1990 1896 sed
2009 1862 2150 1904 fugiunt

1159 1916 1294 1957 Deum,
1322 1923 1490 1960 tanquam
1510 1916 1752 1950 saevissimum
1769 1913 1923 1955 bostem,
1950 1914 2151 1946 irascuntur

1160 1968 1209 2006 ei,
1239 1974 1270 2000 et
1288 1967 1419 2000 vellent
1437 1979 1580 2012 quoquo
1599 1968 1704 2000 modo
1725 1966 1887 2010 abrumpi
1908 1976 2008 2008 posse
2026 1964 2150 2006 ingen—

1159 2025 1210 2053 tes
1230 2018 1422 2057 cruciatus,
1451 2030 1538 2062 quos
1553 2019 1747 2058 sustinent,
1776 2025 1808 2051 et
1824 2024 1898 2050 tum
1915 2015 2049 2054 Deum,
2076 2021 2148 2047 tum

1159 2082 1232 2104 sese
1259 2081 1332 2102 non
1355 2069 1512 2103 existere.
1565 2069 1636 2102 Nec
1659 2069 1866 2112 magnitudo
1892 2066 1997 2100 huius
2017 2065 2151 2099 doloris

1159 2121 1310 2154 describi
1337 2121 1454 2153 verbis
1477 2127 1608 2163 potest,
1636 2132 1699 2152 nec
1725 2121 1808 2153 satis
1828 2118 1991 2162 cogitari,
2019 2122 2149 2161 quanta

1159 2173 1202 2206 sit
1225 2172 1385 2211 miseria,
1414 2172 1519 2204 obrui
1544 2170 1598 2204 his
1622 2171 1836 2210 terroribuS,
1865 2182 1952 2214 quos
1969 2169 2004 2200 in
2023 2167 2099 2200 ocio
2117 2173 2151 2198 et

1159 2223 1416 2268 tranquillitate
1448 2220 1610 2255 homines
1641 2222 1753 2254 securi
1784 2233 1857 2254 non
1881 2218 2148 2262 magnifaciunt.

1159 2274 1214 2307 Pii
1238 2281 1377 2317 gustum
1403 2273 1556 2319 aliquem
1583 2271 1731 2312 habent,
1769 2280 1800 2306 et
1826 2272 1978 2313 cogitare
2000 2281 2059 2303 eos
2087 2270 2149 2301 de-

1158 2326 1263 2365 bent,
1289 2332 1328 2359 ut
1344 2337 1424 2357 vere
1443 2322 1714 2369 perhorrescant
1732 2330 1826 2355 metu
1843 2323 1915 2355 irae
1931 2320 2014 2358 Dei,
2042 2327 2073 2352 et
2093 2321 2149 2351 in-

1157 2377 1314 2419 gentium
1334 2388 1540 2419 poenarum,
1567 2387 1655 2421 quae
1672 2381 1748 2419 post
1766 2372 1858 2407 hanc
1875 2373 1984 2406 vitam
2001 2372 2147 2405 damna-

1157 2435 1210 2463 tos
1228 2428 1442 2471 oppriment.

1258 2477 1372 2511 Nemo
1396 2478 1502 2520 igitur
1525 2475 1802 2521 Epicureorum,
1831 2488 1934 2509 nemo
1958 2471 2145 2508 Mahome-

1157 2530 1338 2569 tistarum,
1366 2541 1469 2562 nemo
1489 2528 1711 2569 Iudaeorum,
1738 2540 1843 2561 nemo
1861 2525 2144 2560 adversariorum

1156 2579 1362 2623 Evangelii,
1403 2580 1533 2624 poterit
1564 2592 1688 2612 canere
1718 2576 1813 2612 hunc
1844 2590 2000 2611 versum:
2037 2573 2143 2607 Deus

1156 2643 1255 2664 meus·
1279 2642 1314 2664 es
1338 2635 1386 2664 tu.
1442 2630 1509 2665 Sed
1536 2637 1662 2664 canent
1689 2627 1725 2663 hi
1750 2637 1910 2668 tantum,
1931 2629 1991 2667 qui
2009 2631 2141 2660 norunt

1159 2682 1408 2726 Evangelinm,
1458 2682 1519 2728 qui
1557 2688 1752 2725 agnoscunt
1789 2688 1969 2715 aeternum
2011 2685 2143 2722 patrem
