2379 2948
146 90 218 126 801
607 89 623 124 I
628 89 654 126 Ι.

313 177 622 233 Argumentum
646 178 765 231 primi
789 177 966 232 Capitis.

227 247 379 284 Initium
398 257 448 285 est
463 251 599 293 titulus,
625 251 707 297 quia
724 263 797 285 non
813 251 890 285 vult
907 248 1004 285 Deus
1021 257 1136 286 extare

146 302 183 334 in
202 300 359 336 Ecclesia
376 301 487 336 libros
509 302 584 336 sine
607 301 712 336 certis
733 301 934 336 autoribus:
970 302 1029 336 sed
1056 302 1136 336 ideo

145 359 246 386 vocat
265 350 461 398 Prophetas
485 360 519 387 et
532 351 739 397 Apostolos,
765 359 799 386 et
824 359 928 386 ornat
953 364 1011 387 eos
1037 354 1135 388 testi-

144 403 296 443 moniis,
322 411 360 439 ut
383 403 551 444 sciamus,
578 404 673 436 unde
689 409 720 437 et
737 415 801 447 per
819 415 907 449 quos
933 411 1073 448 accepta
1092 405 1136 439 sit

144 454 316 489 doctrina.
368 453 514 488 Necesse
531 460 582 488 est
597 454 706 498 igitur
723 455 895 499 praeponi
911 454 1045 491 titulos.

246 519 444 555 Exordium
472 526 589 553 autem
613 520 716 554 valde
739 522 871 564 grande
894 528 964 563 est,
1000 521 1134 557 Audite

146 572 283 606 coelum
308 579 340 606 et
364 578 477 612 terra,
511 571 592 616 quia
619 569 715 605 Deus
742 572 818 606 vult
843 573 1002 607 exaudiri
1034 585 1133 607 suam

145 635 266 657 vocem
293 635 311 656 a
335 628 408 656 toto
434 632 562 665 genere
586 619 762 664 humano,
793 631 827 658 et
845 624 921 658 vult
937 622 1133 658 Ecclesiam

146 673 183 706 in
201 674 334 707 mundo
348 679 467 706 notam
485 684 571 714 esse,
598 681 637 707 ut
654 674 823 719 scriptum
844 682 904 716 est,
936 674 978 708 In
989 688 1132 709 omnem

144 731 272 759 terram
290 723 396 758 exivit
413 735 521 758 sonus
537 737 672 759 eorum.

243 781 308 817 Est
322 790 438 817 autem
461 790 575 819 totum
590 786 746 830 primum
766 785 880 831 Caput
899 786 1022 820 concio
1048 799 1132 832 poe-

143 834 323 869 nitentiae.
376 833 506 879 Arguit
522 843 673 880 peccata,
700 844 734 871 et
751 838 938 882 praecipue
954 838 1132 872 idolorum

143 886 289 926 cultum,
318 893 351 920 et
366 886 469 919 falsas
487 887 673 931 opiniones
690 889 734 921 de
753 889 942 922 sacrificiis.
985 887 1032 923 Et
1050 887 1133 923 huic

140 937 358 971 accusationi
374 937 506 984 intexta
522 945 572 972 est
588 939 741 984 querela,
768 941 863 985 quod
883 940 1053 974 latissime
1072 952 1132 974 va-

142 995 271 1032 gentur
296 996 453 1033 peccata,
488 996 521 1023 et
548 990 749 1034 paucissimi
776 991 905 1037 reliqui
939 991 1011 1026 sint
1039 999 1132 1025 recte

141 1039 332 1074 sentientes
357 1048 390 1074 et
413 1047 506 1074 recte
527 1040 734 1075 invocantes
751 1040 877 1076 Deum.
931 1041 1028 1076 Haec
1051 1054 1131 1087 pars

141 1090 249 1124 simul
265 1097 414 1125 testatur
439 1092 600 1135 exiguam
617 1104 690 1126 esse
709 1105 827 1127 veram
843 1092 910 1127 Dei
927 1093 1132 1132 Ecclesiam,

141 1149 175 1175 et
206 1148 323 1175 tamen
350 1143 486 1188 aliquas
518 1155 662 1177 manere
683 1156 782 1178 veras
814 1145 994 1190 reliquias.
1048 1143 1131 1178 Ideo

142 1192 248 1231 dicit,
281 1192 358 1226 Nisi
384 1192 482 1227 Deus
512 1194 711 1240 reliquisset
743 1196 846 1229 nobis
872 1207 1010 1237 semen,
1043 1195 1133 1229 sicut

139 1242 297 1278 Sodoma
315 1251 348 1279 et
366 1243 543 1279 Gomorra
561 1257 725 1281 essemus.

242 1302 367 1337 Postea
383 1304 483 1338 addit
497 1305 713 1338 accusationi
728 1305 999 1349 promissionem
1016 1306 1060 1338 de
1077 1317 1133 1338 re-

139 1353 309 1387 missione
331 1362 576 1398 peccatorum‚
611 1355 712 1389 cuius
736 1355 926 1389 declaratio
957 1356 1134 1401 copiosior

140 1406 311 1438 sumenda
332 1411 384 1439 est
403 1417 441 1438 ex
459 1404 538 1438 aliis
555 1405 659 1446 locis,
687 1406 724 1438 in
744 1406 873 1451 quibus
891 1413 972 1447 sunt
990 1407 1133 1440 concio-

140 1467 203 1489 nes
219 1456 263 1489 de
280 1455 410 1489 Messia
423 1482 431 1497 ,
460 1468 550 1502 quae
565 1456 743 1491 affirmant
760 1464 906 1502 propter
921 1455 1012 1491 hanc
1031 1457 1133 1492 victi-

141 1518 235 1540 mam
249 1534 258 1547 ,
286 1514 320 1541 et
344 1519 416 1540 non
441 1514 587 1552 propter
607 1508 677 1541 alia
702 1520 807 1552 opera
824 1516 856 1543 et
871 1508 1039 1542 sacrificia
1057 1508 1133 1542 dari

140 1558 387 1591 remissionem
405 1565 642 1603 peccatorum.
694 1558 762 1592 Hie
783 1566 922 1593 tantum
948 1560 984 1592 in
1008 1571 1134 1603 genere

142 1609 305 1654 loquitur
322 1610 364 1643 de
380 1610 610 1643 conversione
627 1610 669 1643 ad
690 1623 812 1644 verum
830 1609 963 1652 Deum,
990 1611 1134 1649 scilicet,

143 1672 248 1706 quem
266 1657 488 1705 adprehendi
512 1673 652 1694 necesse
668 1668 717 1695 est
736 1673 797 1705 per
815 1661 1087 1706 promissionem
1103 1668 1136 1695 et

142 1711 359 1755 agnitionem
370 1710 536 1745 Messiae:
564 1710 726 1746 Desinite
742 1724 904 1757 perverse
921 1724 1034 1756 agere.

246 1777 311 1813 Est
336 1785 452 1813 autem
478 1778 626 1812 illustris
651 1779 785 1824 pictura
806 1779 842 1812 in
862 1777 927 1812 hac
952 1787 1070 1824 parte,
1098 1780 1135 1814 in

144 1842 211 1876 qua
231 1831 400 1864 recitatur
415 1830 621 1875 promissio:
648 1829 685 1864 Si
705 1837 844 1874 peccata
864 1837 979 1864 vestra
1003 1831 1137 1866 fuerint

142 1888 184 1916 ut
199 1882 393 1922 coccinum,
419 1881 509 1914 sicut
525 1881 584 1914 nix
604 1882 879 1923 dealbabuntur,
905 1888 938 1914 et
955 1881 984 1914 si
1003 1882 1136 1917 fuerint

143 1933 251 1966 rubra
267 1939 305 1966 ut
323 1931 555 1973 vermiculus,
583 1932 680 1966 eritis
702 1933 843 1966 candidi
860 1939 899 1967 ut
916 1932 1006 1968 lana.

245 1998 440 2035 Cruentum
458 2011 530 2033 esse
548 2006 599 2034 est
616 2012 713 2034 reum
733 2012 826 2045 esse,
851 2007 890 2034 ut
908 2008 1074 2035 cruentus
1099 2000 1137 2035 fit

146 2052 237 2086 latro
262 2051 299 2084 in
332 2051 525 2096 supplicio,
558 2063 638 2085 cum
663 2058 767 2096 caput
794 2052 1020 2097 praeciditur.
1077 2051 1136 2087 Sic

148 2103 256 2146 igitur
271 2102 369 2136 dicit:
396 2100 547 2136 Etiamsi
569 2103 620 2136 rei
638 2103 737 2144 estis,
765 2110 798 2137 et
814 2103 1034 2137 tristissimae
1050 2115 1136 2148 poe-

147 2165 215 2187 nae
237 2165 300 2186 vos
322 2160 591 2198 oppresserunt,
620 2161 737 2188 tamen
762 2155 789 2188 si
817 2154 1068 2188 convertimini
1091 2155 1134 2188 ad

147 2203 282 2244 Deum,
314 2204 538 2239 remittentur
562 2212 721 2249 peccata,
751 2213 783 2240 et
808 2217 943 2251 poenae
965 2206 1137 2240 tollentur

149 2262 209 2290 aut
227 2255 494 2299 mitigabuntur.

259 2313 450 2349 Coccinum
492 2314 662 2358 significat
704 2328 924 2361 purpureum
970 2317 1135 2353 colorem.

149 2365 248 2400 ldem
274 2365 445 2409 significat
465 2366 698 2408 vermiculus,
727 2368 809 2414 quia
834 2365 966 2407 κόκκος
991 2366 1136 2416 βαφικὴ

149 2424 200 2451 est
214 2428 364 2460 granum
381 2416 419 2448 in
438 2416 517 2450 ilice
534 2428 695 2459 nascens,
722 2420 818 2465 quod
846 2419 883 2452 in
902 2420 1135 2454 vermiculum

149 2469 320 2509 vertitur,
348 2478 416 2513 que
440 2474 567 2500 vocant
588 2466 804 2514 σκωλήκιον.
861 2470 947 2504 lnde
971 2472 1069 2505 color
1086 2478 1137 2506 est

144 2520 346 2559 coccineus,
363 2525 395 2552 et
409 2525 536 2563 putant
550 2521 759 2554 vocabulum
776 2521 953 2568 &cbatlctcb
969 2534 988 2556 a
1001 2522 1137 2557 Graeca

706 78 1075 128 ARGUMENTUM
1104 91 1154 128 IN
1180 85 1373 129 n‘sAmM
1399 93 1726 136 PROPHETAM.

2110 105 2185 143 802

1347 181 1396 223 In
1428 182 1563 237 Caput
1587 185 1747 227 Esaiae
1779 187 2021 230 secundum.

1293 253 1438 290 Initium
1464 264 1513 292 est
1536 260 1741 295 consolatio.
1794 259 1859 296 Est
1878 263 1971 296 enim
1991 267 2177 308 promissio

1188 306 1484 350 promulgationis
1502 307 1689 353 Evangelii
1714 319 1746 346 et
1771 312 1984 349 incoationis
1998 313 2176 353 Ecclesiae

1187 363 1362 398 aeternae,
1382 370 1472 403 quae
1486 359 1544 393 fiet
1560 360 1597 393 in
1615 358 1680 395 hoc
1697 362 1772 406 ipso
1787 372 1911 398 monte
1926 365 2030 400 Zion.
2068 368 2176 403 Man-

1160 429 1163 458 ι
1187 420 1267 442 sura
1284 415 1333 442 est
1352 409 1461 452 igitur
1483 411 1669 454 posteritas
1685 411 1851 448 Abrahae
1870 416 1906 449 in
1925 414 1992 451 hoc
2017 418 2115 459 loco,
2143 428 2176 455 et

1160 461 1164 477 l

1187 471 1352 493 mansura
1388 457 1473 494 haec
1509 461 1654 505 politia,
1697 464 1808 498 donec
1840 465 1926 501 fiant
1967 466 2052 504 haec
2087 484 2175 517 quae

1187 510 1368 555 praedicit.

1287 569 1461 614 Congruit
1484 578 1601 605 autem
1634 569 1720 607 haec
1750 572 1936 619 prophetia
1960 580 2003 611 ad
2028 581 2174 616 verbum

1186 633 1265 655 cum
1288 621 1382 655 dicto
1409 620 1558 655 Psalmi:
1590 622 1736 668 Vin-gam
1761 625 1902 660 virtutis
1933 634 2012 662 tuae
2042 633 2176 668 emittet

1185 670 1362 706 Dominus
1379 685 1419 706 ex
1438 672 1542 708 Zion.
1577 674 1628 707 Ita
1647 672 1704 708 hic
1724 676 1870 710 dicitur:
1898 675 1950 712 Ex
1969 678 2059 713 Zion
2078 694 2176 725 egre-

1186 724 1304 757 dietur
1319 724 1385 758 lex.
1439 723 1578 758 Montio
1596 725 1633 760 fit
1650 727 1736 760 certi
1751 727 1838 768 loci,
1866 735 1900 763 et
1919 726 2004 763 haec
2023 738 2093 766 tota
2110 746 2174 778 po-

1185 774 1262 809 litia
1286 774 1445 809 Mosaica
1470 775 1550 809 ideo
1572 777 1762 812 constituta
1786 778 1872 820 suit,
1903 787 1943 814 ut
1966 781 2017 815 ibi
2040 791 2175 828 repete-

1185 832 1310 860 rentur
1327 826 1580 870 promissiones
1598 828 1728 862 additis
1746 829 1944 865 illustribus
1961 833 2175 870 testimoniis

1184 876 1460 918 miraculorum,
1495 885 1528 912 et
1555 878 1606 912 ibi
1640 886 1734 914 certo
1766 878 1992 917 exhiberetur
2015 883 2176 921 Messias.

1186 927 1275 962 Vult
1298 928 1393 961 enim
1410 927 1506 962 Deus
1531 936 1660 964 certam
1686 942 1758 964 esse
1772 931 1964 966 Ecclesiam
1985 935 2028 968 de
2044 935 2174 972 Messia

1184 985 1218 1013 et
1242 981 1286 1012 de
1312 977 1519 1023 Evangelio.
1582 979 1666 1015 Ideo
1691 989 1786 1016 certo
1817 983 1895 1018 loco
1924 987 2174 1030 patefactiones

1183 1030 1260 1064 fieri
1276 1030 1440 1064 miranda
1458 1031 1617 1066 bonitate
1632 1033 1757 1068 voluit.

1287 1088 1396 1132 Quod
1420 1102 1503 1123 vero
1529 1091 1632 1132 dicit,
1659 1090 1878 1127 Conflabunt
1900 1094 2035 1138 gladios
2060 1097 2096 1130 in
2116 1112 2178 1133 vo-

1184 1151 1315 1181 meres,
1342 1140 1532 1174 discrimen
1558 1142 1736 1177 indicatur
1756 1143 1849 1178 inter
1866 1152 1966 1180 vetus
1990 1154 2022 1181 et
2040 1160 2173 1183 novum

1185 1190 1475 1233 Testamentum,
1502 1193 1601 1238 quasi
1629 1193 1741 1236 dicat,
1767 1194 1808 1228 In
1836 1207 1930 1230 novo
1948 1196 2175 1235 Testamento

1185 1254 1258 1275 non
1280 1243 1518 1277 constituetur
1542 1245 1723 1278 mundana
1746 1246 1887 1289 politia,
1914 1254 1953 1281 ut
1972 1247 2091 1283 ludaei
2110 1264 2177 1295 pu-

1185 1293 1329 1334 tabant,
1360 1295 1419 1326 sed
1438 1294 1640 1328 incoabitur
1656 1307 1737 1329 vera
1760 1297 1893 1339 agnitio
1909 1296 1995 1338 Dei,
2021 1307 2053 1334 et
2076 1301 2178 1337 iusti-

1185 1344 1259 1385 cia,
1285 1350 1318 1377 et
1336 1344 1406 1378 vita
1426 1351 1585 1384 aeterna,
1611 1345 1649 1378 in
1675 1357 1743 1390 qua
1770 1347 1836 1380 erit
1860 1359 1925 1391 pax
1949 1358 2118 1395 perpetua
2145 1361 2177 1388 et

1185 1396 1404 1428 consuetudo
1424 1407 1502 1429 cum
1525 1395 1614 1429 Deo.
1668 1395 1740 1430 Nee
1763 1397 1830 1431 erit
1854 1398 1982 1433 similis
2000 1401 2071 1435 vita
2097 1401 2179 1438 huic

1184 1445 1349 1490 politicae
1365 1452 1399 1480 et
1415 1446 1558 1480 mortali
1574 1446 1676 1483 vitae.

1287 1504 1441 1551 Reliqua
1465 1518 1546 1551 pars
1570 1507 1716 1541 secundi
1733 1506 1867 1553 Capitis
1893 1517 1942 1544 est
1966 1514 2180 1556 praedicatio

1185 1557 1424 1601 poenitentiae
1437 1584 1445 1598 ,
1473 1569 1622 1601 arguens
1638 1559 1772 1592 cultum
1790 1559 1969 1595 idolorum
1983 1590 1992 1604 ‚
2021 1571 2052 1598 et
2070 1568 2180 1610 magi-

1185 1619 1240 1641 cas
1257 1608 1508 1644 divinationes.
1545 1609 1700 1642 Econtra
1725 1622 1807 1644 vero
1834 1613 2004 1655 praedicit
2026 1616 2101 1659 fore
2125 1618 2181 1652 iu-

1184 1658 1330 1698 dicium,
1358 1659 1394 1691 in
1414 1672 1484 1704 quo
1504 1658 1652 1693 Messias
1672 1660 1844 1695 iudicabit
1861 1669 1893 1696 et
1910 1665 2041 1700 delebit
2059 1680 2182 1703 omnes

1187 1709 1334 1754 impios,
1357 1716 1390 1743 et
1407 1722 1530 1743 omnes
1547 1718 1728 1745 creaturae
1745 1722 1934 1755 agnoscent
1950 1716 2064 1750 solum
2085 1716 2182 1754 hunc

1186 1759 1300 1794 Deum
1319 1756 1400 1794 vere
1416 1760 1531 1794 Deum
1551 1772 1644 1802 esse,
1671 1762 1731 1807 qui
1748 1774 1784 1795 se
1812 1765 1972 1808 patefecit
1992 1768 2079 1802 datis
2098 1782 2180 1813 pro-

1186 1811 1416 1845 missionibus
1441 1812 1477 1844 in
1499 1812 1635 1857 populo
1654 1811 1776 1849 lsrael.
1829 1814 1913 1850 Ideo
1931 1817 2034 1853 dicit:
2065 1819 2106 1854 In
2124 1822 2181 1856 die

1187 1862 1246 1896 illa
1264 1862 1476 1897 exaltabitur
1493 1862 1671 1898 Dominus
1687 1864 1794 1899 solus.

1246 1970 1295 2012 In
1321 1971 1484 2012 tertium
1511 1975 1551 2012 et
1575 1976 1764 2024 quartum
1789 1973 1926 2028 Caput
1951 1978 2124 2023 Esaiae,

1290 2053 1378 2089 Cum
1403 2055 1557 2089 narratio
1584 2056 1752 2091 continua
1770 2057 1814 2092 sit
1839 2061 2122 2104 praedictionum
2141 2065 2178 2098 in

1188 2106 1293 2140 tertio
1318 2113 1351 2140 et
1369 2112 1495 2151 quarto
1512 2107 1637 2151 Capite
1650 2135 1659 2148 ,
1687 2121 1837 2153 quarum
1861 2111 1969 2145 altera
1988 2114 2179 2148 conciona-

1189 2165 1245 2192 tur
1269 2159 1312 2191 de
1333 2157 1469 2191 excidio
1497 2157 1733 2204 lerosolymae
1754 2167 1787 2194 et
1804 2161 1873 2194 fine
1891 2162 2008 2205 regni,
2036 2171 2067 2197 et
2086 2166 2177 2209 poli-

1187 2209 1254 2243 tiae
1279 2207 1474 2250 Mosaicae,
1509 2209 1618 2243 altera
1644 2211 1914 2253 promissionem
1939 2214 2176 2250 dulcissimam

1187 2260 1312 2305 repetit
1329 2261 1372 2293 de
1391 2260 1573 2294 servandis
1590 2261 1750 2306 reliquiis
1768 2262 1805 2295 in
1822 2261 1978 2297 Ecclesia
1987 2262 2066 2306 Dei,
2088 2267 2178 2302 sicut

1185 2323 1291 2356 supra
1315 2311 1450 2345 dictum
1479 2318 1551 2353 est,
1585 2310 1782 2356 Prophetas
1807 2326 1879 2346 non
1907 2315 2022 2349 solum
2045 2329 2177 2362 propo..

1186 2375 1271 2397 nere
1288 2362 1593 2406 comminationes,
1619 2364 1677 2396 sed
1695 2363 1799 2397 etiam
1817 2365 2088 2409 consolationes,
2114 2381 2176 2402 ne-

1186 2425 1278 2449 ccsse
1296 2420 1346 2448 est
1361 2410 1447 2447 haec
1463 2415 1533 2447 duo
1551 2412 1674 2457 Capita
1692 2414 1871 2458 coniungi.

1287 2473 1334 2507 Et
1351 2477 1554 2519 quanquam
1574 2469 1658 2505 haec
1676 2473 1799 2507 concio
1817 2475 2003 2520 praecipue
2018 2477 2177 2524 loquitur

1187 2527 1231 2560 de
1245 2525 1372 2559 ultimo
1390 2524 1537 2564 excidio,
1566 2529 1598 2556 et
1615 2525 1658 2555 de
1672 2524 1879 2558 collectione
1895 2525 2070 2563 Ecclesiae
2086 2531 2174 2565 facta

151 2583 236 2605 voce
252 2566 457 2615 σκωλήκιον
472 2570 602 2603 factum
619 2581 704 2605 esse.
749 2571 817 2606 Sed
837 2581 907 2608 tota
924 2574 1038 2618 imago
1056 2574 1137 2620 pul·
1187 2588 1272 2610 voce
1288 2575 1541 2620 Apostolorum
1555 2601 1564 2616 ,
1590 2581 1706 2608 tamen
1724 2575 1972 2611 universaliter
1985 2581 2027 2613 ad
2046 2593 2176 2625 poenas

151 2634 208 2656 cte
224 2623 269 2656 ad
284 2621 417 2655 Filium
434 2620 498 2656 Dei
518 2621 686 2667 quadrat,
714 2622 743 2655 is
759 2623 796 2657 fit
811 2635 874 2668 pro
890 2625 994 2660 nobis
1011 2637 1138 2661 cruen-
1189 2629 1263 2661 eius
1284 2625 1427 2671 populi,
1454 2632 1487 2659 et
1504 2625 1547 2658 fid
1571 2632 1707 2659 nostras
1732 2628 2023 2664 comminationes
2041 2644 2178 2666 accom-

1160 2712 1164 2716 ἢ
1191 2678 1365 2712 modanda
1381 2683 1451 2718 est,
1478 2676 1559 2722 quia
1576 2676 1709 2711 similes
1725 2689 1847 2713 causae
1865 2688 1966 2723 sunt,
1993 2689 2026 2716 et
2043 2683 2175 2718 similes

151 2680 207 2707 tus
221 2672 451 2711 vermiculus,
478 2679 518 2706 ut
534 2679 653 2706 nostra
670 2680 809 2717 peccata
823 2675 935 2712 tollat.

203 2725 377 2757 Mun-7²11.
399 2725 502 2758 Orrn.
527 2725 608 2757 Vot..
626 2725 719 2760 XIII.

1615 2724 1660 2763 51
