2379 2948
252 127 322 160 647

281 214 381 252 Quae
402 216 488 245 sun!
516 221 655 244 causae
683 205 925 242 certitudinis
946 209 985 241 in
1003 204 1206 241 doctrinis?

357 278 394 311 ln
415 274 641 320 Philosophia
659 282 690 308 et
716 274 880 308 omnibus
906 274 1060 313 artibus,
1087 274 1128 305 de
1153 272 1231 317 qui-

253 330 316 362 11115
336 330 392 361 lux
412 327 557 361 humani
575 326 708 369 ingenii
725 338 786 370 per
803 337 875 358 sese
894 325 1035 364 iudicat,
1066 331 1135 357 tres
1151 330 1231 356 sunt

253 391 397 412 normae
441 378 684 412 certitudinis:
735 374 962 420 Experientia
1009 374 1231 413 universalis,

252 429 446 472 Principia,
480 431 514 462 id
540 436 609 469 est,
647 428 797 460 noticiae
832 427 1016 459 nobiscnm
1043 431 1232 465 nascentes,

252 487 283 512 et
311 480 446 513 ordinis
467 479 666 513 Intellectus
696 479 732 510 in
760 477 946 510 iudicanda
972 475 1233 520 consequentia.

251 530 346 563 llaec
372 531 437 563 tria
463 530 573 564 Stoici
602 529 737 563 erudite
761 534 1031 567 contexuerunt,
1058 534 1091 559 et
1115 525 1231 560 nomi·

251 588 379 615 narunt
397 581 564 627 κριτήρια
581 580 835 613 doctrinarum,

351 647 576 692 Experientia
602 646 809 680 universalis
836 644 986 683 dicitur,
1020 655 1098 676 cum
1123 644 1164 675 de
1190 643 1231 675 iis

250 712 336 746 quae
356 711 460 733 sensu
476 698 729 742 percipiuntur,
756 695 830 728 sani
850 705 971 728 omnes
988 694 1108 726 eodem
1126 694 1230 726 modo

250 750 425 789 iudicant,
448 757 485 783 ut
509 750 624 792 ignem
650 747 801 779 calidum
825 756 913 778 esse:
943 743 1150 776 Foeminam
1169 756 1230 787 pa-

250 813 341 834 rere:
374 800 483 833 Aliud
516 811 586 831 esse
612 798 738 839 vitam,
772 795 866 829 aliud
894 801 1060 827 mortem:
1097 793 1138 826 ln
1162 795 1229 828 vita

249 851 483 884 animantium
501 861 638 882 sensum
656 855 688 881 et
712 853 846 880 motum
876 857 964 878 esse:
992 844 1144 878 Mortem
1170 847 1231 878 de-

249 902 475 935 structionem
493 911 565 933 esse
582 898 834 931 animantium:
865 896 1010 935 Vinum,
1031 896 1140 939 piper,
1167 894 1230 928 ha-

246 954 328 986 bere
346 952 415 983 vim
441 949 682 983 calefaciendi:
718 947 865 981 Coelum
890 946 1024 979 moveri
1049 946 1230 979 circulari-

248 1011 309 1037 ter.
363 1001 465 1034 Talia
490 1001 600 1034 multa
624 1006 705 1032 sunt
728 998 765 1031 in
792 1004 863 1031 tota
890 998 960 1030 vita
984 1004 1016 1030 et
1032 997 1068 1028 in
1086 997 1230 1037 artibus,

247 1066 335 1099 quae
357 1053 510 1097 primum
526 1050 738 1094 experientia
757 1049 1000 1081 animadversa
1015 1054 1107 1087 sunt,
1130 1060 1228 1092 quae,

247 1117 326 1138 cum
345 1115 509 1136 sanorum
535 1102 665 1134 indicia
686 1099 927 1138 consentiunt,
956 1109 1034 1130 vera
1062 1109 1133 1130 esse
1156 1110 1227 1130 non

246 1155 395 1189 dubium
414 1160 481 1186 est:
513 1153 607 1197 qnod
627 1149 680 1183 his
707 1150 843 1183 duabus
867 1149 994 1192 regulis
1020 1149 1228 1188 ostenditur,

247 1206 339 1248 Quia
366 1217 444 1237 cum
471 1203 518 1236 sic
543 1210 667 1236 natura
693 1200 833 1234 condita
856 1200 921 1239 sit,
955 1211 1042 1242 opus
1070 1199 1135 1231 Dei
1160 1199 1228 1232 tale

245 1268 316 1289 esse
334 1255 581 1288 affirmandum
604 1259 661 1286 est.
718 1251 821 1291 ltem,
848 1250 928 1294 quia
951 1251 1030 1282 dato
1055 1250 1227 1293 opposito,

245 1307 402 1351 sequitur
427 1304 615 1338 destructio
650 1302 833 1335 universae
863 1308 1020 1334 naturae.
1074 1301 1227 1344 Aequic-

245 1363 345 1391 scunt
369 1356 476 1398 igitur
498 1366 600 1387 sanae
627 1360 759 1386 mentes
785 1351 903 1391 iniis,
929 1363 1017 1395 quae
1035 1351 1226 1384 universali

245 1406 455 1452 experientia
471 1405 715 1437 animadversa
731 1410 831 1441 sunt,
858 1409 890 1434 et
914 1401 1029 1434 sciunt
1056 1413 1128 1433 non
1155 1413 1227 1434 esse

243 1456 523 1502 repugnandum.
575 1454 665 1486 Nam
684 1453 867 1495 dissentire
883 1464 902 1485 a
919 1451 1102 1485 manifesta
1122 1464 1225 1495 expe-

244 1508 387 1547 rientia,
421 1512 471 1539 est
494 1504 568 1538 Deo
592 1504 723 1537 bellum
747 1503 876 1535 inferre
899 1501 1093 1544 Gigantum
1117 1514 1226 1543 more,

243 1559 326 1603 quia
350 1557 495 1602 perinde
517 1563 586 1595 est,
620 1566 659 1586 ac
685 1554 713 1586 si
739 1554 816 1598 quis
842 1560 941 1595 neget
964 1550 1057 1584 hunc
1080 1560 1225 1586 naturae

242 1609 404 1642 ordinem
420 1619 437 1640 a
455 1607 533 1639 Deo
562 1604 742 1638 conditum
768 1615 850 1638 esse.
906 1602 1030 1644 Qualis
1052 1603 1151 1636 furor
1175 1611 1224 1636 est

243 1660 372 1702 fingere
389 1658 561 1690 incertum
581 1666 672 1694 esse,
701 1660 820 1686 utrum
844 1653 996 1686 foemina
1024 1654 1153 1696 pariat,
1180 1666 1224 1686 an

241 1708 440 1743 masculus?

344 1765 524 1809 Principia
555 1770 725 1797 vocantur
758 1762 909 1796 noticiae
945 1762 1129 1795 nobiscum
1160 1774 1224 1795 na-

491 123 698 158 SCRIPTA
727 122 799 155 PH.
829 119 942 155 MEL.
969 120 1035 155 AD
1064 120 1189 157 HIST.
1218 119 1359 156 PROF.
1387 119 1452 155 ET
1478 117 1670 157 PHILOS.
1697 119 2013 156 SPECTANTIA.

241 1824 385 1858 scentes,
412 1828 500 1862 quae
517 1822 599 1849 sunt
615 1814 749 1847 semina
766 1813 985 1856 singularum
1002 1813 1141 1853 artium,
1168 1814 1224 1846 di-

240 1869 372 1902 vinitus
404 1867 507 1900 insita
539 1865 661 1905 nobis,
700 1871 740 1898 ut
768 1865 850 1897 inde
882 1871 973 1897 artes
1003 1870 1222 1908 extruantur,

240 1931 388 1964 quarum
408 1928 490 1951 usus
508 1917 545 1948 in
564 1916 634 1949 vita
651 1915 864 1948 necessarius
889 1921 950 1949 est.
1002 1912 1080 1948 Etsi
1105 1921 1221 1948 autem

239 1969 436 2003 similitudo
453 1978 526 2000 non
544 1966 690 1999 omnino
715 1965 895 2008 congruit,
922 1973 1037 1999 tamen
1062 1965 1221 1998 discendi

239 2031 340 2054 causa
357 2019 405 2052 sic
422 2017 610 2060 cogitetur,
638 2023 677 2049 ut
700 2016 820 2048 lumen
844 2016 881 2048 in
904 2016 1015 2049 oculis
1039 2017 1219 2049 conditum

238 2077 287 2104 est
303 2070 348 2102 ad
368 2068 541 2102 cernenda
559 2077 717 2110 corpora,
735 2066 783 2098 sic
801 2066 839 2098 in
854 2074 967 2100 mente
985 2067 1084 2111 quasi
1100 2067 1220 2099 lumen

237 2127 319 2154 sunt
342 2117 408 2153 hae
433 2118 600 2158 noticiae,
637 2117 765 2161 quibus
790 2115 1018 2159 intelligimus
1043 2129 1220 2158 numeros,

237 2171 419 2209 ordinem,
459 2167 726 2213 proportiones,
762 2166 908 2209 figuras,
944 2174 975 2200 et
1001 2168 1219 2201 conteximus

237 2234 276 2255 ac
301 2221 496 2254 iudicamus
527 2216 588 2251 1135
620 2217 752 2262 primas
776 2217 1048 2260 propositiones:
1085 2217 1216 2251 Totum

238 2278 287 2304 est
303 2272 414 2304 maius
431 2270 587 2315 qualibet
604 2280 664 2301 5113
682 2274 793 2312 parte:
823 2267 935 2301 Causa
952 2280 1023 2300 non
1037 2275 1084 2301 est
1102 2276 1218 2311 poste-

239 2322 312 2355 rior
330 2321 454 2354 effectu
472 2333 550 2354 suo:
579 2318 673 2352 Deus
690 2325 740 2351 est
757 2330 854 2351 mens
879 2325 1019 2351 aeterna
1032 2344 1041 2357 ,
1069 2319 1216 2362 sapiens,

238 2384 358 2411 verax,
386 2371 492 2411 iusta,
524 2377 634 2408 casta,
669 2369 841 2409 benefica,
876 2369 1051 2402 conditrix
1081 2370 1243 2409 muniit?

238 2434 377 2455 servans
395 2433 512 2455 rerum
531 2420 704 2457 ordinem,
732 2426 764 2453 et
780 2419 930 2462 puniens
947 2420 1086 2454 scelera.
1112 2420 1216 2453 Mens
1239 2408 1242 2446 l

238 2470 390 2505 humana
418 2473 460 2504 ad
487 2469 576 2504 hanc
601 2470 869 2503 similitudinem
901 2472 1042 2503 condita
1074 2478 1142 2508 est,
1178 2478 1215 2504 ut
1238 2461 1241 2511 l

237 2522 382 2555 dicitur:
418 2520 698 2566 Exemplumque
720 2519 785 2553 Dei
816 2521 963 2566 quisque
988 2528 1038 2555 est
1063 2522 1099 2554 in
1127 2521 1214 2555 ima·
1238 2513 1241 2565 l

235 2574 315 2616 gine
331 2583 447 2615 parva.
1237 2569 1240 2607 l

338 2631 391 2664 Sit
409 2631 514 2673 igitur
530 2629 636 2664 homo
653 2642 767 2671 verax,
795 2632 924 2672 iustus,
946 2633 1130 2672 beneficus,
1159 2645 1214 2665 ca-
1238 2626 1240 2663 l

197 2708 204 2711 .
235 2690 318 2718 stus.
345 2680 412 2715 Hic
438 2692 579 2714 normae
602 2682 860 2725 obtemperare,
885 2690 933 2715 est
958 2690 1048 2716 recte
1072 2690 1104 2716 et
1123 2684 1211 2717 bene

2189 119 2262 157 648

1282 206 1409 240 facere:
1438 205 1624 240 Discedere
1649 205 1694 239 ab
1717 202 1781 239 hac
1806 216 1949 246 norma,
1977 211 2026 239 est
2050 206 2161 238 facere
2185 203 2260 238 Deo

1283 257 1502 301 displicentia
1521 264 1553 290 et
1577 256 1705 300 turpia.
1757 253 1804 288 Et
1824 256 2005 288 discedens
2028 256 2170 289 accersit
2193 255 2261 288 sibi

1283 320 1422 351 poenas.
1474 307 1645 341 Homines
1663 313 1857 339 nascuntur
1874 307 1917 338 ad
1941 306 2139 340 societatem
2166 312 2260 339 certo

1283 359 1407 392 ordine
1423 360 1602 393 tuendam.
1637 357 1772 391 Delicta
1792 356 1970 390 turbantia
1986 356 2184 389 societatem
2200 367 2261 389 seu

1283 409 1455 451 ordinem,
1484 409 1545 455 qui
1561 415 1611 442 est
1628 419 1756 442 nervus
1772 407 1956 445 societatis,
1972 406 2149 450 punienda
2167 412 2260 441 sunt.

1283 459 1386 493 Tales
1409 460 1601 495 sententiae
1626 465 1797 493 vocantur
1818 457 2013 502 principia,
2040 463 2073 490 et
2095 456 2261 490 dicuntur

1282 522 1353 543 esse
1371 523 1431 554 per
1447 523 1483 545 se
1503 517 1606 544 notae
1624 522 1685 543 seu
1703 510 1893 550 evidentes,
1918 509 2037 553 eisque
2052 506 2260 540 assentimur

1282 561 1356 593 sine
1373 561 1442 594 alia
1458 562 1738 601 confirmatione,
1765 560 1855 593 sicut
1870 566 1971 592 antea
1990 560 2032 592 de
2049 557 2260 602 experientia

1282 611 1413 645 dictum
1435 619 1493 646 est.
1547 611 1639 646 Sunt
1655 612 1749 644 enim
1767 612 1826 644 lux
1844 610 2015 644 divinitus
2032 610 2137 642 insita
2160 620 2260 640 men-

1283 662 1395 701 tibus,
1423 670 1456 697 et
1480 664 1560 696 dato
1587 662 1772 705 opposito,
1796 667 2000 706 sequeretur
2027 666 2172 693 naturae
2198 660 2259 691 de-

1282 713 1438 748 structio.
1491 712 1530 746 Si
1553 713 1693 745 numeri
1715 713 1988 752 conturbentur,
2016 718 2180 756 sequetur
2203 710 2259 742 in-

1283 764 1380 797 finita
1408 763 1568 797 confusio
1594 775 1713 796 rerum
1739 769 1771 795 et
1794 762 1983 796 actionum.
2037 761 2087 795 Ita
2113 762 2141 794 si
2175 758 2260 794 haec

1281 815 1452 848 sententia
1486 814 1659 848 deleatur:
1699 812 1835 847 Delicta
1866 813 2043 846 turbantia
2076 810 2259 845 honestam

1281 865 1481 899 societatem
1504 865 1684 909 punienda
1707 870 1808 902 sunt,
1836 863 1996 896 funditus
2019 863 2178 897 interiret
2201 873 2260 905 ge·-

1282 928 1347 950 nus
1366 914 1571 951 humanum.
1626 914 1680 948 Sit
1700 914 1807 957 igitur
1825 914 1971 946 infixum
1987 914 2131 952 animis,
2159 913 2259 957 prin-

1281 967 1390 1011 cipia,
1418 964 1484 999 hoc
1499 972 1567 1006 est,
1589 963 1651 998 1135
1668 965 1844 998 naturales
1871 965 2039 1005 noticias,
2066 976 2258 1007 congruere

1281 1029 1360 1050 cum
1375 1023 1490 1050 mente
1509 1016 1648 1057 divina,
1675 1022 1708 1049 et
1724 1015 1916 1048 transfusas
1931 1026 2002 1048 esse
2025 1015 2196 1049 divinitus
2220 1015 2258 1048 in

1281 1065 1460 1107 homines,
1493 1079 1531 1100 ac
1554 1073 1738 1110 propterea
1760 1077 1877 1106 veras,
1904 1072 2014 1099 certas
2039 1072 2072 1100 et
2095 1066 2258 1099 immotas

1280 1130 1350 1151 esse
1363 1145 1371 1159 ,
1399 1124 1432 1151 et
1449 1117 1609 1150 rectrices
1626 1128 1698 1150 esse
1715 1116 1824 1154 vitae,
1853 1123 1886 1148 et
1903 1128 1942 1149 ex
1959 1116 2006 1149 eis
2025 1122 2115 1149 artes
2133 1117 2258 1158 extrui,

1278 1182 1316 1202 ac
1334 1169 1371 1201 in
1390 1168 1548 1213 qualibet
1564 1174 1637 1201 arte
1653 1167 1700 1201 ita
1717 1167 1911 1211 plurimum
1935 1167 2102 1211 proficere
2119 1168 2258 1201 discen-

1279 1227 1346 1261 tes,
1372 1219 1401 1252 si
1427 1217 1492 1252 hos
1516 1219 1630 1253 sontes
1653 1224 1842 1263 quaerant,
1876 1224 1910 1251 et
1936 1218 1980 1250 ad
2005 1215 2089 1251 haec
2115 1220 2256 1253 exordia

1278 1282 1441 1303 revocare
1477 1275 1658 1314 praecepta
1692 1269 1876 1306 studeant,
1909 1268 1982 1301 imo
2009 1269 2046 1301 in
2073 1267 2136 1302 hac
2161 1282 2257 1303 com-

1278 1322 1377 1354 muni
1400 1320 1472 1354 vita
1494 1321 1718 1364 praeluceant
1744 1317 1809 1352 hae
1833 1319 2040 1363 praecipuae
2062 1321 2257 1355 sententiae

1277 1371 1493 1411 actionibus,
1519 1377 1553 1404 et
1575 1371 1771 1413 gubernent
1796 1369 1885 1402 vitae
1908 1370 2065 1406 consilia.
2117 1370 2256 1405 Aristo-

1277 1422 1360 1455 teles
1376 1432 1499 1463 magna
1518 1432 1597 1453 cum
1615 1427 1795 1453 venustate
1820 1419 1857 1451 in
1881 1421 2083 1453 laudatione
2105 1421 2253 1455 dictum:

1277 1470 1371 1517 ἀρχὴ
1390 1468 1503 1516 ἥμισυ
1517 1468 1673 1510 παντὸς,
1703 1477 1736 1504 et
1752 1470 1851 1504 addit
1868 1468 1929 1503 1135
1945 1468 2061 1516 ἀρχὰς
2075 1472 2154 1515 plus
2171 1483 2255 1512 esse,

1277 1535 1382 1567 quam
1400 1522 1587 1555 dimidium
1605 1522 1723 1554 totius.
1778 1520 1900 1554 Voluit
1915 1522 2009 1554 enim
2026 1522 2198 1556 discentes
2213 1525 2257 1557 ad

1275 1575 1389 1606 sontes
1411 1572 1652 1605 doctrinarum
1677 1572 1868 1612 deducere,
1896 1578 1929 1605 et
1950 1572 1995 1604 ad
2016 1575 2255 1617 quaerendam

1275 1635 1412 1657 causam
1431 1621 1665 1656 certitudinis.
1717 1619 1795 1655 Etsi
1812 1629 1928 1655 autem
1948 1634 2045 1656 mens
2061 1621 2177 1657 adhuc
2193 1636 2254 1658 ru-

1275 1674 1329 1707 dis
1345 1681 1379 1707 et
1403 1673 1552 1713 tenella,
1579 1672 1651 1704 vim
1678 1678 1712 1705 et
1733 1672 2002 1716 amplitudinem
2025 1674 2149 1708 talium
2173 1687 2255 1709 sen-

1275 1724 1464 1759 tentiarum
1494 1723 1611 1756 minus
1641 1722 1853 1757 considerat:
1895 1729 2012 1757 tamen
2042 1732 2160 1768 postea
2191 1727 2254 1760 ubi

1274 1774 1584 1815 commonefactio‚
1618 1784 1717 1815 usus,
1755 1780 1848 1806 aetas
1881 1782 2118 1817 accesserunt,
2162 1774 2253 1811 hanc

1274 1826 1432 1860 divinam
1448 1825 1562 1858 lucem
1578 1825 1723 1868 propius
1745 1824 1952 1869 aspicimus,
1978 1832 2011 1859 et
2032 1828 2253 1869 agnoscimus

1273 1888 1346 1911 esse
1361 1876 1517 1909 divinam
1537 1875 1762 1920 sapientiam,
1793 1887 1939 1920 eamque
1962 1877 2071 1919 magis
2095 1877 2251 1912 admira-

1272 1939 1353 1961 mur
1368 1938 1407 1960 ac
1421 1937 1597 1967 amamus,
1623 1932 1657 1958 et
1675 1926 1720 1958 ad
1744 1937 1819 1958 eam
1845 1926 1936 1959 vitae
1963 1927 2109 1960 consilia
2135 1935 2168 1962 et
2193 1940 2250 1962 ar-

1273 1978 1361 2012 tium
1388 1983 1570 2021 praecepta
1600 1976 1794 2011 referimus.
1847 1975 1943 2009 Haec
1972 1976 2051 2010 ideo
2081 1980 2251 2021 recensui,

1272 2035 1311 2062 ut
1326 2028 1562 2061 adolescentes
1580 2025 1864 2067 commonefacti,
1888 2027 2081 2061 studiosius
2097 2029 2135 2062 in
2161 2042 2250 2075 qua-

1272 2079 1358 2112 libet
1375 2085 1448 2112 arte
1465 2075 1527 2111 has
1544 2076 1720 2110 naturales
1735 2082 1768 2109 et
1785 2076 1915 2120 primas
1940 2078 2108 2121 noticias,
2134 2087 2167 2114 et
2190 2092 2249 2115 ea-

1271 2142 1351 2163 rum
1369 2129 1494 2162 seriem
1510 2127 1720 2169 investigent
1736 2133 1770 2160 et
1786 2127 2019 2163 considerent.

1373 2179 1534 2213 Tertium
1553 2173 1742 2223 κριτήριον
1760 2184 1809 2211 est
1833 2177 2036 2213 Intellectus
2057 2181 2193 2216 ordinis
2209 2182 2247 2215 in

1270 2230 1472 2275 syllogismo
1489 2235 1580 2262 recte
1598 2229 1845 2271 coagmentatis
1868 2230 2044 2266 membris.
2099 2231 2140 2265 Id
2165 2244 2248 2267 eru-

1269 2282 1342 2315 dite
1360 2281 1502 2314 additur
1524 2279 1776 2323 superioribus.
1828 2278 1918 2313 Nam
1943 2278 2129 2315 hominum
2153 2283 2246 2317 vitae

1269 2344 1342 2365 non
1359 2332 1441 2365 satis
1458 2337 1564 2370 esset,
1591 2341 1692 2362 nosse
1709 2330 1885 2374 simplices
1904 2332 2179 2375 propositioneS‚
2204 2340 2244 2367 ut

1269 2390 1351 2416 sunt
1367 2381 1537 2426 principia
1554 2387 1587 2413 et
1609 2381 1801 2414 sententiae
1823 2393 1885 2425 per
1906 2382 2153 2425 experientiam
2177 2395 2243 2416 no-

1268 2440 1332 2468 tae.
1358 2432 1441 2466 Ideo
1460 2430 1554 2465 Dens
1570 2431 1706 2465 addidit
1724 2429 1813 2465 hanc
1831 2432 1955 2470 lucem,
1977 2439 2016 2466 ut
2032 2444 2130 2466 mens
2145 2446 2243 2467 com—

1268 2490 1393 2527 ponat,
1419 2483 1540 2525 iungat
1556 2482 1812 2521 convenientia,
1840 2489 1873 2516 et
1889 2480 2058 2517 distrahat
2076 2495 2126 2522 ea,
2153 2496 2243 2529 quae

1266 2546 1340 2567 non
1357 2534 1581 2567 conveniunt.
1634 2531 1680 2567 Et
1695 2533 1733 2566 in
1751 2545 1790 2566 ea
1806 2533 1992 2566 collatione
2008 2539 2042 2566 et
2064 2536 2243 2578 composi-

1266 2584 1362 2618 tione
1380 2585 1479 2628 plura
1498 2584 1673 2622 inveniat,
1697 2591 1797 2617 antea
1813 2584 1970 2616 nondum
1988 2584 2241 2623 animadversa.

1266 2633 1316 2668 Ac
1332 2647 1375 2668 ne
1391 2637 1604 2675 aberremus,
1619 2635 1724 2668 simul
1739 2634 1834 2668 Deus
1851 2635 2060 2668 monstravit
2078 2636 2240 2670 ordinem

1238 2673 1240 2692 Ι
1264 2692 1297 2719 et
1322 2694 1449 2728 metas,
1484 2697 1570 2730 quas
1594 2686 1632 2717 in
1656 2685 1717 2719 tali
1741 2684 1994 2728 compositione
2022 2687 2153 2720 servari
2176 2699 2239 2721 ne-
