2379 2948
167 108 242 146 737
781 109 827 145 V.

166 245 264 278 tione
295 244 549 290 comprehendi
575 254 740 292 possunt,
776 254 815 280 ut
838 247 875 280 fit
898 247 935 278 in
958 243 1157 282 rhetoricis.

165 293 339 330 Distinxit
358 304 474 331 autem
493 296 702 332 Aristoteles
721 309 837 330 rerum
857 297 981 329 modos
998 297 1157 340 pruden-

165 352 220 379 ter
244 354 277 381 et
301 348 485 381 concinne.
544 347 663 381 Prima
686 348 782 380 enim
806 347 843 379 in
869 347 975 380 rebus
999 347 1156 392 quaestio

166 405 218 432 est
240 399 283 431 de
305 399 511 432 substantia.
564 397 725 432 Secunda
750 399 793 431 de
814 398 1029 443 quantitate,
1057 398 1156 431 vide-

166 449 246 482 licet
263 450 305 482 de
323 456 396 483 toto
413 456 446 482 et
461 449 629 493 partibus.
667 448 789 482 Tertia
805 449 848 482 de
864 448 988 484 causis.
1021 448 1156 492 Quarta

167 500 210 533 de
239 500 487 546 consequentia
518 499 555 532 in
579 512 646 545 qua
673 499 872 543 iunguntur
895 511 1038 544 prorsus
1064 498 1155 535 ἂνα-

12 541 25 606 ξ’
166 547 348 592 milev-902,
375 550 435 584 ubi
453 548 544 583 nihil
563 562 685 584 causae
698 558 757 591 est,
784 563 846 584 cur
861 551 1042 584 conclusio
1059 551 1154 596 prio-

11 624 13 644 Ἀ
166 602 267 635 ribus
300 600 603 645 propositionibus
629 603 800 642 addatur,
834 609 889 642 ut,
928 603 1039 646 figura
1066 602 1154 635 coeli

167 651 346 697 sphaerica
368 658 430 687 est.
486 651 598 696 Igitur
615 653 728 687 Iulius
750 654 840 686 iuste
864 653 1068 687 interfectus
1093 659 1155 689 est.

166 702 244 738 Hoc
273 702 398 736 ordine
428 710 584 745 servato,
619 704 772 738 multum
800 704 889 738 lucis
914 705 1046 738 accedit
1071 702 1155 738 huic

165 755 256 799 parti
275 754 319 786 de
334 753 493 787 fallaciis.
557 754 606 789 Ut
622 755 716 788 enim
733 767 813 789 cum
829 767 929 789 caeco
945 767 1155 800 proponun-

165 813 224 839 tur
247 804 385 837 diversa
409 805 553 848 pocula,
580 818 681 851 saepe
706 806 822 840 vicina
847 819 912 850 pro
930 807 1056 840 vicinis
1074 818 1155 851 pre-

165 854 306 889 hendit:
334 855 383 889 ita
407 868 531 890 omnes
554 855 717 891 homines
741 858 777 890 in
802 857 995 891 iudicando
1018 870 1119 902 saepe
1137 869 1154 890 a

163 918 201 940 re
225 906 414 950 principali
439 908 482 941 ad
508 909 692 950 umbram,
720 920 781 942 seu
804 909 846 941 ad
875 909 1031 942 vicinum
1050 909 1157 954 quid-

163 958 242 991 dam
271 958 446 1010 aberrent.
500 957 554 992 Ac
577 960 662 993 alias
686 972 703 993 a
720 960 916 993 substantia
933 961 976 993 ad
995 961 1156 993 accidens

162 1016 224 1042 aut
255 1015 397 1042 econtra
424 1010 644 1050 delabimur,
678 1011 764 1044 alias
790 1022 808 1043 a
835 1018 931 1055 parte
957 1012 999 1044 ad
1031 1018 1157 1051 toturn,

162 1060 249 1093 alias
294 1071 312 1093 a
360 1072 444 1094 vera
488 1073 590 1095 causa
633 1063 676 1095 ad
715 1062 811 1095 aliud
854 1063 1023 1107 quiddam
1060 1063 1155 1107 quod

163 1111 382 1145 somniamus
400 1123 471 1145 esse
488 1124 639 1152 causam,
667 1120 717 1152 ut,
736 1113 764 1146 si
783 1124 884 1146 causa
904 1113 1156 1146 sitinsomniae

162 1162 313 1206 frigidus
339 1169 371 1196 et
397 1165 528 1197 crudus
543 1161 672 1197 humor
690 1165 726 1196 in
746 1164 943 1197 ventriculo
957 1191 965 1205 ,
993 1171 1027 1198 et
1043 1164 1157 1197 medi-

163 1225 224 1248 cus
254 1220 381 1258 putans
413 1226 552 1248 causam
585 1226 657 1248 esse
687 1215 822 1248 cerebri
855 1215 1065 1254 siccitatem,
1098 1216 1157 1249 det

163 1265 308 1308 frigidas
326 1264 496 1308 potiones.
526 1265 669 1300 Illustre
685 1266 883 1310 exemplum
902 1272 951 1299 est
969 1268 1012 1299 de
1026 1278 1156 1305 errore,

163 1327 233 1361 quo
260 1327 279 1347 a
300 1316 499 1349 substantia
523 1318 568 1350 ad
589 1318 751 1350 accidens
771 1317 967 1358 delabitur,
997 1316 1157 1351 Iulianus

159 1365 395 1409 Antagonista
414 1364 623 1409 Augustini:

315 1415 500 1449 Peccatum
520 1429 593 1451 non
611 1418 724 1461 gignit
741 1415 937 1458 hominem,

317 1465 614 1511 Concupiscentia
634 1469 746 1513 gignit
763 1467 959 1509 hominem,

316 1515 412 1562 Ergo
432 1520 717 1564 concupiscentia
734 1532 807 1553 non
826 1527 877 1553 est
896 1526 1085 1563 peccatum.

267 1567 388 1603 Maior
420 1570 496 1604 sine
528 1571 601 1604 ulla
632 1571 856 1606 dubitatione
885 1571 1066 1604 verissima
1095 1577 1157 1606 est.

163 1622 252 1656 Nam
270 1627 449 1665 peccatum
466 1628 516 1655 est
532 1619 709 1655 horrenda
726 1622 929 1663 destructio,
957 1634 1029 1655 non
1045 1622 1159 1665 gignit

163 1672 359 1708 hominem.
414 1670 504 1705 Cum
527 1685 610 1706 vero
635 1674 672 1705 in
698 1674 834 1706 minore
851 1673 998 1707 dicitur:
1027 1685 1159 1706 concu-

164 1722 336 1769 piscentia
367 1729 510 1766 generat
542 1721 745 1763 hominem,
780 1721 1012 1756 hallucinatio
1044 1723 1160 1756 mani-

164 1777 250 1809 festa
274 1780 343 1815 est,
378 1780 411 1807 et
433 1774 606 1807 accidenti
631 1775 804 1808 tribuitur
828 1774 881 1806 vis
908 1774 1051 1818 propria
1074 1774 1160 1807 sub-

164 1826 315 1860 stantiae
337 1837 354 1858 a
380 1823 456 1859 Deo
482 1825 663 1865 conditae,
699 1837 789 1870 quae
813 1824 949 1858 etiamsi
975 1825 1158 1858 vulnerata

165 1885 199 1911 et
222 1876 460 1920 languefacta,
495 1883 612 1909 tamen
638 1877 720 1922 quia
744 1875 839 1909 Dens
863 1888 936 1908 non
963 1876 1077 1909 voluit
1097 1887 1159 1920 pe-

164 1930 262 1963 nitus
292 1927 402 1961 deleri
435 1939 544 1970 genus
574 1925 790 1967 humanum,
826 1933 1010 1960 conservat
1034 1927 1071 1959 in
1094 1924 1160 1960 hac

165 1987 290 2013 natura
318 1978 392 2012 vim
420 1979 680 2023 generationis,
713 1985 753 2012 ut
775 1979 902 2019 vitam,
937 1984 1094 2015 motum,
1127 1985 1160 2012 et

168 2041 298 2065 sensus,
351 2029 399 2064 Et
420 2029 572 2064 discerni
597 2041 704 2075 opera
730 2042 748 2063 a
766 2029 842 2063 Deo
861 2029 1003 2062 condita
1022 2035 1161 2073 oportet

168 2093 187 2115 a
202 2080 421 2122 vulneribus,
447 2093 508 2115 seu
526 2082 571 2115 ab
586 2079 736 2127 ἀταξίᾳ,
762 2092 852 2126 quae
870 2086 990 2125 postea
1007 2080 1158 2114 accessit.

169 2131 211 2166 In
236 2129 304 2165 hoc
326 2133 484 2177 exemplo
509 2132 626 2174 vides,
653 2133 833 2178 quomodo
857 2144 875 2165 a
902 2131 1098 2165 substantia
1115 2131 1158 2164 ad

169 2183 331 2217 accidens
355 2183 534 2218 deflexerit
557 2183 728 2218 Iulianus.
780 2181 828 2216 Et
851 2180 918 2216 hoc
944 2183 1049 2216 modo
1073 2195 1159 2216 con-

169 2235 323 2268 siderato
350 2235 449 2278 quasi
473 2235 599 2269 itinere
626 2233 970 2275 hallucinationum,
1006 2234 1159 2277 intelligi

169 2285 358 2320 consilium
370 2282 570 2319 Aristotelis
582 2287 721 2331 poterit,
747 2287 926 2331 quomodo
938 2283 1028 2319 hanc
1038 2285 1160 2318 distri-

168 2337 353 2372 butionem
370 2335 573 2371 instituerit.
625 2337 718 2372 Sunt
732 2344 848 2371 autem
865 2337 962 2370 modi
982 2343 1133 2381 septem:

322 2386 350 2422 Ι,
430 2386 582 2421 Fallacia
599 2388 800 2429 accidentis,

322 2437 368 2472 II.
431 2436 462 2472 A
477 2438 569 2471 dIcto
581 2440 772 2473 secundum
786 2439 871 2485 quid
885 2440 927 2472 ad
941 2439 1160 2484 simpliciter,

323 2488 390 2524 III.
434 2488 639 2523 Secundum
655 2502 727 2523 non
745 2502 882 2523 causam
901 2497 939 2524 ut
957 2502 1110 2532 causam,

322 2539 405 2576 1111.
432 2539 583 2573 Fallacia
605 2541 862 2585 consequentis,

326 2591 372 2626 V.
435 2591 639 2625 Secundum
658 2591 776 2635 plures
793 2593 1098 2636 interrogationes,

323 2642 386 2678 VI.
437 2642 566 2676 Petitio
583 2642 759 2686 principii,

323 2693 406 2728 VII.
441 2692 621 2737 Ignoratio
639 2690 805 2728 Elencbi,

222 2747 399 2779 Munna.
430 2747 533 2778 Ori-uz.
563 2747 645 2777 Vox„
666 2746 761 2777 XIII.

10 1367 21 1462 hwa-

881 106 1203 145 EROTEMATA
1232 107 1570 146 DIALECTICES.

167 201 237 235 est,
263 205 353 239 quae
374 206 514 236 omnes,
542 197 571 229 si
595 196 698 237 libet,
723 208 794 230 una
819 195 977 238 ambigui
999 194 1156 239 appella·
1178 205 1184 254 1

2121 112 2194 147 738

1448 193 1514 231 De
1536 194 1703 241 fallacia
1730 196 1953 232 accidentis.

1310 260 1400 296 Cum
1431 274 1530 296 error
1562 264 1646 297 inde
1676 264 1808 305 oritur,
1841 266 1937 310 quod
1968 265 2105 310 aliquid
2130 267 2195 299 soli

1210 312 1426 347 substantiae
1450 315 1684 355 conveniens,
1716 315 1887 349 tribuitur
1910 315 1985 350 eius
2009 316 2195 356 accidenti,

1180 355 1186 418 Ι
1210 371 1270 398 aut
1287 375 1366 397 cum
1389 363 1582 398 accidentia
1601 377 1673 397 non
1691 374 1783 400 recte
1799 367 2014 410 iunguntur,
2041 373 2100 401 aut
2117 379 2195 401 cum

1210 415 1254 448 ab
1293 420 1421 448 eventu
1459 426 1521 458 per
1552 415 1730 456 accidens,
1773 417 2029 452 ratiocinamur
2062 418 2196 463 aliquid

1209 467 1329 499 adesse
1347 477 1410 509 per
1428 476 1481 506 se,
1514 477 1576 499 seu
1594 473 1737 510 propter
1753 467 1842 500 illud
1854 492 1863 506 ‚
1890 475 2058 513 tanquam
2079 481 2196 502 veram

1209 528 1359 558 causam,
1385 516 1467 550 talia
1483 517 1641 562 exempla
1653 517 1855 551 reseruntur
1865 519 1907 551 ad
1921 516 2016 553 hunc
2027 520 2181 554 titulum.

1621 616 1792 658 Exempla.

1363 677 1470 711 Nulla
1490 685 1628 722 peccata
1647 685 1728 711 sunt
1748 679 1920 718 facienda,

1367 728 1509 772 Itisticia
1527 729 1641 762 civilis
1658 729 1695 761 in
1712 729 1832 774 impiis
1849 737 1900 764 est
1916 739 2105 774 peccatum,

1364 778 1478 823 Igitur
1495 780 1632 814 iusticia
1651 780 1765 813 civilis
1781 792 1854 814 non
1871 788 1923 815 est
1942 784 2163 825 praestanda.

1311 829 1409 874 Nego
1433 831 1742 876 consequentiam,
1771 832 1852 876 quia
1876 839 1927 866 est
1950 833 2090 866 fallacia
2107 835 2199 868 acci-

1209 882 1339 915 dentis.
1393 881 1482 914 Nam
1501 882 1538 914 in
1556 882 1695 916 minore
1710 882 1871 915 confusio
1890 890 1940 917 est
1957 896 2088 919 rerum.
2140 884 2201 918 Iu-

1209 933 1307 966 sticia
1333 933 1446 966 civilis
1469 945 1531 977 per
1552 944 1624 966 sese
1646 940 1696 966 est
1714 945 1769 966 res
1783 933 1875 967 bona
1887 960 1896 974 ,
1924 941 1955 968 et
1972 947 1990 968 a
2006 933 2083 968 Deo
2100 947 2200 979 prae-

1210 991 1328 1028 cepta,
1355 985 1413 1017 sed
1438 991 1582 1028 propter
1605 984 1766 1017 vitiosam
1788 996 1974 1028 personam
1993 986 2117 1019 desunt
2136 987 2202 1019 ali-

1211 1047 1300 1081 quae
1315 1035 1461 1068 virtutes
1472 1062 1480 1076 ‚
1507 1042 1561 1068 ut:
1590 1034 1730 1069 Atticus
1747 1047 1821 1069 non
1836 1043 1927 1069 recte
1942 1036 2049 1069 sentit
2065 1035 2201 1076 deDeo,

1210 1098 1275 1119 nec
1299 1086 1405 1120 refert
1424 1084 1590 1120 honestas
1608 1086 1763 1120 actiones
1783 1087 1825 1119 ad
1845 1087 1992 1130 gloriam
2010 1086 2088 1122 Dei.
2142 1087 2201 1120 lu-

1210 1144 1302 1171 terea
1319 1144 1438 1171 tamen
1456 1137 1535 1170 illas
1552 1134 1716 1170 honestas
1732 1137 1886 1171 actiones
1900 1136 1996 1170 Deus
2012 1138 2086 1170 fieri
2102 1151 2202 1181 prae-

1211 1189 1320 1233 cepit,
1348 1194 1398 1228 ut,
1425 1188 1454 1221 si
1471 1188 1596 1221 claudo
1613 1188 1852 1232 praecipiatur
1868 1195 1908 1222 ut
1925 1188 2078 1229 incedat,
2106 1192 2199 1233 quod

1210 1240 1293 1273 facit
1318 1239 1436 1284 potius
1461 1251 1603 1284 quoquo
1628 1239 1756 1280 modo,
1783 1250 1888 1283 quam
1910 1246 1949 1272 ut
1965 1246 2133 1282 perpetuo
2152 1240 2202 1272 ia-

1211 1298 1285 1324 ceat
1317 1297 1377 1323 aut
1404 1296 1568 1333 gestetur.
1630 1289 1741 1322 Fiunt
1767 1296 1885 1322 autem
1911 1296 1942 1323 et
1968 1287 2027 1322 hic
2051 1297 2203 1335 quatuor

1211 1341 1374 1382 termini,
1402 1353 1484 1373 nam
1509 1347 1689 1384 peccatum
1716 1340 1752 1371 in
1778 1339 1909 1372 maiore
1935 1340 2105 1382 significat
2122 1353 2203 1385 pec-

1211 1398 1325 1424 catum
1358 1403 1420 1436 per
1450 1402 1506 1430 se,
1541 1397 1575 1423 at
1600 1390 1638 1421 in
1662 1390 1802 1422 minore
1824 1396 2004 1434 peccatum
2028 1402 2090 1434 per
2111 1392 2202 1424 acci-

1211 1443 1311 1476 dens.

1543 1535 1672 1570 Alius
1700 1537 1867 1573 modus.

1316 1603 1428 1648 Saepe
1444 1615 1543 1637 error
1557 1604 1641 1637 inde
1658 1604 1789 1645 oritur,
1817 1603 1898 1649 quia
1916 1616 1996 1637 cum
2013 1604 2122 1638 multa
2140 1604 2204 1638 uni

1212 1656 1397 1694 accidunt,
1425 1666 1549 1688 causae
1572 1655 1835 1688 transferuntur
1858 1666 1876 1688 a
1899 1667 1961 1698 per
1981 1666 2016 1688 se
2034 1655 2146 1689 causis
2161 1656 2204 1688 ad

1212 1719 1250 1740 ea
1263 1733 1272 1748 ,
1300 1717 1390 1752 quae
1408 1706 1536 1739 adsunt
1553 1718 1616 1749 per
1635 1706 1814 1747 accidens,
1840 1713 1896 1740 ut:

1365 1755 1482 1789 David
1501 1763 1550 1789 est
1567 1757 1701 1797 beatus,

1365 1807 1485 1841 David
1505 1814 1554 1840 est
1571 1808 1723 1841 adulter.

1365 1856 1462 1901 Ergo
1480 1858 1631 1891 adulteri
1650 1864 1733 1891 sunt
1748 1857 1854 1892 beati.

1315 1908 1411 1952 Nego
1435 1909 1744 1954 consequentiam,
1770 1909 1854 1954 quia
1881 1914 1932 1942 est
1954 1908 2092 1942 fallacia
2115 1909 2206 1942 acci-

1213 1960 1348 1998 dentis,
1382 1972 1461 1993 cum
1487 1960 1550 1993 uni
1575 1960 1686 1993 multa
1711 1960 1891 2000 accidant,
1925 1960 2120 1993 videndum
2146 1967 2206 2000 est,

1213 2024 1301 2058 quae
1324 2011 1395 2044 sint
1416 2022 1479 2055 per
1502 2022 1536 2043 se
1561 2022 1683 2043 causae
1707 2011 1782 2044 eius
1805 2011 1877 2051 rei,
1913 2022 2018 2055 quam
2046 2011 2204 2044 subiecto

1212 2062 1416 2097 tribuimus.
1485 2059 1532 2095 Et
1563 2059 1630 2094 hoc
1660 2062 1766 2095 modo
1788 2073 1889 2106 saepe
1914 2062 1952 2095 in
1977 2062 2145 2106 exemplis
2171 2068 2205 2095 et

1212 2125 1319 2159 prava
1338 2111 1536 2146 imitatione
1554 2119 1709 2151 erratur,
1735 2119 1790 2146 ut:

1366 2162 1466 2198 Elias
1483 2163 1550 2197 fuit
1569 2171 1720 2205 sanctus,

1364 2213 1463 2250 Elias
1480 2215 1547 2248 suit
1563 2215 1709 2248 vestitus
1726 2222 1819 2249 veste
1836 2212 1971 2253 cameli,

1365 2264 1460 2308 Ergo
1485 2278 1547 2309 ego
1571 2267 1718 2300 vestitus
1742 2266 1833 2310 pelle
1855 2264 1997 2304 carneli,
2031 2276 2089 2297 ero
2115 2264 2204 2298 alter

1420 2315 1533 2351 Elias.

1263 2368 1370 2403 Tales
1388 2368 1544 2413 ineptiae
1559 2368 1600 2401 ad
1619 2366 1794 2400 fallaciam
1807 2364 1996 2399 accidentis
2011 2365 2204 2410 pertinent.

1633 2474 1785 2510 Aliud.

1367 2538 1486 2573 David
1505 2543 1556 2571 est
1573 2536 1687 2570 ruffus
1704 2541 1736 2568 et
1756 2541 1807 2568 est
1823 2533 1990 2574 musicus,

1367 2588 1463 2632 Ergo
1481 2596 1531 2622 est
1549 2587 1662 2621 ruffus
1678 2586 1845 2622 musicus.

1315 2639 1384 2674 Hic
1415 2640 1507 2672 male
1539 2638 1738 2682 iunguntur
1767 2637 1982 2678 accidentia,
2016 2637 2098 2683 quia
2129 2648 2203 2670 non

1215 2691 1465 2727 confundenda
1483 2697 1565 2724 sunt
1583 2689 1776 2724 accidentia
1794 2689 1933 2723 animae
1950 2695 1983 2723 et
1999 2687 2169 2733 corporis.

1676 2740 1726 2774 47
