2379 2948
134 72 207 108 869
541 70 588 106 V.

236 154 304 188 Hic
326 153 422 190 Deus
446 155 571 190 excitat
596 168 714 190 senem
729 152 940 190 Matathiam
963 166 1003 187 ex
1027 153 1122 187 tribu

132 207 360 247 sacerdotali,
395 214 528 251 patrem
557 207 849 247 Macabaeorum,
884 205 945 250 qui
976 204 1121 238 collecto

131 257 286 291 exercitu
311 258 401 301 cepit
426 258 554 302 passim
576 264 731 291 evertere
755 257 865 297 idola,
892 262 926 288 et
953 254 1120 288 dimicare

131 320 212 341 cum
231 305 376 341 cohorte
392 306 573 342 Antiochi.

129 359 238 392 baeus
263 359 363 392 duxit
389 359 590 392 exercitum.
632 357 708 391 Hae
732 369 859 402 parvae
880 356 1018 400 copiae,
1045 357 1118 401 pri-

130 417 210 444 vato
232 410 380 444 consilio
406 410 569 443 collectae
592 415 846 452 recuperarunt
865 408 1057 451 templum,
1085 414 1119 441 et

130 461 338 494 deleverunt
380 457 548 494 Antiochi
592 460 762 492 exercitus
803 459 924 492 multis
963 458 1118 502 praeliis,

129 512 210 544 ideo
233 511 324 544 infra
348 511 450 544 dicit:
482 509 774 544 Sublevabuntur
797 510 930 543 auxilio
955 509 1116 553 parvulo.

129 559 264 607 Estque
287 561 455 604 templum
481 568 724 604 recuperatum
749 561 784 595 3.
811 573 905 594 anno
931 566 1116 604 postquam

129 610 330 646 Antiochus
357 611 406 644 ibi
438 611 670 645 collocaverat
701 612 836 645 idolum
868 618 900 644 et
931 611 1117 654 praesidia,

129 663 294 696 videlicet
316 673 409 695 anno
434 668 511 706 post
536 668 684 695 mortem
710 661 905 696 Alexandri
930 662 1012 696 148.
1043 661 1116 696 Re-

129 714 226 759 liqua
264 711 421 746 Historia
461 719 602 757 petatur
639 725 656 746 e
692 713 794 746 libris
830 712 1117 753 1111111661111160111111,

129 776 210 797 nam
236 761 326 796 hanc
341 770 474 807 partem
494 771 637 808 propter
653 775 821 797 numeros
837 762 894 796 hic
912 763 1043 806 positos
1061 775 1117 796 re-

129 814 252 855 citavi,
291 821 324 848 et
353 821 392 848 ut
421 815 580 849 vaticinii
610 815 717 848 verba
748 814 955 858 diligentius
986 825 1117 858 expen-

128 866 270 900 dantur.

229 923 359 958 Daniel
382 923 525 969 temptss
542 925 642 969 ponit
660 922 738 965 hic,
764 924 839 957 dies
859 924 912 957 bis
931 924 1029 957 mille
1046 930 1116 957 tre-

127 982 266 1016 centos,
293 973 359 1009 hoc
377 983 446 1016 est,
472 988 530 1008 sex
546 988 675 1016 annos,
700 982 773 1009 tres
789 986 923 1008 menses
940 982 974 1009 et
991 975 1116 1017 viginti

126 1027 211 1060 dies.
255 1026 293 1059 ld
317 1034 454 1070 tempus
476 1027 610 1059 incoari
632 1026 751 1061 iudico
767 1038 785 1059 a
804 1027 955 1059 secunda
973 1026 1116 1070 expedi-

125 1078 223 1112 tione
249 1075 467 1121 Epiphanis,
504 1075 571 1110 1106
603 1084 670 1118 651,
705 1078 749 1110 ab
774 1089 868 1110 anno
895 1074 978 1112 145.
1005 1088 1116 1122 usque

126 1130 171 1162 ad
188 1140 321 1161 annum
343 1127 422 1162 151.
437 1139 507 1173 quo
525 1134 596 1162 tota
614 1128 709 1171 regio
726 1134 928 1171 recuperata
946 1127 1030 1168 suit,
1055 1128 1117 1160 de-

126 1180 197 1213 leto
216 1179 403 1212 Nicanoris
424 1179 597 1217 exercitu,
623 1176 670 1213 Et
692 1178 789 1212 vides
812 1184 976 1212 eventum
995 1178 1116 1212 rectis-

124 1230 213 1264 sime
231 1231 443 1273 respondere
460 1229 639 1264 vaticinio,

228 1287 331 1321 Hanc
355 1287 630 1321 consolationem
657 1288 767 1332 aliqui
786 1288 835 1331 pii
856 1288 1117 1329 intellexerunt,

126 1351 194 1384 qua
219 1338 379 1383 promitti
405 1344 608 1379 senserunt,
635 1350 707 1371 non
731 1339 806 1371 fore
830 1336 920 1371 hanc
935 1339 1116 1372 calamita-

126 1397 195 1423 tem
226 1389 451 1429 diuturnam,
480 1389 639 1433 adeoque
667 1389 710 1421 ad
738 1386 830 1422 hanc
853 1389 1116 1433 interpretatio-

126 1452 207 1474 nem
240 1441 389 1485 quadrat
418 1450 607 1481 numerus,
657 1445 697 1472 ut
726 1451 862 1473 menses
893 1439 997 1472 etiam
1031 1451 1116 1472 con-

126 1498 270 1535 gruant:
299 1497 410 1524 statua
428 1490 522 1522 enim
540 1490 577 1523 in
592 1490 723 1534 templo
738 1490 847 1533 posita
860 1497 911 1524 est
922 1502 1016 1523 anno
1032 1490 1115 1526 145.

126 1553 246 1575 mense
264 1539 408 1581 casleu,
435 1541 496 1585 qui
520 1541 625 1574 nobis
647 1547 697 1574 est
714 1540 924 1576 November.
977 1540 1116 1575 Deinde

125 1593 239 1627 victus
273 1598 323 1625 est
348 1591 504 1624 Nicanor
528 1603 621 1625 anno
641 1590 724 1626 151.
750 1603 869 1626 mense
894 1592 1011 1633 Adar,
1053 1592 1115 1638 qui

125 1643 232 1677 nobis
263 1649 312 1676 est
334 1641 561 1675 Februarius.
615 1641 708 1676 Sunt
738 1642 846 1685 igitur
871 1643 956 1676 anni
980 1642 1115 1676 Iudaici

125 1694 254 1737 integri
278 1705 354 1732 sex,
383 1694 443 1738 qui
463 1693 698 1727 incoabantur
715 1705 732 1726 a
752 1705 862 1726 verno
881 1694 1117 1738 aequinoctio,

125 1743 181 1778 1115
214 1745 303 1778 adde
332 1755 468 1777 menses
491 1744 670 1787 proximos
692 1751 768 1788 post
790 1750 940 1777 statuam
964 1745 1001 1777 in
1026 1752 1114 1779 tem-

126 1796 186 1840 plo
218 1796 444 1835 collocatam,
489 1794 738 1835 Decembrem,
782 1794 1006 1836 Ianuarium,
1047 1795 1115 1828 Fe—

125 1846 321 1880 bruarium.
390 1845 476 1879 Item
500 1845 636 1890 aliquot
661 1846 755 1886 dies,
788 1858 871 1878 nam
895 1857 1016 1879 mense
1040 1845 1115 1879 No-

125 1897 263 1930 vembri
280 1903 392 1930 statua
412 1896 448 1929 in
465 1897 597 1941 templo
614 1897 783 1930 collocata
802 1903 871 1935 est,
899 1897 1114 1931 exactissime

125 1948 233 1991 igitur
249 1948 415 1981 convenit
433 1955 569 1991 tempus
585 1946 746 1981 Danielis
762 1959 842 1982 cum
857 1945 924 1981 hoc
941 1954 1081 1984 eventu.

227 2013 333 2057 Quod
358 2020 473 2046 autem
499 2011 566 2047 hoc
586 2014 794 2048 vaticinium
812 2014 954 2058 proprie
973 2015 1114 2048 concio-

125 2071 230 2098 netur
258 2065 300 2098 de
329 2061 477 2098 historia
510 2063 680 2099 Antiochi
713 2063 928 2109 Epiphanis‚
967 2073 1114 2100 testatur

126 2115 271 2157 angelus
296 2113 458 2155 Gabriel,
484 2116 657 2159 interpres
681 2116 718 2149 in
742 2123 855 2157 textu,
883 2117 944 2161 qui
970 2117 1112 2162 quidem

126 2166 331 2210 colloquens
354 2178 432 2199 cum
450 2165 542 2200 Filio
559 2166 644 2209 Dei,
671 2168 802 2211 accepit
820 2168 863 2201 ab
882 2180 921 2201 eo
939 2168 1114 2213 iuterpre-

124 2224 305 2250 tationem.

230 2274 341 2308 Porro
366 2272 423 2308 hic
447 2275 544 2309 locus
568 2277 754 2311 admoneat
773 2289 837 2310 nos
857 2278 899 2310 de
918 2278 1113 2321 praesentia

125 2324 278 2368 Christi,
307 2324 414 2368 Quod
431 2326 593 2360 videlicet
609 2327 719 2361 Filius
737 2327 803 2362 Dei
821 2340 958 2372 semper
974 2329 1114 2362 affuerit

126 2376 311 2417 Patribus,
346 2377 512 2421 quodque
542 2390 620 2410 vere
652 2391 747 2412 nunc
774 2391 914 2424 quoque
936 2377 1113 2412 Ecclesiae

125 2428 235 2468 adsit,
286 2427 448 2461 exaudiat
482 2434 515 2461 et
548 2429 719 2470 gubernet
752 2430 956 2464 invocantes
987 2430 1113 2473 ipsum,

127 2479 217 2512 sicut
252 2478 339 2512 dicit
378 2478 416 2510 in
450 2477 660 2521 Evangelio:
708 2479 797 2514 Ecce
835 2492 897 2524 ego
929 2481 1111 2515 vobiscum

122 2541 203 2563 511111
221 2536 283 2563 616.

230 2587 336 2621 Item:
382 2585 595 2632 Ubicunque
625 2588 696 2621 duo
728 2594 787 2621 aut
818 2595 886 2622 tres
911 2589 1112 2633 congregati

125 2639 260 2673 suntin
279 2638 422 2672 1101111116
440 2651 535 2680 11160,
563 2638 613 2671 ibi
630 2650 707 2672 sum
727 2638 763 2671 in
781 2639 896 2673 medio
914 2652 1048 2677 eorum.

642 69 692 106 IN
717 67 975 105 DANIELEM
1000 65 1316 104 PROPHETAM
1345 65 1763 104 COMMENTARIUS.
2084 70 2159 105 870

1278 151 1382 187 Item:
1410 152 1580 187 Ascendit
1607 153 1644 187 in
1671 154 1802 196 altum,
1827 160 1865 188 ut
1890 155 1950 189 det
1972 155 2063 189 dona
2090 154 2157 191 ho-

1174 203 1331 237 minibus
1347 211 1412 238 616.

1276 253 1389 290 Gene.
1403 253 1465 288 48.
1485 255 1601 300 inquit
1620 254 1725 288 Iacob
1742 255 1786 287 de
1808 253 1968 291 Christo:
1999 254 2156 299 Angelus

626 307 710 341 Post
728 313 859 352 patrem
880 305 983 339 Iudas
997 305 1118 339 Maca-
1171 305 1231 350 qui
1248 305 1379 349 eripuit
1396 317 1451 338 me
1465 318 1507 338 ex
1523 306 1622 338 omni
1639 305 1744 346 malo,
1761 306 1944 341 benedicat
1959 307 2076 351 pueris
2092 314 2156 343 etc.

1271 354 1318 390 Et
1337 353 1460 390 Iohan.
1482 357 1512 389 1.
1531 356 1676 390 dicitur:
1705 354 1838 391 Omnia
1855 370 1919 403 per
1933 358 2049 403 ipsum
2066 358 2155 392 facta

1168 414 1253 441 sunt
1270 413 1335 440 etc.

1270 457 1316 492 Et
1349 453 1408 489 hic
1439 455 1585 490 interest
1617 455 1797 501 colloquio
1822 460 2030 504 angelorum
2059 460 2155 504 apud

1167 506 1367 542 Danielem.

1270 558 1316 593 Et
1337 557 1468 591 Paulus
1496 557 1629 603 inquit:
1667 556 1803 592 Omnes
1825 560 1995 595 bibebant
2017 562 2060 594 de
2081 560 2155 604 spi-

1168 610 1289 643 rituali
1319 615 1418 653 petra
1449 620 1508 642 eos
1542 609 1755 651 comitante,
1805 616 1902 654 petra
1932 618 2050 645 autem
2078 618 2154 644 erat

1167 658 1341 694 Christus.

1270 710 1331 745 Sic
1356 721 1422 743 nos
1449 716 1600 744 statuere
1626 711 1795 745 debemus
1822 712 1941 744 adesse
1962 709 2155 751 Christum,

1168 762 1354 804 exaudire,
1381 761 1504 794 iuvare
1531 767 1565 794 et
1593 763 1790 804 gubernare
1812 773 1898 803 nos,
1924 762 2032 807 idque
2055 770 2155 795 vocat

1167 813 1344 857 scriptura
1361 823 1508 854 regnum
1528 809 1671 846 Christi.
1724 812 1794 847 Sed
1819 812 2005 846 infirmitas
2028 810 2155 845 huma-

1169 876 1235 896 nae
1250 863 1377 896 mentis
1392 875 1464 895 non
1482 869 1595 906 potest
1610 863 1660 896 sic
1675 863 1872 906 intelligere
1888 875 2035 907 regnum
2049 860 2156 897 Chri-

1168 914 1225 953 sti,
1249 914 1377 957 cogitat
1393 914 1437 946 de
1453 925 1505 954 eo,
1529 919 1697 959 tanquam
1714 915 1759 947 de
1774 915 1926 955 absente,
1941 926 2015 947 non
2032 920 2156 958 agente

1169 965 1303 1010 aliquid
1323 964 1519 999 nobiscum.
1573 964 1642 998 Sed
1662 963 1715 998 bis
1734 965 1888 998 tenebris
1905 963 2081 998 humanae
2098 977 2156 999 ra-

1168 1016 1276 1049 tionis
1293 1015 1563 1060 repugnandum
1581 1022 1652 1056 est,
1681 1022 1715 1049 et
1733 1016 1827 1049 iuxta
1846 1016 2046 1050 testimonia
2072 1028 2156 1060 pro-

1169 1066 1398 1107 missionum,
1435 1072 1468 1098 et
1497 1066 1591 1099 iuxta
1624 1063 1709 1099 haee
1738 1067 1896 1110 exempla
1930 1067 2157 1104 credendum,

1169 1118 1264 1162 quod
1298 1129 1379 1150 vere
1405 1116 1498 1149 adsit
1521 1116 1647 1158 nobis,
1684 1117 1849 1150 exaudiat
1871 1123 1905 1150 et
1932 1117 2028 1151 iuvet
2053 1118 2158 1150 111νο-

1168 1174 1286 1202 cantes
1306 1168 1433 1212 ipsum⁴

1271 1219 1370 1252 Haec
1395 1217 1550 1251 breviter
1571 1217 1684 1250 adieci
1704 1217 1746 1250 de
1770 1217 1963 1262 interprete
1986 1218 2159 1258 vaticinii,

1168 1281 1273 1314 quem
1306 1267 1364 1302 bic
1394 1274 1495 1301 vocat
1526 1266 1709 1308 Palmoni‚
1740 1267 1777 1301 id
1807 1275 1875 1309 est,
1911 1269 2158 1302 admirabilem

1169 1321 1359 1365 quendam,
1387 1319 1476 1352 sicut
1491 1318 1579 1351 alibi
1594 1315 1758 1352 Christus
1775 1325 1922 1352 vocatur
1937 1320 2159 1353 admirabilis

1169 1370 1414 1405 Consiliarius.

1271 1419 1334 1454 Est
1351 1427 1384 1454 et
1396 1419 1486 1453 illud
1498 1419 1807 1459 considerandum,
1830 1420 1924 1465 quod
1937 1420 2034 1455 adest
2042 1419 2159 1455 Filius

1168 1470 1246 1512 Dei,
1272 1483 1353 1505 cum
1372 1471 1409 1505 fit
1428 1470 1560 1504 mentio
1574 1481 1733 1503 summae
1749 1470 1970 1510 calamitatis,
1993 1479 2033 1506 ut
2050 1472 2160 1515 signi-

1169 1523 1246 1556 ficet
1262 1534 1300 1555 se
1321 1522 1357 1555 in
1382 1521 1442 1554 illa
1467 1521 1541 1564 ipsa
1563 1521 1758 1554 calamitate
1775 1521 1936 1555 futurum
1954 1533 2027 1555 esse
2044 1523 2082 1556 in
2101 1535 2160 1555 ex-

1168 1574 1304 1617 cubiis,
1338 1573 1428 1606 sicut
1461 1572 1553 1605 infra
1585 1572 1719 1616 inquit:
1752 1572 1795 1604 In
1821 1572 1884 1605 illo
1907 1579 2063 1617 tempore
2086 1572 2160 1606 Mi-

1169 1624 1288 1666 chael,
1318 1624 1382 1668 qui
1413 1629 1481 1656 stat
1508 1635 1574 1667 pro
1600 1623 1682 1655 filiis
1710 1622 1833 1666 populi
1865 1629 1929 1656 etc.
1987 1623 2084 1658 Haec
2107 1631 2160 1657 est

1168 1686 1295 1718 magna
1314 1673 1529 1713 consolatio,
1558 1673 1762 1717 praesertim
1780 1670 1847 1706 hoc
1861 1680 2041 1719 tempore,
2070 1675 2159 1709 scire

1168 1726 1264 1771 quod
1279 1722 1442 1759 Christus
1457 1723 1554 1757 sitin
1569 1723 1725 1757 excubiis
1739 1735 1803 1768 pro
1820 1724 1936 1760 nobis.

1200 1812 1261 1845 De
1275 1808 1622 1846 accommodatione
1640 1807 1692 1843 ad
1706 1819 1866 1855 regnum
1878 1809 2122 1845 Antichristae‘.

1271 1876 1485 1922 Quanquam
1502 1875 1710 1909 vaticinium
1726 1876 1770 1908 de
1787 1873 1967 1909 Antiocho
1985 1882 2018 1909 et
2033 1877 2078 1909 de
2094 1888 2159 1920 po-

1168 1928 1252 1972 pulo
1270 1927 1433 1968 Iudaico,
1462 1927 1617 1971 primum
1637 1927 1886 1968 concionatur,
1914 1933 2029 1960 tamen
2050 1927 2157 1960 simul

1167 1976 1344 2024 Propheta
1363 1978 1537 2021 significat
1559 1977 1710 2010 similem
1728 1977 1962 2011 calamitatem
1978 1975 2157 2011 Ecclesiae

1168 2037 1353 2063 venturam
1373 2036 1455 2063 ante
1476 2029 1583 2061 finem
1608 2028 1753 2068 mundi,
1781 2034 1967 2073 postquam
1992 2026 2155 2062 Christus

1167 2092 1287 2126 passus
1300 2086 1408 2119 esset,
1436 2086 1468 2113 et
1486 2078 1720 2122 Evangelium
1737 2079 1831 2112 inter
1846 2086 1966 2122 gentes
1983 2091 2154 2123 sparsum.

1167 2132 1273 2175 Quod
1305 2137 1421 2165 autem
1448 2130 1575 2164 Daniel
1603 2130 1708 2162 simul
1740 2130 1941 2174 depinxerit
1965 2130 2154 2172 imaginem

1166 2183 1269 2227 impii
1286 2182 1395 2225 regni,
1423 2182 1460 2214 in
1479 2179 1634 2214 Ecclesia
1650 2180 1891 2224 belligerantis
1906 2192 1985 2213 cum
2002 2178 2154 2221 Christo,

1165 2240 1313 2269 testatur
1328 2232 1477 2273 Paulus,
1504 2231 1564 2277 qui
1591 2232 1697 2264 verba
1724 2232 1767 2264 de
1783 2228 1963 2264 Antiocho
1987 2231 2078 2264 dicta
2095 2243 2155 2263 ex-

1168 2296 1282 2329 presse
1299 2283 1540 2317 accommodat
1557 2282 1600 2314 ad
1617 2279 1876 2315 Antichristum
1894 2284 1929 2316 2.
1947 2279 2105 2316 Thessal.
2117 2284 2154 2317 2.

1167 2337 1330 2380 Cumque
1354 2341 1475 2368 testem
1501 2331 1692 2365 habeamus
1711 2331 1861 2365 Paulum
1886 2329 1992 2365 huius
2014 2344 2155 2365 accom-

1166 2385 1400 2426 modationis,
1436 2383 1658 2417 autoritatem
1690 2382 1765 2415 eius
1794 2393 1983 2427 sequamur
2014 2383 2153 2417 omissis

1166 2438 1317 2472 aliorum
1344 2433 1647 2471 cavillationibus,
1675 2433 1737 2478 qui
1758 2430 1843 2467 haec
1862 2433 1991 2468 nolunt
2014 2445 2153 2468 accom-

1166 2487 1305 2522 modari
1321 2488 1364 2520 ad
1383 2483 1653 2520 Antichristum.

1272 2538 1410 2571 Deinde
1435 2536 1645 2577 cogitemus,
1670 2540 1709 2567 ut
1730 2534 1798 2579 piis
1819 2534 1954 2579 profuit
1981 2537 2074 2580 apud
2091 2536 2154 2570 Iu·-

1167 2590 1270 2622 daeos
1300 2599 1372 2620 esse
1403 2585 1660 2630 praemonitos,
1694 2597 1737 2619 ne
1763 2586 2020 2621 assentirentur
2044 2599 2151 2631 regno

1166 2636 1350 2683 Antiochi,
1378 2638 1425 2671 ita
1443 2637 1593 2671 sciamus
1611 2647 1676 2671 nos
1692 2649 1833 2682 quoque
1848 2638 2079 2677 commoneri,
2109 2651 2152 2672 ne

1537 2683 1615 2721 55*
