2379 2948
209 150 278 183 119
442 144 647 182 semem
683 143 758 180 PH.
787 141 904 178 MEL.
931 139 998 176 An
1023 139 1148 178 msT.
1175 122 1318 178 pstor.
1347 138 1413 174 ET
1439 135 1634 173 PHILOS.
1662 133 1982 172 SPECTANTIA.
2151 139 2222 173 120

441 229 539 272 Quid
555 234 611 264 est
636 237 768 262 sensus
789 224 955 261 Tactus?

318 304 382 340 Est
397 316 516 339 sensus
533 302 730 347 percipiens
744 301 875 345 primas
892 301 1075 347 qualitates
1092 299 1195 344 pelli-

219 358 294 391 cula
311 368 437 390 nervea
455 363 601 398 expansa
619 363 680 396 per
696 363 834 384 carnem
850 358 923 386 toto
941 362 1098 396 corpore,
1118 356 1195 383 tan-

220 420 323 453 quam
345 406 422 439 reti.

424 517 528 560 Quod
553 522 610 552 est
636 528 819 564 organum
842 516 995 552 tactus?

322 593 369 629 Ut
386 593 485 627 nervi
501 593 645 626 coeteris
668 593 826 626 sensibus
845 593 918 626 vim
935 590 1109 625 sentiendi
1132 589 1199 622 im-

221 644 397 689 pertiunt,
422 644 469 677 ita
493 650 627 677 constat
648 650 758 676 tactus
774 654 945 686 organum
966 653 1036 675 esse
1052 640 1200 685 pellicu-

220 696 290 728 lam
314 705 477 726 nerveam
502 694 666 727 intextam
691 693 806 733 carni,
833 699 907 725 toto
938 703 1100 736 corpore,
1134 690 1200 723 sub

221 752 371 778 extrema
389 751 484 784 cute,
510 755 616 787 eaque
634 743 797 786 pellicula
818 749 1015 787 comparet,
1042 752 1201 786 quacun—

222 806 288 840 que
306 794 420 827 carnis
439 800 535 837 parte
555 794 710 826 dissecta.

323 859 450 894 Oritur
467 866 581 893 autem
599 871 617 892 a
635 859 751 892 nervis
769 866 802 893 et
825 859 956 893 cerebri
975 866 1008 893 et
1027 860 1200 893 medullae

222 911 386 954 spinaliS,
419 910 482 943 etsi
507 916 636 943 tactum
661 909 829 942 acriorem
855 910 1080 954 suppeditant
1101 909 1200 943 nervi

224 961 442 1000 subtiliores,
464 960 627 993 videlicet
649 960 828 1003 propagati
850 972 869 993 a
893 961 1055 1002 cerebro,
1081 967 1121 994 ut
1138 959 1200 1004 qui

221 1012 265 1044 ad
283 1011 458 1054 capsulam
477 1010 591 1043 cordis
603 1036 613 1050 ,
639 1010 721 1043 item
739 1010 800 1054 qui
816 1011 859 1043 ad
875 1010 1048 1044 orificium
1067 1010 1201 1044 ventri-

223 1061 292 1094 culi
310 1061 539 1096 descendunt.

325 1125 487 1158 Medium
511 1136 593 1157 vero
616 1135 680 1168 per
703 1125 796 1168 quod
819 1125 919 1157 nervi
935 1136 996 1158 seu
1020 1125 1202 1168 pelliculae

223 1183 353 1209 tactum
379 1175 594 1218 percipiunt,
631 1180 681 1207 est
701 1185 780 1207 caro
808 1175 897 1207 bene
922 1175 1108 1219 disposita,
1143 1181 1203 1208 aut

224 1237 261 1258 os
285 1225 340 1258 cui
367 1235 495 1257 nervus
525 1224 703 1259 inseritur.
754 1223 845 1257 Nam
870 1231 903 1258 et
926 1226 1046 1259 dentes
1071 1232 1200 1258 tactum

223 1275 431 1319 percipiunt.
503 1274 708 1307 Aristoteles
730 1274 848 1317 paucis
877 1276 992 1308 verbis
1017 1276 1053 1308 in
1080 1275 1202 1308 libello

223 1328 265 1358 de
304 1336 407 1357 sensu
442 1324 582 1357 videtur
619 1324 792 1356 collocare
825 1335 995 1367 organum
1027 1333 1137 1359 tactus
1164 1326 1202 1358 in

223 1375 347 1414 corde,
373 1374 528 1407 fortassis
545 1385 603 1412 eo,
631 1374 724 1416 quod
742 1373 823 1405 inde
839 1386 965 1408 nervos
982 1375 1070 1408 oriri
1095 1383 1202 1419 putat.

223 1424 293 1458 Sed
310 1436 374 1457 nos
392 1435 466 1456 eam
482 1422 685 1467 opinionem
703 1434 776 1455 non
791 1423 1044 1467 amplectimur.

502 1538 606 1580 Quod
634 1543 690 1573 est
716 1537 923 1574 obiectum?

333 1611 530 1654 Qualitates
565 1613 720 1656 primae:
781 1611 967 1651 Caliditas‚
1009 1613 1201 1657 frigiditas,

226 1661 433 1702 humiditas,
467 1662 618 1700 siccitas,
644 1669 676 1694 et
700 1662 788 1695 aliae
810 1664 999 1707 quaedam,
1029 1676 1116 1708 quae
1141 1662 1202 1698 has

226 1712 383 1744 comitari
412 1712 541 1745 solent:
575 1714 725 1752 durum,
759 1713 885 1750 molle,
913 1724 1095 1756 asperum,
1128 1715 1201 1759 gla-

224 1762 345 1801 brum,
371 1773 493 1803 grave,
521 1762 616 1800 leve,
643 1763 809 1803 densum,
837 1774 969 1796 rarum.

401 1880 493 1918 Quot
517 1882 605 1912 sunt
628 1877 772 1912 obiecta
794 1878 1029 1914 communia?

334 1949 501 1995 Quinque
541 1951 772 1985 nominantur
813 1952 948 1986 obiecta
991 1955 1202 1995 communia,

229 2000 308 2043 quia
331 2012 347 2032 a
373 2001 534 2044 pluribus
567 2002 725 2034 sensibus
756 2002 1014 2046 percipiuntur:
1059 2004 1200 2048 Magni—

227 2051 328 2089 tudo,
356 2051 487 2093 figura,
522 2062 708 2090 numerus,
736 2058 867 2092 motus,
893 2053 1001 2097 quies.
1054 2053 1121 2087 Hic
1140 2067 1202 2088 vo-

228 2100 302 2132 lens
332 2101 456 2134 omitto
489 2101 746 2141 cavillationes,
781 2113 869 2145 quae
899 2111 1130 2147 opponuntur
1160 2106 1203 2138 de

226 2150 349 2188 modo,
376 2163 445 2195 quo
467 2150 710 2195 percipiuntur
732 2148 815 2184 haec
839 2154 1037 2186 communia
1057 2155 1201 2190 obiecta.

228 2200 278 2231 Ac
296 2200 376 2232 safis
395 2208 444 2234 est
460 2201 564 2240 scire,
590 2201 694 2233 talem
712 2212 783 2232 esse
803 2208 974 2235 naturam.
1025 2203 1135 2238 Color
1152 2213 1202 2239 est

230 2249 264 2280 in
283 2261 426 2293 corpore
451 2252 543 2296 quod
568 2248 671 2283 habet
695 2250 927 2285 latitudinem.
979 2251 1067 2286 Cum
1095 2255 1202 2297 igitur

228 2299 323 2331 color
346 2301 456 2333 oculis
482 2306 661 2339 cernatur,
688 2312 825 2334 necesse
850 2308 899 2334 est
923 2308 956 2335 et
977 2302 1199 2338 latitudinem

228 2350 400 2392 conspici,
434 2363 522 2395 quae
548 2357 597 2384 est
619 2351 835 2393 magnitudo,
896 2350 946 2384 Ita
968 2353 1064 2386 calor
1086 2361 1136 2388 est
1161 2355 1198 2388 in

226 2409 371 2440 corpore
388 2403 480 2443 quod
499 2399 602 2433 habet
620 2401 855 2434 latitudinem.
908 2400 997 2435 Cum
1021 2403 1128 2446 igitur
1142 2418 1199 2439 ca-

226 2447 279 2479 lor
302 2454 394 2481 tactu
421 2451 610 2494 percipitur
634 2451 670 2482 in
690 2463 835 2494 corpore
853 2451 958 2494 longo
973 2459 1005 2486 et
1023 2454 1112 2496 lato,
1136 2468 1197 2489 ne-

225 2507 315 2530 cesse
330 2504 377 2531 est
394 2500 496 2533 simul
514 2513 551 2534 ea
569 2500 682 2543 spacia
699 2501 792 2544 tangi
808 2508 841 2535 et
855 2502 997 2546 percipi.

1336 222 1409 263 De
1455 220 1708 262 sensibus
1755 221 2120 262 interioribus.

1465 302 1559 344 Quid
1587 306 1643 336 est
1667 311 1799 336 sensus
1823 300 2002 335 interior?

1347 383 1412 420 Est
1428 385 1581 429 potentia
1596 384 1758 427 organica
1774 384 1866 418 intra
1877 383 2035 417 cranium
2048 385 2091 417 ad
2102 385 2223 428 cogni-

1247 433 1379 468 tionem
1403 436 1510 474 facta,
1537 436 1746 469 antecellens
1768 435 1921 468 actiones
1943 445 2105 467 sensuum
2130 443 2223 468 exte-

1247 485 1394 521 riorum.
1445 485 1534 518 Nam
1559 485 1589 518 si
1613 484 1803 518 animantia
1828 491 1962 518 tantum
1983 482 2225 527 adprehende-

1249 541 1329 568 rent
1360 535 1495 569 obiecta
1519 535 1595 568 sine
1617 534 1870 568 diiudicatione
1893 541 1927 568 et
1952 534 2027 568 sine
2050 535 2224 578 composi-

1250 585 1366 623 tione,
1398 597 1458 618 seu
1489 586 1722 629 qualicunque
1753 584 2038 625 ratiocinatione,
2071 591 2225 629 quantu-

1250 635 1324 668 lum
1347 635 1527 679 prodesset
1551 635 1611 667 ille
1635 635 1795 667 incursus
1819 634 2034 668 obiectorum
2060 635 2097 667 in
2113 642 2225 668 exter-

1250 697 1316 718 nos
1341 685 1485 718 sensus?
1537 682 1601 717 Est
1620 695 1700 726 ergo
1724 684 1840 716 addita
1864 685 2022 717 sensibus
2046 685 2226 718 exteriori-

1250 736 1316 769 bus
1339 735 1406 768 alia
1430 733 1589 779 superior
1605 734 1767 773 facultas,
1794 734 1903 776 magis
1919 734 2096 776 miranda,
2123 747 2227 780 quam

1250 786 1397 829 simplex
1413 783 1647 830 adprehensio
1663 795 1827 818 sensuum
1845 784 2067 818 exteriorum.

1443 911 1535 950 Quot
1557 911 1644 942 sunt
1669 917 1802 941 sensus
1825 905 2049 941 interiores?

1351 982 1517 1016 Actiones
1532 982 1742 1015 interiorum
1757 993 1920 1015 sensuum
1937 982 2055 1025 plures
2069 994 2141 1015 esse
2155 994 2229 1015 ma-

1252 1033 1417 1065 nifestum
1448 1039 1516 1073 est,
1549 1033 1725 1066 videlicet:
1761 1031 2050 1065 diiudicationem
2072 1032 2227 1066 obiecto-

1252 1094 1348 1122 rum,
1383 1083 1611 1123 memoriam,
1637 1090 1672 1116 et
1693 1082 1980 1126 compositionem
2004 1094 2065 1116 seu
2088 1082 2228 1116 ratioci-

1252 1132 1451 1172 nationem,
1482 1139 1520 1165 ut
1543 1132 1614 1165 Leo
1638 1132 1771 1167 Romae
1796 1132 1834 1165 in
1856 1132 1947 1165 circo
1972 1133 2095 1166 videns
2118 1132 2229 1165 medi-

1253 1195 1350 1221 cum,
1377 1182 1438 1226 qui
1462 1181 1528 1226 ipsi
1553 1183 1735 1215 vulnerato
1762 1182 1898 1226 spinam
1920 1183 2005 1214 olim
2025 1189 2230 1225 extraxerat,

1253 1232 1335 1277 quia
1353 1232 1545 1266 retinuerat
1560 1232 1597 1265 in
1613 1233 1754 1265 cerebro
1771 1232 1918 1275 speciem
1934 1232 2024 1271 eius,
2050 1238 2083 1264 et
2099 1243 2230 1265 memo-

1252 1283 1341 1315 riam
1359 1282 1536 1322 beneficii,
1563 1282 1705 1325 agnovit
1722 1293 1818 1322 eum,
1845 1287 1878 1315 et
1892 1292 1953 1314 sua
1969 1283 2118 1325 quadam
2133 1294 2230 1315 com-

1253 1332 1426 1376 positione
1456 1333 1615 1366 distinxit
1643 1333 1687 1363 ab
1711 1332 1807 1368 aliis,
1841 1337 1874 1363 et
1896 1332 1994 1374 qnasi
2016 1332 2230 1365 ratiocinans

1252 1382 1432 1415 blanditus
1453 1388 1503 1414 est
1520 1381 1569 1421 ei,
1594 1388 1632 1415 ut
1649 1387 1732 1414 tunc
1749 1380 1899 1419 solebat,
1923 1393 2001 1413 cum
2022 1381 2229 1414 beneficium

1252 1431 1394 1475 accepit.

1354 1488 1427 1522 lam
1459 1488 1566 1531 igitur
1595 1489 1750 1533 quaestio
1776 1495 1844 1530 est,
1875 1500 1921 1522 an
1943 1486 2027 1522 haec
2050 1489 2229 1522 actionum

1253 1539 1435 1572 diversitas
1464 1539 1501 1571 in
1531 1551 1603 1572 uno
1629 1539 1706 1572 loco
1730 1551 1791 1572 seu
1815 1550 1946 1582 organo
1971 1539 2049 1580 fiat,
2082 1546 2114 1573 et
2140 1551 2229 1584 quo-

1253 1591 1358 1623 modo
1376 1588 1459 1622 fiat?

1352 1645 1438 1680 Esse
1460 1653 1576 1680 autem
1597 1647 1731 1680 diversa
1749 1658 1879 1690 organa
1895 1645 2182 1691 adprehensionis
2197 1654 2230 1680 et

1253 1697 1459 1737 memoriae,
1485 1697 1569 1730 inde
1582 1697 1805 1730 manifestum
1823 1705 1891 1736 est,
1918 1698 2000 1742 quia
2017 1697 2229 1741 experientia

1253 1753 1471 1790 compertum
1491 1753 1558 1787 est,
1586 1747 1700 1780 amitti
1716 1748 1920 1780 memoriam
1938 1759 2009 1780 non
2027 1747 2152 1780 amissa
2167 1748 2229 1780 ad-

1253 1794 1496 1840 prehensione.
1550 1796 1595 1830 Ut
1607 1795 1833 1842 Thucydides
1850 1798 2048 1830 describens
2064 1797 2229 1841 pestilen-

1253 1847 1336 1880 tiam
1351 1846 1501 1880 Atticam
1512 1870 1522 1885 ‚
1547 1854 1668 1881 narrat
1683 1848 1851 1892 quosdam
1867 1860 1944 1880 cum
1962 1847 2230 1887 convaluissent,

1253 1904 1370 1930 tamen
1393 1897 1498 1930 fuisse
1521 1898 1608 1930 adeo
1633 1898 1774 1930 orbatos
1796 1897 1982 1937 memoria,
2007 1903 2047 1930 ut
2069 1909 2133 1930 nec
2156 1909 2228 1930 sese

1253 1959 1317 1980 nec
1334 1958 1414 1980 suos
1431 1947 1622 1980 familiares
1636 1954 1787 1981 nossent.
1823 1946 1871 1979 Hi
1884 1953 2000 1980 tamen
2011 1947 2139 1988 cibum,
2164 1959 2228 1992 po—

1253 2005 1326 2032 tum
1338 2021 1347 2036 ‚
1373 2004 1406 2030 et
1422 1996 1549 2030 similia
1566 1997 1799 2040 agnoscebant
1814 2004 1848 2031 et
1865 1997 2118 2031 discernebant.

1355 2054 1495 2088 illustre
1517 2055 1655 2097 signum
1679 2061 1712 2088 et
1732 2052 1799 2088 hoc
1824 2062 1874 2089 est
1896 2055 2108 2089 diversitatis
2126 2067 2227 2098 orga—

1254 2117 1401 2145 norum,
1433 2106 1526 2149 quod
1558 2105 1596 2138 in
1626 2106 1798 2138 medendo
1827 2106 2047 2150 adplicantur
2074 2106 2227 2139 remedia

1253 2168 1316 2199 pro
1345 2152 1508 2188 facultate
1539 2155 1729 2188 memoriae
1762 2157 1804 2188 ad
1834 2157 2065 2200 posteriorum
2094 2156 2226 2189 cerebri

1252 2213 1396 2249 partem.
1438 2203 1653 2238 Conturbata
1668 2206 1932 2239 ratiocinatione
1944 2207 2119 2239 medemur
2128 2212 2225 2239 ante-

1251 2256 1337 2288 riori
1361 2255 1451 2298 parti
1472 2267 1532 2288 seu
1550 2256 1695 2290 mediae.
1745 2254 1886 2289 Distant
1903 2256 2008 2298 igitur
2026 2256 2110 2289 locis
2125 2267 2226 2299 orga-

1251 2318 1307 2338 na.
1358 2305 1424 2338 His
1441 2306 1648 2339 coniecturis
1666 2317 1737 2339 non
1753 2306 1851 2339 vanis
1868 2306 2023 2339 contenti
2039 2306 2168 2346 simus,
2192 2313 2225 2340 et

1251 2356 1466 2388 mirabilium
1491 2356 1528 2388 in
1551 2357 1692 2390 cerebro
1714 2355 1890 2389 actionum
1917 2362 1948 2389 et
1972 2356 2224 2389 instrumento-

1250 2418 1328 2439 rum
1351 2406 1629 2439 consideratione
1651 2417 1871 2447 moveamur,
1898 2413 1936 2440 nt
1953 2407 1995 2439 de
2011 2405 2084 2439 Deo
2102 2406 2223 2449 opifice

1250 2456 1456 2499 cogitemus,
1484 2463 1518 2489 et
1543 2456 1657 2499 ipsum
1684 2449 1883 2496 cerebrum,
1911 2456 2003 2501 quod
2029 2455 2114 2488 lucis
2131 2456 2223 2489 divi-

1249 2518 1313 2539 nae
1330 2506 1549 2540 domicilium
1566 2512 1633 2546 est,
1660 2506 1791 2538 maiore
1809 2518 1888 2539 cura
1905 2514 2074 2540 tueamur.

1348 2561 1424 2596 Etsi
1447 2569 1561 2596 antem
1587 2563 1649 2595 alii
1672 2563 1773 2597 aliter
1790 2569 1974 2596 numerant
1993 2574 2114 2596 sensus
2131 2563 2221 2596 inte-

1250 2613 1379 2653 riores,
1406 2619 1521 2646 tamen
1545 2625 1624 2646 cum
1649 2624 1838 2646 consensus
1860 2612 1903 2646 sit
1928 2614 1970 2645 de
1993 2613 2123 2657 reipsa,
2147 2624 2219 2646 non

1249 2670 1298 2696 est
1314 2674 1400 2708 opus
1418 2663 1554 2706 litigare
1569 2664 1611 2696 de
1627 2664 1731 2696 modo
1747 2662 2028 2699 enumerationis.
