2379 2948
206 129 276 163 451
438 122 646 161 SCRIPTA
674 121 750 157 PH.
777 117 892 154 MEL.
921 117 986 153 AD
1013 114 1143 151 HIST.
1169 112 1313 150 PROF.
1342 112 1408 149 ET
1433 112 1628 149 PHILOS.
1657 113 1977 152 SPECTANTIA.

210 216 354 261 quidem
369 218 611 257 praeceptum,
637 214 675 241 ut
692 205 777 251 quid
795 205 915 238 deceat
931 203 1190 237 animadverta-

209 277 288 299 mus
312 277 389 298 cum
416 263 452 294 iu
476 268 546 294 tota
572 259 662 295 vita,
689 264 764 290 tum
792 267 871 288 vero
896 255 932 287 in
957 254 1107 287 diceudo
1134 251 1190 284 vel

639 308 821 352 Nusquam
847 305 941 339 euim
966 305 1076 347 magis
1099 304 1191 335 lucet
1216 337 1218 345 Ι

210 316 360 349 maxime
382 311 586 356 requiritur.
1216 353 1217 366 χ

211 368 395 403 decorum,
429 373 534 406 quam
560 360 597 392 iu
621 359 791 397 dicendo,
825 369 902 390 cum
929 356 964 388 id
988 356 1032 387 sit
1058 353 1191 398 praeci-

211 428 318 459 puum
331 440 339 453 ‚
361 425 398 445 ac
416 411 606 445 maximum
620 406 658 443 ac
675 408 923 442 difficillimum
950 417 1096 450 operum
1124 402 1192 436 liu-

209 476 395 498 manorum
413 462 585 496 omnium.

461 545 525 580 De
552 547 643 580 locis
671 541 937 578 commzmibus.

288 615 447 657 Bregiter
463 612 633 656 complexi
651 622 770 644 sumus
786 605 1072 642 communissima
1091 614 1191 647 prae—

207 674 304 711 cepta
321 667 363 698 de
381 666 603 703 inventione,
631 663 673 695 de
692 661 819 705 quibus
837 657 993 701 ingentia
1011 654 1190 687 volumina

208 716 336 750 Graeci
355 719 640 758 composuerunt.
682 711 814 743 Verum
833 720 895 751 ego
911 719 983 740 non
1000 705 1191 738 admodum

207 779 295 811 opus
311 778 383 800 esse
401 765 621 808 longioribus
639 760 830 805 praeceptis
846 759 883 791 in
900 755 964 790 hac
981 763 1077 800 parte
1097 755 1191 811 iudi-

207 818 273 853 cio.
326 817 416 850 Nam
436 816 492 849 via
509 815 659 859 quadam
676 811 832 854 cognita,
860 815 977 853 postea
995 818 1049 838 res
1064 818 1136 838 non
1155 817 1190 836 ιιι

206 868 336 902 libellis
362 864 548 899 rhetoricis
577 863 794 909 quaerendae
825 867 946 898 erunt,
986 859 1045 890 sed
1074 864 1148 890 tum
1172 868 1188 887 a

206 917 386 951 communi
403 915 606 960 prudentia,
633 921 707 947 tum
730 925 769 945 ex
792 911 870 944 aliis
891 909 1025 943 artibus
1049 918 1191 940 sumen-

207 970 280 1001 dae.
339 966 480 1001 Etenim
510 964 594 998 haec
620 970 802 1008 praecepta
828 973 900 994 non
926 968 995 993 tam
1021 960 1064 991 ad
1090 958 1187 989 inve—

206 1019 376 1052 niendum
394 1018 616 1053 conducunt,
639 1027 743 1060 quam
762 1014 802 1046 ad
822 1012 1021 1054 eligendum
1049 1010 1189 1045 idonea,

207 1081 284 1102 cum
304 1080 358 1101 res
376 1080 415 1101 ex
433 1068 511 1100 aliis
528 1066 663 1099 artibus
677 1065 884 1098 offeruntur.
936 1060 1086 1099 Deinde,
1110 1070 1187 1091 cum

205 1119 354 1152 imitatio
374 1117 483 1160 magis
503 1117 628 1150 efficiat
644 1116 847 1159 eloquentes
864 1123 970 1157 quam
987 1122 1061 1153 ars,
1089 1120 1187 1153 prae-

206 1177 303 1212 cepta
320 1169 511 1202 traduntur
537 1165 818 1200 adolescentibus
841 1164 884 1196 ad
908 1161 995 1201 hoc,
1022 1168 1061 1194 ut
1086 1160 1186 1192 adiu—

205 1227 287 1253 vent
305 1231 362 1252 eos
380 1219 416 1251 in
433 1218 588 1261 legendis
606 1216 827 1250 orationibus
845 1214 1057 1247 disertorum
1070 1237 1077 1251 ,
1106 1211 1186 1255 quia

205 1277 298 1303 aetas
315 1270 373 1302 illa
389 1281 462 1302 non
480 1276 591 1313 potest
609 1268 731 1310 longas
748 1277 866 1299 causas
891 1264 1010 1297 animo
1036 1261 1187 1305 comple-

206 1321 270 1361 cti,
296 1320 366 1353 nisi
385 1331 438 1352 res
455 1328 488 1353 et
507 1324 712 1361 argumenta
730 1316 833 1350 certis
848 1315 954 1352 loeis,
980 1313 1079 1358 quasi
1096 1312 1187 1344 notis

205 1371 461 1404 discernantur.
530 1370 712 1402 Addemus
741 1375 856 1400 autem
894 1366 935 1398 ad
973 1363 1187 1396 inventionis

204 1427 385 1465 praecepta
394 1432 503 1453 unum
516 1420 609 1463 quod
622 1418 808 1451 maximam
818 1417 889 1449 vim
900 1413 1005 1448 habet
1020 1415 1054 1446 in
1072 1413 1187 1446 omni-

206 1473 272 1505 bus
315 1470 632 1514 disputationibus,
674 1467 857 1507 videlicet,
900 1473 938 1499 ut
973 1462 1186 1509 hypothesin

207 1522 456 1555 transferamus
474 1522 514 1553 ad
535 1518 662 1553 thesin.
717 1517 854 1551 Vocant
872 1523 988 1549 autem
1015 1512 1187 1560 hypothe-

207 1573 280 1611 sin,
312 1572 494 1615 negocium
521 1572 562 1603 de
588 1582 657 1614 quo
678 1567 917 1602 controversia
943 1572 1010 1606 est,
1037 1566 1187 1598 circum-

205 1623 373 1666 scriptum
389 1621 672 1658 circumstantiis,
700 1627 759 1662 ut,
787 1619 877 1652 sitne
892 1617 1024 1650 bellum
1044 1627 1187 1648 moven-

206 1674 290 1706 dum
307 1674 471 1705 adversus
491 1671 636 1705 Turcas.
689 1668 825 1703 Thesin
845 1674 970 1701 vocant
991 1666 1186 1710 generalem

207 1723 444 1768 quaestionem
457 1750 466 1762 ‚
493 1729 529 1756 ut
541 1747 549 1760 ,
572 1722 720 1754 liceatne
733 1717 934 1754 Christiano
952 1718 1043 1750 bella
1060 1728 1186 1759 gerere.

207 1773 322 1806 Facile
357 1779 471 1806 autem
508 1773 663 1806 iudicare
693 1777 822 1815 potest,
857 1782 937 1803 cum
967 1769 1009 1801 de
1037 1767 1187 1800 Turcico

205 1824 298 1857 hello
322 1824 509 1856 dicendum
533 1830 602 1863 est,
637 1822 756 1855 onmia
788 1820 946 1865 pleniora
972 1826 1076 1863 atque
1102 1819 1186 1850 ube-

206 1874 299 1907 riora
316 1874 390 1906 fore
402 1900 410 1913 ,
431 1874 460 1906 si
478 1886 495 1906 a
512 1874 623 1917 specie
640 1874 683 1906 ad
695 1884 803 1916 genus
818 1871 930 1904 oratio
947 1869 1188 1907 transferatur,

207 1930 239 1956 et
258 1924 301 1956 de
317 1924 536 1966 magistratus
553 1923 686 1963 officio,
713 1924 756 1955 de
773 1922 866 1955 bello
889 1921 925 1953 in
944 1932 1069 1963 genere
1093 1920 1188 1952 dica-

206 1981 280 2014 tur,
313 1986 417 2018 quam
445 1974 564 2016 pium,
601 1985 705 2018 quam
732 1980 890 2006 sanctum
913 1972 1068 2004 officium
1092 1981 1188 2012 reges

205 2025 353 2063 faciant,
385 2024 413 2056 si
439 2022 499 2056 has
527 2030 646 2066 gentes
673 2023 844 2056 divinitus
875 2022 1032 2065 ipsorum
1061 2021 1189 2054 tutelae

205 2074 422 2112 commissas,
457 2075 623 2107 adversus
653 2072 844 2106 Turcicum
873 2072 1097 2106 latrocinium
1128 2072 1188 2104 de-

207 2125 363 2158 fendant.
417 2123 492 2157 Hoc
515 2124 736 2168 praecipiunt
759 2123 852 2166 apud
879 2122 1085 2156 Ciceronem
1113 2122 1189 2154 An-

207 2175 326 2209 tonius
345 2182 377 2208 et
391 2174 544 2213 Crassus,
571 2181 609 2208 ut
627 2174 900 2210 consideremus,
928 2173 989 2217 qui
1008 2172 1076 2205 loci
1093 2184 1187 2204 com-

208 2237 331 2258 munes
348 2223 514 2259 haereant
530 2226 566 2258 in
584 2236 704 2263 causa,
733 2235 884 2268 quorum
902 2224 962 2256 alii
980 2230 1086 2256 totam
1106 2235 1187 2255 cau-

209 2287 280 2308 sam
297 2276 498 2317 continent,
527 2276 562 2309 in
584 2275 712 2320 quibus
727 2273 834 2308 thesis
851 2280 1026 2311 versatur,
1054 2273 1113 2305 alii
1133 2274 1188 2305 in-

211 2327 334 2359 cidunt
348 2326 473 2361 obiter.
522 2325 574 2359 Ac
589 2324 695 2359 thesis
710 2326 788 2365 illa,
815 2336 893 2358 cum
912 2322 1017 2357 habet
1035 2324 1188 2367 peculia-

210 2388 282 2408 rem
308 2377 485 2409 interdum
512 2377 549 2409 in
576 2376 736 2409 oratione
760 2376 892 2413 locum,
928 2382 1001 2408 tum
1025 2375 1131 2407 verba
1155 2381 1187 2407 et

212 2427 398 2459 sententias
420 2427 531 2470 gignit
557 2428 593 2459 in
621 2427 787 2460 omnibus
817 2426 975 2469 partibus
1004 2425 1186 2458 orationis.

211 2474 257 2508 Et
273 2484 406 2517 praeter
422 2475 511 2510 lianc
528 2478 622 2510 varie
639 2477 810 2511 alluditur
825 2478 868 2510 ad
884 2477 971 2509 alios
987 2476 1098 2512 locos,
1127 2475 1187 2518 qui

212 2526 325 2558 obiter
348 2526 525 2565 incidunt,
551 2535 609 2569 ut,
636 2527 756 2562 Cicero
774 2540 837 2572 pro
854 2527 1008 2570 Milone,
1037 2539 1115 2559 cum
1132 2526 1186 2558 di-

213 2576 260 2608 cit
276 2574 439 2609 Clodium
458 2575 530 2609 Deo
548 2585 690 2622 propter
702 2579 849 2612 violatas
869 2578 1056 2620 religiones
1069 2603 1078 2616 ‚
1103 2589 1187 2620 poe-
1211 2604 1214 2620 ,

212 2638 275 2658 nas
290 2626 443 2664 dedisse,
465 2627 589 2661 alludit
604 2630 646 2661 ad
664 2629 779 2662 locum
795 2640 1033 2668 communem,
1059 2634 1091 2660 et
1108 2628 1187 2659 bre-

213 2677 302 2710 viter
321 2677 445 2721 probat
462 2675 574 2710 Deum
596 2689 686 2719 esse,
711 2686 744 2712 et
760 2677 856 2713 hunc
872 2680 1046 2713 mundum
1069 2689 1088 2711 a
1103 2675 1186 2711 DEO

2147 114 2221 151 452

1242 199 1444 242 gubernari.
1504 199 1574 234 Sed
1598 210 1776 233 sumamus
1807 201 1964 245 exempla
1992 202 2036 235 ab
2061 201 2224 234 ecclesia-

1242 250 1336 284 sticis
1368 250 1616 291 concionibus,
1651 263 1739 295 quae
1770 262 1913 295 prorsus
1944 252 2079 285 ociosae
2108 258 2224 292 erunt,

1243 301 1312 333 nisi
1329 302 1372 333 ad
1391 301 1597 345 praecipuos
1613 300 1707 333 locos
1723 302 1903 334 doctrinae
1920 299 2141 335 Christianae
2167 314 2223 335 re—

1243 352 1412 385 ferantur.
1455 351 1491 385 Si
1509 351 1586 396 quis
1604 357 1744 384 enarret
1759 350 1942 386 historiam
1957 350 2114 393 Davidis,
2131 364 2223 397 quo-

1217 412 1219 422 *
1245 402 1350 434 modo
1370 409 1513 446 propter
1546 402 1738 435 admissum
1770 402 1982 435 adulterium
2007 414 2026 434 a
2046 401 2223 446 Propheta

1244 452 1452 495 obiurgatus
1466 453 1528 493 sit,
1553 453 1650 486 locus
1665 453 1863 486 communis
1886 453 1952 485 erit
1975 453 2018 484 de
2040 454 2223 496 poeniten-

1244 503 1304 536 tia.
1356 502 1432 536 Etsi
1448 504 1542 536 enim
1564 510 1597 536 et
1617 504 1660 536 de
1686 504 1851 537 adulterii
1871 503 2092 547 turpitudine
2116 503 2226 536 multa

1246 553 1316 586 dici
1341 560 1505 597 possunt,
1533 561 1649 587 tamen
1675 554 1828 588 delectus
1854 551 2076 587 adhibendus
2100 560 2149 586 est
2173 553 2227 586 lo-

1245 615 1387 644 corum,
1413 611 1445 636 et
1469 606 1704 647 excerpendus
1729 605 1778 648 is,
1805 605 1866 650 qui
1892 605 2039 637 maxime
2061 604 2227 648 proprius

1246 662 1296 687 est
1319 654 1498 686 doctrinae
1516 652 1748 687 Christianae.
1799 655 1911 688 Porro
1935 656 1971 687 in
1990 652 2054 687 hac
2068 652 2228 694 historia,

1245 716 1367 737 omues
1386 705 1620 747 poenitentiae
1639 711 1770 748 partes,
1802 706 1937 749 egregie
1954 705 2112 749 depictae
2132 711 2226 738 sunt.

1245 753 1358 788 Habet
1378 755 1473 787 enim
1489 767 1562 788 non
1580 755 1694 787 solum
1713 756 2015 799 obiurgationem,
2042 757 2100 789 sed
2119 756 2225 789 etiam

1244 806 1522 847 absolutionem,
1549 817 1653 850 quam
1670 805 1707 838 iu
1725 807 1831 838 sacris
1857 803 2015 839 historiis
2040 807 2226 850 praecipue

1245 864 1419 901 quaeruut
1453 857 1529 900 piae
1561 862 1705 891 mentes.
1764 854 1817 889 Ac
1843 854 2006 890 Christus
2029 857 2101 901 ipse
2126 857 2227 890 docet

1244 919 1308 940 nos
1326 905 1391 940 hoc
1406 907 1610 947 artificium,
1636 907 1696 951 qui
1714 919 1813 951 saepe
1833 907 1997 940 transfert
2016 904 2227 952 hypotheses

1244 958 1287 990 ad
1319 955 1449 998 theses,
1483 965 1521 990 ut
1544 970 1623 990 cum
1652 965 1791 992 excusat
1814 956 2005 1001 Apostolos
2030 958 2073 990 de
2096 957 2227 990 violata

1243 1008 1432 1041 traditione
1449 1006 1731 1049 Pharisaeorum,
1759 1008 1883 1052 incipit
1897 1008 1934 1041 in
1951 1019 2076 1050 genere
2095 1009 2138 1041 de
2155 1014 2227 1041 tra-

1243 1058 1440 1091 ditionibus
1457 1059 1528 1091 illis
1545 1059 1761 1094 concionari.
1804 1057 1895 1092 Cum
1913 1059 2069 1092 adfertur
2085 1060 2127 1092 ad
2146 1070 2226 1092 eum

1244 1107 1390 1142 historia
1417 1110 1460 1142 de
1485 1110 1690 1143 crudelitate
1716 1109 1840 1150 Pilati,
1874 1110 2116 1152 gravissimam
2141 1121 2226 1142 con-

1243 1160 1379 1193 cionem
1397 1158 1499 1193 habet
1523 1161 1565 1192 de
1590 1161 1824 1203 poenitentia,
1851 1159 1966 1193 Lucae
1994 1160 2051 1194 13.
2109 1157 2226 1192 Adhi-

1242 1211 1371 1243 bentur
1396 1218 1511 1244 autem
1537 1211 1605 1243 loci
1629 1222 1848 1251 communes,
1876 1217 1909 1243 et
1930 1211 1974 1243 ad
2000 1210 2225 1254 probandum

1242 1267 1274 1294 et
1290 1262 1333 1293 ad
1351 1262 1648 1305 amplificandum.
1681 1260 1825 1294 Etenim
1842 1262 1913 1294 fere
1931 1261 1968 1293 in
1983 1261 2081 1294 omni
2098 1262 2227 1305 proba-

1242 1312 1357 1351 tione,
1390 1312 1502 1345 maior
1526 1312 1682 1345 nascitur
1711 1324 1749 1345 ex
1781 1313 1900 1356 aliquo
1929 1311 2110 1344 communi
2137 1312 2227 1345 loco.

1245 1361 1354 1406 quue
1370 1362 1558 1405 diligenter
1574 1363 1758 1395 observent
1774 1363 1935 1400 studiosi,
1958 1369 1997 1395 ut
2013 1363 2137 1400 sciant,
2163 1362 2228 1395 ubi

1243 1413 1287 1445 sit
1304 1424 1386 1445 usus
1403 1413 1560 1446 locorum
1585 1414 1845 1452 communium,
1874 1424 1961 1456 quos
1985 1412 2045 1456 qui
2068 1413 2226 1455 pruden-

1242 1468 1294 1495 ter
1312 1463 1422 1504 eligit,
1450 1464 1479 1495 is
1501 1465 1642 1495 demum
1669 1463 1798 1505 poterit
1822 1469 1854 1494 et
1875 1460 1920 1495 τὰ
1943 1459 2050 1496 κοινὰ
2078 1465 2225 1503 καινῶς,

1243 1525 1321 1545 cum
1341 1513 1452 1553 volet,
1481 1520 1513 1546 et
1532 1514 1626 1557 quod
1641 1512 1821 1546 difficilius
1839 1519 1887 1545 est
1904 1510 1949 1545 τὰ
1967 1510 2077 1546 καινὰ
2093 1516 2225 1552 κοινῶς

1243 1569 1404 1596 tractare.
1457 1564 1508 1596 Ac
1526 1576 1611 1596 voco
1629 1564 1723 1596 locos
1740 1575 1964 1602 communes,
1991 1575 2063 1596 non
2086 1558 2224 1597 tantum

1243 1613 1390 1646 virtutes
1416 1621 1448 1646 et
1471 1614 1579 1654 vicia,
1614 1615 1672 1646 sed
1698 1614 1735 1646 in
1759 1614 1856 1646 omni
1887 1614 2068 1648 doctrinae
2098 1625 2225 1657 genere

1243 1664 1428 1707 praecipua
1453 1665 1583 1708 capita,
1615 1677 1704 1709 quae
1728 1666 1842 1697 sontes
1876 1672 1909 1697 et
1941 1676 2111 1697 summam
2140 1666 2224 1699 artis

1243 1715 1434 1749 continent.
1483 1715 1604 1760 Neque
1621 1723 1736 1748 tamen
1754 1716 1918 1749 omnibus
1933 1716 2065 1760 ubique
2079 1716 2225 1751 utimur.

1243 1764 1310 1798 Sed
1330 1766 1571 1810 unusquisque
1590 1767 1672 1799 sciat
1688 1778 1722 1799 se
1739 1767 1865 1799 debere
1883 1778 1964 1799 suae
1989 1766 2095 1807 ariis,
2124 1779 2224 1810 prae-

1243 1816 1362 1859 cipuos
1380 1816 1474 1848 locos
1490 1823 1620 1856 tenere,
1638 1824 1677 1850 ut
1691 1829 1768 1849 cum
1787 1817 1904 1861 aliqua
1919 1818 1962 1850 de
1980 1830 2016 1850 re
2033 1817 2222 1850 dicendum

1243 1867 1325 1906 erit,
1347 1867 1464 1900 statim
1482 1868 1632 1900 offerant
1649 1879 1684 1900 se
1702 1868 1819 1900 idonei
1839 1868 1919 1902 loci.
1974 1867 2128 1909 Quidam
2156 1880 2222 1911 pu-

1242 1923 1317 1950 tant
1334 1929 1368 1950 se
1386 1918 1480 1950 locos
1496 1930 1697 1969 gommunes
1714 1925 1850 1958 tenere,
1873 1930 1952 1950 cum
1972 1919 2015 1951 de
2039 1918 2144 1951 variis
2166 1930 2223 1951 re-

1242 1968 1307 2000 bus
1334 1975 1552 2001 coacervatas
1577 1969 1765 2002 sententias
1792 1966 1940 2008 hahent,
1981 1981 2066 2013 quas
2092 1970 2220 2012 passim

1243 2030 1282 2051 ex
1298 2018 1410 2062 poetis
1430 2025 1463 2052 et
1478 2020 1675 2053 oratoribus
1693 2027 1949 2063 excerpserunt.
2001 2017 2048 2052 Et
2064 2019 2146 2064 quia
2164 2019 2220 2052 iu-

1243 2069 1361 2103 dicant
1379 2067 1470 2102 hanc
1495 2070 1793 2103 coacervationem
1817 2070 2009 2112 insignium
2034 2070 2220 2109 dictorum,

1243 2121 1428 2164 perfectam
1452 2132 1524 2153 esse
1553 2121 1750 2154 doctrinam
1807 2118 1899 2152 nihil
1922 2118 2054 2154 habent
2079 2121 2219 2153 consilii

1241 2171 1279 2204 in
1303 2171 1459 2214 legendis
1481 2172 1684 2211 autoribus,
1711 2183 1780 2203 nlsi
1803 2178 1841 2204 ut
1864 2171 1946 2203 inde
1970 2178 2136 2216 tanquam
2153 2171 2219 2204 flo-

1241 2233 1314 2262 reS,
1341 2223 1432 2256 dicta
1455 2223 1626 2267 quaedam
1654 2223 1852 2265 decerpant.
1909 2221 2055 2255 Interim
2082 2222 2216 2256 nullam

1240 2279 1348 2306 artem
1376 2274 1526 2318 perfecte
1552 2273 1709 2312 discunt,
1743 2273 1882 2305 nullum
1908 2273 2077 2317 scriptum
2104 2280 2216 2307 totum

1240 2324 1460 2367 intelligunt,
1487 2335 1659 2367 nusquam
1681 2330 1793 2356 totum
1813 2324 1984 2357 orationis
2000 2335 2107 2367 genus
2131 2334 2216 2356 con-

1240 2375 1407 2408 siderant.
1456 2373 1532 2407 Hoc
1548 2374 1703 2407 studium
1723 2374 1879 2417 exiguam
1897 2372 2001 2408 habet
2017 2375 2218 2412 utilitatem,

1240 2431 1274 2458 et
1294 2422 1361 2457 hoc
1384 2425 1528 2457 nomine
1549 2425 1741 2468 plurimum
1765 2432 1886 2463 nocet,
1921 2425 2002 2470 quia
2027 2425 2064 2456 in
2089 2424 2217 2464 stultis,

1239 2475 1420 2508 doctrinae
1443 2476 1703 2519 persuasionem
1722 2476 1830 2520 parit,
1859 2487 1924 2520 qua
1950 2473 2040 2507 nihil
2064 2483 2114 2510 est
2135 2487 2215 2519 per-

1238 2526 1417 2558 niciosius.
1476 2525 1665 2559 Sciendum
1693 2533 1742 2559 est
1767 2526 1890 2569 igitur,
1925 2525 1971 2558 ita
1998 2526 2092 2559 locos
2120 2538 2214 2559 com-

1238 2588 1361 2609 munes
1383 2583 1473 2609 recte
1495 2577 1676 2620 cognosci,
1711 2577 1740 2610 si
1769 2583 1858 2609 artes
1889 2576 1986 2616 illae,
2018 2577 2054 2608 in
2087 2576 2215 2622 quibus

1238 2634 1438 2668 versantur,
1464 2628 1615 2671 perfecte
1632 2627 1788 2671 cognitae
1805 2627 1947 2660 fuerint.
2000 2625 2046 2660 Et
2063 2634 2101 2660 ut
2118 2627 2214 2659 locos

1212 2688 1439 2712 :communes
1472 2684 1551 2722 apte
1582 2679 1620 2711 in
1650 2678 1760 2711 causis
1793 2677 2000 2710 intertexere
2031 2676 2214 2722 possimus,
