2379 2948
128 124 199 158 231

406 112 613 152 SCRIPTA
642 111 716 148 PH.
740 107 855 145 MEL.
882 107 949 145 AD
974 108 1103 147 HlST.
1127 107 1272 145 PROF.
1298 105 1364 142 ET
1391 103 1581 142 PHILOS.
1603 102 1923 145 SPECTANTIA.

2076 107 2153 144 252

132 208 176 241 ab
191 212 270 239 ortu
288 204 324 236 in
342 213 499 236 occasum
521 199 629 243 rapit,
656 203 687 230 et
704 203 817 230 totum
834 195 965 230 circum
985 201 1114 230 terram
1166 192 1378 227 diversitatis
1400 198 1561 226 motuum
1585 190 1699 233 Solis,
1731 192 1814 237 quia
1837 192 1900 227 Sol
1929 192 1967 225 in
1996 191 2152 226 zodiaco

135 255 349 297 circumagit.

237 314 304 347 Sed
324 319 359 344 ut
377 309 434 342 hic
453 315 568 341 motus
592 307 635 341 sit
659 307 820 340 salutaris
844 307 980 340 naturis
995 307 1117 339 viven-

137 367 248 404 tibus,
275 372 411 395 necesse
435 359 500 391 fuit
525 358 606 391 addi
630 358 737 390 alium
761 364 915 395 motum,
942 358 1003 402 qui
1027 357 1118 389 vices

138 417 285 449 efficeret
307 409 445 444 aestatis
471 416 502 442 et
528 407 679 454 hyemis,
706 415 745 441 ut
767 415 858 441 terra
876 408 982 451 possit
1004 407 1118 450 fruges

139 467 297 509 gignere,
325 461 455 505 quique
471 459 608 492 dierum
631 459 743 503 spacia
766 459 924 491 variaret.
976 457 1066 490 Nam
1091 457 1119 489 si

139 515 258 548 nullus
272 512 361 545 alius
381 516 495 543 motus
512 509 605 542 Solis
621 516 726 549 esset,
753 516 889 552 praeter
908 507 1021 549 hunc,
1049 519 1118 551 quo

139 578 156 598 a
175 564 287 608 primo
311 561 436 595 mobili
454 560 613 605 quotidie
636 559 939 598 circumvolvitur,
967 557 1028 591 Sol
1049 569 1120 590 uno

140 616 216 648 loco
233 623 396 651 manens,
423 623 497 643 eam
515 610 672 643 semitam
690 616 857 653 perpetuo
882 617 977 642 aestu
994 614 1122 646 ureret,

141 672 172 698 et
189 671 320 698 ceterae
344 662 501 703 regiones
524 661 604 703 gelu
624 661 786 698 duratae,
813 658 902 691 nihil
928 659 1121 701 gignerent.

142 715 339 748 Adiunctus
365 719 415 745 est
439 722 518 753 ergo
551 711 639 743 alter
666 711 827 753 proprius
853 716 987 748 motus,
1023 707 1122 752 quasi

143 770 352 809 temperator
370 763 501 806 primae
514 761 606 793 illius
620 768 652 794 et
666 760 904 804 rapidissimae
921 759 1123 804 gyrationis.

244 829 301 861 Fit
326 834 439 860 autem
462 824 519 858 hic
540 826 628 858 alter
653 832 765 857 motus
787 824 871 857 orbe
891 822 984 856 Solis
1003 830 1123 857 contra

145 881 297 924 primum
315 878 439 910 leniter
455 877 589 909 nitente
606 876 649 908 ab
666 887 788 908 occasu
808 885 927 906 versus
942 873 1126 914 orientem,

144 931 208 964 sub
226 936 318 962 certo
337 927 484 967 circulo,
511 926 571 971 qui
590 933 733 958 vocatur
747 924 938 962 Zodiacus,
967 924 1028 968 qui
1045 936 1123 957 cum

144 981 232 1013 mira
249 986 322 1013 arte
338 978 503 1022 obliquus
520 978 630 1009 factus
650 977 713 1019 sit,
741 982 779 1008 ut
798 986 932 1019 semper
953 986 1010 1007 sex
1028 975 1124 1017 signa

145 1043 248 1075 supra
279 1037 426 1068 terram,
460 1039 514 1060 sex
540 1027 632 1059 infra
663 1037 735 1058 esse
765 1025 916 1068 possint,
948 1024 1021 1068 poli
1052 1025 1126 1057 eius

145 1082 275 1115 distant
293 1092 310 1113 a
332 1078 455 1111 mundi
480 1077 569 1120 polis
594 1074 659 1108 hoc
677 1076 819 1120 quidem
837 1082 993 1118 tempore
1009 1074 1126 1117 gradi-

144 1133 210 1165 bus
227 1131 288 1170 23,
318 1128 464 1161 minutis
479 1127 541 1166 28,
567 1126 729 1159 secundis
746 1125 807 1160 30.

246 1188 322 1222 Sub
339 1184 405 1219 hoc
421 1184 552 1218 circulo
570 1183 742 1225 Zodiaco,
771 1190 804 1217 et
828 1183 935 1217 ceteri
960 1182 1126 1217 planetae

145 1241 188 1274 ab
206 1249 328 1272 occasu
344 1237 381 1269 in
398 1242 528 1275 ortum,
544 1241 583 1268 ut
598 1236 640 1268 de
658 1235 806 1278 singulis
822 1235 969 1275 dicetur,
989 1232 1126 1267 vehun-

145 1298 220 1330 tur,
247 1288 408 1321 mirando
433 1285 581 1319 consilio
605 1283 674 1318 Dei
695 1285 848 1330 opificis,
876 1285 938 1330 qui
964 1282 1019 1318 his
1042 1296 1126 1318 con-

145 1340 263 1374 trariis
293 1337 465 1377 motibus,
506 1336 565 1368 sed
595 1335 705 1369 altero
736 1335 980 1379 rapidissimo,
1018 1335 1126 1369 altero

147 1392 263 1427 lento,
291 1388 446 1432 placido,
473 1386 598 1418 leniter
623 1393 857 1427 repugnante,
883 1392 1045 1419 naturam
1072 1398 1127 1418 re-

146 1452 225 1473 rum
261 1439 433 1481 gubernat
465 1441 498 1468 et
533 1441 720 1478 temperat,
761 1434 856 1478 quod
891 1432 1126 1477 spectaculum

146 1490 247 1523 multi
266 1488 435 1532 sapientes
449 1485 643 1525 intuentes,
670 1484 825 1528 exempla
844 1483 925 1516 inde
939 1483 1127 1517 transtule-

146 1547 229 1573 runt
253 1540 297 1571 ad
321 1536 486 1581 imperia,
514 1535 549 1566 in
570 1535 698 1579 quibus
722 1546 801 1568 cum
817 1534 934 1577 magni
952 1545 991 1566 ac
1007 1534 1128 1566 fatales

147 1591 297 1634 impetus
314 1599 451 1631 regum,
477 1592 538 1618 aut
556 1586 765 1629 populorum
778 1610 787 1623 ,
815 1595 958 1627 magnas
980 1596 1128 1618 conver-

148 1641 262 1674 siones
286 1638 433 1677 faciant,
460 1636 596 1679 placide
619 1647 806 1668 occurrens
831 1635 1028 1679 sapientum
1050 1647 1126 1668 mo-

148 1690 283 1723 deratio
304 1687 412 1721 multa
428 1686 575 1728 mitigat.
602 1683 735 1730 Estque
757 1683 821 1718 hac
839 1685 1027 1719 collatione
1044 1697 1127 1718 usus

146 1736 356 1773 Plutarchus
376 1737 413 1768 in
438 1736 507 1768 vita
534 1733 742 1774 Phocionis,
775 1742 814 1769 ut
838 1743 960 1769 ruente
983 1735 1127 1780 Repub.

147 1790 287 1823 Iudaica
305 1787 413 1821 multa
429 1786 732 1819 adversationibus
748 1793 781 1819 et
796 1786 950 1819 consiliis
963 1785 1127 1820 Ieremiae

146 1840 304 1881 mitigata
322 1844 414 1871 sunt.
465 1834 517 1869 Ac
535 1837 789 1880 propemodum
812 1836 1041 1881 imperiorum
1060 1837 1127 1869 im-

147 1897 246 1933 petus
266 1887 417 1922 conferri
432 1893 577 1930 possunt
593 1888 635 1919 ad
652 1887 804 1930 primum
824 1894 957 1920 motum
969 1912 978 1926 ‚
1004 1885 1128 1920 Eccle-

148 1940 217 1974 siae
232 1946 352 1972 contra
369 1937 512 1970 nitentis
527 1937 733 1979 gubernatio
758 1938 801 1970 ad
827 1939 1030 1971 secundum.
1081 1936 1129 1971 Et

149 1991 231 2034 quia
251 1987 288 2021 hi
306 1987 434 2021 diversi
451 1993 566 2019 motus
584 1987 620 2018 in
639 1987 761 2028 lineis,
789 1998 849 2020 seu
869 1988 991 2021 axibus
1014 1994 1046 2021 et
1063 2000 1128 2031 po-

148 2041 191 2072 lis
208 2039 355 2072 diversis
371 2038 476 2076 fiunt,
498 2035 598 2069 Plato
615 2037 715 2077 dixit,
737 2038 910 2071 mundum
924 2037 1034 2081 figura
1049 2038 1128 2072 lite-

148 2102 206 2123 rae
223 2102 247 2134 χ
268 2089 468 2133 copulatum
486 2093 518 2134 et
537 2093 816 2129 coagmentatum
836 2099 920 2124 esse.

251 2155 295 2189 Ut
314 2161 428 2188 autem
446 2152 561 2198 qualis
578 2152 622 2186 sit
637 2149 694 2185 hic
712 2153 876 2196 proprius
892 2152 985 2187 Solis
1002 2161 1129 2195 motus,

149 2206 374 2251 aliquomodo
400 2200 650 2246 comprehendi
685 2203 811 2247 possit,
844 2204 1036 2237 doctissimi
1063 2202 1127 2238 ho-

148 2257 259 2289 mines
297 2254 524 2293 Geometrae,
565 2253 662 2298 quasi
696 2254 906 2286 fabricantes
934 2261 1127 2296 automata,

149 2308 264 2350 plnres
281 2307 382 2339 orbes
406 2304 505 2350 quasi
522 2303 712 2337 domiciliis
730 2304 948 2346 singulorum
965 2304 1127 2338 Planeta-

149 2369 226 2389 rum
253 2357 490 2396 incluserunt,
518 2361 556 2387 ut
579 2354 715 2387 erudite
734 2361 895 2387 motuum
911 2355 999 2388 ratio
1026 2356 1125 2388 reddi

149 2407 267 2449 possit.
307 2405 353 2439 Et
369 2406 512 2450 quidem
531 2402 761 2438 Archimedes
777 2405 907 2438 dicitur
932 2402 1125 2449 αὐτόματα

149 2464 307 2488 motuum
324 2456 544 2493 coelestium,
572 2455 753 2495 videlicet,
779 2455 933 2498 integros
953 2456 1054 2489 orbes
1072 2457 1124 2488 fa-

147 2506 316 2545 bricasse,
340 2512 372 2538 et
394 2506 505 2539 oculis
526 2503 589 2539 hos
610 2512 724 2539 motus
746 2505 943 2539 subiecisse.
995 2505 1123 2540 Totam

148 2556 255 2598 igitur
274 2553 472 2599 sphaeram,
497 2556 533 2588 in
555 2568 621 2599 qua
648 2555 709 2589 Sol
732 2554 888 2596 vehitur,
919 2568 997 2589 cum
1024 2563 1122 2589 motu
1148 2549 1150 2603 l

147 2608 274 2638 diurno
310 2606 465 2649 rapiatur
498 2617 516 2638 a
546 2606 658 2648 primo
688 2607 831 2645 mobili,
866 2607 1121 2640 concentricam
1148 2615 1149 2621 ¹

146 2649 216 2689 css'e
235 2658 367 2689 mundo
386 2667 520 2689 necesse
537 2663 597 2691 est.
650 2656 718 2690 Sed
735 2663 772 2690 ut
789 2657 876 2690 ratio
894 2657 994 2691 reddi
1014 2658 1122 2702 possit
1147 2652 1149 2660 ἲ

1169 257 1241 278 non
1259 244 1399 278 conficit
1413 249 1588 288 utranque
1607 242 1830 276 medietatem
1846 242 1983 287 aequali
2003 254 2150 276 numero

1169 296 1319 335 dierum,
1339 294 1546 327 Geometrae
1564 293 1662 337 quasi
1680 293 1845 337 sculpunt
1865 293 1902 324 in
1918 299 1989 326 tota
2006 291 2151 337 sphaera

1170 345 1263 378 Solis
1278 352 1347 378 tres
1365 344 1526 388 partiales
1542 345 1665 384 orbes,
1691 355 1841 388 quorum
1859 342 2013 387 primum
2034 349 2067 375 et
2082 349 2152 376 ter-

1170 395 1259 428 tium
1286 395 1333 428 ita
1354 395 1545 434 fabricant,
1572 400 1611 427 ut
1634 394 1805 427 concinne
1832 393 1929 426 locus
1957 392 2002 426 sit
2024 392 2154 430 medio,

1171 445 1232 490 qui
1258 443 1354 478 vehit
1383 455 1508 488 corpus
1534 443 1644 485 Solis,
1678 450 1712 477 et
1740 450 1791 478 est
1822 442 2053 483 eccentricus,
2086 439 2154 476 hoc

1172 503 1241 536 est,
1268 496 1432 528 recedens
1449 506 1467 528 a
1482 500 1601 527 centro
1620 494 1755 528 mundi.

1274 553 1343 586 Hic
1369 566 1450 586 vero
1474 553 1684 597 perversitas
1711 560 1745 587 et
1768 551 1959 597 petulantia
1976 550 2154 592 Averrois,

1173 611 1207 638 et
1223 604 1415 637 multorum
1432 604 1582 636 aliorum
1600 604 1802 637 detestanda
1819 610 1879 644 est,
1905 603 1967 648 qui
1982 600 2072 636 hanc
2089 602 2154 635 do-

1177 653 1326 687 ctrinam
1352 664 1478 696 magna
1503 660 1577 685 arte
1598 660 1789 687 extructam
1807 654 1986 695 derident,
2013 658 2155 697 propte-

1175 716 1233 737 rea
1251 706 1344 749 quod
1364 716 1437 736 non
1458 703 1567 747 possit
1584 704 1762 736 adfirmari
1785 704 1822 736 in
1839 705 1935 737 coelo
1954 715 1991 737 re
2014 704 2086 747 ipsa
2103 708 2156 736 ta-

1177 756 1224 787 les
1239 755 1371 799 ubique
1389 752 1568 787 machinas
1587 765 1670 786 esse.
1719 753 1794 786 Hac
1810 754 1985 787 calumnia
2006 766 2079 786 non
2095 754 2156 786 de-

1176 805 1298 838 terreri
1323 817 1358 838 se
1380 804 1498 838 sinant
1523 804 1690 844 studiosi,
1717 817 1786 849 qno
1813 805 1930 837 minus
1946 808 2156 847 cognoscant

1177 862 1309 896 motus,
1334 868 1483 900 quorum
1500 855 1591 897 leges
1615 861 1653 887 ut
1669 854 1897 899 aliquomodo
1916 854 2052 887 ostendi
2075 864 2157 897 pos—

1177 913 1273 944 sent,
1301 903 1385 939 haec
1409 905 1546 938 erudite
1571 905 1699 938 tradita
1719 912 1818 946 sunt,
1846 905 2070 938 etiamsinon
2095 914 2158 936 ne-

1177 968 1267 989 cesse
1286 963 1334 988 est
1352 957 1455 989 talem
1474 956 1511 988 in
1527 956 1623 988 coelo
1642 956 1856 1000 sculpturam
1874 967 1946 988 esse
1960 954 2113 989 orbium.

1280 1013 1373 1047 Haec
1398 1016 1468 1047 dno
1494 1015 1660 1047 videntur
1682 1014 1904 1047 commodius
1929 1013 2068 1047 ostendi
2094 1023 2157 1055 per

1180 1065 1408 1103 eccentricos‚
1448 1076 1552 1109 quam
1576 1065 1698 1105 aliter,
1733 1065 1913 1105 videlicet,
1954 1064 2049 1108 quod
2077 1061 2159 1103 Sol,

1178 1115 1279 1148 Luna
1300 1121 1333 1148 et
1349 1115 1408 1147 alii
1423 1114 1587 1148 Planetae
1604 1127 1675 1147 non
1691 1127 1827 1160 semper
1843 1114 1950 1148 simili
1963 1113 2159 1154 velocitate,

1179 1172 1239 1199 aut
1256 1166 1417 1199 tarditate
1436 1172 1639 1206 moventur,
1667 1166 1761 1206 item,
1788 1167 1883 1209 quod
1900 1164 2062 1198 diametri
2081 1174 2160 1195 cor-

1179 1228 1303 1260 porum
1324 1215 1417 1249 Solis
1434 1222 1467 1249 et
1483 1215 1624 1256 Lunae,
1651 1216 1735 1248 alias
1753 1215 1913 1254 maiores,
1939 1212 2025 1246 alias
2043 1212 2161 1245 mino-

1180 1279 1232 1299 res
1256 1272 1465 1306 cernuntur,
1492 1267 1587 1298 unde
1609 1266 1769 1311 sequitur
1791 1266 1876 1298 alias
1893 1275 1952 1298 eos
1976 1262 2160 1308 propiores

1179 1328 1251 1349 esse
1269 1323 1391 1357 terrae,
1414 1316 1498 1349 alias
1515 1316 1652 1359 longius
1669 1317 1712 1348 ab
1725 1328 1763 1345 ea
1781 1317 1952 1353 recedere,
1975 1313 2070 1356 quod
2087 1323 2162 1346 non

1180 1368 1294 1407 fieret,
1320 1367 1349 1400 si
1365 1366 1577 1400 concentrici
1594 1369 1716 1396 essent.

1282 1421 1429 1455 Desinat
1448 1422 1555 1465 igitur
1569 1420 1737 1455 Averrois
1753 1423 1965 1457 conturbare
1988 1422 2162 1456 constitu—

1181 1481 1248 1507 tam
1263 1479 1372 1506 artem
1383 1498 1391 1514 ‚
1419 1480 1479 1507 aut
1493 1473 1653 1506 ostendat
1671 1473 1761 1516 leges
1778 1480 1938 1507 motuum
1955 1473 2162 1507 concinnio-

1182 1536 1248 1564 res,
1276 1536 1315 1556 ex
1333 1524 1462 1569 quibus
1479 1523 1692 1568 computatio
1711 1524 1848 1557 institui
1867 1535 1945 1557 vera
1963 1524 2082 1568 possit.
2114 1520 2163 1557 Et

1181 1575 1255 1608 eius
1277 1580 1499 1617 argumenta,
1525 1586 1604 1607 cum
1628 1574 1699 1608 sint
1722 1585 1864 1618 prorsus
1881 1571 2078 1619 βάναυσοι,
2106 1584 2161 1607 re-

1180 1625 1281 1658 citari
1305 1623 1398 1657 nihil
1424 1636 1512 1669 opus
1534 1631 1602 1665 est,
1628 1625 1710 1669 quia
1727 1636 1770 1657 ne
1786 1623 1995 1659 Geometrae
2017 1625 2160 1669 quidem

1180 1676 1264 1709 tales
1283 1676 1406 1709 volunt
1425 1676 1620 1719 sculpturas
1635 1686 1706 1708 esse
1731 1676 1767 1708 in
1793 1676 1907 1713 coelo,
1942 1676 2002 1708 sed
2026 1674 2162 1708 erudite

1181 1738 1299 1759 causas
1316 1733 1474 1759 motuum
1491 1727 1692 1761 ostendunt.
1731 1725 1834 1759 Nunc
1851 1727 1894 1759 ad
1912 1724 2030 1760 Solem
2046 1725 2164 1759 redeo.

1282 1790 1548 1837 Deprehensum
1573 1800 1623 1827 est
1645 1794 1689 1827 ab
1708 1793 1929 1838 aequinoctio
1946 1805 2075 1833 verno,
2102 1803 2162 1826 us-

1180 1856 1247 1888 que
1266 1845 1310 1876 ad
1325 1844 1539 1882 autumnale,
1556 1855 1635 1877 cum
1653 1843 1715 1878 Sol
1731 1850 1891 1887 peragrat
1907 1844 2004 1887 signa
2021 1842 2162 1883 aestiva,

1182 1895 1254 1928 dics
1280 1906 1352 1927 esse
1372 1894 1453 1929 187.
1507 1894 1576 1928 Sed
1600 1895 1644 1927 ab
1667 1894 1888 1939 aequinoctio
1905 1893 2100 1928 autumnali
2117 1894 2161 1926 ad

1182 1957 1350 1983 vernum,
1386 1957 1464 1977 cum
1487 1944 1548 1978 Sol
1573 1951 1732 1988 peragrat
1762 1945 1859 1987 signa
1885 1942 2052 1984 hiberna,
2087 1943 2161 1977 dies

1181 2007 1271 2035 esse,
1299 1994 1369 2028 178
1380 1992 1433 2032 lla.
1486 1993 1694 2028 Dii-'ferentia
1716 2001 1765 2029 est
1780 2006 1861 2038 ergo
1876 1995 2011 2029 dierum
2029 2001 2108 2028 octo
2127 2000 2161 2027 et

1181 2046 1287 2080 trium
1312 2052 1515 2089 quartarum
1539 2045 1646 2079 unius
1664 2045 1744 2080 diei.
1791 2044 1871 2078 *lam
1898 2046 1926 2078 si
1946 2044 2038 2079 Solis
2061 2045 2158 2078 defe-

1181 2108 1260 2130 rens
1293 2102 1379 2129 esset
1404 2095 1664 2136 concentricus,
1698 2102 1731 2129 et
1754 2096 1974 2141 aequinoctia
2004 2101 2161 2129 secarent

1181 2158 1301 2181 omnes
1315 2147 1416 2180 orbes
1432 2147 1469 2179 in
1485 2147 1556 2179 duo
1572 2146 1750 2191 aequalia,
1774 2158 1847 2179 non
1864 2153 1951 2180 esset
1965 2146 2161 2180 diversitas.

1180 2196 1228 2231 Ut
1242 2197 1349 2240 igitur
1372 2197 1459 2230 ratio
1476 2197 1687 2230 diversitatis
1703 2198 1926 2236 ostendatur,
1954 2194 2012 2230 hic
2037 2208 2160 2230 eccen-

1179 2247 1287 2280 tricus
1312 2247 1501 2280 fabricatus
1517 2253 1584 2286 est,
1612 2259 1650 2280 ac
1672 2248 1842 2281 tribuitur
1857 2255 1973 2282 motus
1991 2246 2161 2291 regularis

1179 2296 1254 2331 Soli
1270 2298 1432 2342 proprius
1448 2298 1492 2331 ab
1508 2308 1631 2331 occasu
1646 2299 1688 2331 ad
1700 2305 1814 2331 ortum
1831 2298 1867 2331 in
1884 2296 1952 2332 hoc
1967 2297 2156 2331 eccentrico

1178 2348 1335 2392 quotidie
1357 2348 1573 2381 minutorum
1598 2348 1669 2389 59,
1701 2350 1934 2382 secundorum
1966 2349 2006 2389 8,
2034 2347 2156 2381 tertio-

1177 2410 1254 2431 rum
1277 2400 1332 2439 19,
1354 2405 1556 2443 quartorum
1574 2398 1632 2431 37.

1277 2456 1314 2489 Id
1335 2469 1373 2488 ex
1391 2457 1564 2490 divisione
1581 2456 1666 2490 anni
1683 2457 1842 2491 sumitur.
1889 2456 1976 2490 Nam
1993 2468 2071 2489 cum
2091 2467 2155 2488 an-

1149 2542 1150 2546 ,
1176 2518 1242 2540 nus
1263 2507 1307 2539 sit
1331 2507 1496 2541 circuitus
1514 2507 1605 2541 Solis
1630 2520 1647 2540 a
1664 2515 1794 2551 puncto
1818 2507 2029 2552 aequinoctii
2045 2506 2155 2544 verni,

1176 2558 1218 2589 ad
1239 2557 1329 2589 idem
1354 2565 1533 2599 punctum,
1560 2558 1619 2602 qni
1639 2559 1794 2591 continet
1810 2557 1882 2590 dies
1898 2556 1983 2594 365,
2002 2555 2104 2589 horas
2118 2555 2154 2596 5,

1175 2608 1309 2640 minuta
1327 2607 1387 2646 49,
1411 2609 1561 2641 secunda
1580 2608 1636 2643 16.
1688 2607 1726 2641 Si
1747 2605 1802 2640 hic
1827 2619 1993 2640 numerus
2015 2607 2150 2639 divide-

1174 2665 1231 2691 tur
1246 2659 1436 2702 aequaliter
1455 2659 1492 2692 in
1509 2660 1637 2702 gradus
1654 2657 1745 2699 360,
1768 2664 1905 2692 tantum
1927 2656 2152 2701 respondebit
