2379 2948
684 86 748 125 III.

112 178 202 207 sunt.
264 171 370 205 Anno
396 180 510 207 autem
539 170 648 214 1540,
669 184 748 205 cum
773 173 911 217 eclipsis
936 171 1030 206 Solis
1056 172 1093 205 in

112 221 234 255 Ariete
259 222 402 263 fuisset,
440 230 474 257 et
497 229 613 268 postea
641 229 756 256 secuta
780 230 867 256 esset
889 223 1094 255 coniunctio

110 272 255 305 Saturni
271 279 304 305 et
322 272 448 307 Martis
465 274 503 307 in
520 274 626 307 Libra
638 298 646 312 ‚
672 278 704 305 et
731 273 860 305 deinde
887 273 1092 306 coniunctio

110 322 203 355 Solis
226 329 259 356 et
281 322 374 356 Iovis
397 324 432 356 in
458 324 594 363 Leone,
625 323 693 356 fuit
715 322 837 366 ingens
854 329 886 357 et
905 323 1093 357 inusitatus

109 379 233 407 aestuS.

210 423 283 457 Nec
308 424 456 458 dubium
479 429 528 456 est
553 434 654 466 posse
677 423 806 457 similia
829 425 986 468 exempla
1009 425 1092 457 uni-

109 474 289 507 versaliter
306 487 345 507 ex
362 473 520 507 omnium
541 473 738 507 seculorum
770 475 939 508 memoria
968 475 1091 518 repeti.

107 522 179 556 Nec
196 525 286 558 valet
303 523 477 557 cavillatio
495 522 572 556 Pici
599 530 632 557 et
661 525 847 565 similium,
877 526 938 570 qui
955 526 1090 565 dicunt,

114 88 187 122 333

106 574 302 607 doctrinam
327 575 369 606 de
396 573 529 606 viribus
554 580 728 608 astrorum
754 582 889 608 tantum
907 588 947 609 ex
968 577 1090 619 singu-

1115 622 1117 640 ³
1142 627 1203 671 ligi
1220 634 1341 671 potest.

106 624 240 658 laribus
255 630 447 658 extructam
467 634 557 665 esse,
584 636 624 657 ex
647 625 796 670 quibus,
823 626 850 658 si
877 638 950 660 non
969 627 1088 659 omnia

105 681 188 708 nota
205 675 293 715 sint,
321 686 394 707 non
409 674 519 718 possit
543 675 662 718 colligi
688 676 882 720 propositio
904 677 1089 710 universa-

105 726 159 758 lis.
212 723 290 757 Hoc
306 725 413 758 modo
433 725 574 758 eludere
592 733 796 769 argumenta
812 728 857 760 ab
873 727 1087 771 experientia

105 781 241 818 sumpta
260 782 446 808 conantur.
502 774 569 808 Sed
588 788 669 809 vera
686 778 868 820 responsio
885 785 949 811 est:

202 823 292 859 Cum
310 833 436 859 natura
453 837 525 859 uno
544 833 575 860 et
592 828 713 860 eodem
739 829 844 861 modo
867 834 963 871 agat,
990 834 1086 872 post-

101 886 205 921 quam
229 876 340 910 multa
372 877 529 920 exempla
559 889 751 921 congruere
782 886 1000 922 compertum
1027 885 1087 918 est,

100 933 192 959 recte
223 927 307 959 inde
337 927 509 960 extruitur
538 927 758 963 universalis.
820 928 898 962 Hoc
922 930 1028 962 modo
1054 937 1087 962 et

100 976 264 1010 Medicus
281 988 359 1010 suas
375 977 591 1010 universales
618 979 810 1012 constituit.
866 979 948 1012 Non
965 979 1085 1022 colligi

99 1038 220 1060 omnes
236 1027 430 1070 singulares
455 1028 688 1071 experientiae
713 1030 754 1061 de
771 1027 956 1070 Cichorio‚
985 1030 1085 1062 cuius

98 1089 245 1120 magnus
276 1090 358 1111 usus
385 1085 435 1111 est
464 1078 502 1111 in
525 1079 700 1119 febribus,
731 1087 898 1122 possunt,
927 1088 960 1113 et
984 1091 1084 1124 saepe

98 1127 232 1161 effectio
251 1128 325 1161 eius
342 1128 544 1172 impeditur,
571 1130 630 1162 sed
650 1136 767 1162 tamen
785 1142 975 1164 consensus
990 1131 1083 1163 mul-

96 1185 213 1211 torum
230 1179 490 1221 exemplorum,
517 1179 599 1223 quia
623 1187 747 1213 natura
771 1192 843 1213 uno
868 1182 975 1214 modo
1003 1181 1083 1223 agit,

95 1229 167 1260 vim
186 1229 491 1271 specieiostendit.
546 1228 597 1262 Ita
623 1230 665 1262 de
689 1230 790 1263 astris
815 1238 905 1264 recte
923 1231 1083 1271 dicimus,

96 1279 312 1311 universales
343 1279 577 1322 experientias
610 1291 702 1318 esse,
736 1292 822 1325 quas
858 1281 1083 1314 recitavimus

95 1331 138 1361 de
155 1328 248 1363 Solis
273 1335 305 1361 et
322 1328 445 1361 Lunae
469 1329 732 1362 effectionibus:
760 1331 844 1363 item
863 1332 906 1364 de
927 1331 1081 1374 insigni-

95 1380 161 1411 bus
184 1379 516 1419 coniunctionibus,
543 1379 624 1424 quia
643 1387 863 1423 compertum
884 1388 955 1421 est,
981 1382 1081 1414 simi—

95 1431 145 1462 les
160 1441 231 1461 esse
250 1429 450 1462 effectiones
468 1430 675 1474 plerunque.

194 1478 330 1512 Eodem
371 1480 476 1512 modo
507 1481 549 1512 de
578 1480 791 1523 experientia
823 1482 860 1514 in
892 1480 1079 1515 hominum

97 1531 379 1574 temperamentis
397 1537 429 1563 et
445 1531 738 1564 inclinationibus
762 1543 841 1565 vere
865 1533 936 1565 dici
955 1540 1079 1576 potest.

91 1579 241 1614 Etiamsi
268 1588 412 1624 propter
434 1593 643 1614 concursum
678 1582 854 1615 variarum
896 1595 1078 1617 causarum

91 1631 269 1664 interdum
289 1631 488 1664 effectiones
506 1632 693 1665 dissimiles
715 1632 822 1671 fiunt,
851 1640 967 1667 tamen
987 1634 1076 1667 alio-

91 1694 169 1715 rum
208 1682 446 1725 exemplorum
493 1683 688 1715 multorum
738 1695 946 1724 consensus,
1004 1685 1076 1717 vim

91 1732 246 1765 ostendit
276 1732 419 1775 speciei,
451 1732 632 1772 videlicet,
667 1744 755 1776 quae
786 1734 829 1766 sit
850 1733 1076 1768 Planetarum

91 1789 235 1822 natura,
263 1789 321 1815 aut
343 1794 447 1826 quam
465 1782 535 1814 vim
556 1780 681 1815 babeat
698 1783 791 1815 bona
809 1790 868 1816 aut
884 1790 971 1818 tetra
992 1797 1075 1817 con·

90 1833 235 1865 iunctio.
290 1831 342 1865 Ac
361 1833 441 1865 talis
459 1833 673 1876 experientia
695 1845 772 1866 vere
788 1834 918 1867 dicitur
932 1835 1076 1867 univer-

89 1883 188 1923 salis,
214 1889 274 1916 aut
294 1889 383 1916 certe
402 1883 591 1926 regularis,
619 1890 775 1927 utsupra
791 1885 832 1916 de
849 1885 965 1928 positu
993 1886 1075 1918 stel-

90 1935 203 1967 larum
221 1934 392 1972 diximus,
413 1934 478 1978 qui
504 1934 609 1967 efficit
636 1946 763 1977 corpus
787 1931 944 1979 δυνάμει
970 1946 1074 1969 νοσμ

90 1982 168 2028 pots,
197 1991 235 2017 ut
255 1996 332 2017 cum
347 1983 449 2017 Luna
467 1983 573 2017 Marii
591 1991 620 2017 et
632 1983 787 2017 Saturno
804 1985 841 2017 in
859 1993 951 2020 sexta
968 1987 1073 2019 domo

90 2037 205 2068 iuncta
227 2042 296 2075 est,
323 2042 382 2068 aut
399 2047 438 2067 ex
460 2035 578 2067 vicino
595 2036 818 2069 circumsessa
837 2043 897 2070 est.

191 2083 366 2127 Regulare
399 2092 447 2118 est
478 2086 692 2126 imbecilles,
734 2093 766 2119 et
794 2099 867 2119 non
893 2088 1072 2120 durabiles
1099 2081 1101 2119 'J

88 2143 230 2169 naturas
255 2147 344 2176 esse,
366 2147 454 2180 quae
477 2137 630 2170 eduntur
653 2137 689 2169 in
713 2137 962 2170 coniunctione
979 2138 1072 2171 Solis
1098 2160 1101 2185 ἶ

89 2193 122 2220 et
137 2185 279 2225 Lunae,
306 2198 344 2219 ac
359 2187 561 2229 praesertim
580 2199 658 2220 curn
675 2187 774 2220 Luna
793 2189 925 2221 accedit
943 2190 983 2221 ad
1006 2189 1070 2222 So-
1095 2192 1103 2230 ξ

221 2235 299 2268 Etsi
316 2243 428 2269 autem
455 2238 633 2270 interdum
660 2238 807 2270 aliarum
835 2240 1069 2271 beneficarum
1098 2245 1100 2272 ἶ

89 2238 168 2270 lem.

88 2287 267 2320 stellarum
297 2298 361 2329 ope
377 2287 508 2321 lenitur
525 2286 591 2321 hoe
612 2289 743 2322 malum
757 2316 764 2327 ,
791 2296 909 2322 tamen
936 2301 1071 2334 semper

87 2338 219 2382 aliquid
245 2336 345 2369 affert
371 2337 595 2371 incommodi.

87 2394 216 2422 utnon
233 2387 346 2420 solum
366 2386 574 2421 Aristoteles
596 2389 631 2421 in
658 2390 750 2422 libro
778 2391 820 2422 de
844 2391 1069 2433 generatione

86 2438 333 2472 Animantium
351 2437 461 2478 dicat,
487 2438 717 2473 imbecilliora
735 2451 809 2473 esse
826 2452 971 2484 corpora
988 2450 1067 2475 nata

84 2489 123 2521 in
138 2489 388 2522 coniunctione
407 2487 499 2522 Solis
525 2494 559 2521 et
581 2488 721 2530 Lunae,
761 2492 819 2524 sed
845 2492 977 2534 peritae
1003 2493 1068 2526 ob-

87 2539 241 2572 stetrices
259 2539 361 2572 etiam
373 2564 381 2577 ‚
410 2551 449 2572 ac
472 2546 601 2572 matres
617 2540 665 2572 sic
681 2541 904 2576 nascentibus
923 2550 1067 2586 propter

87 2589 360 2624 imbecillitatem
377 2596 554 2631 metuant,
582 2590 680 2622 cuius
698 2591 747 2622 rei
763 2603 863 2624 causa
879 2605 950 2626 nun
967 2594 1065 2626 vide-

84 2647 142 2674 tur
165 2640 322 2674 obscura.

801 85 959 122 ΙΝΙΤΙΑ
984 85 1276 123 DOCTRINAE
1305 89 1557 128 PHYSICAE.

648 2337 724 2371 Hoc
748 2340 835 2372 adeo
861 2347 985 2373 notum
1010 2349 1070 2380 est,
1096 2379 1098 2386 ἲ

1095 2401 1098 2413 ³
1124 2405 1213 2436 quae
1246 2393 1378 2426 distant
1405 2395 1575 2436 quadrato
1606 2401 1762 2435 aspectu,
1801 2402 1945 2428 naturas
1976 2393 2108 2428 liabent

381 2639 511 2683 Magna
538 2640 630 2672 enim
655 2640 706 2672 vis
729 2647 778 2673 est
801 2641 944 2681 Lunae,
976 2655 1065 2689 quae
1090 2683 1092 2686 y

2061 95 2134 129 334

1149 174 1321 216 gubernat
1350 172 1516 210 humores
1543 178 1581 210 in
1606 178 1813 222 corporibus
1831 181 2066 221 nascentium,
2093 188 2131 214 ut

1148 224 1374 257 manifestum
1399 233 1458 259 est.
1518 227 1608 261 Cum
1639 229 1746 272 igitur
1770 228 1872 262 Luna
1903 242 1973 263 non
2001 232 2131 274 spargit

1146 285 1250 307 suum
1282 274 1403 307 lumen
1433 276 1470 308 in
1505 289 1630 322 corpus
1659 281 1753 324 quod
1788 281 1961 321 nascitur,
1997 289 2130 314 constat

1148 325 1222 358 eius
1237 325 1394 368 corporis
1410 323 1575 360 humores
1592 329 1723 363 similes
1746 331 1821 363 fieri
1836 338 1914 365 usto
1931 332 2040 365 cineri
2052 358 2061 370 ,
2090 343 2129 364 ac

1145 375 1327 417 sanguinis
1351 382 1666 419 temperamentum
1696 387 1728 413 et
1757 382 1979 415 dulcedinem
2009 382 2129 415 multis

1146 426 1260 458 modis
1276 427 1467 469 corrumpi.
1501 426 1595 461 Hinc
1612 429 1719 471 igitur
1742 432 1829 463 varii
1852 433 1985 473 morbi,
2019 433 2129 473 tabes,

1145 483 1205 509 aut
1230 476 1346 520 lepra,
1374 483 1553 520 mentagra
1570 505 1578 517 ,
1605 485 1638 511 et
1659 479 1791 512 similes
1815 482 1999 520 oriuntur,
2026 495 2126 526 prae-

1144 527 1262 559 sertim
1278 526 1308 559 si
1325 526 1469 560 Saturni
1494 536 1527 562 et
1544 528 1670 562 BIartis
1693 530 1828 573 positus
1855 532 1957 564 etiam
1984 545 2043 566 sua
2069 545 2129 565 ve-

1144 589 1234 610 nena
1252 578 1431 612 misceant.
1488 578 1582 612 Haec
1607 577 1750 625 physica
1775 592 1876 613 causa
1900 582 1997 615 facile
2023 584 2127 617 intel-

1211 677 1278 711 Sed
1292 686 1339 713 est
1351 679 1417 712 alia
1435 680 1559 721 maior,
1576 681 1614 713 in
1633 693 1699 726 qua
1712 681 1888 725 singulare
1905 690 2050 716 naturae
2060 684 2127 715 mi-

1143 729 1304 762 raculum
1319 730 1615 765 considerandum
1634 739 1694 765 est.
1720 731 1833 766 Locus
1844 732 2012 766 Lunaein
2026 742 2126 776 partu

1143 779 1304 822 congruit
1322 781 1489 814 cumloco
1508 782 1545 814 in
1558 788 1740 826 conceptu.
1767 782 1804 816 Si
1823 783 1860 815 in
1877 782 2127 817 coniunctione

1142 828 1235 862 Solis
1258 836 1291 862 et
1313 829 1435 863 Lunae
1455 833 1573 865 editur
1594 833 1728 871 foetus,
1759 834 1941 878 conceptio
1966 834 2069 867 etiam
2089 835 2126 865 in

1141 880 1388 913 coniunctione
1399 881 1492 915 Solis
1509 890 1541 915 et
1551 882 1674 916 Lunae
1691 884 1779 917 facta
1799 891 1860 925 est,
1881 897 1950 929 quo
1969 892 2126 927 tempore

1141 937 1319 963 menstrua
1335 932 1470 973 fluunt,
1497 945 1649 978 quorum
1672 935 1834 978 purgatio
1852 947 1930 967 cum
1954 942 2125 979 conceptu

1140 981 1320 1022 turbatur,
1354 982 1468 1016 foetus
1490 995 1529 1016 ex
1553 983 1792 1027 impurissimo
1816 986 1986 1028 sanguine
2010 986 2125 1018 nasci-

1140 1037 1206 1064 tur.
1270 1030 1423 1076 Ideoque
1452 1034 1505 1066 lex
1538 1034 1659 1067 divina
1682 1047 1723 1067 eo
1749 1042 1907 1079 tempore
1927 1036 2124 1079 generatin-

1139 1093 1217 1113 nem
1235 1080 1413 1125 prohibet.
1465 1082 1566 1117 Hanc
1583 1091 1730 1118 naturae
1748 1086 1987 1129 diligentiam,
2015 1093 2053 1118 ut
2076 1087 2123 1118 ita

1139 1132 1272 1172 dicam,
1300 1133 1396 1176 quod
1420 1133 1516 1167 locus
1538 1134 1661 1168 Lunae
1684 1135 1722 1167 in
1742 1143 1865 1180 partu,
1894 1137 2055 1179 congruit
2078 1138 2121 1169 ad

1138 1182 1254 1214 locum
1269 1181 1392 1216 Lunae
1409 1183 1446 1215 in
1461 1193 1650 1228 conceptu,
1686 1198 1760 1218 non
1785 1187 2023 1220 existimemus
2048 1188 2121 1219 for-

1137 1232 1262 1265 tuitam
1279 1245 1369 1273 esse,
1393 1241 1425 1267 et
1443 1235 1633 1275 cogitemus
1650 1237 1836 1270 consilium
1854 1245 1885 1270 et
1903 1238 2120 1271 voluntatem

1135 1281 1218 1321 Dei,
1254 1284 1315 1326 qui
1338 1285 1579 1325 generationes
1608 1286 1800 1320 fluentibus
1832 1288 2020 1320 menstruis
2048 1288 2121 1320 lieri

1136 1330 1331 1376 prohibuit,
1349 1335 1443 1376 quod
1464 1335 1508 1368 sit
1527 1336 1652 1368 usitate
1673 1337 1710 1368 in
1728 1344 1906 1380 postremo
1924 1339 2120 1380 quadrante.

1135 1383 1277 1415 mensis.
1329 1383 1400 1416 Nec
1414 1384 1556 1417 difficile
1577 1392 1664 1419 esset
1683 1387 1793 1420 multa
1819 1387 1975 1431 exempla
1996 1388 2119 1420 talium

1135 1432 1353 1466 infoelicium
1390 1441 1746 1478 temperamentorum
1784 1438 1938 1472 recitare.
2001 1437 2120 1480 Quare

1135 1495 1207 1515 non
1225 1483 1427 1517 dubitemus
1446 1497 1607 1527 magnam
1626 1488 1697 1519 vim
1723 1499 1794 1520 esse
1819 1488 1965 1521 luminis
1990 1489 2027 1520 in
2052 1489 2119 1520 mi-

1133 1534 1270 1567 scendis
1296 1537 1599 1578 temperamentis,
1630 1544 1662 1571 et
1688 1539 1849 1572 ordinata
1876 1550 1894 1570 a
1915 1548 2059 1579 natura,
2088 1545 2120 1571 et

1133 1596 1216 1617 voce
1239 1585 1361 1618 divina
1385 1588 1624 1628 generationis
1651 1595 1826 1632 tempora,
1862 1601 1935 1623 non
1961 1596 2118 1622 contem-

1132 1646 1268 1670 namus,

1237 1685 1377 1719 Illustre
1414 1688 1692 1731 experimentum
1718 1697 1768 1723 est
1794 1691 2018 1724 effectionum
2043 1690 2116 1724 Lu-

1131 1748 1215 1775 nae,
1251 1748 1320 1780 qua
1344 1745 1518 1771 crescente
1548 1747 1707 1773 crescunt
1734 1738 1898 1773 humores
1928 1741 2116 1783 insigniter

1132 1787 1168 1818 in
1191 1786 1321 1819 multis'
1337 1789 1565 1831 corporibus,
1599 1796 1632 1821 et
1656 1790 1874 1824 decrescente
1896 1792 2118 1831 decrescunt,

1130 1842 1161 1868 et
1179 1848 1242 1879 pro
1262 1838 1428 1871 varietate
1445 1839 1578 1881 positus
1592 1838 1715 1872 Lunae
1736 1841 1821 1874 fiunt
1848 1848 1964 1874 motus
1986 1839 2115 1874 humo-

1130 1898 1207 1919 rum
1225 1887 1315 1919 varii
1336 1888 1372 1920 in
1392 1888 1544 1928 morbis,
1572 1892 1667 1922 unde
1691 1897 1723 1923 et
1749 1892 1949 1925 criticorum
1974 1892 2113 1925 dierum

1130 1938 1328 1970 observatio
1346 1945 1420 1970 orta
1441 1946 1502 1973 est.
1556 1939 1650 1972 Fieri
1668 1941 1759 1974 enim
1779 1943 1927 1985 septimo
1953 1943 2026 1983 die,
2053 1950 2114 1975 aut

1129 1988 1267 2020 circiter
1283 1988 1437 2030 insignes
1461 1989 1497 2021 in
1516 1991 1650 2022 morbis
1675 1993 1906 2032 mutationes,
1934 2006 1972 2026 ac
1998 2000 2113 2025 motus

1128 2036 1337 2078 humorum,
1366 2050 1423 2071 seu
1449 2048 1486 2072 ut
1509 2041 1638 2073 malum
1667 2042 1721 2073 siut
1750 2043 1880 2083 letius,
1910 2056 1969 2076 seu
1997 2050 2034 2076 ut
2055 2044 2111 2075 fiat

1127 2089 1286 2131 gravius,
1322 2090 1545 2123 manifestum
1573 2098 1632 2123 est.
1685 2091 1731 2125 Et
1756 2105 1957 2137 quanquam
1982 2094 2111 2125 multae

1127 2145 1242 2171 sunta
1263 2140 1376 2172 doctis
1399 2142 1574 2183 qnaesitae
1598 2154 1740 2181 causae,
1775 2150 1890 2176 tamen
1915 2146 2001 2176 adeo
2026 2156 2110 2175 con-

1127 2191 1218 2232 gruit
1238 2189 1338 2223 Luna
1357 2203 1434 2223 cum
1458 2191 1528 2223 illis
1546 2193 1820 2231 mutationibus,
1848 2201 1886 2226 ut
1905 2194 1977 2227 eius
1995 2194 2111 2237 positu

1127 2241 1275 2272 maxime
1291 2241 1379 2273 effici
1407 2241 1610 2276 criticorum
1635 2243 1771 2276 dierum
1798 2244 2002 2277 discrimina
2026 2256 2109 2277 eru—

1125 2291 1287 2323 ditissimi
1305 2292 1469 2325 iudieent.
1523 2292 1633 2326 Causa
1651 2301 1764 2326 autem
1792 2306 1862 2326 non
1885 2295 2032 2327 obscura
2058 2302 2107 2327 est

1125 2353 1243 2374 earum
1275 2343 1524 2378 mutationum.
1591 2343 1845 2377 Universaliter
1876 2345 1967 2376 enim
1995 2344 2106 2387 signa,

1123 2443 1326 2478 contrarias.
1388 2442 1471 2476 Ideo
1495 2451 1525 2476 et
1552 2450 1709 2487 aspectus
1732 2446 1892 2488 quadrati
1918 2446 2107 2489 periculosi

1122 2501 1223 2533 sunt,
1251 2500 1284 2526 et
1310 2494 1410 2526 Luna
1438 2505 1570 2536 egressa
1596 2494 1639 2525 ab
1663 2494 1783 2538 aliquo
1808 2495 1925 2538 signo,
1957 2509 2036 2529 cum
2061 2499 2104 2530 ad

1121 2550 1284 2588 quartum
1310 2544 1469 2583 accessit,
1506 2556 1583 2575 cum
1609 2544 1682 2576 eins
1706 2551 1829 2578 natura
1858 2547 2031 2579 contraria
2059 2549 2105 2580 sit

1092 2597 1093 2600 ’
1120 2595 1252 2637 primo,
1286 2593 1359 2626 fieri
1391 2593 1619 2626 mutationem
1651 2595 1804 2639 aliquam
1831 2597 1867 2629 in
1893 2593 2103 2630 humoribus

1119 2651 1392 2678 consentaneum
1419 2651 1478 2678 est.
1540 2643 1586 2677 Εἰ
1612 2643 1742 2679 Arietis
1767 2653 1934 2687 naturae,
1968 2647 2028 2691 qui
2052 2655 2102 2680 est
