<?xml version="1.0" encoding="UTF-8"?>
<!DOCTYPE html PUBLIC "-//W3C//DTD XHTML 1.0 Transitional//EN"
    "http://www.w3.org/TR/xhtml1/DTD/xhtml1-transitional.dtd">
<html xmlns="http://www.w3.org/1999/xhtml" xml:lang="en" lang="en">
 <head>
  <title>
</title>
<meta http-equiv="Content-Type" content="text/html;charset=utf-8" />
  <meta name='ocr-system' content='tesseract 3.04.00' />
  <meta name='ocr-capabilities' content='ocr_page ocr_carea ocr_par ocr_line ocrx_word'/>
</head>
<body>
  <div class='ocr_page' id='page_1' title='image "./operaquaesupersu13melauoft_0149.png"; bbox 0 0 2379 2948; ppageno 0'>
   <div class='ocr_carea' id='block_1_1' title="bbox 116 96 777 134">
    <p class='ocr_par' dir='ltr' id='par_1_1' title="bbox 116 96 777 134">
     <span class='ocr_line' id='line_1_1' title="bbox 116 96 777 134; baseline -0.002 -1"><span class='ocrx_word' id='word_1_1' title='bbox 116 97 191 134; x_wconf 73' lang='lat'>273</span> <span class='ocrx_word' id='word_1_2' title='bbox 713 96 777 133; x_wconf 92' lang='lat'>111.</span> 
     </span>
    </p>
   </div>
   <div class='ocr_carea' id='block_1_2' title="bbox 118 183 1106 387">
    <p class='ocr_par' dir='ltr' id='par_1_2' title="bbox 118 183 1106 387">
     <span class='ocr_line' id='line_1_2' title="bbox 501 183 726 218; baseline -0.013 0"><span class='ocrx_word' id='word_1_3' title='bbox 501 183 516 218; x_wconf 91' lang='lat' dir='ltr'>l</span> <span class='ocrx_word' id='word_1_4' title='bbox 533 197 556 218; x_wconf 89' lang='lat' dir='ltr'>n</span> <span class='ocrx_word' id='word_1_5' title='bbox 589 184 606 218; x_wconf 93' lang='lat' dir='ltr'>I</span> <span class='ocrx_word' id='word_1_6' title='bbox 622 196 641 217; x_wconf 92' lang='lat' dir='ltr'>o</span> <span class='ocrx_word' id='word_1_7' title='bbox 658 196 680 216; x_wconf 94' lang='lat' dir='ltr'><strong>v</strong></span> <span class='ocrx_word' id='word_1_8' title='bbox 698 195 726 216; x_wconf 90' lang='lat' dir='ltr'>e.</span> 
     </span>
     <span class='ocr_line' id='line_1_3' title="bbox 222 238 1106 288; baseline -0.006 -13"><span class='ocrx_word' id='word_1_9' title='bbox 222 241 376 284; x_wconf 83' lang='lat' dir='ltr'>Quando</span> <span class='ocrx_word' id='word_1_10' title='bbox 399 243 574 288; x_wconf 84' lang='lat' dir='ltr'>epicyclus</span> <span class='ocrx_word' id='word_1_11' title='bbox 598 249 649 275; x_wconf 89' lang='lat' dir='ltr'>est</span> <span class='ocrx_word' id='word_1_12' title='bbox 671 242 759 274; x_wconf 88' lang='lat' dir='ltr'>situs</span> <span class='ocrx_word' id='word_1_13' title='bbox 782 241 819 272; x_wconf 88' lang='lat' dir='ltr'>in</span> <span class='ocrx_word' id='word_1_14' title='bbox 846 238 997 271; x_wconf 86' lang='lat' dir='ltr'>termino</span> <span class='ocrx_word' id='word_1_15' title='bbox 1024 238 1106 271; x_wconf 89' lang='lat' dir='ltr'>lati-</span> 
     </span>
     <span class='ocr_line' id='line_1_4' title="bbox 118 288 1105 335; baseline -0.002 -11"><span class='ocrx_word' id='word_1_16' title='bbox 118 291 254 325; x_wconf 86' lang='lat' dir='ltr'>tudinis</span> <span class='ocrx_word' id='word_1_17' title='bbox 269 293 568 335; x_wconf 87' lang='lat' dir='ltr'>septentrionalis,</span> <span class='ocrx_word' id='word_1_18' title='bbox 591 290 658 324; x_wconf 89' lang='lat' dir='ltr'>hoc</span> <span class='ocrx_word' id='word_1_19' title='bbox 675 297 735 331; x_wconf 89' lang='lat' dir='ltr'>est,</span> <span class='ocrx_word' id='word_1_20' title='bbox 760 290 855 323; x_wconf 86' lang='lat' dir='ltr'>iuxta</span> <span class='ocrx_word' id='word_1_21' title='bbox 875 288 936 325; x_wconf 72' lang='lat'>27,</span> <span class='ocrx_word' id='word_1_22' title='bbox 956 290 1105 332; x_wconf 87' lang='lat' dir='ltr'>gradum</span> 
     </span>
     <span class='ocr_line' id='line_1_5' title="bbox 119 339 1054 387; baseline -0.003 -12"><span class='ocrx_word' id='word_1_23' title='bbox 119 340 268 387; x_wconf 84' lang='lat' dir='ltr'>Librae,</span> <span class='ocrx_word' id='word_1_24' title='bbox 297 342 440 377; x_wconf 85' lang='lat' dir='ltr'>Planeta</span> <span class='ocrx_word' id='word_1_25' title='bbox 463 343 569 375; x_wconf 86' lang='lat' dir='ltr'>distat</span> <span class='ocrx_word' id='word_1_26' title='bbox 593 342 638 374; x_wconf 89' lang='lat' dir='ltr'>ab</span> <span class='ocrx_word' id='word_1_27' title='bbox 655 339 828 384; x_wconf 82' lang='lat' dir='ltr'>Ecliptica</span> <span class='ocrx_word' id='word_1_28' title='bbox 848 340 885 372; x_wconf 89' lang='lat' dir='ltr'>in</span> <span class='ocrx_word' id='word_1_29' title='bbox 906 340 1054 386; x_wconf 88' lang='lat' dir='ltr'>epicycli</span> 
     </span>
    </p>
   </div>
   <div class='ocr_carea' id='block_1_3' title="bbox 347 407 837 618">
    <p class='ocr_par' dir='ltr' id='par_1_3' title="bbox 347 407 837 618">
     <span class='ocr_line' id='line_1_6' title="bbox 365 407 797 425; baseline 0 -4"><span class='ocrx_word' id='word_1_30' title='bbox 365 407 797 425; x_wconf 60' lang='lat' dir='ltr'>W</span> 
     </span>
     <span class='ocr_line' id='line_1_7' title="bbox 356 433 797 478; baseline 0 -12"><span class='ocrx_word' id='word_1_31' title='bbox 356 434 511 478; x_wconf 84' lang='lat' dir='ltr'>Apogeo,</span> <span class='ocrx_word' id='word_1_32' title='bbox 640 433 797 476; x_wconf 84' lang='lat' dir='ltr'>Perigeo,</span> 
     </span>
     <span class='ocr_line' id='line_1_8' title="bbox 347 484 801 522; baseline 0 -6"><span class='ocrx_word' id='word_1_33' title='bbox 347 496 405 516; x_wconf 87' lang='lat' dir='ltr'>sen</span> <span class='ocrx_word' id='word_1_34' title='bbox 422 484 457 515; x_wconf 93' lang='lat' dir='ltr'>in</span> <span class='ocrx_word' id='word_1_35' title='bbox 474 491 502 522; x_wconf 73' lang='lat'>0‘</span> <span class='ocrx_word' id='word_1_36' title='bbox 640 496 700 517; x_wconf 89' lang='lat' dir='ltr'>seu</span> <span class='ocrx_word' id='word_1_37' title='bbox 718 485 754 516; x_wconf 89' lang='lat' dir='ltr'>in</span> <span class='ocrx_word' id='word_1_38' title='bbox 774 486 801 521; x_wconf 61' lang='grc' dir='ltr'>ἆ)</span> 
     </span>
     <span class='ocr_line' id='line_1_9' title="bbox 348 533 837 570; baseline 0.004 -4"><span class='ocrx_word' id='word_1_39' title='bbox 348 533 411 569; x_wconf 86' lang='lat' dir='ltr'>Gr.</span> <span class='ocrx_word' id='word_1_40' title='bbox 439 533 533 570; x_wconf 80' lang='lat' dir='ltr'>Min.</span> <span class='ocrx_word' id='word_1_41' title='bbox 640 534 707 568; x_wconf 89' lang='lat' dir='ltr'>Gr.</span> <span class='ocrx_word' id='word_1_42' title='bbox 742 534 837 568; x_wconf 84' lang='lat' dir='ltr'>Min.</span> 
     </span>
     <span class='ocr_line' id='line_1_10' title="bbox 377 583 797 618; baseline 0 0"><span class='ocrx_word' id='word_1_43' title='bbox 377 585 396 618; x_wconf 85' lang='lat'>1</span> <span class='ocrx_word' id='word_1_44' title='bbox 466 585 489 618; x_wconf 89' lang='grc'>6</span> <span class='ocrx_word' id='word_1_45' title='bbox 665 586 689 618; x_wconf 77' lang='grc'>2</span> <span class='ocrx_word' id='word_1_46' title='bbox 774 583 797 618; x_wconf 86' lang='grc'>5</span> 
     </span>
    </p>
   </div>
   <div class='ocr_carea' id='block_1_4' title="bbox 394 635 822 680">
    <p class='ocr_par' dir='ltr' id='par_1_4' title="bbox 394 635 822 680">
     <span class='ocr_line' id='line_1_11' title="bbox 394 635 822 680; baseline 0.002 -12"><span class='ocrx_word' id='word_1_47' title='bbox 394 647 516 668; x_wconf 90' lang='lat' dir='ltr'>versus</span> <span class='ocrx_word' id='word_1_48' title='bbox 532 635 822 680; x_wconf 74' lang='lat' dir='ltr'>septentrionem.</span> 
     </span>
    </p>
   </div>
   <div class='ocr_carea' id='block_1_5' title="bbox 118 693 1103 789">
    <p class='ocr_par' dir='ltr' id='par_1_5' title="bbox 118 693 1103 789">
     <span class='ocr_line' id='line_1_12' title="bbox 218 693 1103 740; baseline -0.001 -13"><span class='ocrx_word' id='word_1_49' title='bbox 218 693 373 736; x_wconf 83' lang='lat' dir='ltr'>Quando</span> <span class='ocrx_word' id='word_1_50' title='bbox 393 706 476 726; x_wconf 90' lang='lat' dir='ltr'>vero</span> <span class='ocrx_word' id='word_1_51' title='bbox 502 694 677 740; x_wconf 89' lang='lat' dir='ltr'>epicyclus</span> <span class='ocrx_word' id='word_1_52' title='bbox 700 701 794 728; x_wconf 90' lang='lat' dir='ltr'>tenet</span> <span class='ocrx_word' id='word_1_53' title='bbox 818 693 1035 727; x_wconf 78' lang='lat' dir='ltr'>meridianae</span> <span class='ocrx_word' id='word_1_54' title='bbox 1051 694 1103 726; x_wconf 92' lang='lat' dir='ltr'>la-</span> 
     </span>
     <span class='ocr_line' id='line_1_13' title="bbox 118 744 1102 789; baseline -0.001 -11"><span class='ocrx_word' id='word_1_55' title='bbox 118 744 280 778; x_wconf 85' lang='lat' dir='ltr'>titudinis</span> <span class='ocrx_word' id='word_1_56' title='bbox 312 744 482 777; x_wconf 88' lang='lat' dir='ltr'>maximae</span> <span class='ocrx_word' id='word_1_57' title='bbox 508 745 719 785; x_wconf 89' lang='lat' dir='ltr'>terminum,</span> <span class='ocrx_word' id='word_1_58' title='bbox 755 745 815 789; x_wconf 90' lang='lat' dir='ltr'>qui</span> <span class='ocrx_word' id='word_1_59' title='bbox 847 751 897 777; x_wconf 89' lang='lat' dir='ltr'>est</span> <span class='ocrx_word' id='word_1_60' title='bbox 921 745 1015 777; x_wconf 85' lang='lat' dir='ltr'>iuxta</span> <span class='ocrx_word' id='word_1_61' title='bbox 1043 744 1102 779; x_wconf 72' lang='lat'>27.</span> 
     </span>
    </p>
   </div>
   <div class='ocr_carea' id='block_1_6' title="bbox 116 792 1038 872">
    <p class='ocr_par' dir='ltr' id='par_1_6' title="bbox 116 792 1038 872">
     <span class='ocr_line' id='line_1_14' title="bbox 116 792 1038 839; baseline -0.001 -11"><span class='ocrx_word' id='word_1_62' title='bbox 116 795 262 838; x_wconf 87' lang='lat' dir='ltr'>gradum</span> <span class='ocrx_word' id='word_1_63' title='bbox 282 792 433 833; x_wconf 78' lang='lat' dir='ltr'>Arietis,</span> <span class='ocrx_word' id='word_1_64' title='bbox 459 794 604 829; x_wconf 87' lang='lat' dir='ltr'>Planeta</span> <span class='ocrx_word' id='word_1_65' title='bbox 621 796 726 828; x_wconf 86' lang='lat' dir='ltr'>distat</span> <span class='ocrx_word' id='word_1_66' title='bbox 746 796 789 828; x_wconf 92' lang='lat' dir='ltr'>ab</span> <span class='ocrx_word' id='word_1_67' title='bbox 809 793 984 839; x_wconf 89' lang='lat' dir='ltr'>Ecliptica</span> <span class='ocrx_word' id='word_1_68' title='bbox 1000 795 1038 827; x_wconf 91' lang='lat' dir='ltr'>in</span> 
     </span>
     <span class='ocr_line' id='line_1_15' title="bbox 377 855 793 872; baseline -0.002 -3"><span class='ocrx_word' id='word_1_69' title='bbox 377 855 793 872; x_wconf 59' lang='lat' dir='ltr'>w</span> 
     </span>
    </p>
   </div>
   <div class='ocr_carea' id='block_1_7' title="bbox 349 878 830 1131">
    <p class='ocr_par' dir='ltr' id='par_1_7' title="bbox 349 878 830 1131">
     <span class='ocr_line' id='line_1_16' title="bbox 349 878 787 923; baseline -0.007 -10"><span class='ocrx_word' id='word_1_70' title='bbox 349 878 495 923; x_wconf 84' lang='lat' dir='ltr'>Apogeo</span> <span class='ocrx_word' id='word_1_71' title='bbox 640 879 787 920; x_wconf 87' lang='lat' dir='ltr'>Perigeo</span> 
     </span>
     <span class='ocr_line' id='line_1_17' title="bbox 349 928 830 963; baseline 0 0"><span class='ocrx_word' id='word_1_72' title='bbox 349 929 413 963; x_wconf 91' lang='lat' dir='ltr'>Gr.</span> <span class='ocrx_word' id='word_1_73' title='bbox 441 929 532 963; x_wconf 80' lang='lat' dir='ltr'>Min.</span> <span class='ocrx_word' id='word_1_74' title='bbox 638 928 701 962; x_wconf 87' lang='lat' dir='ltr'>Gr.</span> <span class='ocrx_word' id='word_1_75' title='bbox 737 929 830 963; x_wconf 80' lang='lat' dir='ltr'>Min.</span> 
     </span>
     <span class='ocr_line' id='line_1_18' title="bbox 375 980 796 1013; baseline 0 0"><span class='ocrx_word' id='word_1_76' title='bbox 375 982 391 1013; x_wconf 89' lang='grc'><strong>1</strong></span> <span class='ocrx_word' id='word_1_77' title='bbox 472 980 494 1013; x_wconf 83' lang='grc'>4</span> <span class='ocrx_word' id='word_1_78' title='bbox 669 981 693 1013; x_wconf 72' lang='lat'>2</span> <span class='ocrx_word' id='word_1_79' title='bbox 774 980 796 1013; x_wconf 89' lang='grc'><strong>8</strong></span> 
     </span>
     <span class='ocr_line' id='line_1_19' title="bbox 438 1030 777 1063; baseline -0.006 0"><span class='ocrx_word' id='word_1_80' title='bbox 438 1042 557 1063; x_wconf 87' lang='lat' dir='ltr'>versus</span> <span class='ocrx_word' id='word_1_81' title='bbox 582 1030 777 1062; x_wconf 88' lang='lat' dir='ltr'>meridiem.</span> 
     </span>
     <span class='ocr_line' id='line_1_20' title="bbox 469 1097 748 1131; baseline 0 -1"><span class='ocrx_word' id='word_1_82' title='bbox 469 1097 481 1130; x_wconf 88' lang='lat' dir='ltr'>l</span> <span class='ocrx_word' id='word_1_83' title='bbox 501 1110 522 1130; x_wconf 90' lang='lat' dir='ltr'>n</span> <span class='ocrx_word' id='word_1_84' title='bbox 562 1097 603 1131; x_wconf 88' lang='lat' dir='ltr'><strong>M</strong></span> <span class='ocrx_word' id='word_1_85' title='bbox 619 1111 636 1130; x_wconf 89' lang='lat' dir='ltr'>a</span> <span class='ocrx_word' id='word_1_86' title='bbox 655 1110 672 1129; x_wconf 88' lang='grc' dir='ltr'>ι·</span> <span class='ocrx_word' id='word_1_87' title='bbox 690 1104 701 1130; x_wconf 91' lang='lat' dir='ltr'>t</span> <span class='ocrx_word' id='word_1_88' title='bbox 720 1109 748 1130; x_wconf 88' lang='lat' dir='ltr'>e.</span> 
     </span>
    </p>
   </div>
   <div class='ocr_carea' id='block_1_8' title="bbox 115 1155 1100 1300">
    <p class='ocr_par' dir='ltr' id='par_1_8' title="bbox 115 1155 1100 1300">
     <span class='ocr_line' id='line_1_21' title="bbox 218 1155 1099 1200; baseline 0 -12"><span class='ocrx_word' id='word_1_89' title='bbox 218 1155 371 1197; x_wconf 82' lang='lat' dir='ltr'>Quando</span> <span class='ocrx_word' id='word_1_90' title='bbox 388 1156 562 1200; x_wconf 77' lang='lat' dir='ltr'>epicyclus</span> <span class='ocrx_word' id='word_1_91' title='bbox 580 1162 671 1188; x_wconf 81' lang='lat' dir='ltr'>tenet</span> <span class='ocrx_word' id='word_1_92' title='bbox 691 1155 882 1187; x_wconf 86' lang='lat' dir='ltr'>terminum</span> <span class='ocrx_word' id='word_1_93' title='bbox 902 1155 1099 1188; x_wconf 83' lang='lat' dir='ltr'>latitudinis</span> 
     </span>
     <span class='ocr_line' id='line_1_22' title="bbox 115 1204 1100 1249; baseline 0 -11"><span class='ocrx_word' id='word_1_94' title='bbox 115 1205 287 1238; x_wconf 84' lang='lat' dir='ltr'>maximae</span> <span class='ocrx_word' id='word_1_95' title='bbox 304 1206 588 1248; x_wconf 82' lang='lat' dir='ltr'>septentrionalis</span> <span class='ocrx_word' id='word_1_96' title='bbox 600 1231 610 1244; x_wconf 93' lang='lat'><em>‚</em></span> <span class='ocrx_word' id='word_1_97' title='bbox 639 1205 699 1249; x_wconf 85' lang='lat' dir='ltr'>qui</span> <span class='ocrx_word' id='word_1_98' title='bbox 717 1212 767 1238; x_wconf 91' lang='lat' dir='ltr'>est</span> <span class='ocrx_word' id='word_1_99' title='bbox 784 1204 832 1238; x_wconf 73' lang='lat'>27</span> <span class='ocrx_word' id='word_1_100' title='bbox 846 1207 942 1246; x_wconf 80' lang='lat' dir='ltr'>grad.</span> <span class='ocrx_word' id='word_1_101' title='bbox 959 1205 1100 1247; x_wconf 84' lang='lat' dir='ltr'>Leonis,</span> 
     </span>
     <span class='ocr_line' id='line_1_23' title="bbox 116 1254 852 1300; baseline -0.001 -12"><span class='ocrx_word' id='word_1_102' title='bbox 116 1254 261 1289; x_wconf 87' lang='lat' dir='ltr'>Planeta</span> <span class='ocrx_word' id='word_1_103' title='bbox 279 1256 385 1289; x_wconf 82' lang='lat' dir='ltr'>distat</span> <span class='ocrx_word' id='word_1_104' title='bbox 402 1257 446 1290; x_wconf 87' lang='lat' dir='ltr'>ab</span> <span class='ocrx_word' id='word_1_105' title='bbox 462 1254 633 1299; x_wconf 83' lang='lat' dir='ltr'>Ecliptica</span> <span class='ocrx_word' id='word_1_106' title='bbox 652 1256 689 1287; x_wconf 89' lang='lat' dir='ltr'>in</span> <span class='ocrx_word' id='word_1_107' title='bbox 708 1256 852 1300; x_wconf 81' lang='lat' dir='ltr'>epicycli</span> 
     </span>
    </p>
   </div>
   <div class='ocr_carea' id='block_1_9' title="bbox 403 1322 783 1338">
    <p class='ocr_par' dir='ltr' id='par_1_9' title="bbox 403 1322 783 1338">
     <span class='ocr_line' id='line_1_24' title="bbox 403 1322 783 1338; baseline 0 1610"><span class='ocrx_word' id='word_1_108' title='bbox 403 1322 783 1338; x_wconf 95' lang='lat' dir='ltr'> </span> 
     </span>
    </p>
   </div>
   <div class='ocr_carea' id='block_1_10' title="bbox 317 1347 870 1582">
    <p class='ocr_par' dir='ltr' id='par_1_10' title="bbox 317 1347 870 1533">
     <span class='ocr_line' id='line_1_25' title="bbox 345 1347 790 1390; baseline -0.004 -11"><span class='ocrx_word' id='word_1_109' title='bbox 345 1348 503 1390; x_wconf 83' lang='lat' dir='ltr'>Apogeo,</span> <span class='ocrx_word' id='word_1_110' title='bbox 631 1347 790 1387; x_wconf 80' lang='lat' dir='ltr'>Perigeo‚</span> 
     </span>
     <span class='ocr_line' id='line_1_26' title="bbox 319 1393 870 1440; baseline -0.004 -10"><span class='ocrx_word' id='word_1_111' title='bbox 319 1395 386 1430; x_wconf 88' lang='lat' dir='ltr'>hoc</span> <span class='ocrx_word' id='word_1_112' title='bbox 404 1404 463 1436; x_wconf 88' lang='lat' dir='ltr'>est,</span> <span class='ocrx_word' id='word_1_113' title='bbox 482 1408 568 1428; x_wconf 91' lang='lat' dir='ltr'>con-</span> <span class='ocrx_word' id='word_1_114' title='bbox 633 1393 700 1428; x_wconf 88' lang='lat' dir='ltr'>hoc</span> <span class='ocrx_word' id='word_1_115' title='bbox 718 1402 778 1434; x_wconf 87' lang='lat' dir='ltr'>est,</span> <span class='ocrx_word' id='word_1_116' title='bbox 807 1409 870 1440; x_wconf 91' lang='lat' dir='ltr'>op-</span> 
     </span>
     <span class='ocr_line' id='line_1_27' title="bbox 317 1446 861 1490; baseline -0.002 -10"><span class='ocrx_word' id='word_1_117' title='bbox 317 1448 456 1480; x_wconf 82' lang='lat' dir='ltr'>iunctus</span> <span class='ocrx_word' id='word_1_118' title='bbox 473 1446 549 1480; x_wconf 87' lang='lat' dir='ltr'>Soli</span> <span class='ocrx_word' id='word_1_119' title='bbox 633 1447 767 1490; x_wconf 88' lang='lat' dir='ltr'>positus</span> <span class='ocrx_word' id='word_1_120' title='bbox 787 1446 861 1480; x_wconf 91' lang='lat' dir='ltr'>Soli</span> 
     </span>
     <span class='ocr_line' id='line_1_28' title="bbox 320 1496 818 1533; baseline -0.004 -2"><span class='ocrx_word' id='word_1_121' title='bbox 320 1497 385 1532; x_wconf 84' lang='lat' dir='ltr'>Gr.</span> <span class='ocrx_word' id='word_1_122' title='bbox 412 1497 504 1530; x_wconf 87' lang='lat' dir='ltr'>Min.</span> <span class='ocrx_word' id='word_1_123' title='bbox 634 1496 697 1530; x_wconf 82' lang='lat' dir='ltr'>Gr.</span> <span class='ocrx_word' id='word_1_124' title='bbox 726 1496 818 1533; x_wconf 81' lang='lat' dir='ltr'>Min.</span> 
     </span>
    </p>

    <p class='ocr_par' dir='ltr' id='par_1_11' title="bbox 345 1546 778 1582">
     <span class='ocr_line' id='line_1_29' title="bbox 345 1546 778 1582; baseline -0.002 0"><span class='ocrx_word' id='word_1_125' title='bbox 345 1549 363 1582; x_wconf 94' lang='lat'>1</span> <span class='ocrx_word' id='word_1_126' title='bbox 434 1547 457 1581; x_wconf 87' lang='grc'>6</span> <span class='ocrx_word' id='word_1_127' title='bbox 655 1549 679 1580; x_wconf 77' lang='grc'><strong>2</strong></span> <span class='ocrx_word' id='word_1_128' title='bbox 755 1546 778 1581; x_wconf 89' lang='grc'><em>5</em></span> 
     </span>
    </p>
   </div>
   <div class='ocr_carea' id='block_1_11' title="bbox 389 1606 819 1651">
    <p class='ocr_par' dir='ltr' id='par_1_12' title="bbox 389 1606 819 1651">
     <span class='ocr_line' id='line_1_30' title="bbox 389 1606 819 1651; baseline 0.005 -12"><span class='ocrx_word' id='word_1_129' title='bbox 389 1618 510 1640; x_wconf 85' lang='lat' dir='ltr'>versus</span> <span class='ocrx_word' id='word_1_130' title='bbox 532 1606 819 1651; x_wconf 78' lang='lat' dir='ltr'>septentrionem.</span> 
     </span>
    </p>
   </div>
   <div class='ocr_carea' id='block_1_12' title="bbox 114 1673 1100 1819">
    <p class='ocr_par' dir='ltr' id='par_1_13' title="bbox 114 1673 1100 1819">
     <span class='ocr_line' id='line_1_31' title="bbox 215 1673 1100 1720; baseline 0 -13"><span class='ocrx_word' id='word_1_131' title='bbox 215 1673 369 1717; x_wconf 85' lang='lat' dir='ltr'>Quando</span> <span class='ocrx_word' id='word_1_132' title='bbox 387 1686 471 1707; x_wconf 89' lang='lat' dir='ltr'>vero</span> <span class='ocrx_word' id='word_1_133' title='bbox 499 1675 674 1720; x_wconf 86' lang='lat' dir='ltr'>epicyclus</span> <span class='ocrx_word' id='word_1_134' title='bbox 699 1680 794 1707; x_wconf 92' lang='lat' dir='ltr'>tenet</span> <span class='ocrx_word' id='word_1_135' title='bbox 811 1674 1029 1707; x_wconf 82' lang='lat' dir='ltr'>meridianae</span> <span class='ocrx_word' id='word_1_136' title='bbox 1049 1675 1100 1707; x_wconf 90' lang='lat' dir='ltr'>la-</span> 
     </span>
     <span class='ocr_line' id='line_1_32' title="bbox 116 1724 1100 1771; baseline 0.001 -13"><span class='ocrx_word' id='word_1_137' title='bbox 116 1725 280 1758; x_wconf 87' lang='lat' dir='ltr'>titudinis</span> <span class='ocrx_word' id='word_1_138' title='bbox 308 1725 519 1764; x_wconf 86' lang='lat' dir='ltr'>terminum,</span> <span class='ocrx_word' id='word_1_139' title='bbox 552 1725 613 1769; x_wconf 86' lang='lat' dir='ltr'>qui</span> <span class='ocrx_word' id='word_1_140' title='bbox 640 1731 691 1757; x_wconf 87' lang='lat' dir='ltr'>est</span> <span class='ocrx_word' id='word_1_141' title='bbox 707 1724 768 1758; x_wconf 74' lang='lat'>27.</span> <span class='ocrx_word' id='word_1_142' title='bbox 791 1725 919 1766; x_wconf 84' lang='lat' dir='ltr'>gradus</span> <span class='ocrx_word' id='word_1_143' title='bbox 937 1725 1100 1771; x_wconf 82' lang='lat' dir='ltr'>Aquarii,</span> 
     </span>
     <span class='ocr_line' id='line_1_33' title="bbox 114 1773 845 1819; baseline -0.003 -11"><span class='ocrx_word' id='word_1_144' title='bbox 114 1774 261 1810; x_wconf 88' lang='lat' dir='ltr'>Planeta</span> <span class='ocrx_word' id='word_1_145' title='bbox 279 1776 384 1809; x_wconf 86' lang='lat' dir='ltr'>distat</span> <span class='ocrx_word' id='word_1_146' title='bbox 400 1776 443 1808; x_wconf 87' lang='lat' dir='ltr'>ab</span> <span class='ocrx_word' id='word_1_147' title='bbox 453 1773 625 1818; x_wconf 86' lang='lat' dir='ltr'>Ecliptica</span> <span class='ocrx_word' id='word_1_148' title='bbox 644 1775 681 1806; x_wconf 88' lang='lat' dir='ltr'>in</span> <span class='ocrx_word' id='word_1_149' title='bbox 700 1774 845 1819; x_wconf 87' lang='lat' dir='ltr'>epicycli</span> 
     </span>
    </p>
   </div>
   <div class='ocr_carea' id='block_1_13' title="bbox 355 1839 833 2052">
    <p class='ocr_par' dir='ltr' id='par_1_14' title="bbox 355 1839 833 2052">
     <span class='ocr_line' id='line_1_34' title="bbox 406 1839 790 1857; baseline -0.005 -2"><span class='ocrx_word' id='word_1_150' title='bbox 406 1839 790 1857; x_wconf 55' lang='lat' dir='ltr'><em>w</em></span> 
     </span>
     <span class='ocr_line' id='line_1_35' title="bbox 355 1864 798 1911; baseline -0.002 -11"><span class='ocrx_word' id='word_1_151' title='bbox 355 1864 512 1911; x_wconf 85' lang='lat' dir='ltr'>Apogeo,</span> <span class='ocrx_word' id='word_1_152' title='bbox 639 1866 798 1908; x_wconf 83' lang='lat' dir='ltr'>Perigeo,</span> 
     </span>
     <span class='ocr_line' id='line_1_36' title="bbox 355 1917 807 1955; baseline -0.002 -5"><span class='ocrx_word' id='word_1_153' title='bbox 355 1928 416 1951; x_wconf 89' lang='lat' dir='ltr'>seu</span> <span class='ocrx_word' id='word_1_154' title='bbox 435 1917 472 1949; x_wconf 91' lang='lat' dir='ltr'>in</span> <span class='ocrx_word' id='word_1_155' title='bbox 488 1922 524 1955; x_wconf 75' lang='lat'>0‘</span> <span class='ocrx_word' id='word_1_156' title='bbox 645 1928 705 1950; x_wconf 85' lang='lat' dir='ltr'>seu</span> <span class='ocrx_word' id='word_1_157' title='bbox 722 1918 760 1950; x_wconf 89' lang='lat' dir='ltr'>in</span> <span class='ocrx_word' id='word_1_158' title='bbox 781 1921 807 1954; x_wconf 43' lang='lat' dir='ltr'>a?</span> 
     </span>
     <span class='ocr_line' id='line_1_37' title="bbox 355 1966 833 2002; baseline 0.002 -1"><span class='ocrx_word' id='word_1_159' title='bbox 355 1966 422 2002; x_wconf 89' lang='lat' dir='ltr'>Gr.</span> <span class='ocrx_word' id='word_1_160' title='bbox 447 1966 540 2001; x_wconf 84' lang='lat' dir='ltr'>Min.</span> <span class='ocrx_word' id='word_1_161' title='bbox 648 1966 712 2001; x_wconf 91' lang='lat' dir='ltr'>Gr.</span> <span class='ocrx_word' id='word_1_162' title='bbox 741 1966 833 2002; x_wconf 84' lang='lat' dir='ltr'>Min.</span> 
     </span>
     <span class='ocr_line' id='line_1_38' title="bbox 370 2018 803 2052; baseline -0.002 -1"><span class='ocrx_word' id='word_1_163' title='bbox 370 2019 395 2051; x_wconf 91' lang='grc' dir='ltr'>Ο</span> <span class='ocrx_word' id='word_1_164' title='bbox 465 2018 490 2051; x_wconf 78' lang='lat'>2</span> <span class='ocrx_word' id='word_1_165' title='bbox 670 2018 692 2050; x_wconf 89' lang='grc'><strong>7</strong></span> <span class='ocrx_word' id='word_1_166' title='bbox 754 2018 803 2052; x_wconf 82' lang='lat'>30</span> 
     </span>
    </p>
   </div>
   <div class='ocr_carea' id='block_1_14' title="bbox 434 2068 770 2102">
    <p class='ocr_par' dir='ltr' id='par_1_15' title="bbox 434 2068 770 2102">
     <span class='ocr_line' id='line_1_39' title="bbox 434 2068 770 2102; baseline 0 -1"><span class='ocrx_word' id='word_1_167' title='bbox 434 2080 555 2102; x_wconf 88' lang='lat' dir='ltr'>versus</span> <span class='ocrx_word' id='word_1_168' title='bbox 569 2068 770 2102; x_wconf 83' lang='lat' dir='ltr'>meridiem.</span> 
     </span>
    </p>
   </div>
   <div class='ocr_carea' id='block_1_15' title="bbox 118 2134 1103 2725">
    <p class='ocr_par' dir='ltr' id='par_1_16' title="bbox 118 2134 1103 2685">
     <span class='ocr_line' id='line_1_40' title="bbox 221 2134 1100 2178; baseline -0.001 -9"><span class='ocrx_word' id='word_1_169' title='bbox 221 2134 326 2178; x_wconf 89' lang='lat' dir='ltr'>Quod</span> <span class='ocrx_word' id='word_1_170' title='bbox 350 2141 467 2169; x_wconf 85' lang='lat' dir='ltr'>autem</span> <span class='ocrx_word' id='word_1_171' title='bbox 491 2136 588 2169; x_wconf 90' lang='lat' dir='ltr'>vides</span> <span class='ocrx_word' id='word_1_172' title='bbox 618 2136 844 2170; x_wconf 84' lang='lat' dir='ltr'>latitudinem</span> <span class='ocrx_word' id='word_1_173' title='bbox 869 2135 1100 2169; x_wconf 84' lang='lat' dir='ltr'>meridianam</span> 
     </span>
     <span class='ocr_line' id='line_1_41' title="bbox 118 2185 1101 2232; baseline -0.001 -12"><span class='ocrx_word' id='word_1_174' title='bbox 118 2185 245 2220; x_wconf 85' lang='lat' dir='ltr'>Martis</span> <span class='ocrx_word' id='word_1_175' title='bbox 269 2186 304 2218; x_wconf 93' lang='lat' dir='ltr'>in</span> <span class='ocrx_word' id='word_1_176' title='bbox 326 2187 464 2230; x_wconf 85' lang='lat' dir='ltr'>perigeo</span> <span class='ocrx_word' id='word_1_177' title='bbox 488 2187 633 2232; x_wconf 89' lang='lat' dir='ltr'>epicycli</span> <span class='ocrx_word' id='word_1_178' title='bbox 660 2193 713 2221; x_wconf 87' lang='lat' dir='ltr'>tot</span> <span class='ocrx_word' id='word_1_179' title='bbox 743 2187 910 2230; x_wconf 87' lang='lat' dir='ltr'>gradibus</span> <span class='ocrx_word' id='word_1_180' title='bbox 938 2197 1101 2231; x_wconf 87' lang='lat' dir='ltr'>superare</span> 
     </span>
     <span class='ocr_line' id='line_1_42' title="bbox 118 2236 1102 2282; baseline 0 -12"><span class='ocrx_word' id='word_1_181' title='bbox 118 2236 426 2280; x_wconf 86' lang='lat' dir='ltr'>septentrionalem</span> <span class='ocrx_word' id='word_1_182' title='bbox 466 2237 690 2271; x_wconf 86' lang='lat' dir='ltr'>latitudinem</span> <span class='ocrx_word' id='word_1_183' title='bbox 730 2238 768 2271; x_wconf 88' lang='lat' dir='ltr'>in</span> <span class='ocrx_word' id='word_1_184' title='bbox 801 2239 921 2271; x_wconf 88' lang='lat' dir='ltr'>eadem</span> <span class='ocrx_word' id='word_1_185' title='bbox 955 2237 1102 2282; x_wconf 87' lang='lat' dir='ltr'>epicycli</span> 
     </span>
     <span class='ocr_line' id='line_1_43' title="bbox 118 2287 1103 2333; baseline 0.003 -14"><span class='ocrx_word' id='word_1_186' title='bbox 118 2294 240 2331; x_wconf 84' lang='lat' dir='ltr'>parte,</span> <span class='ocrx_word' id='word_1_187' title='bbox 266 2298 368 2319; x_wconf 84' lang='lat' dir='ltr'>causa</span> <span class='ocrx_word' id='word_1_188' title='bbox 389 2293 440 2320; x_wconf 85' lang='lat' dir='ltr'>est</span> <span class='ocrx_word' id='word_1_189' title='bbox 457 2294 487 2321; x_wconf 82' lang='lat' dir='ltr'>ct</span> <span class='ocrx_word' id='word_1_190' title='bbox 513 2288 659 2333; x_wconf 90' lang='lat' dir='ltr'>epicycli</span> <span class='ocrx_word' id='word_1_191' title='bbox 695 2289 892 2333; x_wconf 80' lang='lat' dir='ltr'>amplitudo</span> <span class='ocrx_word' id='word_1_192' title='bbox 918 2294 953 2322; x_wconf 89' lang='lat' dir='ltr'>et</span> <span class='ocrx_word' id='word_1_193' title='bbox 981 2287 1103 2322; x_wconf 76' lang='grc' dir='ltr'><strong><em>ἐκκεν-</em></strong></span> 
     </span>
     <span class='ocr_line' id='line_1_44' title="bbox 120 2334 1101 2383; baseline 0 -11"><span class='ocrx_word' id='word_1_194' title='bbox 120 2334 251 2383; x_wconf 79' lang='grc' dir='ltr'><strong><em>τρότης</em></strong></span> <span class='ocrx_word' id='word_1_195' title='bbox 267 2348 414 2379; x_wconf 79' lang='lat' dir='ltr'>magna,</span> <span class='ocrx_word' id='word_1_196' title='bbox 440 2344 474 2371; x_wconf 85' lang='lat' dir='ltr'>et</span> <span class='ocrx_word' id='word_1_197' title='bbox 494 2339 590 2383; x_wconf 90' lang='lat' dir='ltr'>quod</span> <span class='ocrx_word' id='word_1_198' title='bbox 608 2339 780 2373; x_wconf 85' lang='lat' dir='ltr'>maximae</span> <span class='ocrx_word' id='word_1_199' title='bbox 803 2339 1005 2374; x_wconf 89' lang='lat' dir='ltr'>latitudinis</span> <span class='ocrx_word' id='word_1_200' title='bbox 1024 2350 1101 2372; x_wconf 90' lang='lat' dir='ltr'>me-</span> 
     </span>
     <span class='ocr_line' id='line_1_45' title="bbox 120 2386 1102 2433; baseline 0.001 -12"><span class='ocrx_word' id='word_1_201' title='bbox 120 2388 280 2421; x_wconf 81' lang='lat' dir='ltr'>ridianae</span> <span class='ocrx_word' id='word_1_202' title='bbox 303 2386 476 2420; x_wconf 89' lang='lat' dir='ltr'>terminus</span> <span class='ocrx_word' id='word_1_203' title='bbox 499 2394 532 2421; x_wconf 89' lang='lat' dir='ltr'>et</span> <span class='ocrx_word' id='word_1_204' title='bbox 554 2389 719 2433; x_wconf 85' lang='lat' dir='ltr'>perigeon</span> <span class='ocrx_word' id='word_1_205' title='bbox 744 2390 930 2424; x_wconf 87' lang='lat' dir='ltr'>eccentrici</span> <span class='ocrx_word' id='word_1_206' title='bbox 951 2389 990 2422; x_wconf 89' lang='lat' dir='ltr'>in</span> <span class='ocrx_word' id='word_1_207' title='bbox 1014 2401 1102 2423; x_wconf 90' lang='lat' dir='ltr'>eun-</span> 
     </span>
     <span class='ocr_line' id='line_1_46' title="bbox 121 2437 1102 2484; baseline 0.002 -13"><span class='ocrx_word' id='word_1_208' title='bbox 121 2439 201 2471; x_wconf 90' lang='lat' dir='ltr'>dem</span> <span class='ocrx_word' id='word_1_209' title='bbox 232 2438 349 2471; x_wconf 90' lang='lat' dir='ltr'>locum</span> <span class='ocrx_word' id='word_1_210' title='bbox 381 2437 526 2471; x_wconf 87' lang='lat' dir='ltr'>Zodiaci</span> <span class='ocrx_word' id='word_1_211' title='bbox 553 2441 693 2474; x_wconf 87' lang='lat' dir='ltr'>cadunt.</span> <span class='ocrx_word' id='word_1_212' title='bbox 753 2440 874 2484; x_wconf 82' lang='lat' dir='ltr'>Quare</span> <span class='ocrx_word' id='word_1_213' title='bbox 897 2452 978 2474; x_wconf 90' lang='lat' dir='ltr'>cum</span> <span class='ocrx_word' id='word_1_214' title='bbox 1002 2438 1102 2474; x_wconf 85' lang='lat' dir='ltr'>Mars</span> 
     </span>
     <span class='ocr_line' id='line_1_47' title="bbox 122 2488 1103 2535; baseline 0.003 -13"><span class='ocrx_word' id='word_1_215' title='bbox 122 2488 313 2522; x_wconf 83' lang='lat' dir='ltr'>terminum</span> <span class='ocrx_word' id='word_1_216' title='bbox 345 2488 507 2521; x_wconf 86' lang='lat' dir='ltr'>australis</span> <span class='ocrx_word' id='word_1_217' title='bbox 532 2488 730 2524; x_wconf 85' lang='lat' dir='ltr'>latitudinis</span> <span class='ocrx_word' id='word_1_218' title='bbox 757 2491 888 2535; x_wconf 84' lang='lat' dir='ltr'>attigit,</span> <span class='ocrx_word' id='word_1_219' title='bbox 923 2491 1028 2525; x_wconf 90' lang='lat' dir='ltr'>simul</span> <span class='ocrx_word' id='word_1_220' title='bbox 1051 2497 1103 2525; x_wconf 87' lang='lat' dir='ltr'>est</span> 
     </span>
     <span class='ocr_line' id='line_1_48' title="bbox 123 2538 1101 2587; baseline 0.003 -15"><span class='ocrx_word' id='word_1_221' title='bbox 123 2545 236 2572; x_wconf 84' lang='lat' dir='ltr'>terrae</span> <span class='ocrx_word' id='word_1_222' title='bbox 254 2539 435 2583; x_wconf 81' lang='lat' dir='ltr'>proximus</span> <span class='ocrx_word' id='word_1_223' title='bbox 452 2538 587 2572; x_wconf 88' lang='lat' dir='ltr'>ratione</span> <span class='ocrx_word' id='word_1_224' title='bbox 606 2542 800 2578; x_wconf 86' lang='lat' dir='ltr'>eccentrici.</span> <span class='ocrx_word' id='word_1_225' title='bbox 824 2541 897 2577; x_wconf 90' lang='lat' dir='ltr'>Ubi</span> <span class='ocrx_word' id='word_1_226' title='bbox 912 2542 941 2576; x_wconf 87' lang='lat' dir='ltr'>si</span> <span class='ocrx_word' id='word_1_227' title='bbox 958 2542 1101 2587; x_wconf 88' lang='lat' dir='ltr'>quando</span> 
     </span>
     <span class='ocr_line' id='line_1_49' title="bbox 123 2589 1101 2636; baseline 0.003 -14"><span class='ocrx_word' id='word_1_228' title='bbox 123 2589 229 2623; x_wconf 86' lang='lat' dir='ltr'>etiam</span> <span class='ocrx_word' id='word_1_229' title='bbox 262 2589 367 2622; x_wconf 88' lang='lat' dir='ltr'>imam</span> <span class='ocrx_word' id='word_1_230' title='bbox 397 2595 531 2634; x_wconf 88' lang='lat' dir='ltr'>partem</span> <span class='ocrx_word' id='word_1_231' title='bbox 563 2589 709 2636; x_wconf 90' lang='lat' dir='ltr'>epicycli</span> <span class='ocrx_word' id='word_1_232' title='bbox 737 2598 850 2634; x_wconf 89' lang='lat' dir='ltr'>tenet,</span> <span class='ocrx_word' id='word_1_233' title='bbox 891 2594 963 2627; x_wconf 91' lang='lat' dir='ltr'>duo</span> <span class='ocrx_word' id='word_1_234' title='bbox 995 2592 1101 2626; x_wconf 89' lang='lat' dir='ltr'>simul</span> 
     </span>
     <span class='ocr_line' id='line_1_50' title="bbox 124 2639 1100 2685; baseline 0.002 -12"><span class='ocrx_word' id='word_1_235' title='bbox 124 2639 313 2679; x_wconf 81' lang='lat' dir='ltr'>eveniunt,</span> <span class='ocrx_word' id='word_1_236' title='bbox 338 2647 376 2674; x_wconf 93' lang='lat' dir='ltr'>ut</span> <span class='ocrx_word' id='word_1_237' title='bbox 394 2646 427 2674; x_wconf 89' lang='lat' dir='ltr'>et</span> <span class='ocrx_word' id='word_1_238' title='bbox 442 2639 600 2685; x_wconf 87' lang='lat' dir='ltr'>proxime</span> <span class='ocrx_word' id='word_1_239' title='bbox 618 2641 661 2674; x_wconf 89' lang='lat' dir='ltr'>ad</span> <span class='ocrx_word' id='word_1_240' title='bbox 684 2647 813 2676; x_wconf 80' lang='lat' dir='ltr'>terram</span> <span class='ocrx_word' id='word_1_241' title='bbox 836 2644 975 2677; x_wconf 81' lang='lat' dir='ltr'>accedat</span> <span class='ocrx_word' id='word_1_242' title='bbox 989 2641 1100 2681; x_wconf 87' lang='lat' dir='ltr'>Mars,</span> 
     </span>
    </p>

    <p class='ocr_par' dir='ltr' id='par_1_17' title="bbox 174 2688 720 2725">
     <span class='ocr_line' id='line_1_51' title="bbox 174 2688 720 2725; baseline 0.007 -4"><span class='ocrx_word' id='word_1_243' title='bbox 174 2688 358 2722; x_wconf 60' lang='lat' dir='ltr'>Manna.</span> <span class='ocrx_word' id='word_1_244' title='bbox 385 2693 489 2724; x_wconf 67' lang='lat' dir='ltr'>Orza.</span> <span class='ocrx_word' id='word_1_245' title='bbox 516 2692 598 2724; x_wconf 74' lang='lat' dir='ltr'>Vox..</span> <span class='ocrx_word' id='word_1_246' title='bbox 626 2692 720 2725; x_wconf 87' lang='lat' dir='ltr'>XIII.</span> 
     </span>
    </p>
   </div>
   <div class='ocr_carea' id='block_1_16' title="bbox 829 88 1583 133">
    <p class='ocr_par' dir='ltr' id='par_1_18' title="bbox 829 88 1583 133">
     <span class='ocr_line' id='line_1_52' title="bbox 829 88 1583 133; baseline -0.001 -2"><span class='ocrx_word' id='word_1_247' title='bbox 829 94 989 133; x_wconf 87' lang='lat' dir='ltr'>INlTIA</span> <span class='ocrx_word' id='word_1_248' title='bbox 1014 88 1305 130; x_wconf 86' lang='lat' dir='ltr'><strong>DOCTRINAE</strong></span> <span class='ocrx_word' id='word_1_249' title='bbox 1330 90 1583 130; x_wconf 84' lang='lat' dir='ltr'><strong>PHYSICAE.</strong></span> 
     </span>
    </p>
   </div>
   <div class='ocr_carea' id='block_1_17' title="bbox 2078 100 2152 136">
    <p class='ocr_par' dir='ltr' id='par_1_19' title="bbox 2078 100 2152 136">
     <span class='ocr_line' id='line_1_53' title="bbox 2078 100 2152 136; baseline -0.027 0"><span class='ocrx_word' id='word_1_250' title='bbox 2078 100 2152 136; x_wconf 76' lang='lat'>274</span> 
     </span>
    </p>
   </div>
   <div class='ocr_carea' id='block_1_18' title="bbox 1152 175 2146 2684">
    <p class='ocr_par' dir='ltr' id='par_1_20' title="bbox 1153 175 2146 1418">
     <span class='ocr_line' id='line_1_54' title="bbox 1160 175 2146 223; baseline 0.009 -15"><span class='ocrx_word' id='word_1_251' title='bbox 1160 182 1193 209; x_wconf 86' lang='lat' dir='ltr'>et</span> <span class='ocrx_word' id='word_1_252' title='bbox 1213 175 1446 209; x_wconf 85' lang='lat' dir='ltr'>meridianam</span> <span class='ocrx_word' id='word_1_253' title='bbox 1471 178 1693 212; x_wconf 87' lang='lat' dir='ltr'>latitudinem</span> <span class='ocrx_word' id='word_1_254' title='bbox 1724 181 1910 213; x_wconf 82' lang='lat' dir='ltr'>maximam</span> <span class='ocrx_word' id='word_1_255' title='bbox 1937 180 2077 223; x_wconf 83' lang='lat' dir='ltr'>haheat,</span> <span class='ocrx_word' id='word_1_256' title='bbox 2105 198 2146 217; x_wconf 85' lang='lat' dir='ltr'>eo</span> 
     </span>
     <span class='ocr_line' id='line_1_55' title="bbox 1162 225 2145 277; baseline 0.008 -19"><span class='ocrx_word' id='word_1_257' title='bbox 1162 227 1256 271; x_wconf 88' lang='lat' dir='ltr'>quod</span> <span class='ocrx_word' id='word_1_258' title='bbox 1276 233 1421 269; x_wconf 89' lang='lat' dir='ltr'>propter</span> <span class='ocrx_word' id='word_1_259' title='bbox 1439 225 1528 262; x_wconf 87' lang='lat' dir='ltr'>hanc</span> <span class='ocrx_word' id='word_1_260' title='bbox 1544 230 1654 273; x_wconf 83' lang='lat' dir='ltr'>ipsam</span> <span class='ocrx_word' id='word_1_261' title='bbox 1672 230 1881 273; x_wconf 86' lang='lat' dir='ltr'>geminatam</span> <span class='ocrx_word' id='word_1_262' title='bbox 1899 233 2145 277; x_wconf 86' lang='lat' dir='ltr'>propinquita-</span> 
     </span>
     <span class='ocr_line' id='line_1_56' title="bbox 1161 276 2144 326; baseline 0.007 -16"><span class='ocrx_word' id='word_1_263' title='bbox 1161 284 1230 311; x_wconf 83' lang='lat' dir='ltr'>tem</span> <span class='ocrx_word' id='word_1_264' title='bbox 1254 276 1420 321; x_wconf 81' lang='lat' dir='ltr'>epicycli‚</span> <span class='ocrx_word' id='word_1_265' title='bbox 1456 285 1489 311; x_wconf 89' lang='lat' dir='ltr'>et</span> <span class='ocrx_word' id='word_1_266' title='bbox 1513 287 1655 323; x_wconf 87' lang='lat' dir='ltr'>propter</span> <span class='ocrx_word' id='word_1_267' title='bbox 1681 281 1836 314; x_wconf 89' lang='lat' dir='ltr'>eiusdem</span> <span class='ocrx_word' id='word_1_268' title='bbox 1860 283 2144 326; x_wconf 86' lang='lat' dir='ltr'>amplitudinem,</span> 
     </span>
     <span class='ocr_line' id='line_1_57' title="bbox 1160 327 2143 378; baseline 0.008 -19"><span class='ocrx_word' id='word_1_269' title='bbox 1160 327 1279 372; x_wconf 88' lang='lat' dir='ltr'>plures</span> <span class='ocrx_word' id='word_1_270' title='bbox 1310 327 1348 359; x_wconf 91' lang='lat' dir='ltr'>in</span> <span class='ocrx_word' id='word_1_271' title='bbox 1372 328 1470 361; x_wconf 85' lang='lat' dir='ltr'>coelo</span> <span class='ocrx_word' id='word_1_272' title='bbox 1496 337 1610 372; x_wconf 83' lang='lat' dir='ltr'>partes</span> <span class='ocrx_word' id='word_1_273' title='bbox 1641 332 1737 364; x_wconf 78' lang='lat' dir='ltr'>arcui</span> <span class='ocrx_word' id='word_1_274' title='bbox 1771 333 1968 366; x_wconf 90' lang='lat' dir='ltr'>latitudinis</span> <span class='ocrx_word' id='word_1_275' title='bbox 1997 346 2143 378; x_wconf 89' lang='lat' dir='ltr'>respon-</span> 
     </span>
     <span class='ocr_line' id='line_1_58' title="bbox 1159 376 2142 423; baseline 0.007 -12"><span class='ocrx_word' id='word_1_276' title='bbox 1159 379 1275 411; x_wconf 83' lang='lat' dir='ltr'>deant.</span> <span class='ocrx_word' id='word_1_277' title='bbox 1343 376 1439 410; x_wconf 82' lang='lat' dir='ltr'>Haec</span> <span class='ocrx_word' id='word_1_278' title='bbox 1470 378 1575 411; x_wconf 85' lang='lat' dir='ltr'>simul</span> <span class='ocrx_word' id='word_1_279' title='bbox 1619 382 1842 423; x_wconf 79' lang='lat' dir='ltr'>contigerunt</span> <span class='ocrx_word' id='word_1_280' title='bbox 1876 391 1994 417; x_wconf 80' lang='lat' dir='ltr'>nostra</span> <span class='ocrx_word' id='word_1_281' title='bbox 2032 392 2142 418; x_wconf 79' lang='lat' dir='ltr'>aetate</span> 
     </span>
     <span class='ocr_line' id='line_1_59' title="bbox 1158 424 2140 478; baseline 0.007 -17"><span class='ocrx_word' id='word_1_282' title='bbox 1158 439 1252 461; x_wconf 85' lang='lat' dir='ltr'>anno</span> <span class='ocrx_word' id='word_1_283' title='bbox 1269 424 1401 461; x_wconf 81' lang='lat' dir='ltr'>Christi</span> <span class='ocrx_word' id='word_1_284' title='bbox 1422 427 1533 462; x_wconf 73' lang='lat'>1529.</span> <span class='ocrx_word' id='word_1_285' title='bbox 1546 455 1554 468; x_wconf 87' lang='lat'>,</span> <span class='ocrx_word' id='word_1_286' title='bbox 1578 442 1647 473; x_wconf 88' lang='lat' dir='ltr'>qno</span> <span class='ocrx_word' id='word_1_287' title='bbox 1665 442 1757 462; x_wconf 83' lang='lat' dir='ltr'>anno</span> <span class='ocrx_word' id='word_1_288' title='bbox 1776 432 2012 477; x_wconf 73' lang='lat' dir='ltr'>Solymannus</span> <span class='ocrx_word' id='word_1_289' title='bbox 2030 435 2140 478; x_wconf 87' lang='lat' dir='ltr'>impe-</span> 
     </span>
     <span class='ocr_line' id='line_1_60' title="bbox 1158 477 2140 521; baseline 0.006 -9"><span class='ocrx_word' id='word_1_290' title='bbox 1158 486 1254 512; x_wconf 88' lang='lat' dir='ltr'>rator</span> <span class='ocrx_word' id='word_1_291' title='bbox 1277 477 1474 511; x_wconf 90' lang='lat' dir='ltr'>Turcarum</span> <span class='ocrx_word' id='word_1_292' title='bbox 1509 491 1588 512; x_wconf 88' lang='lat' dir='ltr'>cum</span> <span class='ocrx_word' id='word_1_293' title='bbox 1623 480 1756 521; x_wconf 80' lang='lat' dir='ltr'>ingenti</span> <span class='ocrx_word' id='word_1_294' title='bbox 1787 484 1935 516; x_wconf 78' lang='lat' dir='ltr'>exercitu</span> <span class='ocrx_word' id='word_1_295' title='bbox 1962 483 2140 518; x_wconf 83' lang='lat' dir='ltr'>Austriam</span> 
     </span>
     <span class='ocr_line' id='line_1_61' title="bbox 1158 528 2137 574; baseline 0.008 -13"><span class='ocrx_word' id='word_1_296' title='bbox 1158 530 1352 573; x_wconf 82' lang='lat' dir='ltr'>ingressus,</span> <span class='ocrx_word' id='word_1_297' title='bbox 1394 528 1570 562; x_wconf 78' lang='lat' dir='ltr'>Viennam</span> <span class='ocrx_word' id='word_1_298' title='bbox 1604 530 1811 574; x_wconf 79' lang='lat' dir='ltr'>aliquandiu</span> <span class='ocrx_word' id='word_1_299' title='bbox 1835 532 1962 565; x_wconf 81' lang='lat' dir='ltr'>frustra</span> <span class='ocrx_word' id='word_1_300' title='bbox 1992 536 2137 569; x_wconf 85' lang='lat' dir='ltr'>obsedit.</span> 
     </span>
     <span class='ocr_line' id='line_1_62' title="bbox 1158 579 2140 629; baseline 0.005 -16"><span class='ocrx_word' id='word_1_301' title='bbox 1158 580 1240 613; x_wconf 86' lang='lat' dir='ltr'>Fuit</span> <span class='ocrx_word' id='word_1_302' title='bbox 1259 580 1353 612; x_wconf 90' lang='lat' dir='ltr'>enim</span> <span class='ocrx_word' id='word_1_303' title='bbox 1376 586 1459 614; x_wconf 90' lang='lat' dir='ltr'>tunc</span> <span class='ocrx_word' id='word_1_304' title='bbox 1476 579 1574 613; x_wconf 90' lang='lat' dir='ltr'>Mars</span> <span class='ocrx_word' id='word_1_305' title='bbox 1591 592 1707 613; x_wconf 88' lang='lat' dir='ltr'>mense</span> <span class='ocrx_word' id='word_1_306' title='bbox 1726 580 1815 614; x_wconf 87' lang='lat' dir='ltr'>lulio</span> <span class='ocrx_word' id='word_1_307' title='bbox 1843 582 1878 613; x_wconf 93' lang='lat' dir='ltr'>in</span> <span class='ocrx_word' id='word_1_308' title='bbox 1896 581 2052 626; x_wconf 82' lang='lat' dir='ltr'>Aquario</span> <span class='ocrx_word' id='word_1_309' title='bbox 2075 598 2140 629; x_wconf 91' lang='lat' dir='ltr'>op-</span> 
     </span>
     <span class='ocr_line' id='line_1_63' title="bbox 1157 630 2138 674; baseline 0.006 -11"><span class='ocrx_word' id='word_1_310' title='bbox 1157 631 1291 674; x_wconf 86' lang='lat' dir='ltr'>positus</span> <span class='ocrx_word' id='word_1_311' title='bbox 1308 630 1402 670; x_wconf 86' lang='lat' dir='ltr'>Soli,</span> <span class='ocrx_word' id='word_1_312' title='bbox 1426 631 1558 663; x_wconf 90' lang='lat' dir='ltr'>tenenti</span> <span class='ocrx_word' id='word_1_313' title='bbox 1584 631 1809 664; x_wconf 81' lang='lat' dir='ltr'>undecimum</span> <span class='ocrx_word' id='word_1_314' title='bbox 1829 633 1976 673; x_wconf 86' lang='lat' dir='ltr'>gradum</span> <span class='ocrx_word' id='word_1_315' title='bbox 2000 634 2138 670; x_wconf 86' lang='lat' dir='ltr'>Leonis.</span> 
     </span>
     <span class='ocr_line' id='line_1_64' title="bbox 1157 680 2139 725; baseline 0.004 -12"><span class='ocrx_word' id='word_1_316' title='bbox 1157 680 1300 714; x_wconf 88' lang='lat' dir='ltr'>Dictum</span> <span class='ocrx_word' id='word_1_317' title='bbox 1335 687 1385 714; x_wconf 88' lang='lat' dir='ltr'>est</span> <span class='ocrx_word' id='word_1_318' title='bbox 1415 687 1530 714; x_wconf 89' lang='lat' dir='ltr'>autem</span> <span class='ocrx_word' id='word_1_319' title='bbox 1560 692 1685 724; x_wconf 88' lang='lat' dir='ltr'>supra,</span> <span class='ocrx_word' id='word_1_320' title='bbox 1725 682 1928 714; x_wconf 86' lang='lat' dir='ltr'>vicesimum</span> <span class='ocrx_word' id='word_1_321' title='bbox 1955 684 2139 725; x_wconf 87' lang='lat' dir='ltr'>septimum</span> 
     </span>
     <span class='ocr_line' id='line_1_65' title="bbox 1156 731 2138 776; baseline 0.003 -13"><span class='ocrx_word' id='word_1_322' title='bbox 1156 732 1307 774; x_wconf 87' lang='lat' dir='ltr'>gradum</span> <span class='ocrx_word' id='word_1_323' title='bbox 1326 731 1474 776; x_wconf 84' lang='lat' dir='ltr'>Aquarii</span> <span class='ocrx_word' id='word_1_324' title='bbox 1493 737 1525 764; x_wconf 87' lang='lat' dir='ltr'>et</span> <span class='ocrx_word' id='word_1_325' title='bbox 1542 732 1732 765; x_wconf 87' lang='lat' dir='ltr'>terminum</span> <span class='ocrx_word' id='word_1_326' title='bbox 1753 732 1925 764; x_wconf 87' lang='lat' dir='ltr'>maximae</span> <span class='ocrx_word' id='word_1_327' title='bbox 1941 733 2138 767; x_wconf 86' lang='lat' dir='ltr'>latitudinis</span> 
     </span>
     <span class='ocr_line' id='line_1_66' title="bbox 1158 780 2141 828; baseline 0.002 -14"><span class='ocrx_word' id='word_1_328' title='bbox 1158 781 1321 814; x_wconf 86' lang='lat' dir='ltr'>australis</span> <span class='ocrx_word' id='word_1_329' title='bbox 1346 793 1419 814; x_wconf 87' lang='lat' dir='ltr'>esse</span> <span class='ocrx_word' id='word_1_330' title='bbox 1437 780 1566 822; x_wconf 88' lang='lat' dir='ltr'>Marti,</span> <span class='ocrx_word' id='word_1_331' title='bbox 1593 788 1625 815; x_wconf 89' lang='lat' dir='ltr'>et</span> <span class='ocrx_word' id='word_1_332' title='bbox 1650 781 1781 825; x_wconf 84' lang='lat' dir='ltr'>perigei</span> <span class='ocrx_word' id='word_1_333' title='bbox 1799 782 1927 815; x_wconf 87' lang='lat' dir='ltr'>locum.</span> <span class='ocrx_word' id='word_1_334' title='bbox 1988 782 2033 816; x_wconf 90' lang='lat' dir='ltr'>Et</span> <span class='ocrx_word' id='word_1_335' title='bbox 2059 784 2141 828; x_wconf 85' lang='lat' dir='ltr'>quia</span> 
     </span>
     <span class='ocr_line' id='line_1_67' title="bbox 1156 830 2141 877; baseline 0.001 -12"><span class='ocrx_word' id='word_1_336' title='bbox 1156 830 1232 865; x_wconf 87' lang='lat' dir='ltr'>Soli</span> <span class='ocrx_word' id='word_1_337' title='bbox 1252 838 1335 864; x_wconf 92' lang='lat' dir='ltr'>tunc</span> <span class='ocrx_word' id='word_1_338' title='bbox 1356 838 1429 864; x_wconf 88' lang='lat' dir='ltr'>erat</span> <span class='ocrx_word' id='word_1_339' title='bbox 1445 832 1646 875; x_wconf 90' lang='lat' dir='ltr'>oppositus,</span> <span class='ocrx_word' id='word_1_340' title='bbox 1672 832 1740 865; x_wconf 82' lang='lat' dir='ltr'>fuit</span> <span class='ocrx_word' id='word_1_341' title='bbox 1757 833 1863 865; x_wconf 88' lang='lat' dir='ltr'>simul</span> <span class='ocrx_word' id='word_1_342' title='bbox 1888 832 1990 865; x_wconf 87' lang='lat' dir='ltr'>etiam</span> <span class='ocrx_word' id='word_1_343' title='bbox 2014 833 2051 865; x_wconf 89' lang='lat' dir='ltr'>in</span> <span class='ocrx_word' id='word_1_344' title='bbox 2068 834 2141 877; x_wconf 91' lang='lat' dir='ltr'>epi—</span> 
     </span>
     <span class='ocr_line' id='line_1_68' title="bbox 1155 881 2140 926; baseline 0.003 -12"><span class='ocrx_word' id='word_1_345' title='bbox 1155 881 1244 926; x_wconf 89' lang='lat' dir='ltr'>cycli</span> <span class='ocrx_word' id='word_1_346' title='bbox 1262 882 1381 914; x_wconf 86' lang='lat' dir='ltr'>infima</span> <span class='ocrx_word' id='word_1_347' title='bbox 1397 889 1507 925; x_wconf 88' lang='lat' dir='ltr'>parte.</span> <span class='ocrx_word' id='word_1_348' title='bbox 1536 881 1654 925; x_wconf 80' lang='lat' dir='ltr'>Quare</span> <span class='ocrx_word' id='word_1_349' title='bbox 1671 888 1755 915; x_wconf 91' lang='lat' dir='ltr'>tunc</span> <span class='ocrx_word' id='word_1_350' title='bbox 1770 882 1868 916; x_wconf 89' lang='lat' dir='ltr'>Mars</span> <span class='ocrx_word' id='word_1_351' title='bbox 1883 889 2013 926; x_wconf 86' lang='lat' dir='ltr'>septem</span> <span class='ocrx_word' id='word_1_352' title='bbox 2031 884 2140 917; x_wconf 83' lang='lat' dir='ltr'>ferme</span> 
     </span>
     <span class='ocr_line' id='line_1_69' title="bbox 1155 930 2140 976; baseline 0.004 -12"><span class='ocrx_word' id='word_1_353' title='bbox 1155 932 1322 974; x_wconf 84' lang='lat' dir='ltr'>gradibus</span> <span class='ocrx_word' id='word_1_354' title='bbox 1338 933 1430 966; x_wconf 90' lang='lat' dir='ltr'>ultra</span> <span class='ocrx_word' id='word_1_355' title='bbox 1446 930 1655 976; x_wconf 88' lang='lat' dir='ltr'>Eclipticam</span> <span class='ocrx_word' id='word_1_356' title='bbox 1670 944 1790 966; x_wconf 86' lang='lat' dir='ltr'>versus</span> <span class='ocrx_word' id='word_1_357' title='bbox 1813 933 1998 966; x_wconf 87' lang='lat' dir='ltr'>meridiem</span> <span class='ocrx_word' id='word_1_358' title='bbox 2024 946 2140 968; x_wconf 90' lang='lat' dir='ltr'>remo—</span> 
     </span>
     <span class='ocr_line' id='line_1_70' title="bbox 1154 981 2140 1026; baseline 0.004 -12"><span class='ocrx_word' id='word_1_359' title='bbox 1154 988 1210 1015; x_wconf 88' lang='lat' dir='ltr'>tus</span> <span class='ocrx_word' id='word_1_360' title='bbox 1227 982 1520 1026; x_wconf 85' lang='lat' dir='ltr'>conspiciebatur.</span> <span class='ocrx_word' id='word_1_361' title='bbox 1578 981 1665 1017; x_wconf 86' lang='lat' dir='ltr'>Erat</span> <span class='ocrx_word' id='word_1_362' title='bbox 1696 990 1728 1016; x_wconf 87' lang='lat' dir='ltr'>et</span> <span class='ocrx_word' id='word_1_363' title='bbox 1750 985 1990 1026; x_wconf 84' lang='lat' dir='ltr'>retrogradus,</span> <span class='ocrx_word' id='word_1_364' title='bbox 2025 992 2058 1019; x_wconf 84' lang='lat' dir='ltr'>et</span> <span class='ocrx_word' id='word_1_365' title='bbox 2083 985 2140 1018; x_wconf 92' lang='lat' dir='ltr'>in-</span> 
     </span>
     <span class='ocr_line' id='line_1_71' title="bbox 1154 1031 2139 1078; baseline 0.004 -14"><span class='ocrx_word' id='word_1_366' title='bbox 1154 1032 1281 1065; x_wconf 86' lang='lat' dir='ltr'>usitata</span> <span class='ocrx_word' id='word_1_367' title='bbox 1309 1033 1553 1075; x_wconf 86' lang='lat' dir='ltr'>magnitudine</span> <span class='ocrx_word' id='word_1_368' title='bbox 1577 1040 1610 1067; x_wconf 87' lang='lat' dir='ltr'>et</span> <span class='ocrx_word' id='word_1_369' title='bbox 1636 1031 1814 1066; x_wconf 88' lang='lat' dir='ltr'>horrendo</span> <span class='ocrx_word' id='word_1_370' title='bbox 1850 1034 1979 1067; x_wconf 86' lang='lat' dir='ltr'>rubore</span> <span class='ocrx_word' id='word_1_371' title='bbox 2012 1046 2139 1078; x_wconf 90' lang='lat' dir='ltr'>corpus</span> 
     </span>
     <span class='ocr_line' id='line_1_72' title="bbox 1154 1082 2141 1128; baseline 0.003 -13"><span class='ocrx_word' id='word_1_372' title='bbox 1154 1082 1266 1126; x_wconf 86' lang='lat' dir='ltr'>ipsius</span> <span class='ocrx_word' id='word_1_373' title='bbox 1284 1084 1504 1123; x_wconf 88' lang='lat' dir='ltr'>cernebatur,</span> <span class='ocrx_word' id='word_1_374' title='bbox 1531 1090 1678 1128; x_wconf 87' lang='lat' dir='ltr'>propter</span> <span class='ocrx_word' id='word_1_375' title='bbox 1692 1084 1992 1128; x_wconf 88' lang='lat' dir='ltr'>propinquitatem</span> <span class='ocrx_word' id='word_1_376' title='bbox 2009 1086 2052 1118; x_wconf 90' lang='lat' dir='ltr'>ad</span> <span class='ocrx_word' id='word_1_377' title='bbox 2071 1092 2141 1118; x_wconf 91' lang='lat' dir='ltr'>ter-</span> 
     </span>
     <span class='ocr_line' id='line_1_73' title="bbox 1154 1132 2141 1177; baseline 0.004 -12"><span class='ocrx_word' id='word_1_378' title='bbox 1154 1144 1228 1166; x_wconf 87' lang='lat' dir='ltr'>ram</span> <span class='ocrx_word' id='word_1_379' title='bbox 1243 1159 1251 1173; x_wconf 88' lang='lat'>‚</span> <span class='ocrx_word' id='word_1_380' title='bbox 1286 1132 1334 1166; x_wconf 87' lang='lat' dir='ltr'>ita</span> <span class='ocrx_word' id='word_1_381' title='bbox 1360 1139 1399 1166; x_wconf 90' lang='lat' dir='ltr'>ut</span> <span class='ocrx_word' id='word_1_382' title='bbox 1422 1133 1543 1173; x_wconf 82' lang='lat' dir='ltr'>multi,</span> <span class='ocrx_word' id='word_1_383' title='bbox 1578 1145 1760 1167; x_wconf 87' lang='lat' dir='ltr'>causarum</span> <span class='ocrx_word' id='word_1_384' title='bbox 1783 1134 1919 1177; x_wconf 85' lang='lat' dir='ltr'>ignari,</span> <span class='ocrx_word' id='word_1_385' title='bbox 1955 1146 2084 1168; x_wconf 86' lang='lat' dir='ltr'>novam</span> <span class='ocrx_word' id='word_1_386' title='bbox 2107 1142 2141 1169; x_wconf 91' lang='lat' dir='ltr'>et</span> 
     </span>
     <span class='ocr_line' id='line_1_74' title="bbox 1155 1183 2140 1227; baseline 0.003 -12"><span class='ocrx_word' id='word_1_387' title='bbox 1155 1183 1392 1227; x_wconf 85' lang='lat' dir='ltr'>prodigiosam</span> <span class='ocrx_word' id='word_1_388' title='bbox 1409 1184 1546 1216; x_wconf 86' lang='lat' dir='ltr'>stellam</span> <span class='ocrx_word' id='word_1_389' title='bbox 1566 1184 1603 1216; x_wconf 90' lang='lat' dir='ltr'>in</span> <span class='ocrx_word' id='word_1_390' title='bbox 1623 1184 1720 1217; x_wconf 88' lang='lat' dir='ltr'>coelo</span> <span class='ocrx_word' id='word_1_391' title='bbox 1744 1195 1923 1218; x_wconf 87' lang='lat' dir='ltr'>accensam</span> <span class='ocrx_word' id='word_1_392' title='bbox 1948 1196 2039 1224; x_wconf 78' lang='lat' dir='ltr'>esse,</span> <span class='ocrx_word' id='word_1_393' title='bbox 2074 1186 2140 1218; x_wconf 91' lang='lat' dir='ltr'>ali-</span> 
     </span>
     <span class='ocr_line' id='line_1_75' title="bbox 1154 1232 2140 1277; baseline 0.002 -12"><span class='ocrx_word' id='word_1_394' title='bbox 1154 1233 1216 1277; x_wconf 88' lang='lat' dir='ltr'>qui</span> <span class='ocrx_word' id='word_1_395' title='bbox 1233 1233 1336 1266; x_wconf 90' lang='lat' dir='ltr'>etiam</span> <span class='ocrx_word' id='word_1_396' title='bbox 1350 1232 1531 1267; x_wconf 88' lang='lat' dir='ltr'>Cometam</span> <span class='ocrx_word' id='word_1_397' title='bbox 1554 1234 1719 1267; x_wconf 80' lang='lat' dir='ltr'>exarsisse</span> <span class='ocrx_word' id='word_1_398' title='bbox 1742 1235 1932 1268; x_wconf 87' lang='lat' dir='ltr'>crederent.</span> <span class='ocrx_word' id='word_1_399' title='bbox 1984 1234 2140 1268; x_wconf 88' lang='lat' dir='ltr'>Biennio</span> 
     </span>
     <span class='ocr_line' id='line_1_76' title="bbox 1154 1282 2140 1329; baseline 0.004 -14"><span class='ocrx_word' id='word_1_400' title='bbox 1154 1289 1272 1316; x_wconf 87' lang='lat' dir='ltr'>tamen</span> <span class='ocrx_word' id='word_1_401' title='bbox 1297 1290 1376 1327; x_wconf 90' lang='lat' dir='ltr'>post</span> <span class='ocrx_word' id='word_1_402' title='bbox 1391 1282 1537 1318; x_wconf 87' lang='lat' dir='ltr'>Cometa</span> <span class='ocrx_word' id='word_1_403' title='bbox 1563 1284 1768 1317; x_wconf 89' lang='lat' dir='ltr'>subsecutus</span> <span class='ocrx_word' id='word_1_404' title='bbox 1790 1291 1858 1325; x_wconf 88' lang='lat' dir='ltr'>est,</span> <span class='ocrx_word' id='word_1_405' title='bbox 1887 1296 1991 1329; x_wconf 86' lang='lat' dir='ltr'>quem</span> <span class='ocrx_word' id='word_1_406' title='bbox 2017 1286 2140 1319; x_wconf 80' lang='lat' dir='ltr'>verisi-</span> 
     </span>
     <span class='ocr_line' id='line_1_77' title="bbox 1153 1333 2140 1378; baseline 0.004 -13"><span class='ocrx_word' id='word_1_407' title='bbox 1153 1333 1236 1366; x_wconf 90' lang='lat' dir='ltr'>mile</span> <span class='ocrx_word' id='word_1_408' title='bbox 1251 1340 1301 1366; x_wconf 90' lang='lat' dir='ltr'>est</span> <span class='ocrx_word' id='word_1_409' title='bbox 1319 1333 1445 1367; x_wconf 86' lang='lat' dir='ltr'>Martis</span> <span class='ocrx_word' id='word_1_410' title='bbox 1469 1335 1557 1366; x_wconf 90' lang='lat' dir='ltr'>adeo</span> <span class='ocrx_word' id='word_1_411' title='bbox 1578 1335 1771 1378; x_wconf 89' lang='lat' dir='ltr'>propinqui</span> <span class='ocrx_word' id='word_1_412' title='bbox 1792 1335 1927 1367; x_wconf 90' lang='lat' dir='ltr'>lumine</span> <span class='ocrx_word' id='word_1_413' title='bbox 1953 1335 2140 1369; x_wconf 83' lang='lat' dir='ltr'>excitatum</span> 
     </span>
     <span class='ocr_line' id='line_1_78' title="bbox 1153 1382 1596 1418; baseline 0.007 -4"><span class='ocrx_word' id='word_1_414' title='bbox 1153 1389 1186 1416; x_wconf 88' lang='lat' dir='ltr'>et</span> <span class='ocrx_word' id='word_1_415' title='bbox 1202 1382 1461 1416; x_wconf 87' lang='lat' dir='ltr'>inflammatum</span> <span class='ocrx_word' id='word_1_416' title='bbox 1479 1383 1596 1418; x_wconf 86' lang='lat' dir='ltr'>fuisse.</span> 
     </span>
    </p>

    <p class='ocr_par' dir='ltr' id='par_1_21' title="bbox 1153 1431 2141 2019">
     <span class='ocr_line' id='line_1_79' title="bbox 1256 1431 2139 1477; baseline 0.003 -12"><span class='ocrx_word' id='word_1_417' title='bbox 1256 1431 1352 1465; x_wconf 88' lang='lat' dir='ltr'>Haec</span> <span class='ocrx_word' id='word_1_418' title='bbox 1368 1433 1411 1465; x_wconf 92' lang='lat' dir='ltr'>de</span> <span class='ocrx_word' id='word_1_419' title='bbox 1426 1433 1539 1466; x_wconf 89' lang='lat' dir='ltr'>tribus</span> <span class='ocrx_word' id='word_1_420' title='bbox 1554 1433 1796 1477; x_wconf 87' lang='lat' dir='ltr'>superioribus</span> <span class='ocrx_word' id='word_1_421' title='bbox 1805 1433 1962 1467; x_wconf 85' lang='lat' dir='ltr'>Planetis</span> <span class='ocrx_word' id='word_1_422' title='bbox 1979 1431 2045 1468; x_wconf 82' lang='lat' dir='ltr'>hoc</span> <span class='ocrx_word' id='word_1_423' title='bbox 2062 1435 2139 1468; x_wconf 91' lang='lat' dir='ltr'>loco</span> 
     </span>
     <span class='ocr_line' id='line_1_80' title="bbox 1154 1481 2141 1528; baseline 0.004 -14"><span class='ocrx_word' id='word_1_424' title='bbox 1154 1481 1246 1515; x_wconf 88' lang='lat' dir='ltr'>dicta</span> <span class='ocrx_word' id='word_1_425' title='bbox 1266 1482 1462 1524; x_wconf 86' lang='lat' dir='ltr'>sufficiant,</span> <span class='ocrx_word' id='word_1_426' title='bbox 1489 1483 1527 1516; x_wconf 88' lang='lat' dir='ltr'>in</span> <span class='ocrx_word' id='word_1_427' title='bbox 1544 1495 1696 1528; x_wconf 89' lang='lat' dir='ltr'>quorum</span> <span class='ocrx_word' id='word_1_428' title='bbox 1721 1484 1876 1518; x_wconf 89' lang='lat' dir='ltr'>motibus</span> <span class='ocrx_word' id='word_1_429' title='bbox 1900 1491 2013 1519; x_wconf 88' lang='lat' dir='ltr'>certae</span> <span class='ocrx_word' id='word_1_430' title='bbox 2037 1485 2141 1528; x_wconf 82' lang='lat' dir='ltr'>leges,</span> 
     </span>
     <span class='ocr_line' id='line_1_81' title="bbox 1156 1530 2141 1575; baseline 0.003 -10"><span class='ocrx_word' id='word_1_431' title='bbox 1156 1539 1189 1566; x_wconf 91' lang='lat' dir='ltr'>et</span> <span class='ocrx_word' id='word_1_432' title='bbox 1208 1530 1414 1567; x_wconf 89' lang='lat' dir='ltr'>harmoniae</span> <span class='ocrx_word' id='word_1_433' title='bbox 1430 1534 1473 1567; x_wconf 90' lang='lat' dir='ltr'>ad</span> <span class='ocrx_word' id='word_1_434' title='bbox 1493 1541 1627 1568; x_wconf 88' lang='lat' dir='ltr'>motum</span> <span class='ocrx_word' id='word_1_435' title='bbox 1645 1533 1758 1575; x_wconf 92' lang='lat' dir='ltr'>Solis,</span> <span class='ocrx_word' id='word_1_436' title='bbox 1788 1541 1821 1568; x_wconf 88' lang='lat' dir='ltr'>et</span> <span class='ocrx_word' id='word_1_437' title='bbox 1843 1535 1932 1568; x_wconf 88' lang='lat' dir='ltr'>aliae</span> <span class='ocrx_word' id='word_1_438' title='bbox 1947 1535 2039 1569; x_wconf 87' lang='lat' dir='ltr'>vices</span> <span class='ocrx_word' id='word_1_439' title='bbox 2056 1547 2141 1569; x_wconf 90' lang='lat' dir='ltr'>con-</span> 
     </span>
     <span class='ocr_line' id='line_1_82' title="bbox 1155 1583 2141 1630; baseline 0.002 -14"><span class='ocrx_word' id='word_1_440' title='bbox 1155 1583 1373 1625; x_wconf 87' lang='lat' dir='ltr'>siderentur,</span> <span class='ocrx_word' id='word_1_441' title='bbox 1406 1596 1496 1629; x_wconf 88' lang='lat' dir='ltr'>quae</span> <span class='ocrx_word' id='word_1_442' title='bbox 1521 1585 1563 1618; x_wconf 88' lang='lat' dir='ltr'>ad</span> <span class='ocrx_word' id='word_1_443' title='bbox 1591 1596 1673 1618; x_wconf 88' lang='lat' dir='ltr'>usus</span> <span class='ocrx_word' id='word_1_444' title='bbox 1697 1586 1932 1619; x_wconf 85' lang='lat' dir='ltr'>animantium</span> <span class='ocrx_word' id='word_1_445' title='bbox 1966 1586 2141 1630; x_wconf 88' lang='lat' dir='ltr'>sapienter</span> 
     </span>
     <span class='ocr_line' id='line_1_83' title="bbox 1153 1633 2140 1670; baseline 0.004 -5"><span class='ocrx_word' id='word_1_446' title='bbox 1153 1636 1435 1668; x_wconf 85' lang='lat' dir='ltr'>accommodatae</span> <span class='ocrx_word' id='word_1_447' title='bbox 1452 1641 1544 1670; x_wconf 88' lang='lat' dir='ltr'>sunt.</span> <span class='ocrx_word' id='word_1_448' title='bbox 1577 1634 1651 1668; x_wconf 93' lang='lat' dir='ltr'>Cur</span> <span class='ocrx_word' id='word_1_449' title='bbox 1666 1636 1759 1668; x_wconf 88' lang='lat' dir='ltr'>enim</span> <span class='ocrx_word' id='word_1_450' title='bbox 1777 1637 1959 1670; x_wconf 85' lang='lat' dir='ltr'>credamus</span> <span class='ocrx_word' id='word_1_451' title='bbox 1977 1633 2041 1669; x_wconf 89' lang='lat' dir='ltr'>hos</span> <span class='ocrx_word' id='word_1_452' title='bbox 2058 1635 2140 1669; x_wconf 90' lang='lat' dir='ltr'>Pla-</span> 
     </span>
     <span class='ocr_line' id='line_1_84' title="bbox 1154 1685 2140 1726; baseline 0.003 -10"><span class='ocrx_word' id='word_1_453' title='bbox 1154 1690 1253 1717; x_wconf 90' lang='lat' dir='ltr'>netas</span> <span class='ocrx_word' id='word_1_454' title='bbox 1278 1685 1451 1718; x_wconf 87' lang='lat' dir='ltr'>divinitus</span> <span class='ocrx_word' id='word_1_455' title='bbox 1482 1685 1528 1718; x_wconf 92' lang='lat' dir='ltr'>ita</span> <span class='ocrx_word' id='word_1_456' title='bbox 1561 1686 1721 1718; x_wconf 91' lang='lat' dir='ltr'>conditos</span> <span class='ocrx_word' id='word_1_457' title='bbox 1753 1697 1846 1726; x_wconf 88' lang='lat' dir='ltr'>esse,</span> <span class='ocrx_word' id='word_1_458' title='bbox 1881 1693 1919 1720; x_wconf 93' lang='lat' dir='ltr'>ut</span> <span class='ocrx_word' id='word_1_459' title='bbox 1946 1698 2026 1719; x_wconf 83' lang='lat' dir='ltr'>curn</span> <span class='ocrx_word' id='word_1_460' title='bbox 2050 1686 2140 1719; x_wconf 89' lang='lat' dir='ltr'>circa</span> 
     </span>
     <span class='ocr_line' id='line_1_85' title="bbox 1154 1736 2138 1780; baseline 0.002 -13"><span class='ocrx_word' id='word_1_461' title='bbox 1154 1745 1284 1778; x_wconf 87' lang='lat' dir='ltr'>apogea</span> <span class='ocrx_word' id='word_1_462' title='bbox 1301 1746 1445 1768; x_wconf 89' lang='lat' dir='ltr'>suorum</span> <span class='ocrx_word' id='word_1_463' title='bbox 1463 1736 1695 1769; x_wconf 82' lang='lat' dir='ltr'>deferentium</span> <span class='ocrx_word' id='word_1_464' title='bbox 1708 1737 1880 1774; x_wconf 86' lang='lat' dir='ltr'>seruntur,</span> <span class='ocrx_word' id='word_1_465' title='bbox 1899 1743 2002 1780; x_wconf 85' lang='lat' dir='ltr'>atque</span> <span class='ocrx_word' id='word_1_466' title='bbox 2019 1742 2138 1769; x_wconf 87' lang='lat' dir='ltr'>aterra</span> 
     </span>
     <span class='ocr_line' id='line_1_86' title="bbox 1154 1784 2138 1829; baseline 0.002 -13"><span class='ocrx_word' id='word_1_467' title='bbox 1154 1785 1358 1827; x_wconf 85' lang='lat' dir='ltr'>longissime</span> <span class='ocrx_word' id='word_1_468' title='bbox 1387 1786 1534 1825; x_wconf 89' lang='lat' dir='ltr'>absunt,</span> <span class='ocrx_word' id='word_1_469' title='bbox 1570 1792 1655 1818; x_wconf 88' lang='lat' dir='ltr'>tunc</span> <span class='ocrx_word' id='word_1_470' title='bbox 1677 1784 1887 1829; x_wconf 83' lang='lat' dir='ltr'>Eclipticam</span> <span class='ocrx_word' id='word_1_471' title='bbox 1918 1786 2138 1829; x_wconf 85' lang='lat' dir='ltr'>transgressi,</span> 
     </span>
     <span class='ocr_line' id='line_1_87' title="bbox 1154 1835 2137 1881; baseline 0.002 -14"><span class='ocrx_word' id='word_1_472' title='bbox 1154 1836 1283 1868; x_wconf 92' lang='lat' dir='ltr'>nostris</span> <span class='ocrx_word' id='word_1_473' title='bbox 1303 1836 1494 1869; x_wconf 82' lang='lat' dir='ltr'>verticibus</span> <span class='ocrx_word' id='word_1_474' title='bbox 1512 1836 1693 1879; x_wconf 88' lang='lat' dir='ltr'>propiores</span> <span class='ocrx_word' id='word_1_475' title='bbox 1715 1836 1823 1869; x_wconf 86' lang='lat' dir='ltr'>fiant&#39;?</span> <span class='ocrx_word' id='word_1_476' title='bbox 1851 1835 1927 1869; x_wconf 78' lang='lat' dir='ltr'>Nisi</span> <span class='ocrx_word' id='word_1_477' title='bbox 1943 1837 2037 1881; x_wconf 91' lang='lat' dir='ltr'>quod</span> <span class='ocrx_word' id='word_1_478' title='bbox 2054 1843 2137 1870; x_wconf 87' lang='lat' dir='ltr'>tunc</span> 
     </span>
     <span class='ocr_line' id='line_1_88' title="bbox 1154 1885 2139 1928; baseline 0.002 -11"><span class='ocrx_word' id='word_1_479' title='bbox 1154 1886 1310 1928; x_wconf 82' lang='lat' dir='ltr'>oportuit</span> <span class='ocrx_word' id='word_1_480' title='bbox 1344 1886 1488 1919; x_wconf 90' lang='lat' dir='ltr'>illorum</span> <span class='ocrx_word' id='word_1_481' title='bbox 1513 1885 1604 1918; x_wconf 86' lang='lat' dir='ltr'>vires</span> <span class='ocrx_word' id='word_1_482' title='bbox 1629 1886 1765 1918; x_wconf 90' lang='lat' dir='ltr'>intendi</span> <span class='ocrx_word' id='word_1_483' title='bbox 1790 1886 1971 1919; x_wconf 89' lang='lat' dir='ltr'>radiorum</span> <span class='ocrx_word' id='word_1_484' title='bbox 1994 1886 2139 1920; x_wconf 90' lang='lat' dir='ltr'>rectitu-</span> 
     </span>
     <span class='ocr_line' id='line_1_89' title="bbox 1153 1934 2140 1981; baseline 0.002 -14"><span class='ocrx_word' id='word_1_485' title='bbox 1153 1935 1255 1975; x_wconf 85' lang='lat' dir='ltr'>dine,</span> <span class='ocrx_word' id='word_1_486' title='bbox 1281 1947 1369 1980; x_wconf 90' lang='lat' dir='ltr'>quos</span> <span class='ocrx_word' id='word_1_487' title='bbox 1386 1936 1534 1970; x_wconf 86' lang='lat' dir='ltr'>altitudo</span> <span class='ocrx_word' id='word_1_488' title='bbox 1559 1936 1727 1968; x_wconf 88' lang='lat' dir='ltr'>immensa</span> <span class='ocrx_word' id='word_1_489' title='bbox 1745 1937 1880 1981; x_wconf 89' lang='lat' dir='ltr'>alioqui</span> <span class='ocrx_word' id='word_1_490' title='bbox 1898 1934 2064 1970; x_wconf 86' lang='lat' dir='ltr'>nonnihil</span> <span class='ocrx_word' id='word_1_491' title='bbox 2078 1937 2140 1970; x_wconf 89' lang='lat' dir='ltr'>de-</span> 
     </span>
     <span class='ocr_line' id='line_1_90' title="bbox 1153 1985 1294 2019; baseline -0.007 -1"><span class='ocrx_word' id='word_1_492' title='bbox 1153 1985 1294 2019; x_wconf 80' lang='lat' dir='ltr'>bilitat?</span> 
     </span>
    </p>

    <p class='ocr_par' dir='ltr' id='par_1_22' title="bbox 1152 2035 2137 2481">
     <span class='ocr_line' id='line_1_91' title="bbox 1257 2035 2137 2080; baseline 0.002 -11"><span class='ocrx_word' id='word_1_493' title='bbox 1257 2035 1316 2069; x_wconf 89' lang='lat' dir='ltr'>Sic</span> <span class='ocrx_word' id='word_1_494' title='bbox 1347 2047 1427 2069; x_wconf 92' lang='lat' dir='ltr'>cum</span> <span class='ocrx_word' id='word_1_495' title='bbox 1454 2042 1566 2069; x_wconf 87' lang='lat' dir='ltr'>terrae</span> <span class='ocrx_word' id='word_1_496' title='bbox 1599 2035 1749 2080; x_wconf 87' lang='lat' dir='ltr'>proximi</span> <span class='ocrx_word' id='word_1_497' title='bbox 1779 2037 1868 2070; x_wconf 88' lang='lat' dir='ltr'>fiunt</span> <span class='ocrx_word' id='word_1_498' title='bbox 1901 2037 2074 2071; x_wconf 88' lang='lat' dir='ltr'>Saturnus</span> <span class='ocrx_word' id='word_1_499' title='bbox 2105 2044 2137 2070; x_wconf 85' lang='lat' dir='ltr'>et</span> 
     </span>
     <span class='ocr_line' id='line_1_92' title="bbox 1153 2084 2136 2132; baseline 0.001 -13"><span class='ocrx_word' id='word_1_500' title='bbox 1153 2084 1275 2126; x_wconf 86' lang='lat' dir='ltr'>Mars,</span> <span class='ocrx_word' id='word_1_501' title='bbox 1316 2086 1572 2132; x_wconf 86' lang='lat' dir='ltr'>detorquentur</span> <span class='ocrx_word' id='word_1_502' title='bbox 1606 2093 1705 2120; x_wconf 90' lang='lat' dir='ltr'>motu</span> <span class='ocrx_word' id='word_1_503' title='bbox 1736 2087 1936 2121; x_wconf 79' lang='lat' dir='ltr'>latitudinis</span> <span class='ocrx_word' id='word_1_504' title='bbox 1968 2100 1986 2120; x_wconf 88' lang='lat' dir='ltr'>a</span> <span class='ocrx_word' id='word_1_505' title='bbox 2015 2094 2136 2121; x_wconf 88' lang='lat' dir='ltr'>nostro</span> 
     </span>
     <span class='ocr_line' id='line_1_93' title="bbox 1154 2136 2135 2181; baseline 0.002 -13"><span class='ocrx_word' id='word_1_506' title='bbox 1154 2137 1282 2170; x_wconf 87' lang='lat' dir='ltr'>vertice</span> <span class='ocrx_word' id='word_1_507' title='bbox 1307 2137 1400 2171; x_wconf 91' lang='lat' dir='ltr'>ultra</span> <span class='ocrx_word' id='word_1_508' title='bbox 1425 2136 1636 2181; x_wconf 89' lang='lat' dir='ltr'>Eclipticam</span> <span class='ocrx_word' id='word_1_509' title='bbox 1660 2148 1778 2170; x_wconf 89' lang='lat' dir='ltr'>versus</span> <span class='ocrx_word' id='word_1_510' title='bbox 1801 2138 2002 2177; x_wconf 88' lang='lat' dir='ltr'>meridiem,</span> <span class='ocrx_word' id='word_1_511' title='bbox 2038 2149 2082 2170; x_wconf 91' lang='lat' dir='ltr'>ne</span> <span class='ocrx_word' id='word_1_512' title='bbox 2107 2137 2135 2170; x_wconf 92' lang='lat' dir='ltr'>si</span> 
     </span>
     <span class='ocr_line' id='line_1_94' title="bbox 1154 2187 2136 2232; baseline 0.001 -12"><span class='ocrx_word' id='word_1_513' title='bbox 1154 2188 1199 2220; x_wconf 89' lang='lat' dir='ltr'>ad</span> <span class='ocrx_word' id='word_1_514' title='bbox 1225 2187 1406 2222; x_wconf 83' lang='lat' dir='ltr'>radiorum</span> <span class='ocrx_word' id='word_1_515' title='bbox 1439 2188 1650 2227; x_wconf 85' lang='lat' dir='ltr'>efficaciam,</span> <span class='ocrx_word' id='word_1_516' title='bbox 1685 2199 1788 2232; x_wconf 88' lang='lat' dir='ltr'>quam</span> <span class='ocrx_word' id='word_1_517' title='bbox 1812 2200 1851 2221; x_wconf 86' lang='lat' dir='ltr'>ex</span> <span class='ocrx_word' id='word_1_518' title='bbox 1873 2188 2136 2232; x_wconf 84' lang='lat' dir='ltr'>propinquitate</span> 
     </span>
     <span class='ocr_line' id='line_1_95' title="bbox 1153 2234 2134 2282; baseline 0.001 -12"><span class='ocrx_word' id='word_1_519' title='bbox 1153 2234 1297 2278; x_wconf 86' lang='lat' dir='ltr'>hahent,</span> <span class='ocrx_word' id='word_1_520' title='bbox 1315 2238 1419 2271; x_wconf 89' lang='lat' dir='ltr'>etiam</span> <span class='ocrx_word' id='word_1_521' title='bbox 1438 2239 1631 2272; x_wconf 90' lang='lat' dir='ltr'>eorundem</span> <span class='ocrx_word' id='word_1_522' title='bbox 1650 2238 1821 2271; x_wconf 85' lang='lat' dir='ltr'>rectitudo</span> <span class='ocrx_word' id='word_1_523' title='bbox 1839 2238 2028 2278; x_wconf 87' lang='lat' dir='ltr'>accederet,</span> <span class='ocrx_word' id='word_1_524' title='bbox 2045 2249 2134 2282; x_wconf 83' lang='lat' dir='ltr'>quae</span> 
     </span>
     <span class='ocr_line' id='line_1_96' title="bbox 1154 2287 2134 2332; baseline 0 -11"><span class='ocrx_word' id='word_1_525' title='bbox 1154 2299 1290 2332; x_wconf 89' lang='lat' dir='ltr'>semper</span> <span class='ocrx_word' id='word_1_526' title='bbox 1307 2289 1489 2322; x_wconf 87' lang='lat' dir='ltr'>radiorum</span> <span class='ocrx_word' id='word_1_527' title='bbox 1515 2289 1605 2321; x_wconf 87' lang='lat' dir='ltr'>vires</span> <span class='ocrx_word' id='word_1_528' title='bbox 1628 2295 1749 2331; x_wconf 86' lang='lat' dir='ltr'>auget,</span> <span class='ocrx_word' id='word_1_529' title='bbox 1778 2287 1876 2320; x_wconf 87' lang='lat' dir='ltr'>Mars</span> <span class='ocrx_word' id='word_1_530' title='bbox 1902 2288 2013 2321; x_wconf 88' lang='lat' dir='ltr'>nimio</span> <span class='ocrx_word' id='word_1_531' title='bbox 2038 2295 2134 2321; x_wconf 85' lang='lat' dir='ltr'>aestu</span> 
     </span>
     <span class='ocr_line' id='line_1_97' title="bbox 1155 2337 2134 2381; baseline -0.001 -9"><span class='ocrx_word' id='word_1_532' title='bbox 1155 2345 1305 2372; x_wconf 87' lang='lat' dir='ltr'>torreret</span> <span class='ocrx_word' id='word_1_533' title='bbox 1321 2346 1354 2373; x_wconf 88' lang='lat' dir='ltr'>et</span> <span class='ocrx_word' id='word_1_534' title='bbox 1371 2346 1528 2373; x_wconf 85' lang='lat' dir='ltr'>exureret</span> <span class='ocrx_word' id='word_1_535' title='bbox 1546 2346 1693 2378; x_wconf 87' lang='lat' dir='ltr'>terram,</span> <span class='ocrx_word' id='word_1_536' title='bbox 1721 2337 1894 2372; x_wconf 88' lang='lat' dir='ltr'>Saturnus</span> <span class='ocrx_word' id='word_1_537' title='bbox 1917 2338 2027 2371; x_wconf 87' lang='lat' dir='ltr'>nimio</span> <span class='ocrx_word' id='word_1_538' title='bbox 2055 2339 2134 2381; x_wconf 87' lang='lat' dir='ltr'>gelu</span> 
     </span>
     <span class='ocr_line' id='line_1_98' title="bbox 1154 2386 2133 2433; baseline -0.002 -11"><span class='ocrx_word' id='word_1_539' title='bbox 1154 2390 1407 2433; x_wconf 85' lang='lat' dir='ltr'>constringeret</span> <span class='ocrx_word' id='word_1_540' title='bbox 1439 2390 1591 2429; x_wconf 87' lang='lat' dir='ltr'>diutius,</span> <span class='ocrx_word' id='word_1_541' title='bbox 1631 2394 1663 2421; x_wconf 85' lang='lat' dir='ltr'>et</span> <span class='ocrx_word' id='word_1_542' title='bbox 1688 2386 1847 2422; x_wconf 86' lang='lat' dir='ltr'>effoetam</span> <span class='ocrx_word' id='word_1_543' title='bbox 1869 2389 2033 2423; x_wconf 86' lang='lat' dir='ltr'>redderet</span> <span class='ocrx_word' id='word_1_544' title='bbox 2054 2389 2133 2421; x_wconf 75' lang='lat' dir='ltr'>ani-</span> 
     </span>
     <span class='ocr_line' id='line_1_99' title="bbox 1152 2441 1694 2481; baseline -0.007 -7"><span class='ocrx_word' id='word_1_545' title='bbox 1152 2441 1326 2474; x_wconf 87' lang='lat' dir='ltr'>mantium</span> <span class='ocrx_word' id='word_1_546' title='bbox 1344 2441 1461 2474; x_wconf 90' lang='lat' dir='ltr'>sedem</span> <span class='ocrx_word' id='word_1_547' title='bbox 1484 2447 1517 2473; x_wconf 91' lang='lat' dir='ltr'>et</span> <span class='ocrx_word' id='word_1_548' title='bbox 1537 2449 1694 2481; x_wconf 90' lang='lat' dir='ltr'>corpora.</span> 
     </span>
    </p>

    <p class='ocr_par' dir='ltr' id='par_1_23' title="bbox 1152 2487 2133 2684">
     <span class='ocr_line' id='line_1_100' title="bbox 1256 2487 2128 2534; baseline -0.002 -10"><span class='ocrx_word' id='word_1_549' title='bbox 1256 2490 1375 2534; x_wconf 89' lang='lat' dir='ltr'>Quare</span> <span class='ocrx_word' id='word_1_550' title='bbox 1402 2491 1450 2524; x_wconf 90' lang='lat' dir='ltr'>sic</span> <span class='ocrx_word' id='word_1_551' title='bbox 1481 2488 1688 2532; x_wconf 88' lang='lat' dir='ltr'>temperavit</span> <span class='ocrx_word' id='word_1_552' title='bbox 1720 2487 1997 2531; x_wconf 86' lang='lat' dir='ltr'>sapientissimus</span> <span class='ocrx_word' id='word_1_553' title='bbox 2023 2496 2056 2522; x_wconf 91' lang='lat' dir='ltr'>et</span> <span class='ocrx_word' id='word_1_554' title='bbox 2074 2490 2128 2522; x_wconf 89' lang='lat' dir='ltr'>be-</span> 
     </span>
     <span class='ocr_line' id='line_1_101' title="bbox 1152 2536 2133 2585; baseline -0.003 -11"><span class='ocrx_word' id='word_1_555' title='bbox 1152 2541 1379 2585; x_wconf 85' lang='lat' dir='ltr'>nignissimus</span> <span class='ocrx_word' id='word_1_556' title='bbox 1400 2540 1562 2573; x_wconf 90' lang='lat' dir='ltr'>conditor</span> <span class='ocrx_word' id='word_1_557' title='bbox 1582 2544 1739 2578; x_wconf 82' lang='lat' dir='ltr'>naturae,</span> <span class='ocrx_word' id='word_1_558' title='bbox 1766 2536 1893 2572; x_wconf 88' lang='lat' dir='ltr'>horum</span> <span class='ocrx_word' id='word_1_559' title='bbox 1909 2539 2133 2573; x_wconf 78' lang='lat' dir='ltr'>Planetarurn</span> 
     </span>
     <span class='ocr_line' id='line_1_102' title="bbox 1153 2588 2131 2631; baseline -0.005 -5"><span class='ocrx_word' id='word_1_560' title='bbox 1153 2593 1355 2626; x_wconf 80' lang='lat' dir='ltr'>effectiones</span> <span class='ocrx_word' id='word_1_561' title='bbox 1373 2590 1475 2623; x_wconf 88' lang='lat' dir='ltr'>certis</span> <span class='ocrx_word' id='word_1_562' title='bbox 1494 2596 1653 2622; x_wconf 88' lang='lat' dir='ltr'>motuum</span> <span class='ocrx_word' id='word_1_563' title='bbox 1674 2588 1828 2631; x_wconf 85' lang='lat' dir='ltr'>legibus,</span> <span class='ocrx_word' id='word_1_564' title='bbox 1854 2597 1894 2623; x_wconf 89' lang='lat' dir='ltr'>ut</span> <span class='ocrx_word' id='word_1_565' title='bbox 1919 2591 2036 2623; x_wconf 88' lang='lat' dir='ltr'>minus</span> <span class='ocrx_word' id='word_1_566' title='bbox 2060 2590 2131 2622; x_wconf 78' lang='lat' dir='ltr'>lae-</span> 
     </span>
     <span class='ocr_line' id='line_1_103' title="bbox 1154 2639 1908 2684; baseline -0.004 -8"><span class='ocrx_word' id='word_1_567' title='bbox 1154 2643 1236 2676; x_wconf 88' lang='lat' dir='ltr'>dere</span> <span class='ocrx_word' id='word_1_568' title='bbox 1255 2652 1309 2675; x_wconf 81' lang='lat' dir='ltr'>res</span> <span class='ocrx_word' id='word_1_569' title='bbox 1324 2646 1505 2674; x_wconf 82' lang='lat' dir='ltr'>nascentes</span> <span class='ocrx_word' id='word_1_570' title='bbox 1528 2645 1561 2672; x_wconf 87' lang='lat' dir='ltr'>et</span> <span class='ocrx_word' id='word_1_571' title='bbox 1578 2639 1746 2673; x_wconf 88' lang='lat' dir='ltr'>animalia</span> <span class='ocrx_word' id='word_1_572' title='bbox 1762 2639 1908 2684; x_wconf 84' lang='lat' dir='ltr'>possint.</span> 
     </span>
    </p>
   </div>
   <div class='ocr_carea' id='block_1_19' title="bbox 1463 2690 1508 2724">
    <p class='ocr_par' dir='ltr' id='par_1_24' title="bbox 1463 2690 1508 2724">
     <span class='ocr_line' id='line_1_104' title="bbox 1463 2690 1508 2724; baseline 0.022 -1"><span class='ocrx_word' id='word_1_573' title='bbox 1463 2690 1508 2724; x_wconf 88' lang='grc'>18</span> 
     </span>
    </p>
   </div>
  </div>
 </body>
</html>
