2379 2948
199 127 290 161 1191

788 120 911 155 PHIL.
940 118 1056 154 MEL.
1085 118 1295 154 SCRPITA
1321 116 1618 154 EXEGETICA.

2117 116 2214 159 1192

198 211 410 257 potentiam,
438 210 526 242 sicut
545 219 623 240 vere
644 207 801 240 videmus
812 205 1007 240 Ecclesiam
1024 206 1098 239 sine
1116 204 1185 239 hu-
1215 212 1217 238 !
1244 204 1280 238 id
1307 212 1376 246 est,
1403 204 1599 238 doctrinam
1624 211 1741 246 tuam,
1777 205 1830 238 fac
1857 212 1897 239 ut
1919 213 2009 240 recte
2031 207 2225 253 intelligam

199 263 312 296 manis
331 260 512 306 praesidiis
532 271 620 299 esse,
646 258 725 291 ideo
743 264 781 290 tu
799 258 844 292 sis
862 264 1050 301 protector.

300 312 457 355 Quartus
498 310 670 343 consessio
713 315 778 341 est:
831 307 951 352 Diligo
988 308 1187 342 doctrinam

201 373 307 398 tuum.

305 412 461 456 Quintus
482 413 634 456 precatio
660 418 781 445 contra
798 411 1034 444 adversarios:
1062 407 1188 442 Incre-

199 477 248 512 pa
268 462 460 511 superbos,
489 460 680 496 maledicti
694 461 759 509 qui
778 459 963 495 declinant
986 473 1009 494 a
1029 457 1189 494 manda-

205 516 252 549 tis
275 515 360 549 tuis.
409 513 581 559 Expressa
606 514 854 547 condemnatio
885 520 935 546 est
961 524 1190 556 corrumpen-

203 568 291 600 tium
325 566 543 606 doctrinam,
578 577 665 609 quos
694 565 857 598 nominat
883 564 1072 608 superbos,
1107 563 1189 607 quia

204 625 284 651 suut
300 617 375 649 siue
393 617 519 650 timore
532 616 615 654 Dei,
645 623 678 649 et
693 616 819 649 fiducia
838 627 919 648 suae
942 614 1133 658 sapientiae
1158 619 1190 647 et

204 669 382 712 potentiae
415 668 605 710 religiones
639 674 671 700 et
695 669 861 709 dogmata
895 665 1107 699 constituere
1132 677 1190 697 co-

205 726 348 753 nantur.
413 717 461 752 Ut
489 715 837 758 Nabuchodonosor,
872 716 1074 760 pontifices,
1110 715 1190 748 Ma-

205 769 343 810 homet,
373 768 640 809 samosatenus,
664 767 807 807 Arrius,
834 766 997 809 Pelagius
1016 773 1047 799 et
1065 767 1138 801 alii.

307 820 432 853 Sextus
460 827 494 853 et
521 820 689 864 septimus
722 829 842 851 versus
877 818 1031 862 precatio
1069 823 1190 851 contra

206 878 459 915 persecutores:
488 870 569 903 Non
596 870 690 903 sinas
715 869 819 902 obrui
842 866 1047 903 Ecclesiam.
1100 867 1190 901 Nam

207 929 237 955 et
260 921 436 966 principes
451 922 685 954 adversantur
701 920 816 953 nobis.

307 970 465 1005 Octavus
495 983 615 1005 versus
646 969 817 1004 confessio
853 977 919 1004 est:
970 969 1191 1003 Testimonia

207 1030 263 1057 tua
280 1030 361 1057 sunt
378 1035 453 1056 mea
472 1022 673 1061 meditatio,
702 1029 734 1056 et
751 1028 831 1055 sunt
848 1021 917 1054 mei
935 1021 1140 1067 consiliarii.

597 1115 621 1145 -ι
651 1105 803 1141 Date-nh.

252 1167 439 1203 Adhaesit
468 1168 616 1211 pulveri
649 1170 779 1201 anima
810 1178 916 1209 mea,
958 1165 1105 1214 vivifica
1132 1177 1191 1200 me

252 1218 457 1253 secundum
478 1218 627 1253 verbum
646 1224 760 1253 tuum.

304 1285 399 1318 Pene
417 1285 546 1328 singuli
571 1298 690 1319 versus
705 1292 787 1318 sunt
811 1286 1046 1329 precationes,
1074 1292 1113 1318 ut
1136 1285 1190 1317 iu-

205 1343 307 1370 vetur
325 1343 357 1370 et
374 1344 412 1370 ut
432 1338 618 1377 doceatur,
645 1344 679 1370 et
695 1347 854 1379 expresse
877 1337 960 1370 citat
984 1336 1191 1380 promissio-

206 1399 301 1419 nem:
333 1384 493 1430 Virifica
513 1399 566 1419 me
586 1386 689 1420 verbo
708 1391 780 1421 tuo.
810 1386 981 1430 Agnoscit
998 1385 1088 1420 hanc
1104 1399 1190 1419 con—

204 1438 409 1470 solationem
448 1438 522 1469 fieri
547 1440 673 1479 verbo,
706 1444 738 1470 et
767 1438 957 1482 acquiescit
979 1438 1016 1469 in
1040 1437 1191 1481 promis-

205 1489 322 1529 sione,
352 1489 441 1521 sicut
466 1489 556 1521 infra
578 1489 679 1522 dicit:
705 1487 882 1522 Sustinuit
909 1488 1026 1521 anima
1050 1500 1127 1521 mea
1152 1489 1190 1520 in

204 1539 311 1571 verbo
338 1539 431 1579 eius,
464 1540 615 1582 speravit
636 1539 753 1572 anima
778 1551 853 1571 mea
878 1539 916 1571 in
942 1538 1117 1579 Domino,
1153 1539 1188 1572 id

204 1596 272 1629 est,
300 1601 429 1634 quaero
446 1588 640 1622 Dominum
665 1590 702 1621 in
722 1590 971 1632 promissione,
1000 1596 1032 1622 et
1049 1590 1189 1633 acquie-

204 1652 260 1672 sco
282 1640 318 1672 in
328 1639 482 1673 Domino
500 1647 643 1684 propter
661 1639 943 1683 promissionem.
995 1639 1066 1673 Nec
1083 1652 1189 1683 quae-

204 1692 311 1723 renda
328 1698 377 1724 est
393 1691 458 1723 alia
477 1691 692 1724 illuminatio
716 1696 810 1724 extra
836 1691 1002 1731 verbum,
1029 1697 1067 1724 ut
1083 1689 1189 1726 Rom.
1222 1707 1225 1711 ·

208 1741 261 1775 15.
278 1742 421 1775 dicitur:
466 1740 511 1775 Ut
535 1753 596 1785 per
621 1741 824 1785 patientiam
855 1748 887 1775 et
911 1741 1189 1775 consolationem

203 1793 454 1835 scripturarum
477 1804 573 1836 spem
600 1790 808 1833 habeamus,
835 1799 874 1826 ut
889 1792 998 1826 infra:
1026 1792 1189 1826 Lucerna

204 1844 352 1887 pedihus
370 1843 454 1876 meis
473 1844 619 1876 verbum
637 1851 750 1877 tuum.

305 1894 509 1938 Sequuntur
531 1894 693 1938 querelae
723 1895 766 1927 de
792 1895 986 1927 aerumnis:
1024 1891 1125 1927 Iacet
1150 1893 1187 1927 in

201 1943 345 1990 pulvere
364 1944 492 1976 anima
513 1956 591 1977 mea
604 1972 612 1984 ,
639 1944 784 1978 Vivifica
802 1957 857 1978 me
875 1947 982 1978 verbo
1000 1952 1073 1979 tuo.
1126 1945 1189 1979 Est

204 1996 339 2038 petitio:
368 1994 464 2028 Doce
482 2007 536 2027 me
561 1996 822 2029 iustificationes
839 2003 932 2037 tuas,
960 2003 1025 2030 etc.

304 2043 554 2082 Dormitahit,
571 2046 623 2078 xel
639 2043 865 2094 Liquesacta
885 2051 934 2080 est
951 2047 1080 2080 anima
1097 2059 1187 2087 mea,

202 2097 363 2141 repetitio
386 2109 654 2139 aerumnarum,
689 2098 764 2129 noli
795 2110 851 2130 me
881 2099 1114 2140 confundere,
1151 2100 1187 2133 id

203 2156 268 2187 est,
304 2160 376 2180 non
400 2148 494 2180 sinas
519 2159 573 2180 me
601 2148 792 2189 confundi,
829 2161 903 2181 non
925 2150 1018 2183 sinas
1050 2151 1187 2184 labores

203 2211 297 2232 meos
317 2210 388 2232 esse
406 2199 535 2232 irritos·

637 2282 663 2311 Π
693 2274 756 2309 He,

251 2334 389 2378 Legem
417 2343 515 2376 pone
545 2332 638 2367 milii
662 2334 822 2368 Domine
839 2336 938 2369 viam
955 2339 1188 2370 statutorum

251 2388 398 2417 tuorum
408 2408 420 2426 ,
447 2388 489 2417 ut
505 2383 714 2419 custodiam
731 2396 776 2419 ea
793 2397 952 2431 semper.

300 2449 439 2492 Singuli
465 2463 585 2483 versus
616 2458 697 2485 sunt
721 2452 957 2496 precationes,
992 2459 1032 2486 ut
1059 2452 1184 2485 docea-

200 2505 275 2538 tur,
303 2508 460 2542 regatur‚
488 2503 735 2541 confirmetur,
764 2504 986 2538 defendatur.
1041 2502 1184 2536 Tenen-

200 2549 243 2581 da
271 2556 320 2581 est
345 2558 459 2583 autem
484 2553 600 2585 nativa
618 2553 807 2587 verborum
831 2554 1094 2598 interpretatio,
1122 2555 1183 2588 ubi

199 2610 261 2631 nos
286 2600 448 2642 legimus:
490 2600 624 2647 Legem
658 2615 751 2650 pone
779 2601 876 2637 mihi
897 2603 1059 2638 Domine
1087 2604 1183 2638 viam

198 2647 496 2693 iustificationum
517 2657 676 2693 tuarum,
702 2656 922 2689 commodior
937 2656 1181 2701 interpretatio

198 2708 260 2734 est:
295 2700 390 2735 Doce
418 2715 472 2735 me
495 2702 646 2738 Domine
674 2706 766 2739 viam
791 2713 1002 2742 statutorum
1026 2715 1181 2747 tuorum,

1243 256 1444 290 universam
1462 256 1659 290 doctrinam
1674 257 1911 290 fundamenti.

1344 304 1470 339 Aueria
1501 304 1624 340 oculos
1654 318 1748 340 meos
1773 318 1815 339 ne
1841 304 1987 340 videant
2018 307 2227 351 vanitatem,

1242 358 1280 391 id
1299 365 1348 392 est
1360 383 1370 397 ‚
1396 369 1475 400 rege
1491 365 1642 391 mentem
1663 365 1695 392 et
1712 370 1771 391 cor
1788 370 1925 399 meum,
1947 370 1990 391 ne
2008 365 2151 402 propter
2171 372 2226 393 res

1242 420 1369 450 vanas,
1398 420 1498 453 opeS‚
1525 409 1733 456 potentiam,
1758 409 1926 452 gloriam,
1954 409 2150 453 voluptates
2167 411 2228 444 de-

1243 459 1356 493 ficiam
1375 472 1394 492 a
1413 461 1520 492 verbo
1538 467 1609 494 tuo.

1345 508 1474 543 Statue
1502 522 1603 543 serro
1637 514 1698 543 luo
1725 509 1907 558 eloquium
1939 514 2059 550 tuum,
2094 511 2129 543 id
2167 516 2229 549 est,

1247 561 1417 594 confirma
1440 573 1579 595 servum
1602 569 1702 596 tuum
1722 570 1767 598 ⁴ut
1795 562 1942 595 firmiter
1966 569 2000 595 et
2027 568 2228 595 constanter

1243 612 1412 646 retineam
1437 612 1617 657 eloquium
1644 620 1761 653 tuum,
1792 619 1825 646 et
1850 621 1887 647 ut
1912 621 1944 646 te
1969 625 2049 645 vere
2076 612 2231 652 timeam,

1245 670 1277 696 et
1300 663 1490 696 anteferam
1515 664 1606 696 odiis
1632 670 1664 696 et
1690 663 1796 696 minis
1820 670 2022 707 potentum,
2050 663 2149 708 quasi
2174 663 2230 696 di-

1245 720 1318 755 cat,
1345 721 1383 747 ut
1400 720 1433 747 te
1450 713 1610 755 timeam,
1637 726 1710 746 non
1728 716 1919 755 mundum,
1947 716 2037 748 sicut
2053 713 2229 747 Dominus

1245 765 1377 810 inquit:
1405 763 1458 797 Ne
1483 765 1633 799 timeatis
1659 776 1718 797 eos
1735 765 1794 809 qui
1811 773 1959 810 possunt
1974 766 2132 798 occidere
2150 776 2228 798 cor-

1244 827 1327 860 puS,
1354 816 1413 849 sed
1431 815 1549 849 timete
1558 815 1691 857 Deum,
1718 816 1777 860 qui
1796 823 1908 859 potest
1926 817 2081 850 animam
2099 823 2132 850 et
2150 827 2228 849 cor-

1244 878 1309 911 pus
1330 867 1486 911 perdere.
2232 894 2237 899 .

1346 915 1508 963 Ampula
1524 916 1770 964 opprobium,
1800 917 1834 950 id
1852 923 1920 958 est,
1947 918 2044 951 aufer
2061 915 2128 950 hoc
2147 928 2231 961 pro-

1245 970 1348 1002 brum
1361 996 1371 1009 ,
1398 969 1492 1014 quod
1511 969 1625 1002 deleto
1644 969 1751 1002 verbo
1772 976 1804 1002 et
1822 980 1985 1012 oppressa
2002 967 2159 1002 Ecclesia
2176 979 2231 1001 se-

1245 1027 1429 1065 queretur,
1464 1031 1539 1052 non
1568 1019 1674 1053 sinito
1705 1017 1926 1063 triumphare
1949 1019 2168 1052 adversarios
2194 1024 2228 1051 et

1246 1082 1303 1103 eos
1322 1071 1502 1103 cumulare
1518 1068 1776 1114 blasphemias,
1803 1070 1892 1103 sicut
1916 1076 1948 1103 et
1969 1069 2056 1103 alibi
2080 1069 2229 1103 dicitur:

1245 1121 1298 1155 Ne
1314 1121 1450 1160 dicant,
1478 1121 1541 1155 ubi
1558 1128 1607 1155 est
1622 1122 1721 1155 Deus
1739 1121 1885 1155 eorum?

1678 1221 1691 1250 Ἰ
1719 1212 1808 1248 Vau.

1295 1284 1341 1315 Et
1358 1283 1490 1315 veniat
1498 1292 1607 1326 super
1624 1292 1684 1318 me
1699 1281 1961 1316 misericordia
1975 1285 2044 1315 tua
2054 1278 2229 1323 Domine,

1295 1333 1467 1367 salutare
1483 1337 1592 1367 tumn
1608 1332 1816 1368 secundum
1834 1335 2024 1378 eloquium
2042 1336 2160 1366 tuum.

1324 1428 1332 1435 ·
1345 1407 1487 1440 Primus
1501 1418 1621 1441 versus
1639 1414 1688 1441 est
1704 1407 1858 1452 precatio
1870 1434 1879 1448 ‚
1906 1406 2037 1441 Veniat
2052 1417 2157 1450 super
2173 1417 2229 1439 me

1245 1465 1309 1494 etc.
1326 1470 1415 1504 quae
1430 1459 1590 1492 intuetur
1606 1459 1880 1503 promissionem
1897 1457 2170 1492 misericordiae.

1345 1508 1529 1543 Secundus
1557 1510 1729 1542 confessio
1756 1516 1815 1544 est.

1346 1559 1489 1592 Tertius
1518 1560 1688 1603 precatio:
1717 1558 1763 1593 Et
1784 1572 1828 1592 ne
1852 1559 1989 1592 auferas
2006 1565 2071 1592 etc.

1346 1609 1503 1652 Quartus
1541 1610 1730 1643 confessio:
1780 1609 1829 1645 Et
1870 1610 2066 1644 custodiam
2099 1609 2229 1654 Legem

1243 1666 1360 1699 tuam,
1387 1667 1450 1693 etc.

1346 1709 1503 1753 Quintus
1533 1711 1746 1745 consolatio:
1780 1708 1992 1745 Ambulabo
2020 1711 2060 1744 in
2095 1709 2227 1744 latitu-

1244 1759 1345 1803 dine,
1385 1763 1422 1796 id
1453 1769 1520 1803 est,
1554 1760 1691 1796 habebo
1726 1763 2024 1804 consolationem,
2058 1762 2229 1801 laetabor,

1243 1814 1325 1859 quia
1350 1820 1410 1847 tua
1434 1813 1595 1847 doctrina
1624 1826 1680 1847 me
1702 1821 1878 1853 sustento,
1913 1821 1947 1848 et
1969 1820 2008 1847 tu
2033 1825 2088 1847 me
2112 1824 2228 1847 servas

1242 1871 1386 1909 propter
1410 1865 1559 1908 gloriam
1591 1870 1701 1899 tuam.
1760 1864 1897 1899 Caeteri
1925 1871 2008 1899 sunt
2039 1864 2227 1898 consessio:

1241 1912 1443 1963 Loquebar
1456 1912 1498 1948 de
1515 1913 1734 1949 testimoniis
1747 1915 1834 1950 tuis.

1662 2010 1675 2041 τ
1703 2001 1804 2034 Zain.

1292 2071 1434 2104 Memor
1456 2074 1532 2104 esto
1549 2068 1647 2104 verbi
1663 2071 1763 2103 servi
1780 2070 1857 2112 tui,
1878 2070 1917 2103 in
1932 2079 1998 2113 quo
2011 2066 2106 2103 mihi·
2121 2079 2225 2113 spem

1294 2120 1448 2155 dedisti.

1345 2193 1496 2228 Illemor
1515 2198 1587 2228 esto
1605 2193 1713 2235 verbi,
1737 2197 1798 2228 etc.
1853 2193 1994 2227 Primus
2013 2204 2131 2226 versus
2146 2204 2226 2237 pre-

1242 2248 1332 2282 catio
1357 2254 1424 2288 est,
1458 2248 1495 2279 in
1518 2259 1585 2291 qua
1611 2246 1752 2279 intuens
1778 2245 2048 2288 promissionem
2076 2244 2161 2288 petit
2187 2254 2224 2276 se

1241 2299 1356 2333 iuvari
1373 2305 1406 2332 et
1426 2297 1567 2331 servari.
1620 2295 1672 2330 Ac
1689 2303 1728 2330 ut
1745 2308 1846 2341 saepe
1865 2296 1968 2336 alias,
1984 2295 2138 2328 ostendit
2155 2292 2221 2327 hoc

1242 2350 1422 2393 exemplo,
1438 2369 1441 2372 ·
1458 2348 1636 2394 quomodo
1660 2348 1735 2380 fieri
1768 2347 2028 2381 invocationem
2053 2350 2223 2390 oporteat,

1241 2409 1274 2436 et
1289 2402 1417 2435 deiude
1435 2400 1612 2445 quomodo
1639 2399 1696 2432 fiat
1711 2398 1915 2432 consolatio.
1966 2397 2005 2431 In
2022 2395 2222 2441 precatione

1240 2454 1441 2486 intueamur
1466 2450 1735 2495 promissionem
1766 2457 1800 2483 et
1832 2447 1925 2482 hunc
1951 2459 2072 2481 verum
2093 2446 2221 2486 Deum,

1239 2504 1300 2550 qui
1317 2516 1350 2536 se
1367 2502 1505 2536 traditis
1525 2501 1820 2545 promissionibus
1835 2500 2012 2543 patefecit,
2039 2504 2071 2531 et
2089 2497 2220 2531 consti-

1238 2556 1306 2589 tuit
1322 2553 1556 2587 Mediatorem
1575 2565 1613 2586 ac
1629 2551 1916 2599 Propiciatorem.
1952 2549 2088 2583 Deinde
2107 2559 2220 2594 quan-

1238 2618 1342 2652 quam
1364 2602 1585 2637 horribiliter
1607 2615 1669 2637 nos
1693 2603 1885 2646 indignitas
1911 2607 2028 2633 nostra
2054 2602 2216 2639 deterret,

1237 2664 1354 2691 tamen
1387 2655 1472 2688 fides
1500 2655 1671 2688 anteferat
1704 2652 1971 2697 promissionem
2002 2651 2161 2684 divinam
2184 2655 2218 2682 et

1236 2707 1492 2747 Mediatorem,
1525 2713 1558 2740 et
1585 2706 1757 2739 eluctetur
1778 2715 1818 2737 ex
1846 2701 2087 2744 dubitatione,
2122 2706 2217 2747 petat
