<?xml version="1.0" encoding="UTF-8"?>
<!DOCTYPE html PUBLIC "-//W3C//DTD XHTML 1.0 Transitional//EN"
    "http://www.w3.org/TR/xhtml1/DTD/xhtml1-transitional.dtd">
<html xmlns="http://www.w3.org/1999/xhtml" xml:lang="en" lang="en">
 <head>
  <title>
</title>
<meta http-equiv="Content-Type" content="text/html;charset=utf-8" />
  <meta name='ocr-system' content='tesseract 3.04.00' />
  <meta name='ocr-capabilities' content='ocr_page ocr_carea ocr_par ocr_line ocrx_word'/>
</head>
<body>
  <div class='ocr_page' id='page_1' title='image "./operaquaesupersu13melauoft_0440.png"; bbox 0 0 2379 2948; ppageno 0'>
   <div class='ocr_carea' id='block_1_1' title="bbox 215 100 287 139">
    <p class='ocr_par' dir='ltr' id='par_1_1' title="bbox 215 100 287 139">
     <span class='ocr_line' id='line_1_1' title="bbox 215 100 287 139; baseline 0 -1"><span class='ocrx_word' id='word_1_1' title='bbox 215 100 287 139; x_wconf 79' lang='lat'>855</span> 
     </span>
    </p>
   </div>
   <div class='ocr_carea' id='block_1_2' title="bbox 213 184 1199 279">
    <p class='ocr_par' dir='ltr' id='par_1_2' title="bbox 213 184 1199 279">
     <span class='ocr_line' id='line_1_2' title="bbox 214 184 1199 230; baseline -0.001 -11"><span class='ocrx_word' id='word_1_2' title='bbox 214 187 256 220; x_wconf 86' lang='lat' dir='ltr'>ad</span> <span class='ocrx_word' id='word_1_3' title='bbox 279 185 388 230; x_wconf 88' lang='lat' dir='ltr'>ipsius</span> <span class='ocrx_word' id='word_1_4' title='bbox 408 185 655 218; x_wconf 72' lang='lat' dir='ltr'>conscientiam</span> <span class='ocrx_word' id='word_1_5' title='bbox 673 184 814 228; x_wconf 79' lang='lat' dir='ltr'>proprie</span> <span class='ocrx_word' id='word_1_6' title='bbox 831 186 1019 229; x_wconf 72' lang='lat' dir='ltr'>pertinuit,</span> <span class='ocrx_word' id='word_1_7' title='bbox 1042 198 1113 219; x_wconf 91' lang='lat' dir='ltr'>non</span> <span class='ocrx_word' id='word_1_8' title='bbox 1132 186 1199 218; x_wconf 91' lang='lat' dir='ltr'>mi-</span> 
     </span>
     <span class='ocr_line' id='line_1_3' title="bbox 213 235 887 279; baseline -0.004 -8"><span class='ocrx_word' id='word_1_9' title='bbox 213 248 281 271; x_wconf 89' lang='lat' dir='ltr'>nus</span> <span class='ocrx_word' id='word_1_10' title='bbox 298 237 506 270; x_wconf 78' lang='lat' dir='ltr'>miraculum</span> <span class='ocrx_word' id='word_1_11' title='bbox 524 235 591 268; x_wconf 87' lang='lat' dir='ltr'>suit</span> <span class='ocrx_word' id='word_1_12' title='bbox 607 246 710 279; x_wconf 89' lang='lat' dir='ltr'>quam</span> <span class='ocrx_word' id='word_1_13' title='bbox 725 235 887 272; x_wconf 85' lang='lat' dir='ltr'>alterum.</span> 
     </span>
    </p>
   </div>
   <div class='ocr_carea' id='block_1_3' title="bbox 667 310 752 347">
    <p class='ocr_par' dir='ltr' id='par_1_3' title="bbox 667 310 752 347">
     <span class='ocr_line' id='line_1_4' title="bbox 667 310 752 347; baseline 0.035 -3"><span class='ocrx_word' id='word_1_14' title='bbox 667 310 752 347; x_wconf 85' lang='lat'>1111.</span> 
     </span>
    </p>
   </div>
   <div class='ocr_carea' id='block_1_4' title="bbox 213 370 1230 1322">
    <p class='ocr_par' dir='ltr' id='par_1_4' title="bbox 317 370 1201 415">
     <span class='ocr_line' id='line_1_5' title="bbox 317 370 1201 415; baseline 0.002 -11"><span class='ocrx_word' id='word_1_15' title='bbox 317 370 453 413; x_wconf 85' lang='lat' dir='ltr'>Quarto</span> <span class='ocrx_word' id='word_1_16' title='bbox 478 370 678 414; x_wconf 86' lang='lat' dir='ltr'>exemplum</span> <span class='ocrx_word' id='word_1_17' title='bbox 703 371 747 403; x_wconf 90' lang='lat' dir='ltr'>de</span> <span class='ocrx_word' id='word_1_18' title='bbox 774 370 914 405; x_wconf 89' lang='lat' dir='ltr'>iniustis</span> <span class='ocrx_word' id='word_1_19' title='bbox 939 372 1074 415; x_wconf 85' lang='lat' dir='ltr'>legibus</span> <span class='ocrx_word' id='word_1_20' title='bbox 1090 380 1201 406; x_wconf 89' lang='lat' dir='ltr'>retra-</span> 
     </span>
    </p>

    <p class='ocr_par' dir='ltr' id='par_1_5' title="bbox 215 419 1159 542">
     <span class='ocr_line' id='line_1_6' title="bbox 215 419 1159 465; baseline 0.002 -9"><span class='ocrx_word' id='word_1_21' title='bbox 215 422 369 463; x_wconf 86' lang='lat' dir='ltr'>ctandis,</span> <span class='ocrx_word' id='word_1_22' title='bbox 397 419 463 454; x_wconf 89' lang='lat' dir='ltr'>hoc</span> <span class='ocrx_word' id='word_1_23' title='bbox 481 427 637 465; x_wconf 88' lang='lat' dir='ltr'>tempore</span> <span class='ocrx_word' id='word_1_24' title='bbox 653 421 805 455; x_wconf 82' lang='lat' dir='ltr'>maxime</span> <span class='ocrx_word' id='word_1_25' title='bbox 822 423 1080 457; x_wconf 76' lang='lat' dir='ltr'>observandum</span> <span class='ocrx_word' id='word_1_26' title='bbox 1099 430 1159 458; x_wconf 83' lang='lat' dir='ltr'>est.</span> 
     </span>
     <span class='ocr_line' id='line_1_7' title="bbox 685 506 727 542; baseline 0 -4"><span class='ocrx_word' id='word_1_27' title='bbox 685 506 727 542; x_wconf 85' lang='lat' dir='ltr'>V.</span> 
     </span>
    </p>

    <p class='ocr_par' dir='ltr' id='par_1_6' title="bbox 213 563 1230 1322">
     <span class='ocr_line' id='line_1_8' title="bbox 318 563 1202 609; baseline 0.002 -10"><span class='ocrx_word' id='word_1_28' title='bbox 318 565 454 609; x_wconf 86' lang='lat' dir='ltr'>Quinto</span> <span class='ocrx_word' id='word_1_29' title='bbox 485 563 645 599; x_wconf 79' lang='lat' dir='ltr'>Danielis</span> <span class='ocrx_word' id='word_1_30' title='bbox 681 566 852 600; x_wconf 85' lang='lat' dir='ltr'>consessio</span> <span class='ocrx_word' id='word_1_31' title='bbox 878 565 1038 601; x_wconf 86' lang='lat' dir='ltr'>hortatur</span> <span class='ocrx_word' id='word_1_32' title='bbox 1067 579 1131 600; x_wconf 87' lang='lat' dir='ltr'>nos</span> <span class='ocrx_word' id='word_1_33' title='bbox 1162 573 1202 601; x_wconf 84' lang='lat' dir='ltr'>ut</span> 
     </span>
     <span class='ocr_line' id='line_1_9' title="bbox 214 616 1201 662; baseline 0 -11"><span class='ocrx_word' id='word_1_34' title='bbox 214 618 442 651; x_wconf 75' lang='lat' dir='ltr'><strong>adversemur</strong></span> <span class='ocrx_word' id='word_1_35' title='bbox 471 616 590 661; x_wconf 84' lang='lat' dir='ltr'>impiis</span> <span class='ocrx_word' id='word_1_36' title='bbox 620 616 759 657; x_wconf 90' lang='lat' dir='ltr'>edictis,</span> <span class='ocrx_word' id='word_1_37' title='bbox 801 618 882 662; x_wconf 89' lang='lat' dir='ltr'>quia</span> <span class='ocrx_word' id='word_1_38' title='bbox 913 619 1052 662; x_wconf 86' lang='lat' dir='ltr'>publice</span> <span class='ocrx_word' id='word_1_39' title='bbox 1088 619 1201 651; x_wconf 77' lang='lat' dir='ltr'>oravit</span> 
     </span>
     <span class='ocr_line' id='line_1_10' title="bbox 216 667 1230 712; baseline 0 -10"><span class='ocrx_word' id='word_1_40' title='bbox 216 668 345 712; x_wconf 88' lang='lat' dir='ltr'>apertis</span> <span class='ocrx_word' id='word_1_41' title='bbox 361 668 534 705; x_wconf 84' lang='lat' dir='ltr'>fenestris,</span> <span class='ocrx_word' id='word_1_42' title='bbox 563 667 736 700; x_wconf 79' lang='lat' dir='ltr'>Hortatur</span> <span class='ocrx_word' id='word_1_43' title='bbox 753 668 834 701; x_wconf 88' lang='lat' dir='ltr'>item</span> <span class='ocrx_word' id='word_1_44' title='bbox 853 669 894 701; x_wconf 91' lang='lat' dir='ltr'>ad</span> <span class='ocrx_word' id='word_1_45' title='bbox 914 670 1140 711; x_wconf 83' lang='lat' dir='ltr'>precandum,</span> <span class='ocrx_word' id='word_1_46' title='bbox 1169 675 1202 702; x_wconf 88' lang='lat' dir='ltr'>et</span> <span class='ocrx_word' id='word_1_47' title='bbox 1227 690 1230 705; x_wconf 75' lang='grc'><strong>.</strong></span> 
     </span>
     <span class='ocr_line' id='line_1_11' title="bbox 216 718 1201 764; baseline 0.001 -13"><span class='ocrx_word' id='word_1_48' title='bbox 216 719 360 764; x_wconf 88' lang='lat' dir='ltr'>quidem</span> <span class='ocrx_word' id='word_1_49' title='bbox 375 718 545 761; x_wconf 77' lang='lat' dir='ltr'>siguificat</span> <span class='ocrx_word' id='word_1_50' title='bbox 563 719 728 759; x_wconf 88' lang='lat' dir='ltr'>modum,</span> <span class='ocrx_word' id='word_1_51' title='bbox 756 720 850 763; x_wconf 88' lang='lat' dir='ltr'>quod</span> <span class='ocrx_word' id='word_1_52' title='bbox 869 727 1026 762; x_wconf 84' lang='lat' dir='ltr'>spectans</span> <span class='ocrx_word' id='word_1_53' title='bbox 1049 721 1090 752; x_wconf 87' lang='lat' dir='ltr'>ad</span> <span class='ocrx_word' id='word_1_54' title='bbox 1114 719 1201 753; x_wconf 88' lang='lat' dir='ltr'>Ilie-</span> 
     </span>
     <span class='ocr_line' id='line_1_12' title="bbox 215 769 1202 814; baseline 0.001 -12"><span class='ocrx_word' id='word_1_55' title='bbox 215 769 388 809; x_wconf 88' lang='lat' dir='ltr'>rusalem,</span> <span class='ocrx_word' id='word_1_56' title='bbox 413 769 540 801; x_wconf 76' lang='lat' dir='ltr'>dixerit</span> <span class='ocrx_word' id='word_1_57' title='bbox 566 779 645 802; x_wconf 90' lang='lat' dir='ltr'>suas</span> <span class='ocrx_word' id='word_1_58' title='bbox 667 781 802 812; x_wconf 78' lang='lat' dir='ltr'><strong>preces,</strong></span> <span class='ocrx_word' id='word_1_59' title='bbox 829 769 862 802; x_wconf 86' lang='lat' dir='ltr'>id</span> <span class='ocrx_word' id='word_1_60' title='bbox 890 776 957 809; x_wconf 88' lang='lat' dir='ltr'>est,</span> <span class='ocrx_word' id='word_1_61' title='bbox 984 770 1092 803; x_wconf 84' lang='lat' dir='ltr'>fretus</span> <span class='ocrx_word' id='word_1_62' title='bbox 1119 783 1202 814; x_wconf 90' lang='lat' dir='ltr'>pro-</span> 
     </span>
     <span class='ocr_line' id='line_1_13' title="bbox 215 817 1200 865; baseline 0.002 -13"><span class='ocrx_word' id='word_1_63' title='bbox 215 820 382 852; x_wconf 86' lang='lat' dir='ltr'>missione</span> <span class='ocrx_word' id='word_1_64' title='bbox 406 820 486 852; x_wconf 86' lang='lat' dir='ltr'>data</span> <span class='ocrx_word' id='word_1_65' title='bbox 512 831 613 852; x_wconf 81' lang='lat' dir='ltr'>verae</span> <span class='ocrx_word' id='word_1_66' title='bbox 637 817 822 853; x_wconf 70' lang='lat' dir='ltr'>Ecclesiae.</span> <span class='ocrx_word' id='word_1_67' title='bbox 884 819 977 862; x_wconf 85' lang='lat' dir='ltr'>Quia</span> <span class='ocrx_word' id='word_1_68' title='bbox 1004 821 1037 856; x_wconf 81' lang='lat'>3.</span> <span class='ocrx_word' id='word_1_69' title='bbox 1062 822 1148 865; x_wconf 79' lang='lat' dir='ltr'>Reg.</span> <span class='ocrx_word' id='word_1_70' title='bbox 1167 821 1200 857; x_wconf 87' lang='lat'>8.</span> 
     </span>
     <span class='ocr_line' id='line_1_14' title="bbox 215 869 1202 906; baseline 0.002 -2"><span class='ocrx_word' id='word_1_71' title='bbox 215 871 386 904; x_wconf 87' lang='lat' dir='ltr'>iubentur</span> <span class='ocrx_word' id='word_1_72' title='bbox 404 869 520 903; x_wconf 86' lang='lat' dir='ltr'>exules</span> <span class='ocrx_word' id='word_1_73' title='bbox 538 876 678 903; x_wconf 84' lang='lat' dir='ltr'>orantes</span> <span class='ocrx_word' id='word_1_74' title='bbox 694 882 729 903; x_wconf 92' lang='lat' dir='ltr'>se</span> <span class='ocrx_word' id='word_1_75' title='bbox 745 878 878 904; x_wconf 86' lang='lat' dir='ltr'>vertere</span> <span class='ocrx_word' id='word_1_76' title='bbox 894 882 1013 904; x_wconf 75' lang='lat' dir='ltr'>versus</span> <span class='ocrx_word' id='word_1_77' title='bbox 1032 871 1202 906; x_wconf 88' lang='lat' dir='ltr'>Hieroso-</span> 
     </span>
     <span class='ocr_line' id='line_1_15' title="bbox 215 919 1201 966; baseline 0.003 -13"><span class='ocrx_word' id='word_1_78' title='bbox 215 921 367 966; x_wconf 79' lang='lat' dir='ltr'>lymam,</span> <span class='ocrx_word' id='word_1_79' title='bbox 393 920 442 953; x_wconf 90' lang='lat' dir='ltr'>sic</span> <span class='ocrx_word' id='word_1_80' title='bbox 459 931 494 953; x_wconf 84' lang='lat' dir='ltr'>se</span> <span class='ocrx_word' id='word_1_81' title='bbox 509 920 614 954; x_wconf 84' lang='lat' dir='ltr'>vertit</span> <span class='ocrx_word' id='word_1_82' title='bbox 629 919 756 953; x_wconf 81' lang='lat' dir='ltr'>Daniel</span> <span class='ocrx_word' id='word_1_83' title='bbox 775 932 894 954; x_wconf 85' lang='lat' dir='ltr'>versus</span> <span class='ocrx_word' id='word_1_84' title='bbox 911 934 1070 956; x_wconf 85' lang='lat' dir='ltr'>occasum</span> <span class='ocrx_word' id='word_1_85' title='bbox 1095 923 1201 956; x_wconf 87' lang='lat' dir='ltr'>rneri-</span> 
     </span>
     <span class='ocr_line' id='line_1_16' title="bbox 215 968 1202 1017; baseline 0.004 -13"><span class='ocrx_word' id='word_1_86' title='bbox 215 971 379 1011; x_wconf 80' lang='lat' dir='ltr'>dianum,</span> <span class='ocrx_word' id='word_1_87' title='bbox 405 968 472 1004; x_wconf 89' lang='lat' dir='ltr'>hoc</span> <span class='ocrx_word' id='word_1_88' title='bbox 488 978 556 1009; x_wconf 89' lang='lat' dir='ltr'>est,</span> <span class='ocrx_word' id='word_1_89' title='bbox 584 971 738 1013; x_wconf 84' lang='lat' dir='ltr'>cogitans</span> <span class='ocrx_word' id='word_1_90' title='bbox 753 973 795 1005; x_wconf 93' lang='lat' dir='ltr'>de</span> <span class='ocrx_word' id='word_1_91' title='bbox 813 974 980 1006; x_wconf 86' lang='lat' dir='ltr'>mandato</span> <span class='ocrx_word' id='word_1_92' title='bbox 1000 980 1032 1007; x_wconf 86' lang='lat' dir='ltr'>et</span> <span class='ocrx_word' id='word_1_93' title='bbox 1051 974 1202 1017; x_wconf 83' lang='lat' dir='ltr'>promis-</span> 
     </span>
     <span class='ocr_line' id='line_1_17' title="bbox 215 1020 1202 1068; baseline 0.004 -14"><span class='ocrx_word' id='word_1_94' title='bbox 215 1022 334 1063; x_wconf 88' lang='lat' dir='ltr'>sione,</span> <span class='ocrx_word' id='word_1_95' title='bbox 357 1022 450 1067; x_wconf 91' lang='lat' dir='ltr'>quod</span> <span class='ocrx_word' id='word_1_96' title='bbox 470 1020 563 1054; x_wconf 90' lang='lat' dir='ltr'>Deus</span> <span class='ocrx_word' id='word_1_97' title='bbox 580 1022 662 1055; x_wconf 83' lang='lat' dir='ltr'>velit</span> <span class='ocrx_word' id='word_1_98' title='bbox 679 1033 817 1056; x_wconf 88' lang='lat' dir='ltr'>servare</span> <span class='ocrx_word' id='word_1_99' title='bbox 833 1020 927 1056; x_wconf 87' lang='lat' dir='ltr'>hunc</span> <span class='ocrx_word' id='word_1_100' title='bbox 951 1025 1142 1068; x_wconf 84' lang='lat' dir='ltr'>populum,</span> <span class='ocrx_word' id='word_1_101' title='bbox 1169 1030 1202 1057; x_wconf 89' lang='lat' dir='ltr'>et</span> 
     </span>
     <span class='ocr_line' id='line_1_18' title="bbox 214 1072 1202 1116; baseline 0.003 -11"><span class='ocrx_word' id='word_1_102' title='bbox 214 1073 378 1105; x_wconf 78' lang='lat' dir='ltr'>exaudire</span> <span class='ocrx_word' id='word_1_103' title='bbox 398 1079 540 1116; x_wconf 88' lang='lat' dir='ltr'>propter</span> <span class='ocrx_word' id='word_1_104' title='bbox 564 1072 774 1116; x_wconf 89' lang='lat' dir='ltr'>promissum</span> <span class='ocrx_word' id='word_1_105' title='bbox 791 1073 1000 1108; x_wconf 88' lang='lat' dir='ltr'>Dominum.</span> <span class='ocrx_word' id='word_1_106' title='bbox 1054 1075 1202 1109; x_wconf 84' lang='lat' dir='ltr'>Prorsus</span> 
     </span>
     <span class='ocr_line' id='line_1_19' title="bbox 214 1121 1201 1171; baseline 0.003 -15"><span class='ocrx_word' id='word_1_107' title='bbox 214 1123 304 1156; x_wconf 89' lang='lat' dir='ltr'>sicut</span> <span class='ocrx_word' id='word_1_108' title='bbox 327 1121 560 1165; x_wconf 74' lang='lat' dir='ltr'>Evangetium</span> <span class='ocrx_word' id='word_1_109' title='bbox 583 1124 683 1156; x_wconf 91' lang='lat' dir='ltr'>docet</span> <span class='ocrx_word' id='word_1_110' title='bbox 708 1135 772 1157; x_wconf 86' lang='lat' dir='ltr'>nos</span> <span class='ocrx_word' id='word_1_111' title='bbox 802 1126 937 1157; x_wconf 87' lang='lat' dir='ltr'>orando</span> <span class='ocrx_word' id='word_1_112' title='bbox 962 1125 1094 1159; x_wconf 87' lang='lat' dir='ltr'>intueri</span> <span class='ocrx_word' id='word_1_113' title='bbox 1119 1139 1201 1171; x_wconf 85' lang='lat' dir='ltr'>pro-</span> 
     </span>
     <span class='ocr_line' id='line_1_20' title="bbox 213 1173 1202 1221; baseline 0.004 -15"><span class='ocrx_word' id='word_1_114' title='bbox 213 1173 438 1214; x_wconf 83' lang='lat' dir='ltr'>missionem,</span> <span class='ocrx_word' id='word_1_115' title='bbox 469 1180 502 1207; x_wconf 91' lang='lat' dir='ltr'>et</span> <span class='ocrx_word' id='word_1_116' title='bbox 526 1180 642 1217; x_wconf 84' lang='lat' dir='ltr'>petere</span> <span class='ocrx_word' id='word_1_117' title='bbox 666 1185 704 1207; x_wconf 84' lang='lat' dir='ltr'>ac</span> <span class='ocrx_word' id='word_1_118' title='bbox 728 1182 908 1219; x_wconf 83' lang='lat' dir='ltr'>expectare</span> <span class='ocrx_word' id='word_1_119' title='bbox 932 1176 1102 1210; x_wconf 86' lang='lat' dir='ltr'>auxilium</span> <span class='ocrx_word' id='word_1_120' title='bbox 1119 1190 1202 1221; x_wconf 87' lang='lat' dir='ltr'>pro-</span> 
     </span>
     <span class='ocr_line' id='line_1_21' title="bbox 213 1221 1201 1270; baseline 0.004 -13"><span class='ocrx_word' id='word_1_121' title='bbox 213 1231 292 1268; x_wconf 89' lang='lat' dir='ltr'>pter</span> <span class='ocrx_word' id='word_1_122' title='bbox 314 1221 508 1260; x_wconf 84' lang='lat' dir='ltr'>Christum.</span> <span class='ocrx_word' id='word_1_123' title='bbox 570 1224 629 1258; x_wconf 87' lang='lat' dir='ltr'>Sic</span> <span class='ocrx_word' id='word_1_124' title='bbox 651 1223 703 1257; x_wconf 91' lang='lat' dir='ltr'>illi</span> <span class='ocrx_word' id='word_1_125' title='bbox 728 1226 899 1270; x_wconf 88' lang='lat' dir='ltr'>templum</span> <span class='ocrx_word' id='word_1_126' title='bbox 924 1227 1121 1267; x_wconf 87' lang='lat' dir='ltr'>intuentes,</span> <span class='ocrx_word' id='word_1_127' title='bbox 1158 1229 1201 1261; x_wconf 86' lang='lat' dir='ltr'>de</span> 
     </span>
     <span class='ocr_line' id='line_1_22' title="bbox 213 1274 1132 1322; baseline 0.007 -15"><span class='ocrx_word' id='word_1_128' title='bbox 213 1274 450 1318; x_wconf 87' lang='lat' dir='ltr'>promissione</span> <span class='ocrx_word' id='word_1_129' title='bbox 467 1281 500 1308; x_wconf 88' lang='lat' dir='ltr'>et</span> <span class='ocrx_word' id='word_1_130' title='bbox 518 1275 561 1308; x_wconf 91' lang='lat' dir='ltr'>de</span> <span class='ocrx_word' id='word_1_131' title='bbox 578 1281 730 1309; x_wconf 85' lang='lat' dir='ltr'>venturo</span> <span class='ocrx_word' id='word_1_132' title='bbox 744 1275 902 1310; x_wconf 91' lang='lat' dir='ltr'>Domino</span> <span class='ocrx_word' id='word_1_133' title='bbox 920 1278 1132 1322; x_wconf 80' lang='lat' dir='ltr'>cogitabant.</span> 
     </span>
    </p>
   </div>
   <div class='ocr_carea' id='block_1_5' title="bbox 212 1360 1202 1668">
    <p class='ocr_par' dir='ltr' id='par_1_7' title="bbox 679 1360 741 1396">
     <span class='ocr_line' id='line_1_23' title="bbox 679 1360 741 1396; baseline 0.016 -2"><span class='ocrx_word' id='word_1_134' title='bbox 679 1360 741 1396; x_wconf 69' lang='lat' dir='ltr'>VI·</span> 
     </span>
    </p>

    <p class='ocr_par' dir='ltr' id='par_1_8' title="bbox 212 1417 1202 1668">
     <span class='ocr_line' id='line_1_24' title="bbox 317 1417 1201 1466; baseline 0.005 -13"><span class='ocrx_word' id='word_1_135' title='bbox 317 1418 442 1459; x_wconf 86' lang='lat' dir='ltr'>Sexto,</span> <span class='ocrx_word' id='word_1_136' title='bbox 477 1417 679 1452; x_wconf 84' lang='lat' dir='ltr'>Periculum</span> <span class='ocrx_word' id='word_1_137' title='bbox 704 1418 864 1454; x_wconf 88' lang='lat' dir='ltr'>Danielis</span> <span class='ocrx_word' id='word_1_138' title='bbox 887 1422 1001 1466; x_wconf 86' lang='lat' dir='ltr'>pingit</span> <span class='ocrx_word' id='word_1_139' title='bbox 1031 1423 1142 1456; x_wconf 91' lang='lat' dir='ltr'>robur</span> <span class='ocrx_word' id='word_1_140' title='bbox 1170 1430 1201 1456; x_wconf 88' lang='lat' dir='ltr'>et</span> 
     </span>
     <span class='ocr_line' id='line_1_25' title="bbox 214 1467 1202 1507; baseline 0.003 -4"><span class='ocrx_word' id='word_1_141' title='bbox 214 1469 421 1503; x_wconf 83' lang='lat' dir='ltr'>violentiam</span> <span class='ocrx_word' id='word_1_142' title='bbox 439 1467 593 1503; x_wconf 90' lang='lat' dir='ltr'>hostium</span> <span class='ocrx_word' id='word_1_143' title='bbox 605 1467 750 1506; x_wconf 81' lang='lat' dir='ltr'>Christi,</span> <span class='ocrx_word' id='word_1_144' title='bbox 778 1472 878 1506; x_wconf 80' lang='lat' dir='ltr'>Sicut</span> <span class='ocrx_word' id='word_1_145' title='bbox 894 1473 1023 1506; x_wconf 84' lang='lat' dir='ltr'>Daniel</span> <span class='ocrx_word' id='word_1_146' title='bbox 1042 1474 1202 1507; x_wconf 84' lang='lat' dir='ltr'>imbecil-</span> 
     </span>
     <span class='ocr_line' id='line_1_26' title="bbox 213 1520 1202 1558; baseline 0.003 -4"><span class='ocrx_word' id='word_1_147' title='bbox 213 1521 258 1554; x_wconf 83' lang='lat' dir='ltr'>lis</span> <span class='ocrx_word' id='word_1_148' title='bbox 286 1520 452 1553; x_wconf 91' lang='lat' dir='ltr'>obiicitur</span> <span class='ocrx_word' id='word_1_149' title='bbox 478 1521 657 1554; x_wconf 84' lang='lat' dir='ltr'>leonibus:</span> <span class='ocrx_word' id='word_1_150' title='bbox 685 1521 733 1554; x_wconf 93' lang='lat' dir='ltr'>sic</span> <span class='ocrx_word' id='word_1_151' title='bbox 751 1528 823 1556; x_wconf 83' lang='lat' dir='ltr'>tota</span> <span class='ocrx_word' id='word_1_152' title='bbox 840 1521 997 1557; x_wconf 86' lang='lat' dir='ltr'>Ecclesia</span> <span class='ocrx_word' id='word_1_153' title='bbox 1015 1522 1121 1558; x_wconf 88' lang='lat' dir='ltr'>habet</span> <span class='ocrx_word' id='word_1_154' title='bbox 1137 1522 1202 1557; x_wconf 89' lang='lat' dir='ltr'>ho-</span> 
     </span>
     <span class='ocr_line' id='line_1_27' title="bbox 215 1571 1202 1618; baseline 0.003 -13"><span class='ocrx_word' id='word_1_155' title='bbox 215 1578 282 1605; x_wconf 85' lang='lat' dir='ltr'>stes</span> <span class='ocrx_word' id='word_1_156' title='bbox 299 1571 555 1611; x_wconf 77' lang='lat' dir='ltr'>validissimos,</span> <span class='ocrx_word' id='word_1_157' title='bbox 584 1571 780 1611; x_wconf 89' lang='lat' dir='ltr'>diabolum,</span> <span class='ocrx_word' id='word_1_158' title='bbox 808 1585 915 1616; x_wconf 89' lang='lat' dir='ltr'>reges,</span> <span class='ocrx_word' id='word_1_159' title='bbox 944 1581 1119 1618; x_wconf 88' lang='lat' dir='ltr'>potentes,</span> <span class='ocrx_word' id='word_1_160' title='bbox 1143 1586 1202 1608; x_wconf 86' lang='lat' dir='ltr'>su-</span> 
     </span>
     <span class='ocr_line' id='line_1_28' title="bbox 212 1622 1201 1668; baseline 0.002 -13"><span class='ocrx_word' id='word_1_161' title='bbox 212 1622 351 1666; x_wconf 88' lang='lat' dir='ltr'>perbos,</span> <span class='ocrx_word' id='word_1_162' title='bbox 369 1628 586 1666; x_wconf 84' lang='lat' dir='ltr'>praestantes</span> <span class='ocrx_word' id='word_1_163' title='bbox 602 1622 789 1656; x_wconf 84' lang='lat' dir='ltr'>autoritate</span> <span class='ocrx_word' id='word_1_164' title='bbox 806 1631 839 1658; x_wconf 90' lang='lat' dir='ltr'>et</span> <span class='ocrx_word' id='word_1_165' title='bbox 855 1625 983 1668; x_wconf 90' lang='lat' dir='ltr'>opibus</span> <span class='ocrx_word' id='word_1_166' title='bbox 999 1626 1036 1657; x_wconf 90' lang='lat' dir='ltr'>in</span> <span class='ocrx_word' id='word_1_167' title='bbox 1054 1627 1201 1659; x_wconf 86' lang='lat' dir='ltr'>mundo.</span> 
     </span>
    </p>
   </div>
   <div class='ocr_carea' id='block_1_6' title="bbox 212 1706 1202 2363">
    <p class='ocr_par' dir='ltr' id='par_1_9' title="bbox 666 1706 748 1741">
     <span class='ocr_line' id='line_1_29' title="bbox 666 1706 748 1741; baseline 0.024 -2"><span class='ocrx_word' id='word_1_168' title='bbox 666 1706 748 1741; x_wconf 72' lang='lat' dir='ltr'>Vll.</span> 
     </span>
    </p>

    <p class='ocr_par' dir='ltr' id='par_1_10' title="bbox 213 1766 1202 1912">
     <span class='ocr_line' id='line_1_30' title="bbox 315 1766 1200 1811; baseline 0.001 -10"><span class='ocrx_word' id='word_1_169' title='bbox 315 1766 490 1811; x_wconf 90' lang='lat' dir='ltr'>Septimo,</span> <span class='ocrx_word' id='word_1_170' title='bbox 517 1766 696 1800; x_wconf 86' lang='lat' dir='ltr'>Liberatio</span> <span class='ocrx_word' id='word_1_171' title='bbox 713 1767 872 1802; x_wconf 87' lang='lat' dir='ltr'>Danielis</span> <span class='ocrx_word' id='word_1_172' title='bbox 889 1777 939 1804; x_wconf 88' lang='lat' dir='ltr'>est</span> <span class='ocrx_word' id='word_1_173' title='bbox 957 1769 1200 1803; x_wconf 85' lang='lat' dir='ltr'>testimonium</span> 
     </span>
     <span class='ocr_line' id='line_1_31' title="bbox 214 1817 1202 1864; baseline 0.002 -12"><span class='ocrx_word' id='word_1_174' title='bbox 214 1819 308 1864; x_wconf 88' lang='lat' dir='ltr'>quod</span> <span class='ocrx_word' id='word_1_175' title='bbox 326 1818 420 1852; x_wconf 92' lang='lat' dir='ltr'>Deus</span> <span class='ocrx_word' id='word_1_176' title='bbox 439 1818 528 1852; x_wconf 88' lang='lat' dir='ltr'>adsit</span> <span class='ocrx_word' id='word_1_177' title='bbox 547 1817 696 1857; x_wconf 75' lang='lat' dir='ltr'>Sanctis,</span> <span class='ocrx_word' id='word_1_178' title='bbox 721 1825 754 1852; x_wconf 91' lang='lat' dir='ltr'>et</span> <span class='ocrx_word' id='word_1_179' title='bbox 772 1826 887 1854; x_wconf 85' lang='lat' dir='ltr'>servet</span> <span class='ocrx_word' id='word_1_180' title='bbox 903 1833 960 1854; x_wconf 89' lang='lat' dir='ltr'>eos</span> <span class='ocrx_word' id='word_1_181' title='bbox 976 1833 1040 1854; x_wconf 92' lang='lat' dir='ltr'>suo</span> <span class='ocrx_word' id='word_1_182' title='bbox 1058 1821 1202 1863; x_wconf 90' lang='lat' dir='ltr'>iudicio,</span> 
     </span>
     <span class='ocr_line' id='line_1_32' title="bbox 213 1868 750 1912; baseline 0 -9"><span class='ocrx_word' id='word_1_183' title='bbox 213 1870 298 1903; x_wconf 86' lang='lat' dir='ltr'>alias</span> <span class='ocrx_word' id='word_1_184' title='bbox 315 1881 481 1912; x_wconf 88' lang='lat' dir='ltr'>corpore,</span> <span class='ocrx_word' id='word_1_185' title='bbox 510 1868 595 1901; x_wconf 86' lang='lat' dir='ltr'>alias</span> <span class='ocrx_word' id='word_1_186' title='bbox 612 1869 750 1912; x_wconf 84' lang='lat' dir='ltr'>spiritu.</span> 
     </span>
    </p>

    <p class='ocr_par' dir='ltr' id='par_1_11' title="bbox 212 1916 1201 2363">
     <span class='ocr_line' id='line_1_33' title="bbox 315 1916 1200 1963; baseline 0.003 -10"><span class='ocrx_word' id='word_1_187' title='bbox 315 1917 380 1953; x_wconf 82' lang='lat' dir='ltr'>Est</span> <span class='ocrx_word' id='word_1_188' title='bbox 396 1926 511 1952; x_wconf 86' lang='lat' dir='ltr'>autem</span> <span class='ocrx_word' id='word_1_189' title='bbox 537 1916 594 1951; x_wconf 88' lang='lat' dir='ltr'>hic</span> <span class='ocrx_word' id='word_1_190' title='bbox 611 1920 740 1963; x_wconf 88' lang='lat' dir='ltr'>duplex</span> <span class='ocrx_word' id='word_1_191' title='bbox 757 1920 938 1962; x_wconf 85' lang='lat' dir='ltr'>liberatio,</span> <span class='ocrx_word' id='word_1_192' title='bbox 965 1919 1093 1955; x_wconf 85' lang='lat' dir='ltr'>Daniel</span> <span class='ocrx_word' id='word_1_193' title='bbox 1111 1922 1200 1956; x_wconf 89' lang='lat' dir='ltr'>libe-</span> 
     </span>
     <span class='ocr_line' id='line_1_34' title="bbox 215 1970 1201 2015; baseline 0.003 -11"><span class='ocrx_word' id='word_1_194' title='bbox 215 1978 315 2006; x_wconf 82' lang='lat' dir='ltr'>ratur</span> <span class='ocrx_word' id='word_1_195' title='bbox 331 1982 349 2003; x_wconf 84' lang='lat' dir='ltr'>a</span> <span class='ocrx_word' id='word_1_196' title='bbox 368 1976 479 2002; x_wconf 90' lang='lat' dir='ltr'>morte</span> <span class='ocrx_word' id='word_1_197' title='bbox 493 1996 501 2010; x_wconf 94' lang='lat'>‚</span> <span class='ocrx_word' id='word_1_198' title='bbox 528 1981 588 2002; x_wconf 81' lang='lat' dir='ltr'>rex</span> <span class='ocrx_word' id='word_1_199' title='bbox 605 1970 775 2004; x_wconf 87' lang='lat' dir='ltr'>liberatur</span> <span class='ocrx_word' id='word_1_200' title='bbox 790 1983 808 2004; x_wconf 89' lang='lat' dir='ltr'>a</span> <span class='ocrx_word' id='word_1_201' title='bbox 827 1979 966 2015; x_wconf 88' lang='lat' dir='ltr'>peccato</span> <span class='ocrx_word' id='word_1_202' title='bbox 994 1979 1027 2006; x_wconf 87' lang='lat' dir='ltr'>et</span> <span class='ocrx_word' id='word_1_203' title='bbox 1053 1985 1071 2006; x_wconf 87' lang='lat' dir='ltr'>a</span> <span class='ocrx_word' id='word_1_204' title='bbox 1088 1981 1201 2007; x_wconf 86' lang='lat' dir='ltr'>morte</span> 
     </span>
     <span class='ocr_line' id='line_1_35' title="bbox 216 2018 1200 2066; baseline 0.003 -11"><span class='ocrx_word' id='word_1_205' title='bbox 216 2029 378 2061; x_wconf 86' lang='lat' dir='ltr'>aeterna,</span> <span class='ocrx_word' id='word_1_206' title='bbox 414 2019 526 2053; x_wconf 87' lang='lat' dir='ltr'>Discit</span> <span class='ocrx_word' id='word_1_207' title='bbox 555 2018 612 2053; x_wconf 88' lang='lat' dir='ltr'>hic</span> <span class='ocrx_word' id='word_1_208' title='bbox 644 2021 888 2055; x_wconf 84' lang='lat' dir='ltr'>remissionem</span> <span class='ocrx_word' id='word_1_209' title='bbox 915 2030 1138 2066; x_wconf 87' lang='lat' dir='ltr'>peccatorum</span> <span class='ocrx_word' id='word_1_210' title='bbox 1168 2031 1200 2058; x_wconf 88' lang='lat' dir='ltr'>et</span> 
     </span>
     <span class='ocr_line' id='line_1_36' title="bbox 213 2069 1200 2108; baseline 0.002 -2"><span class='ocrx_word' id='word_1_211' title='bbox 213 2071 493 2106; x_wconf 81' lang='lat' dir='ltr'>confirmaturin</span> <span class='ocrx_word' id='word_1_212' title='bbox 510 2071 588 2104; x_wconf 85' lang='lat' dir='ltr'>fide.</span> <span class='ocrx_word' id='word_1_213' title='bbox 642 2069 729 2104; x_wconf 78' lang='lat' dir='ltr'>Eam</span> <span class='ocrx_word' id='word_1_214' title='bbox 755 2072 999 2106; x_wconf 85' lang='lat' dir='ltr'>liberationem</span> <span class='ocrx_word' id='word_1_215' title='bbox 1024 2082 1057 2108; x_wconf 91' lang='lat' dir='ltr'>et</span> <span class='ocrx_word' id='word_1_216' title='bbox 1073 2074 1200 2108; x_wconf 91' lang='lat' dir='ltr'>Daniel</span> 
     </span>
     <span class='ocr_line' id='line_1_37' title="bbox 212 2120 1198 2168; baseline 0.004 -12"><span class='ocrx_word' id='word_1_217' title='bbox 212 2123 401 2168; x_wconf 88' lang='lat' dir='ltr'>praecipue</span> <span class='ocrx_word' id='word_1_218' title='bbox 424 2122 576 2168; x_wconf 78' lang='lat' dir='ltr'>optavit,</span> <span class='ocrx_word' id='word_1_219' title='bbox 611 2127 651 2155; x_wconf 91' lang='lat' dir='ltr'>ut</span> <span class='ocrx_word' id='word_1_220' title='bbox 666 2120 762 2155; x_wconf 85' lang='lat' dir='ltr'>Deus</span> <span class='ocrx_word' id='word_1_221' title='bbox 786 2123 1057 2165; x_wconf 83' lang='lat' dir='ltr'>glorificaretur,</span> <span class='ocrx_word' id='word_1_222' title='bbox 1086 2133 1119 2160; x_wconf 82' lang='lat' dir='ltr'>et</span> <span class='ocrx_word' id='word_1_223' title='bbox 1141 2138 1198 2159; x_wconf 90' lang='lat' dir='ltr'>rex</span> 
     </span>
     <span class='ocr_line' id='line_1_38' title="bbox 212 2173 1199 2219; baseline 0.004 -12"><span class='ocrx_word' id='word_1_224' title='bbox 212 2179 437 2207; x_wconf 83' lang='lat' dir='ltr'>revocaretur</span> <span class='ocrx_word' id='word_1_225' title='bbox 462 2173 498 2205; x_wconf 89' lang='lat' dir='ltr'>in</span> <span class='ocrx_word' id='word_1_226' title='bbox 522 2173 636 2213; x_wconf 85' lang='lat' dir='ltr'>viam,</span> <span class='ocrx_word' id='word_1_227' title='bbox 664 2179 697 2206; x_wconf 86' lang='lat' dir='ltr'>et</span> <span class='ocrx_word' id='word_1_228' title='bbox 718 2173 883 2216; x_wconf 89' lang='lat' dir='ltr'>intelligit</span> <span class='ocrx_word' id='word_1_229' title='bbox 908 2186 966 2208; x_wconf 87' lang='lat' dir='ltr'>rex</span> <span class='ocrx_word' id='word_1_230' title='bbox 991 2176 1063 2219; x_wconf 89' lang='lat' dir='ltr'>ipse</span> <span class='ocrx_word' id='word_1_231' title='bbox 1086 2177 1199 2211; x_wconf 88' lang='lat' dir='ltr'>multo</span> 
     </span>
     <span class='ocr_line' id='line_1_39' title="bbox 213 2222 1199 2268; baseline 0.003 -10"><span class='ocrx_word' id='word_1_232' title='bbox 213 2222 306 2258; x_wconf 85' lang='lat' dir='ltr'>hanc</span> <span class='ocrx_word' id='word_1_233' title='bbox 322 2235 392 2257; x_wconf 88' lang='lat' dir='ltr'>esse</span> <span class='ocrx_word' id='word_1_234' title='bbox 407 2223 588 2264; x_wconf 87' lang='lat' dir='ltr'>maiorem,</span> <span class='ocrx_word' id='word_1_235' title='bbox 616 2235 720 2268; x_wconf 92' lang='lat' dir='ltr'>quam</span> <span class='ocrx_word' id='word_1_236' title='bbox 739 2231 812 2258; x_wconf 87' lang='lat' dir='ltr'>erat</span> <span class='ocrx_word' id='word_1_237' title='bbox 826 2225 1049 2259; x_wconf 87' lang='lat' dir='ltr'>incolumitas</span> <span class='ocrx_word' id='word_1_238' title='bbox 1068 2225 1199 2261; x_wconf 90' lang='lat' dir='ltr'>Danie—</span> 
     </span>
     <span class='ocr_line' id='line_1_40' title="bbox 214 2274 1200 2320; baseline 0.004 -12"><span class='ocrx_word' id='word_1_239' title='bbox 214 2275 268 2308; x_wconf 84' lang='lat' dir='ltr'>lis.</span> <span class='ocrx_word' id='word_1_240' title='bbox 300 2274 385 2308; x_wconf 91' lang='lat' dir='ltr'>Ideo</span> <span class='ocrx_word' id='word_1_241' title='bbox 403 2274 649 2308; x_wconf 88' lang='lat' dir='ltr'>ardentissimo</span> <span class='ocrx_word' id='word_1_242' title='bbox 667 2281 807 2318; x_wconf 87' lang='lat' dir='ltr'>pectore</span> <span class='ocrx_word' id='word_1_243' title='bbox 824 2276 896 2320; x_wconf 82' lang='lat' dir='ltr'>agit</span> <span class='ocrx_word' id='word_1_244' title='bbox 911 2277 1039 2319; x_wconf 84' lang='lat' dir='ltr'>gratias</span> <span class='ocrx_word' id='word_1_245' title='bbox 1048 2276 1134 2320; x_wconf 83' lang='lat' dir='ltr'>Deo,</span> <span class='ocrx_word' id='word_1_246' title='bbox 1160 2290 1200 2312; x_wconf 90' lang='lat' dir='ltr'>ac</span> 
     </span>
     <span class='ocr_line' id='line_1_41' title="bbox 215 2325 760 2363; baseline -0.002 -4"><span class='ocrx_word' id='word_1_247' title='bbox 215 2326 285 2361; x_wconf 87' lang='lat' dir='ltr'>edit</span> <span class='ocrx_word' id='word_1_248' title='bbox 303 2325 502 2360; x_wconf 85' lang='lat' dir='ltr'>testimonia</span> <span class='ocrx_word' id='word_1_249' title='bbox 520 2325 760 2363; x_wconf 87' lang='lat' dir='ltr'>confessionis.</span> 
     </span>
    </p>
   </div>
   <div class='ocr_carea' id='block_1_7' title="bbox 1225 266 1228 306">
    <p class='ocr_par' dir='ltr' id='par_1_12' title="bbox 1225 266 1228 306">
     <span class='ocr_line' id='line_1_42' title="bbox 1225 266 1228 306; baseline 0 0"><span class='ocrx_word' id='word_1_250' title='bbox 1225 266 1228 306; x_wconf 71' lang='grc' dir='ltr'>ἰ</span> 
     </span>
    </p>
   </div>
   <div class='ocr_carea' id='block_1_8' title="bbox 1225 194 1231 1127">
    <p class='ocr_par' dir='ltr' id='par_1_13' title="bbox 1225 194 1231 1127">
     <span class='ocr_line' id='line_1_43' title="bbox 1225 194 1231 1127; baseline 0 0"><span class='ocrx_word' id='word_1_251' title='bbox 1225 194 1231 1127; x_wconf 95' lang='lat' dir='ltr'> </span> 
     </span>
    </p>
   </div>
   <div class='ocr_carea' id='block_1_9' title="bbox 656 2400 756 2438">
    <p class='ocr_par' dir='ltr' id='par_1_14' title="bbox 656 2400 756 2438">
     <span class='ocr_line' id='line_1_44' title="bbox 656 2400 756 2438; baseline 0.03 -3"><span class='ocrx_word' id='word_1_252' title='bbox 656 2400 756 2438; x_wconf 84' lang='lat' dir='ltr'>VIII.</span> 
     </span>
    </p>
   </div>
   <div class='ocr_carea' id='block_1_10' title="bbox 214 2459 1226 2710">
    <p class='ocr_par' dir='ltr' id='par_1_15' title="bbox 215 2459 1226 2607">
     <span class='ocr_line' id='line_1_45' title="bbox 316 2459 1226 2506; baseline 0.004 -11"><span class='ocrx_word' id='word_1_253' title='bbox 316 2459 470 2503; x_wconf 72' lang='lat' dir='ltr'>Octavo,</span> <span class='ocrx_word' id='word_1_254' title='bbox 511 2461 601 2496; x_wconf 82' lang='lat' dir='ltr'>Tres</span> <span class='ocrx_word' id='word_1_255' title='bbox 631 2468 713 2496; x_wconf 89' lang='lat' dir='ltr'>sunt</span> <span class='ocrx_word' id='word_1_256' title='bbox 749 2461 904 2506; x_wconf 85' lang='lat' dir='ltr'>insignes</span> <span class='ocrx_word' id='word_1_257' title='bbox 936 2464 1129 2498; x_wconf 87' lang='lat' dir='ltr'>sententiae</span> <span class='ocrx_word' id='word_1_258' title='bbox 1161 2465 1198 2499; x_wconf 90' lang='lat' dir='ltr'>in</span> <span class='ocrx_word' id='word_1_259' title='bbox 1225 2502 1226 2506; x_wconf 41' lang='lat'>,</span> 
     </span>
     <span class='ocr_line' id='line_1_46' title="bbox 215 2507 1226 2560; baseline 0.004 -15"><span class='ocrx_word' id='word_1_260' title='bbox 215 2519 327 2551; x_wconf 79' lang='lat' dir='ltr'>textu,</span> <span class='ocrx_word' id='word_1_261' title='bbox 351 2515 394 2546; x_wconf 87' lang='lat' dir='ltr'>de</span> <span class='ocrx_word' id='word_1_262' title='bbox 413 2515 480 2546; x_wconf 81' lang='lat' dir='ltr'>fide</span> <span class='ocrx_word' id='word_1_263' title='bbox 499 2520 530 2546; x_wconf 89' lang='lat' dir='ltr'>et</span> <span class='ocrx_word' id='word_1_264' title='bbox 547 2514 725 2556; x_wconf 82' lang='lat' dir='ltr'>operibus.</span> <span class='ocrx_word' id='word_1_265' title='bbox 775 2513 967 2560; x_wconf 84' lang='lat' dir='ltr'>Praecipua</span> <span class='ocrx_word' id='word_1_266' title='bbox 990 2522 1041 2549; x_wconf 82' lang='lat' dir='ltr'>est</span> <span class='ocrx_word' id='word_1_267' title='bbox 1057 2516 1100 2549; x_wconf 91' lang='lat' dir='ltr'>de</span> <span class='ocrx_word' id='word_1_268' title='bbox 1120 2516 1198 2557; x_wconf 79' lang='lat' dir='ltr'>side,</span> <span class='ocrx_word' id='word_1_269' title='bbox 1223 2507 1226 2559; x_wconf 66' lang='lat' dir='ltr'><strong>j</strong></span> 
     </span>
     <span class='ocr_line' id='line_1_47' title="bbox 215 2562 1058 2607; baseline 0 -11"><span class='ocrx_word' id='word_1_270' title='bbox 215 2575 294 2596; x_wconf 91' lang='lat' dir='ltr'>cum</span> <span class='ocrx_word' id='word_1_271' title='bbox 314 2563 447 2607; x_wconf 85' lang='lat' dir='ltr'>inquit:</span> <span class='ocrx_word' id='word_1_272' title='bbox 476 2563 634 2597; x_wconf 87' lang='lat' dir='ltr'>Credidit</span> <span class='ocrx_word' id='word_1_273' title='bbox 651 2562 725 2597; x_wconf 88' lang='lat' dir='ltr'>Deo</span> <span class='ocrx_word' id='word_1_274' title='bbox 743 2575 817 2597; x_wconf 90' lang='lat' dir='ltr'>suo.</span> <span class='ocrx_word' id='word_1_275' title='bbox 1055 2577 1058 2581; x_wconf 91' lang='lat'>·</span> 
     </span>
    </p>

    <p class='ocr_par' dir='ltr' id='par_1_16' title="bbox 214 2612 1196 2710">
     <span class='ocr_line' id='line_1_48' title="bbox 315 2612 1196 2658; baseline 0.006 -13"><span class='ocrx_word' id='word_1_276' title='bbox 315 2612 526 2657; x_wconf 85' lang='lat' dir='ltr'>Quanquam</span> <span class='ocrx_word' id='word_1_277' title='bbox 553 2621 666 2648; x_wconf 86' lang='lat' dir='ltr'>autem</span> <span class='ocrx_word' id='word_1_278' title='bbox 696 2615 813 2648; x_wconf 82' lang='lat' dir='ltr'>brevis</span> <span class='ocrx_word' id='word_1_279' title='bbox 839 2622 889 2649; x_wconf 88' lang='lat' dir='ltr'>est</span> <span class='ocrx_word' id='word_1_280' title='bbox 920 2615 1110 2658; x_wconf 85' lang='lat' dir='ltr'>sententia,</span> <span class='ocrx_word' id='word_1_281' title='bbox 1145 2623 1196 2650; x_wconf 88' lang='lat' dir='ltr'>ta-</span> 
     </span>
     <span class='ocr_line' id='line_1_49' title="bbox 214 2664 1195 2710; baseline 0.003 -13"><span class='ocrx_word' id='word_1_282' title='bbox 214 2675 295 2698; x_wconf 90' lang='lat' dir='ltr'>men</span> <span class='ocrx_word' id='word_1_283' title='bbox 324 2664 490 2698; x_wconf 80' lang='lat' dir='ltr'>admouet</span> <span class='ocrx_word' id='word_1_284' title='bbox 522 2664 686 2699; x_wconf 81' lang='lat' dir='ltr'>lectorem</span> <span class='ocrx_word' id='word_1_285' title='bbox 720 2666 764 2699; x_wconf 86' lang='lat' dir='ltr'>de</span> <span class='ocrx_word' id='word_1_286' title='bbox 798 2672 871 2701; x_wconf 81' lang='lat' dir='ltr'>tota</span> <span class='ocrx_word' id='word_1_287' title='bbox 907 2666 1066 2702; x_wconf 84' lang='lat' dir='ltr'>doctrina</span> <span class='ocrx_word' id='word_1_288' title='bbox 1101 2667 1195 2710; x_wconf 83' lang='lat' dir='ltr'>fidei,</span> 
     </span>
    </p>
   </div>
   <div class='ocr_carea' id='block_1_11' title="bbox 812 96 1639 137">
    <p class='ocr_par' dir='ltr' id='par_1_17' title="bbox 812 96 1639 137">
     <span class='ocr_line' id='line_1_50' title="bbox 812 96 1639 137; baseline 0.002 -4"><span class='ocrx_word' id='word_1_289' title='bbox 812 97 936 137; x_wconf 84' lang='lat' dir='ltr'>PHlL.</span> <span class='ocrx_word' id='word_1_290' title='bbox 966 98 1081 135; x_wconf 81' lang='lat' dir='ltr'><strong>MEL.</strong></span> <span class='ocrx_word' id='word_1_291' title='bbox 1107 98 1315 135; x_wconf 87' lang='lat' dir='ltr'><strong>SCRIPTA</strong></span> <span class='ocrx_word' id='word_1_292' title='bbox 1342 96 1639 135; x_wconf 87' lang='lat' dir='ltr'>EXEGETICA.</span> 
     </span>
    </p>
   </div>
   <div class='ocr_carea' id='block_1_12' title="bbox 1226 235 1536 278">
    <p class='ocr_par' dir='ltr' id='par_1_18' title="bbox 1226 235 1536 278">
     <span class='ocr_line' id='line_1_51' title="bbox 1226 235 1536 278; baseline 0.006 -11"><span class='ocrx_word' id='word_1_293' title='bbox 1226 235 1227 238; x_wconf 66' lang='grc'>’</span> <span class='ocrx_word' id='word_1_294' title='bbox 1254 235 1408 278; x_wconf 88' lang='lat' dir='ltr'>ingentia</span> <span class='ocrx_word' id='word_1_295' title='bbox 1435 237 1536 270; x_wconf 78' lang='lat' dir='ltr'>dona.</span> 
     </span>
    </p>
   </div>
   <div class='ocr_carea' id='block_1_13' title="bbox 2164 101 2237 137">
    <p class='ocr_par' dir='ltr' id='par_1_19' title="bbox 2164 101 2237 137">
     <span class='ocr_line' id='line_1_52' title="bbox 2164 101 2237 137; baseline 0 0"><span class='ocrx_word' id='word_1_296' title='bbox 2164 101 2237 137; x_wconf 81' lang='lat'>856</span> 
     </span>
    </p>
   </div>
   <div class='ocr_carea' id='block_1_14' title="bbox 1252 182 2238 330">
    <p class='ocr_par' dir='ltr' id='par_1_20' title="bbox 1252 182 2238 330">
     <span class='ocr_line' id='line_1_53' title="bbox 1252 182 2237 232; baseline 0.006 -16"><span class='ocrx_word' id='word_1_297' title='bbox 1252 185 1346 229; x_wconf 87' lang='lat' dir='ltr'>quod</span> <span class='ocrx_word' id='word_1_298' title='bbox 1363 182 1458 218; x_wconf 91' lang='lat' dir='ltr'>Deus</span> <span class='ocrx_word' id='word_1_299' title='bbox 1485 185 1641 230; x_wconf 88' lang='lat' dir='ltr'>requirat</span> <span class='ocrx_word' id='word_1_300' title='bbox 1662 185 1765 218; x_wconf 85' lang='lat' dir='ltr'>fidem</span> <span class='ocrx_word' id='word_1_301' title='bbox 1795 191 1828 217; x_wconf 90' lang='lat' dir='ltr'>et</span> <span class='ocrx_word' id='word_1_302' title='bbox 1850 186 1944 230; x_wconf 89' lang='lat' dir='ltr'>quod</span> <span class='ocrx_word' id='word_1_303' title='bbox 1968 186 2053 219; x_wconf 86' lang='lat' dir='ltr'>fides</span> <span class='ocrx_word' id='word_1_304' title='bbox 2075 188 2237 232; x_wconf 81' lang='lat' dir='ltr'>impetret</span> 
     </span>
     <span class='ocr_line' id='line_1_54' title="bbox 1591 234 2237 283; baseline 0.005 -14"><span class='ocrx_word' id='word_1_305' title='bbox 1591 234 1768 276; x_wconf 77' lang='lat' dir='ltr'>Credidit,</span> <span class='ocrx_word' id='word_1_306' title='bbox 1796 236 1959 269; x_wconf 85' lang='lat' dir='ltr'>videlicet</span> <span class='ocrx_word' id='word_1_307' title='bbox 1983 236 2084 270; x_wconf 87' lang='lat' dir='ltr'>initio</span> <span class='ocrx_word' id='word_1_308' title='bbox 2105 251 2237 283; x_wconf 90' lang='lat' dir='ltr'>propo-</span> 
     </span>
     <span class='ocr_line' id='line_1_55' title="bbox 1253 285 2238 330; baseline 0.004 -12"><span class='ocrx_word' id='word_1_309' title='bbox 1253 285 1319 319; x_wconf 87' lang='lat' dir='ltr'>sito</span> <span class='ocrx_word' id='word_1_310' title='bbox 1339 286 1448 330; x_wconf 91' lang='lat' dir='ltr'>impio</span> <span class='ocrx_word' id='word_1_311' title='bbox 1468 287 1600 326; x_wconf 83' lang='lat' dir='ltr'>edicto,</span> <span class='ocrx_word' id='word_1_312' title='bbox 1627 298 1699 319; x_wconf 82' lang='lat' dir='ltr'>non</span> <span class='ocrx_word' id='word_1_313' title='bbox 1718 286 1846 319; x_wconf 87' lang='lat' dir='ltr'>abiecit</span> <span class='ocrx_word' id='word_1_314' title='bbox 1865 286 1970 319; x_wconf 87' lang='lat' dir='ltr'>fidem</span> <span class='ocrx_word' id='word_1_315' title='bbox 1991 293 2024 319; x_wconf 88' lang='lat' dir='ltr'>et</span> <span class='ocrx_word' id='word_1_316' title='bbox 2050 289 2238 330; x_wconf 82' lang='lat' dir='ltr'>professio-</span> 
     </span>
    </p>
   </div>
   <div class='ocr_carea' id='block_1_15' title="bbox 1226 335 2238 432">
    <p class='ocr_par' dir='ltr' id='par_1_21' title="bbox 1226 335 2238 432">
     <span class='ocr_line' id='line_1_56' title="bbox 1227 335 2238 378; baseline 0.005 -10"><span class='ocrx_word' id='word_1_317' title='bbox 1227 358 1228 377; x_wconf 27' lang='grc' dir='ltr'>ἢ</span> <span class='ocrx_word' id='word_1_318' title='bbox 1254 348 1353 377; x_wconf 86' lang='lat' dir='ltr'>nem,</span> <span class='ocrx_word' id='word_1_319' title='bbox 1388 338 1445 370; x_wconf 90' lang='lat' dir='ltr'>sed</span> <span class='ocrx_word' id='word_1_320' title='bbox 1473 344 1676 370; x_wconf 85' lang='lat' dir='ltr'>constanter</span> <span class='ocrx_word' id='word_1_321' title='bbox 1700 337 1898 378; x_wconf 90' lang='lat' dir='ltr'>confessus,</span> <span class='ocrx_word' id='word_1_322' title='bbox 1934 348 1969 369; x_wconf 90' lang='lat' dir='ltr'>se</span> <span class='ocrx_word' id='word_1_323' title='bbox 1991 335 2104 370; x_wconf 89' lang='lat' dir='ltr'>Deum</span> <span class='ocrx_word' id='word_1_324' title='bbox 2130 337 2238 373; x_wconf 79' lang='lat' dir='ltr'>Israel</span> 
     </span>
     <span class='ocr_line' id='line_1_57' title="bbox 1226 386 2238 432; baseline 0.003 -14"><span class='ocrx_word' id='word_1_325' title='bbox 1226 403 1228 407; x_wconf 59' lang='lat'>&gt;</span> <span class='ocrx_word' id='word_1_326' title='bbox 1255 387 1437 427; x_wconf 86' lang='lat' dir='ltr'>invocare,</span> <span class='ocrx_word' id='word_1_327' title='bbox 1468 395 1501 422; x_wconf 91' lang='lat' dir='ltr'>et</span> <span class='ocrx_word' id='word_1_328' title='bbox 1525 386 1589 421; x_wconf 85' lang='lat' dir='ltr'>hac</span> <span class='ocrx_word' id='word_1_329' title='bbox 1616 388 1682 420; x_wconf 85' lang='lat' dir='ltr'>fide</span> <span class='ocrx_word' id='word_1_330' title='bbox 1707 388 1831 432; x_wconf 87' lang='lat' dir='ltr'>petivit</span> <span class='ocrx_word' id='word_1_331' title='bbox 1855 393 1887 420; x_wconf 90' lang='lat' dir='ltr'>et</span> <span class='ocrx_word' id='word_1_332' title='bbox 1911 388 2104 431; x_wconf 79' lang='lat' dir='ltr'>expectavit</span> <span class='ocrx_word' id='word_1_333' title='bbox 2121 400 2139 421; x_wconf 90' lang='lat' dir='ltr'>a</span> <span class='ocrx_word' id='word_1_334' title='bbox 2161 387 2238 421; x_wconf 89' lang='lat' dir='ltr'>Deo</span> 
     </span>
    </p>
   </div>
   <div class='ocr_carea' id='block_1_16' title="bbox 1254 437 2239 533">
    <p class='ocr_par' dir='ltr' id='par_1_22' title="bbox 1254 437 2239 533">
     <span class='ocr_line' id='line_1_58' title="bbox 1254 437 2239 483; baseline 0.002 -13"><span class='ocrx_word' id='word_1_335' title='bbox 1254 438 1423 471; x_wconf 89' lang='lat' dir='ltr'>auxilium</span> <span class='ocrx_word' id='word_1_336' title='bbox 1436 465 1444 480; x_wconf 83' lang='lat'>,</span> <span class='ocrx_word' id='word_1_337' title='bbox 1471 451 1533 483; x_wconf 88' lang='lat' dir='ltr'>pro</span> <span class='ocrx_word' id='word_1_338' title='bbox 1549 450 1628 482; x_wconf 84' lang='lat' dir='ltr'>rege</span> <span class='ocrx_word' id='word_1_339' title='bbox 1648 445 1680 472; x_wconf 92' lang='lat' dir='ltr'>et</span> <span class='ocrx_word' id='word_1_340' title='bbox 1697 450 1760 482; x_wconf 91' lang='lat' dir='ltr'>pro</span> <span class='ocrx_word' id='word_1_341' title='bbox 1780 450 1834 480; x_wconf 91' lang='lat' dir='ltr'>se,</span> <span class='ocrx_word' id='word_1_342' title='bbox 1861 437 2024 472; x_wconf 81' lang='lat' dir='ltr'>videlicet</span> <span class='ocrx_word' id='word_1_343' title='bbox 2041 449 2085 471; x_wconf 90' lang='lat' dir='ltr'>ne</span> <span class='ocrx_word' id='word_1_344' title='bbox 2104 439 2239 472; x_wconf 85' lang='lat' dir='ltr'>delere-</span> 
     </span>
     <span class='ocr_line' id='line_1_59' title="bbox 1254 488 1778 533; baseline 0.004 -12"><span class='ocrx_word' id='word_1_345' title='bbox 1254 494 1312 522; x_wconf 86' lang='lat' dir='ltr'>tur</span> <span class='ocrx_word' id='word_1_346' title='bbox 1329 488 1366 521; x_wconf 89' lang='lat' dir='ltr'>in</span> <span class='ocrx_word' id='word_1_347' title='bbox 1383 501 1489 533; x_wconf 87' lang='lat' dir='ltr'>regno</span> <span class='ocrx_word' id='word_1_348' title='bbox 1506 502 1586 523; x_wconf 91' lang='lat' dir='ltr'>vera</span> <span class='ocrx_word' id='word_1_349' title='bbox 1606 490 1778 524; x_wconf 89' lang='lat' dir='ltr'>doctrina.</span> 
     </span>
    </p>
   </div>
   <div class='ocr_carea' id='block_1_17' title="bbox 1254 546 2243 1403">
    <p class='ocr_par' dir='ltr' id='par_1_23' title="bbox 1254 546 2241 1149">
     <span class='ocr_line' id='line_1_60' title="bbox 1357 546 2238 591; baseline 0 -10"><span class='ocrx_word' id='word_1_350' title='bbox 1357 547 1539 591; x_wconf 85' lang='lat' dir='ltr'>Significat</span> <span class='ocrx_word' id='word_1_351' title='bbox 1557 548 1663 591; x_wconf 86' lang='lat' dir='ltr'>igitur</span> <span class='ocrx_word' id='word_1_352' title='bbox 1687 549 1770 582; x_wconf 88' lang='lat' dir='ltr'>fides</span> <span class='ocrx_word' id='word_1_353' title='bbox 1789 546 1867 589; x_wconf 89' lang='lat' dir='ltr'>hic,</span> <span class='ocrx_word' id='word_1_354' title='bbox 1895 555 1933 582; x_wconf 91' lang='lat' dir='ltr'>ut</span> <span class='ocrx_word' id='word_1_355' title='bbox 1949 547 2050 589; x_wconf 90' lang='lat' dir='ltr'>alibi,</span> <span class='ocrx_word' id='word_1_356' title='bbox 2075 548 2238 581; x_wconf 84' lang='lat' dir='ltr'>fiduciam</span> 
     </span>
     <span class='ocr_line' id='line_1_61' title="bbox 1255 598 2239 643; baseline 0.001 -12"><span class='ocrx_word' id='word_1_357' title='bbox 1255 610 1345 643; x_wconf 88' lang='lat' dir='ltr'>quae</span> <span class='ocrx_word' id='word_1_358' title='bbox 1369 599 1476 632; x_wconf 89' lang='lat' dir='ltr'>audet</span> <span class='ocrx_word' id='word_1_359' title='bbox 1499 606 1700 632; x_wconf 88' lang='lat' dir='ltr'>constanter</span> <span class='ocrx_word' id='word_1_360' title='bbox 1724 599 1903 640; x_wconf 87' lang='lat' dir='ltr'>confiteri,</span> <span class='ocrx_word' id='word_1_361' title='bbox 1932 605 1966 633; x_wconf 90' lang='lat' dir='ltr'>et</span> <span class='ocrx_word' id='word_1_362' title='bbox 1989 599 2109 633; x_wconf 81' lang='lat' dir='ltr'>statuit</span> <span class='ocrx_word' id='word_1_363' title='bbox 2123 598 2239 632; x_wconf 89' lang='lat' dir='ltr'>Deum</span> 
     </span>
     <span class='ocr_line' id='line_1_62' title="bbox 1254 649 2240 696; baseline 0.002 -15"><span class='ocrx_word' id='word_1_364' title='bbox 1254 660 1319 682; x_wconf 90' lang='lat' dir='ltr'>nos</span> <span class='ocrx_word' id='word_1_365' title='bbox 1343 661 1406 696; x_wconf 91' lang='lat' dir='ltr'>per</span> <span class='ocrx_word' id='word_1_366' title='bbox 1431 649 1708 682; x_wconf 79' lang='lat' dir='ltr'>inisericordiam</span> <span class='ocrx_word' id='word_1_367' title='bbox 1733 651 1905 694; x_wconf 84' lang='lat' dir='ltr'>recipere,</span> <span class='ocrx_word' id='word_1_368' title='bbox 1934 657 1966 684; x_wconf 88' lang='lat' dir='ltr'>et</span> <span class='ocrx_word' id='word_1_369' title='bbox 1981 650 2070 683; x_wconf 82' lang='lat' dir='ltr'>velle</span> <span class='ocrx_word' id='word_1_370' title='bbox 2096 650 2240 691; x_wconf 84' lang='lat' dir='ltr'>salvare,</span> 
     </span>
     <span class='ocr_line' id='line_1_63' title="bbox 1257 698 2239 745; baseline 0.001 -13"><span class='ocrx_word' id='word_1_371' title='bbox 1257 706 1289 733; x_wconf 92' lang='lat' dir='ltr'>et</span> <span class='ocrx_word' id='word_1_372' title='bbox 1306 706 1460 743; x_wconf 85' lang='lat' dir='ltr'>expectat</span> <span class='ocrx_word' id='word_1_373' title='bbox 1476 700 1645 733; x_wconf 83' lang='lat' dir='ltr'>auxilium</span> <span class='ocrx_word' id='word_1_374' title='bbox 1666 712 1729 744; x_wconf 87' lang='lat' dir='ltr'>pro</span> <span class='ocrx_word' id='word_1_375' title='bbox 1744 698 1918 741; x_wconf 87' lang='lat' dir='ltr'>Ecclesia,</span> <span class='ocrx_word' id='word_1_376' title='bbox 1946 713 2009 745; x_wconf 86' lang='lat' dir='ltr'>pro</span> <span class='ocrx_word' id='word_1_377' title='bbox 2028 701 2148 741; x_wconf 92' lang='lat' dir='ltr'>nobis,</span> <span class='ocrx_word' id='word_1_378' title='bbox 2174 712 2239 744; x_wconf 87' lang='lat' dir='ltr'>pro</span> 
     </span>
     <span class='ocr_line' id='line_1_64' title="bbox 1255 751 2241 796; baseline 0 -13"><span class='ocrx_word' id='word_1_379' title='bbox 1255 751 1318 789; x_wconf 75' lang='lat' dir='ltr'>iis,</span> <span class='ocrx_word' id='word_1_380' title='bbox 1354 751 1415 795; x_wconf 88' lang='lat' dir='ltr'>qui</span> <span class='ocrx_word' id='word_1_381' title='bbox 1437 757 1519 783; x_wconf 91' lang='lat' dir='ltr'>sunt</span> <span class='ocrx_word' id='word_1_382' title='bbox 1542 751 1782 784; x_wconf 86' lang='lat' dir='ltr'>convertendi.</span> <span class='ocrx_word' id='word_1_383' title='bbox 1839 751 1939 785; x_wconf 90' lang='lat' dir='ltr'>Hanc</span> <span class='ocrx_word' id='word_1_384' title='bbox 1961 752 2063 785; x_wconf 86' lang='lat' dir='ltr'>fidem</span> <span class='ocrx_word' id='word_1_385' title='bbox 2090 751 2241 796; x_wconf 84' lang='lat' dir='ltr'>requirit</span> 
     </span>
     <span class='ocr_line' id='line_1_65' title="bbox 1255 799 2240 845; baseline 0.002 -12"><span class='ocrx_word' id='word_1_386' title='bbox 1255 800 1368 841; x_wconf 84' lang='lat' dir='ltr'>Deus,</span> <span class='ocrx_word' id='word_1_387' title='bbox 1411 808 1444 834; x_wconf 92' lang='lat' dir='ltr'>et</span> <span class='ocrx_word' id='word_1_388' title='bbox 1474 799 1557 834; x_wconf 89' lang='lat' dir='ltr'>haec</span> <span class='ocrx_word' id='word_1_389' title='bbox 1594 802 1758 845; x_wconf 81' lang='lat' dir='ltr'>impetrat</span> <span class='ocrx_word' id='word_1_390' title='bbox 1795 801 1982 841; x_wconf 83' lang='lat' dir='ltr'>beneficia,</span> <span class='ocrx_word' id='word_1_391' title='bbox 2021 802 2117 835; x_wconf 86' lang='lat' dir='ltr'>iuxta</span> <span class='ocrx_word' id='word_1_392' title='bbox 2148 801 2240 834; x_wconf 87' lang='lat' dir='ltr'>illud</span> 
     </span>
     <span class='ocr_line' id='line_1_66' title="bbox 1256 850 2237 897; baseline 0.001 -12"><span class='ocrx_word' id='word_1_393' title='bbox 1256 851 1395 886; x_wconf 86' lang='lat' dir='ltr'>Esaiae:</span> <span class='ocrx_word' id='word_1_394' title='bbox 1424 850 1496 894; x_wconf 85' lang='lat' dir='ltr'>Qui</span> <span class='ocrx_word' id='word_1_395' title='bbox 1513 852 1659 885; x_wconf 88' lang='lat' dir='ltr'>confidit</span> <span class='ocrx_word' id='word_1_396' title='bbox 1682 852 1720 884; x_wconf 91' lang='lat' dir='ltr'>in</span> <span class='ocrx_word' id='word_1_397' title='bbox 1735 852 1953 894; x_wconf 85' lang='lat' dir='ltr'>Dominum,</span> <span class='ocrx_word' id='word_1_398' title='bbox 1980 864 2053 885; x_wconf 89' lang='lat' dir='ltr'>non</span> <span class='ocrx_word' id='word_1_399' title='bbox 2072 852 2237 897; x_wconf 84' lang='lat' dir='ltr'>pudefiet.</span> 
     </span>
     <span class='ocr_line' id='line_1_67' title="bbox 1256 899 2241 947; baseline 0.001 -12"><span class='ocrx_word' id='word_1_400' title='bbox 1256 901 1343 936; x_wconf 85' lang='lat' dir='ltr'>Item</span> <span class='ocrx_word' id='word_1_401' title='bbox 1362 899 1490 937; x_wconf 83' lang='lat' dir='ltr'>Matth.</span> <span class='ocrx_word' id='word_1_402' title='bbox 1501 903 1578 937; x_wconf 64' lang='lat' dir='ltr'>QL:</span> <span class='ocrx_word' id='word_1_403' title='bbox 1607 901 1788 947; x_wconf 88' lang='lat' dir='ltr'>Quicquid</span> <span class='ocrx_word' id='word_1_404' title='bbox 1804 903 1973 947; x_wconf 87' lang='lat' dir='ltr'>petieritis</span> <span class='ocrx_word' id='word_1_405' title='bbox 1987 904 2166 937; x_wconf 87' lang='lat' dir='ltr'>credentes</span> <span class='ocrx_word' id='word_1_406' title='bbox 2182 914 2241 936; x_wconf 87' lang='lat' dir='ltr'>ac-</span> 
     </span>
     <span class='ocr_line' id='line_1_68' title="bbox 1256 951 2240 998; baseline 0 -12"><span class='ocrx_word' id='word_1_407' title='bbox 1256 953 1403 997; x_wconf 90' lang='lat' dir='ltr'>cipietis.</span> <span class='ocrx_word' id='word_1_408' title='bbox 1465 951 1514 987; x_wconf 80' lang='lat' dir='ltr'>Ut</span> <span class='ocrx_word' id='word_1_409' title='bbox 1546 953 1653 996; x_wconf 85' lang='lat' dir='ltr'>igitur</span> <span class='ocrx_word' id='word_1_410' title='bbox 1687 953 1754 986; x_wconf 90' lang='lat' dir='ltr'>fide</span> <span class='ocrx_word' id='word_1_411' title='bbox 1786 955 2020 998; x_wconf 88' lang='lat' dir='ltr'>impetrarunt</span> <span class='ocrx_word' id='word_1_412' title='bbox 2055 954 2240 995; x_wconf 86' lang='lat' dir='ltr'>auxilium,</span> 
     </span>
     <span class='ocr_line' id='line_1_69' title="bbox 1256 1002 2241 1046; baseline -0.001 -9"><span class='ocrx_word' id='word_1_413' title='bbox 1256 1003 1387 1037; x_wconf 89' lang='lat' dir='ltr'>Moises</span> <span class='ocrx_word' id='word_1_414' title='bbox 1404 1004 1445 1036; x_wconf 89' lang='lat' dir='ltr'>ad</span> <span class='ocrx_word' id='word_1_415' title='bbox 1467 1015 1562 1036; x_wconf 89' lang='lat' dir='ltr'>mare</span> <span class='ocrx_word' id='word_1_416' title='bbox 1584 1004 1753 1046; x_wconf 90' lang='lat' dir='ltr'>rubrum,</span> <span class='ocrx_word' id='word_1_417' title='bbox 1781 1002 1902 1037; x_wconf 79' lang='lat' dir='ltr'>Esaias</span> <span class='ocrx_word' id='word_1_418' title='bbox 1920 1004 1958 1037; x_wconf 91' lang='lat' dir='ltr'>in</span> <span class='ocrx_word' id='word_1_419' title='bbox 1977 1004 2162 1038; x_wconf 85' lang='lat' dir='ltr'>obsidione</span> <span class='ocrx_word' id='word_1_420' title='bbox 2178 1016 2241 1037; x_wconf 88' lang='lat' dir='ltr'>ur-</span> 
     </span>
     <span class='ocr_line' id='line_1_70' title="bbox 1256 1052 2241 1099; baseline -0.001 -11"><span class='ocrx_word' id='word_1_421' title='bbox 1256 1055 1309 1088; x_wconf 90' lang='lat' dir='ltr'>bis</span> <span class='ocrx_word' id='word_1_422' title='bbox 1324 1061 1357 1088; x_wconf 91' lang='lat' dir='ltr'>et</span> <span class='ocrx_word' id='word_1_423' title='bbox 1373 1054 1434 1087; x_wconf 83' lang='lat' dir='ltr'>alii</span> <span class='ocrx_word' id='word_1_424' title='bbox 1452 1053 1571 1087; x_wconf 86' lang='lat' dir='ltr'>Sancti</span> <span class='ocrx_word' id='word_1_425' title='bbox 1586 1054 1625 1088; x_wconf 85' lang='lat' dir='ltr'>in</span> <span class='ocrx_word' id='word_1_426' title='bbox 1646 1055 1738 1088; x_wconf 90' lang='lat' dir='ltr'>veris</span> <span class='ocrx_word' id='word_1_427' title='bbox 1755 1055 1941 1099; x_wconf 87' lang='lat' dir='ltr'>periculis,</span> <span class='ocrx_word' id='word_1_428' title='bbox 1969 1055 2016 1088; x_wconf 91' lang='lat' dir='ltr'>ita</span> <span class='ocrx_word' id='word_1_429' title='bbox 2041 1052 2098 1088; x_wconf 89' lang='lat' dir='ltr'>hic</span> <span class='ocrx_word' id='word_1_430' title='bbox 2111 1053 2241 1088; x_wconf 88' lang='lat' dir='ltr'>Daniel</span> 
     </span>
     <span class='ocr_line' id='line_1_71' title="bbox 1256 1105 1777 1149; baseline 0.004 -12"><span class='ocrx_word' id='word_1_431' title='bbox 1256 1105 1323 1138; x_wconf 90' lang='lat' dir='ltr'>fide</span> <span class='ocrx_word' id='word_1_432' title='bbox 1338 1106 1504 1149; x_wconf 88' lang='lat' dir='ltr'>impetrat</span> <span class='ocrx_word' id='word_1_433' title='bbox 1521 1105 1777 1140; x_wconf 86' lang='lat' dir='ltr'>liberationem.</span> 
     </span>
    </p>

    <p class='ocr_par' dir='ltr' id='par_1_24' title="bbox 1256 1162 2243 1403">
     <span class='ocr_line' id='line_1_72' title="bbox 1357 1162 2242 1210; baseline 0.002 -14"><span class='ocrx_word' id='word_1_434' title='bbox 1357 1162 1454 1197; x_wconf 90' lang='lat' dir='ltr'>Haec</span> <span class='ocrx_word' id='word_1_435' title='bbox 1475 1164 1631 1207; x_wconf 81' lang='lat' dir='ltr'>exempla</span> <span class='ocrx_word' id='word_1_436' title='bbox 1656 1176 1720 1198; x_wconf 91' lang='lat' dir='ltr'>nos</span> <span class='ocrx_word' id='word_1_437' title='bbox 1745 1177 1886 1210; x_wconf 87' lang='lat' dir='ltr'>quoque</span> <span class='ocrx_word' id='word_1_438' title='bbox 1908 1165 1945 1198; x_wconf 91' lang='lat' dir='ltr'>in</span> <span class='ocrx_word' id='word_1_439' title='bbox 1971 1163 2190 1198; x_wconf 89' lang='lat' dir='ltr'>confessione</span> <span class='ocrx_word' id='word_1_440' title='bbox 2207 1170 2242 1198; x_wconf 83' lang='lat' dir='ltr'>et.</span> 
     </span>
     <span class='ocr_line' id='line_1_73' title="bbox 1256 1215 2242 1259; baseline -0.001 -11"><span class='ocrx_word' id='word_1_441' title='bbox 1256 1215 1423 1248; x_wconf 88' lang='lat' dir='ltr'>omnibus</span> <span class='ocrx_word' id='word_1_442' title='bbox 1446 1215 1610 1258; x_wconf 88' lang='lat' dir='ltr'>periculis</span> <span class='ocrx_word' id='word_1_443' title='bbox 1637 1216 1850 1259; x_wconf 84' lang='lat' dir='ltr'>exuscitent,</span> <span class='ocrx_word' id='word_1_444' title='bbox 1877 1222 1911 1249; x_wconf 87' lang='lat' dir='ltr'>et</span> <span class='ocrx_word' id='word_1_445' title='bbox 1933 1217 1976 1249; x_wconf 89' lang='lat' dir='ltr'>ad</span> <span class='ocrx_word' id='word_1_446' title='bbox 2000 1216 2106 1249; x_wconf 88' lang='lat' dir='ltr'>fidem</span> <span class='ocrx_word' id='word_1_447' title='bbox 2129 1227 2168 1248; x_wconf 95' lang='lat' dir='ltr'>ac</span> <span class='ocrx_word' id='word_1_448' title='bbox 2184 1215 2242 1248; x_wconf 86' lang='lat' dir='ltr'>in-</span> 
     </span>
     <span class='ocr_line' id='line_1_74' title="bbox 1257 1263 2243 1311; baseline -0.001 -12"><span class='ocrx_word' id='word_1_449' title='bbox 1257 1266 1477 1300; x_wconf 83' lang='lat' dir='ltr'>vocationem</span> <span class='ocrx_word' id='word_1_450' title='bbox 1494 1263 1739 1307; x_wconf 87' lang='lat' dir='ltr'>adhortentur,</span> <span class='ocrx_word' id='word_1_451' title='bbox 1761 1273 1915 1311; x_wconf 87' lang='lat' dir='ltr'>suntque</span> <span class='ocrx_word' id='word_1_452' title='bbox 1930 1266 2141 1310; x_wconf 89' lang='lat' dir='ltr'>opponenda</span> <span class='ocrx_word' id='word_1_453' title='bbox 2155 1263 2243 1298; x_wconf 90' lang='lat' dir='ltr'>haec</span> 
     </span>
     <span class='ocr_line' id='line_1_75' title="bbox 1257 1316 2241 1362; baseline -0.002 -12"><span class='ocrx_word' id='word_1_454' title='bbox 1257 1316 1458 1351; x_wconf 87' lang='lat' dir='ltr'>testimonia</span> <span class='ocrx_word' id='word_1_455' title='bbox 1483 1317 1710 1357; x_wconf 79' lang='lat' dir='ltr'>adversariis,</span> <span class='ocrx_word' id='word_1_456' title='bbox 1745 1317 1805 1362; x_wconf 92' lang='lat' dir='ltr'>qui</span> <span class='ocrx_word' id='word_1_457' title='bbox 1830 1318 1872 1350; x_wconf 89' lang='lat' dir='ltr'>de</span> <span class='ocrx_word' id='word_1_458' title='bbox 1900 1316 2068 1362; x_wconf 83' lang='lat' dir='ltr'>operibus</span> <span class='ocrx_word' id='word_1_459' title='bbox 2090 1316 2241 1350; x_wconf 87' lang='lat' dir='ltr'>multum</span> 
     </span>
     <span class='ocr_line' id='line_1_76' title="bbox 1257 1367 2102 1403; baseline -0.001 -3"><span class='ocrx_word' id='word_1_460' title='bbox 1257 1368 1495 1400; x_wconf 88' lang='lat' dir='ltr'>vociferantur</span> <span class='ocrx_word' id='word_1_461' title='bbox 1513 1372 1546 1399; x_wconf 86' lang='lat' dir='ltr'>et</span> <span class='ocrx_word' id='word_1_462' title='bbox 1564 1367 1729 1400; x_wconf 89' lang='lat' dir='ltr'>reiiciunt</span> <span class='ocrx_word' id='word_1_463' title='bbox 1745 1367 1943 1400; x_wconf 88' lang='lat' dir='ltr'>doctrinam</span> <span class='ocrx_word' id='word_1_464' title='bbox 1961 1368 2003 1400; x_wconf 88' lang='lat' dir='ltr'>de</span> <span class='ocrx_word' id='word_1_465' title='bbox 2021 1367 2102 1403; x_wconf 83' lang='lat' dir='ltr'>fide.</span> 
     </span>
    </p>
   </div>
   <div class='ocr_carea' id='block_1_18' title="bbox 1256 1424 2243 1663">
    <p class='ocr_par' dir='ltr' id='par_1_25' title="bbox 1256 1424 2243 1663">
     <span class='ocr_line' id='line_1_77' title="bbox 1358 1424 2243 1470; baseline -0.002 -11"><span class='ocrx_word' id='word_1_466' title='bbox 1358 1425 1533 1469; x_wconf 78' lang='lat' dir='ltr'>Reliquae</span> <span class='ocrx_word' id='word_1_467' title='bbox 1551 1425 1640 1458; x_wconf 91' lang='lat' dir='ltr'>duae</span> <span class='ocrx_word' id='word_1_468' title='bbox 1654 1425 1847 1459; x_wconf 86' lang='lat' dir='ltr'>sententiae</span> <span class='ocrx_word' id='word_1_469' title='bbox 1864 1425 2062 1470; x_wconf 83' lang='lat' dir='ltr'>loquuntur</span> <span class='ocrx_word' id='word_1_470' title='bbox 2075 1426 2118 1458; x_wconf 88' lang='lat' dir='ltr'>de</span> <span class='ocrx_word' id='word_1_471' title='bbox 2140 1424 2243 1459; x_wconf 88' lang='lat' dir='ltr'>iusti-</span> 
     </span>
     <span class='ocr_line' id='line_1_78' title="bbox 1256 1475 2243 1520; baseline 0 -11"><span class='ocrx_word' id='word_1_472' title='bbox 1256 1476 1309 1509; x_wconf 85' lang='lat' dir='ltr'>cia</span> <span class='ocrx_word' id='word_1_473' title='bbox 1335 1487 1499 1520; x_wconf 85' lang='lat' dir='ltr'>operum,</span> <span class='ocrx_word' id='word_1_474' title='bbox 1532 1488 1620 1520; x_wconf 87' lang='lat' dir='ltr'>quae</span> <span class='ocrx_word' id='word_1_475' title='bbox 1651 1484 1683 1509; x_wconf 90' lang='lat' dir='ltr'>et</span> <span class='ocrx_word' id='word_1_476' title='bbox 1715 1488 1832 1509; x_wconf 87' lang='lat' dir='ltr'>coram</span> <span class='ocrx_word' id='word_1_477' title='bbox 1855 1475 1930 1509; x_wconf 93' lang='lat' dir='ltr'>Deo</span> <span class='ocrx_word' id='word_1_478' title='bbox 1954 1476 1991 1508; x_wconf 90' lang='lat' dir='ltr'>in</span> <span class='ocrx_word' id='word_1_479' title='bbox 2019 1476 2243 1510; x_wconf 78' lang='lat' dir='ltr'>credentibus</span> 
     </span>
     <span class='ocr_line' id='line_1_79' title="bbox 1257 1524 2243 1571; baseline 0.002 -12"><span class='ocrx_word' id='word_1_480' title='bbox 1257 1538 1329 1559; x_wconf 91' lang='lat' dir='ltr'>esse</span> <span class='ocrx_word' id='word_1_481' title='bbox 1354 1527 1474 1563; x_wconf 85' lang='lat' dir='ltr'>debet,</span> <span class='ocrx_word' id='word_1_482' title='bbox 1506 1533 1539 1559; x_wconf 86' lang='lat' dir='ltr'>et</span> <span class='ocrx_word' id='word_1_483' title='bbox 1562 1538 1679 1559; x_wconf 85' lang='lat' dir='ltr'>coram</span> <span class='ocrx_word' id='word_1_484' title='bbox 1702 1524 1920 1559; x_wconf 84' lang='lat' dir='ltr'>hominibus.</span> <span class='ocrx_word' id='word_1_485' title='bbox 1964 1525 2102 1560; x_wconf 79' lang='lat' dir='ltr'>Di5erte</span> <span class='ocrx_word' id='word_1_486' title='bbox 2123 1525 2243 1571; x_wconf 79' lang='lat' dir='ltr'>inquit</span> 
     </span>
     <span class='ocr_line' id='line_1_80' title="bbox 1257 1575 2242 1612; baseline 0.001 -2"><span class='ocrx_word' id='word_1_487' title='bbox 1257 1576 1403 1610; x_wconf 82' lang='lat' dir='ltr'>Daniel:</span> <span class='ocrx_word' id='word_1_488' title='bbox 1449 1575 1596 1609; x_wconf 83' lang='lat' dir='ltr'>Inventa</span> <span class='ocrx_word' id='word_1_489' title='bbox 1632 1583 1681 1609; x_wconf 90' lang='lat' dir='ltr'>est</span> <span class='ocrx_word' id='word_1_490' title='bbox 1713 1576 1802 1609; x_wconf 90' lang='lat' dir='ltr'>mihi</span> <span class='ocrx_word' id='word_1_491' title='bbox 1837 1576 1973 1610; x_wconf 88' lang='lat' dir='ltr'>iusticia</span> <span class='ocrx_word' id='word_1_492' title='bbox 2003 1588 2120 1610; x_wconf 91' lang='lat' dir='ltr'>coram</span> <span class='ocrx_word' id='word_1_493' title='bbox 2151 1575 2242 1612; x_wconf 86' lang='lat' dir='ltr'>Deo.</span> 
     </span>
     <span class='ocr_line' id='line_1_81' title="bbox 1256 1625 2242 1663; baseline 0.004 -4"><span class='ocrx_word' id='word_1_494' title='bbox 1256 1626 1394 1660; x_wconf 91' lang='lat' dir='ltr'>Deinde</span> <span class='ocrx_word' id='word_1_495' title='bbox 1411 1627 1509 1659; x_wconf 88' lang='lat' dir='ltr'>addit</span> <span class='ocrx_word' id='word_1_496' title='bbox 1528 1627 1649 1660; x_wconf 82' lang='lat' dir='ltr'>etiam:</span> <span class='ocrx_word' id='word_1_497' title='bbox 1682 1625 1809 1660; x_wconf 89' lang='lat' dir='ltr'>Coram</span> <span class='ocrx_word' id='word_1_498' title='bbox 1829 1634 1861 1661; x_wconf 90' lang='lat' dir='ltr'>te</span> <span class='ocrx_word' id='word_1_499' title='bbox 1877 1639 1935 1660; x_wconf 83' lang='lat' dir='ltr'>rex</span> <span class='ocrx_word' id='word_1_500' title='bbox 1952 1625 2044 1660; x_wconf 90' lang='lat' dir='ltr'>nihil</span> <span class='ocrx_word' id='word_1_501' title='bbox 2064 1627 2149 1661; x_wconf 87' lang='lat' dir='ltr'>mali</span> <span class='ocrx_word' id='word_1_502' title='bbox 2165 1627 2242 1663; x_wconf 79' lang='lat' dir='ltr'>feci.</span> 
     </span>
    </p>
   </div>
   <div class='ocr_carea' id='block_1_19' title="bbox 1255 1684 2241 2026">
    <p class='ocr_par' dir='ltr' id='par_1_26' title="bbox 1255 1684 2241 2026">
     <span class='ocr_line' id='line_1_82' title="bbox 1360 1684 2239 1731; baseline -0.002 -10"><span class='ocrx_word' id='word_1_503' title='bbox 1360 1685 1579 1721; x_wconf 86' lang='lat' dir='ltr'>Observabis</span> <span class='ocrx_word' id='word_1_504' title='bbox 1596 1686 1704 1729; x_wconf 88' lang='lat' dir='ltr'>igitur</span> <span class='ocrx_word' id='word_1_505' title='bbox 1727 1684 1812 1720; x_wconf 83' lang='lat' dir='ltr'>haec</span> <span class='ocrx_word' id='word_1_506' title='bbox 1835 1687 1901 1720; x_wconf 89' lang='lat' dir='ltr'>tria</span> <span class='ocrx_word' id='word_1_507' title='bbox 1925 1687 2098 1731; x_wconf 88' lang='lat' dir='ltr'>proponi,</span> <span class='ocrx_word' id='word_1_508' title='bbox 2123 1687 2239 1727; x_wconf 87' lang='lat' dir='ltr'>fidem,</span> 
     </span>
     <span class='ocr_line' id='line_1_83' title="bbox 1257 1737 2241 1782; baseline -0.001 -11"><span class='ocrx_word' id='word_1_509' title='bbox 1257 1737 1341 1771; x_wconf 91' lang='lat' dir='ltr'>item</span> <span class='ocrx_word' id='word_1_510' title='bbox 1361 1737 1534 1770; x_wconf 87' lang='lat' dir='ltr'>incoatarn</span> <span class='ocrx_word' id='word_1_511' title='bbox 1553 1737 1811 1778; x_wconf 90' lang='lat' dir='ltr'>obedientiam,</span> <span class='ocrx_word' id='word_1_512' title='bbox 1839 1749 1928 1782; x_wconf 89' lang='lat' dir='ltr'>quae</span> <span class='ocrx_word' id='word_1_513' title='bbox 1946 1738 2081 1771; x_wconf 86' lang='lat' dir='ltr'>etiamsi</span> <span class='ocrx_word' id='word_1_514' title='bbox 2102 1745 2152 1773; x_wconf 83' lang='lat' dir='ltr'>est</span> <span class='ocrx_word' id='word_1_515' title='bbox 2174 1738 2241 1770; x_wconf 90' lang='lat' dir='ltr'>im-</span> 
     </span>
     <span class='ocr_line' id='line_1_84' title="bbox 1256 1787 2241 1834; baseline 0.001 -14"><span class='ocrx_word' id='word_1_516' title='bbox 1256 1789 1404 1828; x_wconf 85' lang='lat' dir='ltr'>munda,</span> <span class='ocrx_word' id='word_1_517' title='bbox 1428 1794 1543 1821; x_wconf 91' lang='lat' dir='ltr'>tamen</span> <span class='ocrx_word' id='word_1_518' title='bbox 1563 1788 1675 1831; x_wconf 87' lang='lat' dir='ltr'>placet</span> <span class='ocrx_word' id='word_1_519' title='bbox 1691 1787 1766 1822; x_wconf 91' lang='lat' dir='ltr'>Deo</span> <span class='ocrx_word' id='word_1_520' title='bbox 1781 1790 1819 1821; x_wconf 90' lang='lat' dir='ltr'>in</span> <span class='ocrx_word' id='word_1_521' title='bbox 1835 1789 2070 1830; x_wconf 89' lang='lat' dir='ltr'>credentibus,</span> <span class='ocrx_word' id='word_1_522' title='bbox 2097 1789 2158 1834; x_wconf 85' lang='lat' dir='ltr'>qui</span> <span class='ocrx_word' id='word_1_523' title='bbox 2173 1788 2241 1822; x_wconf 83' lang='lat' dir='ltr'>fide</span> 
     </span>
     <span class='ocr_line' id='line_1_85' title="bbox 1256 1839 2240 1882; baseline 0.001 -11"><span class='ocrx_word' id='word_1_524' title='bbox 1256 1839 1339 1872; x_wconf 90' lang='lat' dir='ltr'>iusti</span> <span class='ocrx_word' id='word_1_525' title='bbox 1358 1845 1456 1872; x_wconf 89' lang='lat' dir='ltr'>sunt:</span> <span class='ocrx_word' id='word_1_526' title='bbox 1483 1846 1621 1882; x_wconf 89' lang='lat' dir='ltr'>oportet</span> <span class='ocrx_word' id='word_1_527' title='bbox 1641 1839 1733 1872; x_wconf 90' lang='lat' dir='ltr'>enim</span> <span class='ocrx_word' id='word_1_528' title='bbox 1753 1839 1872 1872; x_wconf 88' lang='lat' dir='ltr'>adesse</span> <span class='ocrx_word' id='word_1_529' title='bbox 1889 1840 1926 1872; x_wconf 92' lang='lat' dir='ltr'>in</span> <span class='ocrx_word' id='word_1_530' title='bbox 1945 1839 2048 1873; x_wconf 87' lang='lat' dir='ltr'>nobis</span> <span class='ocrx_word' id='word_1_531' title='bbox 2064 1839 2240 1873; x_wconf 89' lang='lat' dir='ltr'>iusticiam</span> 
     </span>
     <span class='ocr_line' id='line_1_86' title="bbox 1256 1887 2239 1935; baseline -0.001 -13"><span class='ocrx_word' id='word_1_532' title='bbox 1256 1890 1370 1923; x_wconf 88' lang='lat' dir='ltr'>honae</span> <span class='ocrx_word' id='word_1_533' title='bbox 1385 1889 1629 1930; x_wconf 89' lang='lat' dir='ltr'>conscientiae,</span> <span class='ocrx_word' id='word_1_534' title='bbox 1645 1897 1683 1923; x_wconf 92' lang='lat' dir='ltr'>ut</span> <span class='ocrx_word' id='word_1_535' title='bbox 1701 1890 1817 1935; x_wconf 88' lang='lat' dir='ltr'>inquit</span> <span class='ocrx_word' id='word_1_536' title='bbox 1828 1888 1957 1923; x_wconf 89' lang='lat' dir='ltr'>Paulus</span> <span class='ocrx_word' id='word_1_537' title='bbox 1973 1893 2009 1925; x_wconf 79' lang='lat'>2.</span> <span class='ocrx_word' id='word_1_538' title='bbox 2022 1887 2182 1924; x_wconf 86' lang='lat' dir='ltr'>Corinth.</span> <span class='ocrx_word' id='word_1_539' title='bbox 2198 1890 2239 1922; x_wconf 77' lang='lat'>1.:</span> 
     </span>
     <span class='ocr_line' id='line_1_87' title="bbox 1255 1937 2239 1984; baseline 0.001 -11"><span class='ocrx_word' id='word_1_540' title='bbox 1255 1939 1350 1974; x_wconf 84' lang='lat' dir='ltr'>Haec</span> <span class='ocrx_word' id='word_1_541' title='bbox 1366 1947 1415 1974; x_wconf 91' lang='lat' dir='ltr'>est</span> <span class='ocrx_word' id='word_1_542' title='bbox 1431 1940 1593 1984; x_wconf 78' lang='lat' dir='ltr'>gloriatio</span> <span class='ocrx_word' id='word_1_543' title='bbox 1611 1948 1730 1975; x_wconf 89' lang='lat' dir='ltr'>nostra</span> <span class='ocrx_word' id='word_1_544' title='bbox 1747 1937 1989 1974; x_wconf 87' lang='lat' dir='ltr'>testimonium</span> <span class='ocrx_word' id='word_1_545' title='bbox 2005 1940 2239 1974; x_wconf 84' lang='lat' dir='ltr'>conscientiae</span> 
     </span>
     <span class='ocr_line' id='line_1_88' title="bbox 1255 1998 1445 2026; baseline 0.005 -2"><span class='ocrx_word' id='word_1_546' title='bbox 1255 1998 1407 2026; x_wconf 85' lang='lat' dir='ltr'>nostrae.</span> <span class='ocrx_word' id='word_1_547' title='bbox 1442 2004 1445 2005; x_wconf 50' lang='lat'><em>⁷</em></span> 
     </span>
    </p>
   </div>
   <div class='ocr_carea' id='block_1_20' title="bbox 1251 2047 2239 2603">
    <p class='ocr_par' dir='ltr' id='par_1_27' title="bbox 1253 2047 2239 2442">
     <span class='ocr_line' id='line_1_89' title="bbox 1354 2047 2238 2085; baseline 0 -1"><span class='ocrx_word' id='word_1_548' title='bbox 1354 2049 1404 2084; x_wconf 87' lang='lat' dir='ltr'>Ita</span> <span class='ocrx_word' id='word_1_549' title='bbox 1428 2047 1486 2082; x_wconf 87' lang='lat' dir='ltr'>hic</span> <span class='ocrx_word' id='word_1_550' title='bbox 1504 2047 1630 2082; x_wconf 87' lang='lat' dir='ltr'>Daniel</span> <span class='ocrx_word' id='word_1_551' title='bbox 1656 2050 1718 2083; x_wconf 85' lang='lat' dir='ltr'>ait:</span> <span class='ocrx_word' id='word_1_552' title='bbox 1745 2049 1892 2084; x_wconf 86' lang='lat' dir='ltr'>Inventa</span> <span class='ocrx_word' id='word_1_553' title='bbox 1910 2056 1961 2085; x_wconf 87' lang='lat' dir='ltr'>est</span> <span class='ocrx_word' id='word_1_554' title='bbox 1983 2047 2074 2083; x_wconf 87' lang='lat' dir='ltr'>mihi</span> <span class='ocrx_word' id='word_1_555' title='bbox 2100 2049 2238 2085; x_wconf 90' lang='lat' dir='ltr'>iusticia</span> 
     </span>
     <span class='ocr_line' id='line_1_90' title="bbox 1255 2099 2239 2145; baseline 0.001 -11"><span class='ocrx_word' id='word_1_556' title='bbox 1255 2113 1372 2134; x_wconf 88' lang='lat' dir='ltr'>coram</span> <span class='ocrx_word' id='word_1_557' title='bbox 1389 2099 1480 2135; x_wconf 84' lang='lat' dir='ltr'>Deo.</span> <span class='ocrx_word' id='word_1_558' title='bbox 1515 2099 1622 2143; x_wconf 82' lang='lat' dir='ltr'>Quod</span> <span class='ocrx_word' id='word_1_559' title='bbox 1646 2107 1685 2134; x_wconf 93' lang='lat' dir='ltr'>ut</span> <span class='ocrx_word' id='word_1_560' title='bbox 1707 2107 1798 2134; x_wconf 85' lang='lat' dir='ltr'>recte</span> <span class='ocrx_word' id='word_1_561' title='bbox 1821 2101 2058 2145; x_wconf 86' lang='lat' dir='ltr'>intelligatur,</span> <span class='ocrx_word' id='word_1_562' title='bbox 2085 2101 2239 2145; x_wconf 85' lang='lat' dir='ltr'>adiunge</span> 
     </span>
     <span class='ocr_line' id='line_1_91' title="bbox 1254 2150 2238 2192; baseline 0.001 -7"><span class='ocrx_word' id='word_1_563' title='bbox 1254 2152 1398 2186; x_wconf 84' lang='lat' dir='ltr'>alteram</span> <span class='ocrx_word' id='word_1_564' title='bbox 1415 2151 1623 2185; x_wconf 89' lang='lat' dir='ltr'>sententiam</span> <span class='ocrx_word' id='word_1_565' title='bbox 1641 2151 1684 2184; x_wconf 90' lang='lat' dir='ltr'>de</span> <span class='ocrx_word' id='word_1_566' title='bbox 1700 2151 1778 2192; x_wconf 85' lang='lat' dir='ltr'>fide,</span> <span class='ocrx_word' id='word_1_567' title='bbox 1793 2150 1955 2185; x_wconf 90' lang='lat' dir='ltr'>Credidit</span> <span class='ocrx_word' id='word_1_568' title='bbox 1970 2151 2046 2186; x_wconf 89' lang='lat' dir='ltr'>Deo</span> <span class='ocrx_word' id='word_1_569' title='bbox 2063 2163 2140 2188; x_wconf 74' lang='lat' dir='ltr'>suo,</span> <span class='ocrx_word' id='word_1_570' title='bbox 2167 2151 2238 2186; x_wconf 87' lang='lat' dir='ltr'>Ne-</span> 
     </span>
     <span class='ocr_line' id='line_1_92' title="bbox 1254 2201 2238 2248; baseline 0 -12"><span class='ocrx_word' id='word_1_571' title='bbox 1254 2215 1428 2248; x_wconf 89' lang='lat' dir='ltr'>quaquam</span> <span class='ocrx_word' id='word_1_572' title='bbox 1447 2202 1540 2234; x_wconf 91' lang='lat' dir='ltr'>enim</span> <span class='ocrx_word' id='word_1_573' title='bbox 1559 2202 1636 2235; x_wconf 83' lang='lat' dir='ltr'>vult</span> <span class='ocrx_word' id='word_1_574' title='bbox 1652 2201 1780 2235; x_wconf 85' lang='lat' dir='ltr'>Daniel</span> <span class='ocrx_word' id='word_1_575' title='bbox 1796 2214 1832 2235; x_wconf 92' lang='lat' dir='ltr'>se</span> <span class='ocrx_word' id='word_1_576' title='bbox 1849 2214 1920 2236; x_wconf 87' lang='lat' dir='ltr'>esse</span> <span class='ocrx_word' id='word_1_577' title='bbox 1944 2203 2075 2237; x_wconf 88' lang='lat' dir='ltr'>iustum</span> <span class='ocrx_word' id='word_1_578' title='bbox 2094 2210 2238 2248; x_wconf 86' lang='lat' dir='ltr'>propter</span> 
     </span>
     <span class='ocr_line' id='line_1_93' title="bbox 1254 2252 2239 2298; baseline 0.001 -12"><span class='ocrx_word' id='word_1_579' title='bbox 1254 2254 1433 2298; x_wconf 91' lang='lat' dir='ltr'>propriam</span> <span class='ocrx_word' id='word_1_580' title='bbox 1459 2252 1665 2295; x_wconf 85' lang='lat' dir='ltr'>dignitatem</span> <span class='ocrx_word' id='word_1_581' title='bbox 1698 2259 1759 2286; x_wconf 82' lang='lat' dir='ltr'>aut</span> <span class='ocrx_word' id='word_1_582' title='bbox 1790 2264 1868 2286; x_wconf 88' lang='lat' dir='ltr'>suas</span> <span class='ocrx_word' id='word_1_583' title='bbox 1891 2254 2053 2295; x_wconf 88' lang='lat' dir='ltr'>virtutes,</span> <span class='ocrx_word' id='word_1_584' title='bbox 2087 2254 2147 2287; x_wconf 88' lang='lat' dir='ltr'>sed</span> <span class='ocrx_word' id='word_1_585' title='bbox 2175 2265 2239 2298; x_wconf 85' lang='lat' dir='ltr'>per</span> 
     </span>
     <span class='ocr_line' id='line_1_94' title="bbox 1253 2301 2237 2350; baseline 0.001 -13"><span class='ocrx_word' id='word_1_586' title='bbox 1253 2303 1528 2338; x_wconf 87' lang='lat' dir='ltr'>misericordiam</span> <span class='ocrx_word' id='word_1_587' title='bbox 1545 2303 1622 2336; x_wconf 87' lang='lat' dir='ltr'>fide.</span> <span class='ocrx_word' id='word_1_588' title='bbox 1674 2301 1721 2337; x_wconf 85' lang='lat' dir='ltr'>Et</span> <span class='ocrx_word' id='word_1_589' title='bbox 1737 2310 1853 2337; x_wconf 88' lang='lat' dir='ltr'>tamen</span> <span class='ocrx_word' id='word_1_590' title='bbox 1872 2305 1937 2338; x_wconf 89' lang='lat' dir='ltr'>scit</span> <span class='ocrx_word' id='word_1_591' title='bbox 1952 2305 2086 2350; x_wconf 87' lang='lat' dir='ltr'>requiri</span> <span class='ocrx_word' id='word_1_592' title='bbox 2102 2311 2135 2338; x_wconf 88' lang='lat' dir='ltr'>et</span> <span class='ocrx_word' id='word_1_593' title='bbox 2158 2305 2237 2349; x_wconf 87' lang='lat' dir='ltr'>pla-</span> 
     </span>
     <span class='ocr_line' id='line_1_95' title="bbox 1254 2353 2237 2390; baseline 0 -2"><span class='ocrx_word' id='word_1_594' title='bbox 1254 2366 1331 2388; x_wconf 89' lang='lat' dir='ltr'>cere</span> <span class='ocrx_word' id='word_1_595' title='bbox 1358 2354 1434 2389; x_wconf 91' lang='lat' dir='ltr'>Deo</span> <span class='ocrx_word' id='word_1_596' title='bbox 1468 2353 1642 2387; x_wconf 87' lang='lat' dir='ltr'>iusticiam</span> <span class='ocrx_word' id='word_1_597' title='bbox 1678 2355 1792 2389; x_wconf 85' lang='lat' dir='ltr'>bonae</span> <span class='ocrx_word' id='word_1_598' title='bbox 1824 2355 2060 2390; x_wconf 86' lang='lat' dir='ltr'>conscientiae</span> <span class='ocrx_word' id='word_1_599' title='bbox 2086 2355 2123 2388; x_wconf 90' lang='lat' dir='ltr'>in</span> <span class='ocrx_word' id='word_1_600' title='bbox 2159 2366 2237 2388; x_wconf 87' lang='lat' dir='ltr'>cre-</span> 
     </span>
     <span class='ocr_line' id='line_1_96' title="bbox 1254 2406 1430 2442; baseline 0.011 -3"><span class='ocrx_word' id='word_1_601' title='bbox 1254 2406 1430 2442; x_wconf 74' lang='lat' dir='ltr'>dentibus,</span> 
     </span>
    </p>

    <p class='ocr_par' dir='ltr' id='par_1_28' title="bbox 1251 2453 2234 2603">
     <span class='ocr_line' id='line_1_97' title="bbox 1357 2453 2234 2498; baseline 0.001 -9"><span class='ocrx_word' id='word_1_602' title='bbox 1357 2455 1481 2489; x_wconf 90' lang='lat' dir='ltr'>Tertio</span> <span class='ocrx_word' id='word_1_603' title='bbox 1506 2455 1651 2488; x_wconf 85' lang='lat' dir='ltr'>additur</span> <span class='ocrx_word' id='word_1_604' title='bbox 1673 2455 1810 2489; x_wconf 89' lang='lat' dir='ltr'>iusticia</span> <span class='ocrx_word' id='word_1_605' title='bbox 1837 2467 1916 2498; x_wconf 87' lang='lat' dir='ltr'>erga</span> <span class='ocrx_word' id='word_1_606' title='bbox 1943 2453 2124 2497; x_wconf 74' lang='lat' dir='ltr'>homines,</span> <span class='ocrx_word' id='word_1_607' title='bbox 2151 2467 2234 2490; x_wconf 89' lang='lat' dir='ltr'>nam</span> 
     </span>
     <span class='ocr_line' id='line_1_98' title="bbox 1253 2504 2234 2551; baseline 0 -10"><span class='ocrx_word' id='word_1_608' title='bbox 1253 2514 1287 2541; x_wconf 78' lang='lat' dir='ltr'>et</span> <span class='ocrx_word' id='word_1_609' title='bbox 1302 2520 1418 2541; x_wconf 85' lang='lat' dir='ltr'>coram</span> <span class='ocrx_word' id='word_1_610' title='bbox 1436 2504 1641 2539; x_wconf 84' lang='lat' dir='ltr'>hominibus</span> <span class='ocrx_word' id='word_1_611' title='bbox 1658 2506 1814 2550; x_wconf 88' lang='lat' dir='ltr'>conspici</span> <span class='ocrx_word' id='word_1_612' title='bbox 1833 2507 2070 2539; x_wconf 85' lang='lat' dir='ltr'>innocentiam</span> <span class='ocrx_word' id='word_1_613' title='bbox 2096 2514 2234 2551; x_wconf 75' lang='lat' dir='ltr'>oportet</span> 
     </span>
     <span class='ocr_line' id='line_1_99' title="bbox 1251 2556 2234 2603; baseline 0 -12"><span class='ocrx_word' id='word_1_614' title='bbox 1251 2558 1400 2603; x_wconf 88' lang='lat' dir='ltr'>exempli</span> <span class='ocrx_word' id='word_1_615' title='bbox 1424 2568 1547 2601; x_wconf 84' lang='lat' dir='ltr'>causa,</span> <span class='ocrx_word' id='word_1_616' title='bbox 1574 2557 1668 2590; x_wconf 89' lang='lat' dir='ltr'>iuxta</span> <span class='ocrx_word' id='word_1_617' title='bbox 1686 2557 1793 2589; x_wconf 85' lang='lat' dir='ltr'>illud:</span> <span class='ocrx_word' id='word_1_618' title='bbox 1818 2556 1949 2589; x_wconf 89' lang='lat' dir='ltr'>Luceat</span> <span class='ocrx_word' id='word_1_619' title='bbox 1964 2557 2023 2589; x_wconf 83' lang='lat' dir='ltr'>lux</span> <span class='ocrx_word' id='word_1_620' title='bbox 2039 2565 2153 2591; x_wconf 84' lang='lat' dir='ltr'>vestra</span> <span class='ocrx_word' id='word_1_621' title='bbox 2169 2564 2234 2594; x_wconf 85' lang='lat' dir='ltr'>etc.</span> 
     </span>
    </p>
   </div>
   <div class='ocr_carea' id='block_1_21' title="bbox 1249 2614 2233 2714">
    <p class='ocr_par' dir='ltr' id='par_1_29' title="bbox 1249 2614 2233 2714">
     <span class='ocr_line' id='line_1_100' title="bbox 1350 2614 2233 2661; baseline -0.002 -10"><span class='ocrx_word' id='word_1_622' title='bbox 1350 2616 1396 2651; x_wconf 88' lang='lat' dir='ltr'>Et</span> <span class='ocrx_word' id='word_1_623' title='bbox 1415 2617 1603 2659; x_wconf 83' lang='lat' dir='ltr'>diligenter</span> <span class='ocrx_word' id='word_1_624' title='bbox 1617 2616 1874 2649; x_wconf 83' lang='lat' dir='ltr'>observandum</span> <span class='ocrx_word' id='word_1_625' title='bbox 1891 2621 1951 2649; x_wconf 84' lang='lat' dir='ltr'>est.</span> <span class='ocrx_word' id='word_1_626' title='bbox 1993 2614 2098 2658; x_wconf 88' lang='lat' dir='ltr'>Quod</span> <span class='ocrx_word' id='word_1_627' title='bbox 2119 2628 2233 2661; x_wconf 86' lang='lat' dir='ltr'>quan-</span> 
     </span>
     <span class='ocr_line' id='line_1_101' title="bbox 1249 2665 2230 2714; baseline -0.003 -12"><span class='ocrx_word' id='word_1_628' title='bbox 1249 2680 1353 2714; x_wconf 88' lang='lat' dir='ltr'>quam</span> <span class='ocrx_word' id='word_1_629' title='bbox 1368 2668 1449 2703; x_wconf 86' lang='lat' dir='ltr'>fecit</span> <span class='ocrx_word' id='word_1_630' title='bbox 1467 2674 1588 2702; x_wconf 88' lang='lat' dir='ltr'>contra</span> <span class='ocrx_word' id='word_1_631' title='bbox 1607 2666 1770 2708; x_wconf 81' lang='lat' dir='ltr'>edictum,</span> <span class='ocrx_word' id='word_1_632' title='bbox 1790 2672 1906 2700; x_wconf 84' lang='lat' dir='ltr'>tamen</span> <span class='ocrx_word' id='word_1_633' title='bbox 1923 2665 2072 2701; x_wconf 85' lang='lat' dir='ltr'>affirmat</span> <span class='ocrx_word' id='word_1_634' title='bbox 2088 2679 2122 2701; x_wconf 91' lang='lat' dir='ltr'>se</span> <span class='ocrx_word' id='word_1_635' title='bbox 2137 2665 2230 2700; x_wconf 84' lang='lat' dir='ltr'>nibil</span> 
     </span>
    </p>
   </div>
   <div class='ocr_carea' id='block_1_22' title="bbox 2352 1222 2361 1452">
    <p class='ocr_par' dir='ltr' id='par_1_30' title="bbox 2352 1222 2361 1452">
     <span class='ocr_line' id='line_1_102' title="bbox 2352 1222 2361 1452; textangle 90"><span class='ocrx_word' id='word_1_636' title='bbox 2352 1301 2361 1452; x_wconf 38' lang='lat' dir='ltr'>..dfi-</span> <span class='ocrx_word' id='word_1_637' title='bbox 2356 1222 2358 1251; x_wconf 74' lang='grc'>-.</span> 
     </span>
    </p>
   </div>
  </div>
 </body>
</html>
