2379 2948
131 116 201 151 117

865 114 912 153 11.
964 112 1113 150 LIBER
1139 88 1205 149 im
1232 114 1403 153 ANIMA.

2074 121 2144 156 118

128 196 241 238 acria,
274 203 314 231 ut
335 195 459 243 Piper,
494 198 678 239 Zinziber,
712 196 868 238 Allium,
893 195 1007 241 Cepa,
1035 207 1114 240 gra-
1165 195 1341 230 minamus
1357 197 1494 243 &lehem
1525 197 1577 233 De
1594 199 1722 245 quibus
1742 199 1912 245 Virgilius
1930 201 2035 237 dixit:
2061 203 2142 248 Spi-

127 258 213 281 num
230 246 416 290 Cnidium,
442 249 479 282 id
496 256 565 288 est,
592 246 780 292 Εεῐῐθτῖαῐᾶ,
809 246 904 282 Calx.

1165 257 1229 278 nos
1257 246 1326 278 iam
1361 260 1473 290 pruna
1500 250 1660 287 ferentes.
1712 250 1829 295 Vulgo
1857 252 1974 286 alieno
1998 255 2141 288 nomine

229 304 381 348 Acidus,
412 304 512 346 ὀξὺς,
546 312 702 339 acetosus
731 312 797 344 est,
832 305 893 350 qui
916 306 1111 338 mordendo
1164 295 1509 355 θᾶΡθῙῙὸῐξῑΛΰὸΰῗὸδ.
1548 299 1595 333 At
1619 301 1805 346 stypticum
1823 303 2005 348 aliquanto
2024 303 2141 338 minus

127 357 336 400 constringit
352 364 384 390 et
400 357 591 399 refrigerat,
618 367 657 388 ac
673 356 758 389 citra
777 356 1039 390 calefactionem
1058 362 1111 389 at·
1164 355 1357 391 σῖθυφνθν
1387 353 1455 385 ‘³⁵12
1489 354 1527 380 ut
1550 350 1639 382 “¹³1³
1663 350 1835 396 Cydonia.
1892 352 1959 386 Sed
1985 354 2141 397 singulae

126 413 266 448 tenuat,
306 407 432 440 dividit
467 413 500 439 et
538 405 689 441 vellicat.
750 404 883 451 Estque
915 406 953 439 in
984 413 1110 439 natura

125 458 244 498 tenui,
271 457 395 500 frigida
413 462 446 489 et
468 456 572 496 sicca,
596 456 634 490 in
654 468 721 501 qua
747 457 953 491 dominatur
972 457 1111 500 frigidi-

127 514 190 540 tas.
242 506 331 540 Nam
353 517 442 551 quae
464 512 545 539 sunt
569 512 705 540 tantum
728 507 847 548 acida,
873 513 955 541 sunt
975 507 1110 552 praeci-

126 569 195 601 pue
217 556 358 599 frigida,
385 562 424 590 ut
440 556 568 596 omlis,
596 569 685 601 quae
701 557 806 600 vulgo
824 558 972 591 Acetosa
993 558 1110 591 nomi-

126 614 249 647 natur,
275 606 357 651 quia
378 604 462 639 haec
478 618 565 650 pure
581 604 676 640 bunc
699 619 858 652 saporem
878 606 993 642 habet.
1046 606 1109 642 Est

127 665 160 691 et
176 656 305 700 species
320 656 404 690 mali
426 657 549 701 punici
564 669 646 691 vere
660 659 770 694 acida.

225 714 307 749 Alia
324 716 493 761 quaedam
511 723 593 752 sunt
610 717 737 750 mixtae
756 717 952 763 qualitatis,
978 724 1017 751 ut
1033 729 1110 751 ace-

125 773 215 807 tum,
234 767 329 811 quod
349 773 399 800 est
416 767 575 808 subacre,
601 767 683 812 quia
700 769 763 801 etsi
782 768 949 811 frigidum
969 775 1031 808 est,
1060 775 1110 801 ta-

124 828 207 849 men
222 816 350 850 retinet
371 818 559 850 obscurum
583 818 754 857 calorem,
785 825 825 852 ut
851 818 940 851 cinis
969 831 1008 851 ex
1034 819 1109 851 vini

124 867 362 911 corruptione.
416 866 504 900 Inde
529 868 566 901 fit
583 869 750 909 subacre,
777 870 836 902 sed
863 874 979 902 tamen
994 870 1110 902 domi-

124 924 230 951 natur
252 917 434 961 frigiditas.
487 916 576 952 Cum
594 919 687 952 enim
713 916 878 952 exhalant
894 921 1014 953 aereae
1030 932 1111 963 par-

123 974 195 1008 tes,
222 974 255 1001 et
280 968 435 1014 reliquae
465 976 611 1003 manent
643 976 795 1012 terreae,
823 969 956 1003 dilutae
981 981 1110 1015 aquosa

123 1018 221 1051 tenui
237 1025 355 1062 parte,
381 1020 418 1053 fit
435 1026 571 1053 acetum
595 1031 656 1054 sua
683 1027 810 1054 natura
827 1020 1010 1063 frigidum.

226 1075 329 1111 Cient
350 1084 466 1111 autem
483 1078 581 1111 acida
599 1079 833 1123 appetentiam
847 1106 855 1119 ‚
883 1079 963 1123 quia
982 1076 1111 1111 humo-

125 1138 180 1160 res
196 1127 346 1161 viciosos
367 1128 405 1161 in
428 1129 562 1162 orificio
586 1130 769 1169 collectos,
796 1129 962 1162 dividunt
979 1135 1012 1163 et
1037 1129 1111 1172 pel-

125 1178 223 1218 lunt,
249 1184 284 1211 et
299 1179 554 1212 mordicatione
571 1191 644 1213 non
670 1186 794 1213 urente
814 1179 956 1213 irritant
977 1179 1111 1212 ventri-

126 1228 256 1268 culum,
281 1234 320 1261 ut
336 1226 459 1261 Oxalis
475 1236 572 1272 grata
590 1237 639 1263 est
656 1230 693 1262 in
710 1229 878 1270 febribus,
904 1241 976 1262 non
996 1230 1110 1262 solum

124 1277 207 1322 quia
224 1277 325 1320 pellit
339 1278 484 1310 biliosos
505 1277 687 1320 humores,
715 1280 774 1314 sed
793 1280 898 1314 etiam
916 1279 1000 1325 quia
1016 1279 1111 1312 calo-

123 1339 197 1360 rem
215 1326 382 1360 biliosum
400 1327 548 1371 mitigat.

225 1385 384 1419 Acerbus
409 1396 513 1430 sapor
538 1383 726 1432 στρυφνὸς
750 1393 820 1428 est,
847 1386 909 1432 qui
933 1384 1112 1421 contrabit

124 1436 295 1479 linguam,
317 1442 351 1470 et
368 1436 560 1470 introrsum
578 1437 688 1481 pellit,
710 1437 860 1483 ideoque
877 1438 1112 1482 constipandi,

124 1487 296 1520 densandi
325 1493 360 1520 et
383 1488 602 1531 astringendi
628 1488 700 1520 vim
726 1485 844 1523 habet.
909 1486 1044 1534 Estque
1074 1488 1110 1521 in

126 1544 253 1571 natura
277 1537 453 1578 terrestri,
488 1550 621 1579 crassa,
657 1538 784 1581 frigida
809 1545 842 1572 et
870 1538 969 1574 sicca.
1026 1538 1110 1572 Ideo

126 1587 222 1621 enim
238 1588 382 1621 acerbus
399 1600 502 1632 sapor
518 1589 647 1623 dicitur
662 1600 734 1622 esse
751 1589 896 1630 tardior,
921 1601 1023 1634 quam
1041 1589 1112 1622 aci-

125 1639 203 1679 dus,
230 1639 313 1683 quia
328 1638 448 1672 acidus
466 1646 517 1673 est
533 1639 570 1672 in
585 1646 710 1673 natura
727 1640 889 1673 tenuiore
907 1639 1024 1673 minus
1042 1647 1111 1673 ter-

126 1688 242 1721 restri.
294 1686 432 1722 Acerba
449 1697 542 1729 sunt,
569 1696 621 1730 ut,
646 1691 782 1723 fructus
798 1690 995 1733 glandium,
1025 1701 1111 1735 pyra

125 1738 319 1784 sylvestria,
346 1745 379 1772 et
395 1739 433 1771 in
453 1751 578 1782 genere
595 1740 782 1774 immatura
799 1752 914 1784 poma,
942 1741 1032 1773 mala
1053 1753 1111 1785 cy-

127 1789 254 1829 donia,
276 1801 316 1822 ac
339 1789 449 1832 magis
473 1790 671 1825 immatura.
722 1789 812 1823 Nam
836 1797 1019 1834 postquam
1037 1802 1112 1823 ma-

124 1846 332 1877 turuerunt,
360 1839 399 1873 fit
416 1840 544 1874 mixtus
560 1851 664 1884 sapor
682 1852 722 1873 ex
739 1841 864 1873 acerbo
880 1847 912 1874 et
930 1840 1036 1879 dulci,
1062 1840 1110 1873 si-

125 1897 185 1924 cut
201 1902 331 1923 nucum
350 1902 389 1923 ex
404 1891 530 1924 acerbo
548 1897 579 1924 et
596 1891 732 1934 pingui.
778 1890 870 1924 Sunt
888 1887 1059 1936 σῑρυᾳνὰ
1079 1897 1112 1924 et

126 1941 262 1974 fructus
277 1940 415 1985 poterii,
445 1941 506 1987 qui
524 1941 628 1985 vulgo
644 1941 737 1974 ribes
754 1941 893 1976 dicitur.
950 1940 1034 1974 Item
1054 1953 1112 1974 ca-

127 1998 286 2032 staneae,
313 2003 438 2033 corna,
466 1999 498 2026 et
515 2004 620 2037 poma
639 1990 853 2038 Cynosbafi,
880 1991 1076 2039 &einbotm

229 2057 444 2104 Quanquam
474 2066 590 2093 autem
625 2060 802 2094 recentior
836 2067 930 2094 aetas
962 2059 1112 2094 mutavit

128 2108 390 2152 appellationes,
419 2116 451 2144 et
468 2122 531 2154 pro
551 2111 675 2144 acerbo
694 2110 779 2144 dicit
796 2110 882 2144 alias
898 2108 1111 2153 στυπτικὸν,

129 2159 214 2192 alias
235 2160 438 2202 ponticum,
464 2168 581 2194 tamen
606 2161 689 2206 quia
712 2161 873 2195 confusio
899 2161 937 2194 in
962 2173 1113 2196 nomen-

131 2210 275 2243 claturis
289 2210 383 2253 parit
397 2223 543 2252 errores,
569 2212 787 2245 revocandae
801 2219 885 2246 sunt
901 2220 1033 2247 veteres
1049 2212 1113 2245 ad-

128 2260 348 2305 pellationes.
384 2260 467 2296 ldeo
484 2273 623 2305 graecas
639 2268 671 2296 et
686 2262 813 2296 latinas
829 2263 1009 2307 adscripsi,
1033 2262 1113 2308 qui-

129 2312 197 2344 bus
228 2310 435 2350 intellectis,
466 2313 678 2347 recentiores
707 2314 854 2347 collatae
877 2314 981 2347 etiam
1011 2313 1112 2346 facile

132 2360 283 2404 intelligi
310 2368 467 2405 possunt.
525 2361 740 2399 Στυπτικὸν
763 2376 783 2397 a
807 2360 955 2410 στύφω,
990 2365 1027 2398 id
1051 2370 1114 2404 est,

133 2411 301 2455 astringo,
327 2412 453 2445 usitata
466 2411 610 2447 Graecis
624 2427 690 2448 vox
707 2422 757 2449 est
773 2414 809 2447 in
825 2426 963 2458 genere,
990 2427 1053 2459 pro
1072 2426 1112 2447 eo

134 2463 231 2507 quod
247 2460 353 2496 habet
368 2462 438 2495 vim
455 2464 681 2507 astringendi.
734 2464 921 2499 Ponticum
940 2465 1114 2499 existimat

134 2511 318 2546 Pontanus
341 2513 475 2547 dictum
500 2524 571 2546 esse
590 2526 608 2546 a
634 2517 834 2559 pungendo.
886 2515 1115 2550 Recentiores

135 2564 239 2597 etiam
256 2563 462 2597 discernunt
480 2563 667 2609 styptIcum
683 2573 716 2599 et
731 2566 924 2609 ponticum,
949 2578 1022 2599 non
1039 2577 1116 2610 spe-

137 2614 208 2652 cie,
243 2614 301 2647 sed
324 2615 500 2657 gradibus.
560 2613 746 2648 Ponticum
772 2617 894 2650 dicunt
917 2628 990 2649 esse
1016 2617 1117 2650 valde

139 2661 342 2711 στρυφνὸν,
370 2672 409 2700 ut
425 2672 505 2699 sunt
522 2676 635 2710 pruna
652 2665 845 2710 sylvestria,
864 2678 951 2711 quae
969 2677 1034 2701 nos
1052 2678 1116 2699 no-

1162 407 1325 440 saporum
1343 397 1474 441 species
1488 398 1602 431 varios
1621 397 1749 434 habent
1766 403 1903 443 gradus,
1923 409 1955 437 et
1970 405 2142 438 mixturae

1161 452 1243 480 sunt
1259 458 1443 490 saporum,
1468 453 1506 481 ut
1526 459 1625 481 mora
1649 456 1729 483 sunt
1748 450 1937 497 στρυφνὰ,
1963 455 2082 497 acida,
2108 461 2142 488 et

1162 494 1331 530 nonnihil
1346 497 1474 532 dulcia.

1264 553 1449 596 Austerus‚
1473 553 1665 602 αὐστηρὸς,
1692 567 1797 601 sapor
1813 565 1873 598 est,
1897 561 1956 604 qui
1974 562 2142 605 asperita-

1162 612 1230 639 tem
1251 607 1427 651 quandam
1450 606 1487 638 in
1515 617 1651 640 summa
1674 606 1793 650 lingua
1815 608 1936 650 efficit,
1963 618 1995 644 et
2018 612 2142 646 leviter

1162 656 1327 698 desiccat,
1347 668 1410 689 nec
1427 657 1526 700 pellit
1544 657 1649 697 intro,
1674 669 1739 691 nec
1756 659 1967 700 condensat,
1990 666 2029 693 ut
2047 673 2142 694 acer-

1162 707 1228 740 bus
1244 718 1358 751 sapor.
1397 705 1461 740 Est
1480 707 1573 740 enim
1590 708 1762 753 quaedam
1779 708 1872 741 inter
1889 706 1953 742 hos
1970 709 2143 754 vicinitas,

1162 764 1201 790 ut
1217 769 1295 790 cum
1315 756 1481 803 ὄμφακες
1498 758 1568 791 sint
1586 758 1746 798 acerbae,
1780 765 1898 802 postea
1919 759 1956 792 in
1975 759 2024 792 eis
2042 767 2145 794 aucto

1163 805 1328 848 humore,
1355 808 1515 852 sequitur
1527 815 1686 842 austerus
1701 820 1815 852 sapor.
1866 807 1930 843 Est
1953 809 2061 852 igitur
2084 821 2147 843 au-

1163 865 1274 891 sterus
1291 869 1394 902 sapor
1408 858 1445 891 in
1463 865 1588 892 natura
1605 860 1779 897 terrestri,
1808 870 1940 900 crassa,
1965 860 2093 903 frigida
2112 866 2147 894 et

1163 909 1272 949 sicca,
1312 910 1370 941 sed
1407 909 1486 953 plus
1514 906 1665 942 habente
1696 910 1822 943 caloris
1854 917 1888 943 et
1915 906 2148 950 humiditatis,

1162 970 1267 1003 quam
1287 955 1418 992 habent
1433 960 1569 992 acerba.
1624 957 1687 992 Est
1703 966 1818 993 autem
1845 960 1937 993 inter
1953 960 2028 992 vini
2045 972 2149 1004 sapo-

1164 1021 1216 1041 res
1241 1016 1412 1043 austerus.
1473 1007 1521 1043 Et
1545 1008 1704 1043 Galenus
1733 1010 1869 1055 inquit,
1905 1016 2041 1043 austera
2065 1010 2148 1043 vina

1163 1059 1272 1101 magis
1289 1059 1520 1092 corroborare
1544 1059 1799 1101 ventriculum,
1826 1067 1859 1094 et
1875 1060 1992 1094 minus
2011 1061 2149 1094 officere

1163 1110 1316 1143 cerebro.
1370 1108 1496 1143 luvant
1520 1109 1615 1142 enim
1641 1109 1877 1145 ventriculum
1907 1110 2026 1144 nativa
2048 1111 2149 1143 sicci-

1163 1166 1244 1197 tate,
1267 1166 1299 1192 et
1317 1159 1578 1204 aliquantulum
1596 1160 1806 1203 astringunt,
1832 1167 1865 1194 et
1882 1160 1999 1194 minus
2015 1160 2149 1194 calidos

1162 1209 1278 1242 fumos
1303 1207 1488 1250 exhalant,
1521 1210 1581 1243 sed
1605 1216 1723 1243 tamen
1752 1211 1795 1243 de
1820 1211 1904 1243 vino
1929 1222 2003 1244 non
2026 1211 2148 1249 crudo,

1163 1271 1237 1291 non
1255 1259 1362 1292 nimis
1377 1271 1510 1304 aquoso
1530 1270 1570 1292 ac
1586 1260 1685 1293 tenui
1702 1260 1872 1304 loquitur.

1266 1316 1398 1358 Salsus,
1421 1314 1597 1363 ἁλμυρὸς,
1615 1329 1718 1362 sapor
1735 1325 1797 1357 est,
1823 1319 1884 1363 qui
1902 1318 2058 1362 linguam
2076 1331 2150 1353 non

1164 1364 1359 1406 contrahit,
1392 1379 1456 1399 nec
1487 1368 1678 1411 constipat,
1713 1369 1772 1400 sed
1798 1368 1945 1411 detergit
1977 1376 2010 1402 et
2038 1369 2151 1402 abluit

1164 1417 1395 1460 dis-gregando
1425 1423 1459 1450 et
1488 1417 1689 1452 exiccando.
1742 1416 1957 1451 Huiusmodi
1990 1425 2041 1452 est
2070 1419 2152 1452 salis

1164 1475 1306 1507 natura,
1334 1467 1396 1513 qui
1412 1467 1491 1500 ideo
1511 1468 1785 1511 putrefactiones
1805 1468 1964 1512 impedit,
1991 1469 2072 1513 quia
2089 1470 2151 1502 de-

1164 1518 1269 1551 siccat
1298 1526 1331 1552 et
1363 1524 1543 1558 extenuat,
1575 1529 1615 1551 ac
1638 1518 1752 1552 erodit
1777 1515 2014 1552 humiditates.
2065 1519 2150 1552 Ideo

1164 1568 1309 1602 mollem
1333 1579 1473 1601 carnem
1496 1568 1657 1608 indurat,
1682 1575 1714 1602 et
1731 1570 1855 1602 duram
1877 1570 1992 1602 reddit
2009 1569 2151 1602 mollio-

1164 1631 1258 1657 rem,
1285 1630 1368 1651 nam
1387 1625 1427 1652 ut
1453 1618 1490 1651 in
1513 1619 1614 1651 molli
1631 1619 1783 1652 absumit
1801 1619 2013 1662 superfluam
2030 1617 2151 1652 bumi-

1165 1670 1321 1710 ditatem,
1346 1669 1392 1702 ita
1409 1680 1530 1702 rursus
1546 1669 1670 1702 duram
1690 1669 1850 1702 erosione
1866 1676 2025 1703 attenuat
2039 1681 2077 1702 ac
2096 1681 2151 1702 re-

1165 1721 1269 1755 laxat.
1332 1717 1466 1764 Estque
1489 1719 1599 1753 salsus
1626 1731 1730 1762 sapor
1758 1720 1795 1752 in
1827 1726 1952 1753 natura
1984 1720 2151 1760 terrestri,

1165 1781 1294 1811 crassa,
1320 1770 1434 1803 calida
1451 1775 1484 1803 et
1503 1769 1604 1802 sicca.

1265 1828 1337 1862 Has
1361 1828 1580 1861 differentias
1605 1827 1850 1867 recitavimus,
1877 1827 1959 1871 quia
1989 1834 2022 1860 et
2046 1839 2150 1861 voca-

1162 1879 1247 1913 bula
1271 1878 1421 1921 intelligi
1442 1879 1604 1922 prodest,
1632 1884 1664 1910 et
1682 1877 1830 1911 studiosi
1845 1875 2010 1922 Physices
2033 1878 2151 1911 diver-

1162 1941 1216 1963 sas
1240 1929 1448 1974 qualitatum
1473 1929 1676 1962 effectiones
1698 1928 1736 1960 in
1764 1925 1820 1961 his
1841 1927 2009 1972 exemplis
2034 1929 2149 1962 consi-

1163 1981 1285 2013 derare
1302 1985 1460 2025 possunt.

1370 2078 1473 2122 Quod
1499 2083 1557 2116 est
1583 2090 1765 2127 organum
1788 2077 1947 2126 gustus?

1265 2144 1329 2181 Est
1362 2147 1527 2191 pellicula
1559 2158 1709 2191 expansa
1740 2146 1777 2179 in
1803 2145 1924 2188 lingua
1950 2144 2014 2177 sub
2044 2155 2148 2177 carne

1164 2209 1288 2243 porosa
1305 2209 1367 2231 seu
1384 2197 1589 2242 spongiosa,
1616 2209 1704 2242 quae
1727 2203 1776 2230 est
1801 2196 1837 2228 in
1862 2195 2002 2237 linguae
2025 2205 2148 2238 super-

1165 2250 1252 2284 ficie.
1285 2246 1420 2282 Eadem
1437 2248 1602 2292 pellicula
1620 2254 1651 2280 et
1669 2247 1705 2279 in
1724 2246 1839 2290 palato
1856 2256 1972 2288 sparsa
1990 2252 2051 2285 est,
2074 2244 2147 2277 ori-

1165 2308 1292 2345 turque
1314 2311 1334 2332 a
1356 2299 1475 2332 nervis
1501 2310 1562 2342 per
1579 2297 1732 2341 palatum
1757 2295 1915 2328 demissis
1941 2295 1983 2328 ad
2006 2295 2147 2338 linguae

1165 2351 1336 2388 radicem,
1364 2349 1425 2394 qui
1450 2356 1481 2382 et
1506 2354 1644 2392 gustum
1667 2353 1698 2378 et
1718 2352 1846 2379 tactum
1871 2345 2012 2388 linguae
2027 2356 2066 2378 ac
2084 2356 2147 2389 pa-

1165 2402 1235 2435 lato
1259 2400 1494 2444 suppeditant.
1546 2397 1636 2430 Nam
1659 2395 1720 2428 alii
1744 2402 1826 2429 sunt
1847 2396 1964 2437 nervi,
1991 2396 2052 2441 qui
2070 2407 2145 2428 mo-

1165 2459 1239 2486 tum
1256 2451 1396 2493 linguae
1412 2447 1627 2492 impertiunt.

1267 2508 1428 2542 Medium
1444 2518 1513 2551 quo
1530 2506 1566 2537 fit
1582 2504 1743 2547 gustatio,
1769 2510 1818 2538 est
1835 2503 1889 2537 vel
1905 2503 2065 2542 exterius,
2092 2515 2146 2535 sa-

1167 2561 1282 2595 livalis
1298 2557 1500 2596 humiditas,
1518 2556 1572 2588 vel
1588 2555 1745 2594 interius,
1759 2567 1839 2588 caro
1856 2555 2015 2598 fungosa.
2045 2553 2146 2585 Ideo-

1168 2623 1234 2656 que
1259 2608 1346 2642 febri
1370 2606 1615 2640 laborantibus
1637 2605 1755 2639 omnia
1785 2606 1874 2638 fiunt
1900 2616 2035 2642 amara,
2063 2603 2144 2647 quia

1168 2660 1343 2695 redundat
1359 2657 1396 2691 in
1413 2658 1531 2701 lingua
1546 2684 1555 2699 ,
1582 2657 1691 2722 saLiva
1707 2655 1846 2691 biliosa.

1584 2707 1605 2740 8
