2379 2948
211 112 305 149 1227

211 211 228 232 a
253 197 328 230 Deo
362 195 506 229 abiecta.
570 192 666 226 Ilaec
697 190 788 224 mala
812 190 997 224 nobiscum
1021 189 1199 223 nascentia

213 249 299 283 dicit
315 259 349 280 se
368 256 573 289 agnoscere,
606 250 638 276 et
654 248 748 275 recte
767 241 887 275 citavit
906 239 970 274 hoc
993 242 1126 274 dictum
1151 241 1195 273 de

214 306 354 344 peccato
372 296 530 339 originis-
585 294 851 328 Consideranda
870 299 919 326 est
938 299 1053 326 autem
1075 293 1200 324 verbo—

216 362 294 384 rum
312 345 498 392 emphasis.

319 416 398 450 Duo
417 412 586 447 vocabula
605 412 704 457 ponit
723 409 830 445 huius
847 411 942 447 mali,
958 411 1118 445 Primum
1137 422 1201 443 no-

218 468 330 501 minat
372 465 611 510 iniquitatem,
653 464 748 508 quod
793 463 964 506 significat
1005 462 1202 499 curvitatcs,

220 518 385 552 videlicet
414 513 570 555 ἀταξίαν
598 515 635 547 iu
665 514 831 547 omnibus
858 514 1003 547 virilius.
1066 511 1203 545 Deinde

219 576 398 614 peccatum
417 579 573 611 expresse
590 565 768 606 nominat,
795 577 862 610 qua
879 564 1113 609 appellatione
1130 575 1204 596 ma-

220 621 270 664 gis
298 619 439 663 proprie
463 618 665 651 continetur
688 624 821 656 reatus,
867 617 899 648 id
925 622 990 655 est,
1024 614 1203 648 ordinatio

221 672 263 705 ad
282 682 452 715 poenam,
481 667 665 702 horribilis
684 667 832 700 abiectio
858 679 924 711 qua
942 665 1036 699 Deus
1060 666 1203 698 damnat

221 733 421 767 personam,
438 727 469 754 et
486 720 582 763 prins
599 718 699 752 dicit:
719 717 759 750 ln
779 715 909 756 ἀταξία
927 718 1097 750 formatus
1117 727 1205 756 sum,

223 774 258 806 id
287 779 357 812 est,
399 783 476 804 cum
501 771 714 803 formaretur
741 769 871 809 soctus,
910 768 970 800 illa
996 779 1106 800 massa
1133 773 1206 799 erat

222 823 425 862 immunda,
463 828 496 855 et
522 822 596 854 sine
624 821 699 852 luce
725 819 856 851 divina.
916 818 1041 852 Postea
1070 818 1204 861 signifi-

222 874 359 908 cantius
376 873 477 906 dicit:
517 872 556 904 ln
577 870 724 914 peccatis
741 869 895 902 calefecit
913 882 968 902 me
987 876 1097 902 mater
1120 881 1206 909 mea,

223 927 259 959 id
277 931 344 964 est,
381 935 459 957 cum
478 923 563 955 fovit
581 934 636 953 me
652 928 761 953 mater
776 921 812 952 in
827 927 944 961 utero,
980 932 1057 953 mea
1082 927 1206 953 natura

223 975 395 1010 aestuavit
413 974 510 1008 talib.
527 972 648 1009 malis,
685 972 803 1016 qualia
829 971 928 1004 affert
954 979 1079 1004 natura
1104 971 1207 1003 semi-

225 1089 330 1124 quam
349 1076 466 1108 brevis
491 1074 701 1117 descriptiO,
735 1080 851 1106 tamen
875 1074 1051 1117 copiosam
1077 1073 1209 1106 doctri-

223 1140 304 1162 nam
330 1128 371 1159 «le
395 1133 533 1170 peccato
559 1124 706 1167 originis
730 1124 905 1164 continet,
947 1126 1040 1169 quod
1067 1124 1115 1157 ait
1137 1136 1208 1157 esse

226 1176 403 1221 ἀταξίαν,
431 1184 463 1210 et
482 1177 624 1221 quidem
642 1188 734 1208 ream
756 1182 788 1208 et
807 1177 1007 1208 damnatam
1025 1188 1042 1208 a
1060 1175 1160 1215 Deo,
1178 1181 1210 1207 et

224 1232 323 1264 illam
341 1225 497 1267 ἀταξίαν
515 1238 585 1259 esse
604 1227 720 1259 varios
740 1233 773 1259 et
791 1228 1020 1269 vagabundos
1037 1233 1152 1259 aestus
1178 1232 1209 1258 et

224 1283 376 1324 impetus
404 1279 441 1311 in
466 1285 590 1311 natura
617 1275 771 1309 bominis
797 1284 917 1310 contra
946 1277 1081 1318 Deum,
1121 1277 1210 1310 sicut

225 1332 357 1366 Paulus
374 1330 508 1375 inquit:
531 1328 662 1362 Sensus
680 1328 795 1361 carnis
813 1328 1000 1361 inimicicia
1019 1335 1068 1361 est
1086 1329 1210 1361 adver--

226 1395 283 1417 sus
307 1381 434 1415 Deum.
492 1379 568 1413 Hac
603 1379 839 1423 descriptione
864 1377 956 1412 nihil
980 1379 1115 1413 tristius
1142 1378 1211 1412 dici

232 1439 358 1479 potest.

329 1497 423 1532 Ecce
443 1496 537 1531 enim
558 1494 688 1542 diligis
707 1497 890 1530 veritatem
910 1496 948 1530 in
965 1494 1212 1530 interioribus.

228 1549 471 1586 Confessionis
488 1548 698 1581 asseveratio
719 1554 787 1587 est,
821 1556 853 1581 et
871 1555 1038 1592 tanquam
1065 1545 1212 1591 epipho-

228 1612 329 1636 nema
341 1626 350 1640 ‚
366 1599 433 1634 hoc
449 1599 604 1643 postulas
620 1605 658 1631 ut
673 1598 844 1631 fateamur
858 1610 930 1631 non
948 1598 1126 1637 simulate,
1150 1607 1213 1629 nos

229 1665 302 1687 esse
318 1657 533 1696 peccatores,
569 1656 601 1683 et
619 1649 743 1692 dignos
765 1660 890 1692 poena,
925 1649 962 1681 in
987 1660 1055 1693 qua
1079 1647 1214 1680 tribua-

229 1712 287 1739 tur
304 1702 379 1737 Deo
396 1702 473 1734 laus
491 1700 668 1740 iusticiae‚
702 1700 791 1732 sicut
806 1698 934 1732 Daniel
957 1699 1090 1744 inquit:
1128 1697 1213 1730 Tibi

228 1754 383 1790 Domine
397 1752 547 1792 iusticia,
563 1751 665 1784 nobis
682 1758 797 1783 autem
814 1751 972 1783 confusio
989 1750 1101 1783 faciei.
1132 1747 1214 1781 Ideo

228 1805 319 1840 hane
336 1803 589 1838 confessionem
608 1803 690 1842 edo,
724 1808 757 1835 et
773 1801 878 1834 simul
903 1814 984 1842 oro,
1017 1808 1055 1834 ut
1077 1800 1215 1845 sapien-

229 1858 314 1892 tiam
331 1868 386 1890 me
404 1856 544 1895 doceas,
562 1865 650 1898 quae
668 1859 717 1886 est
733 1852 866 1885 occulta
886 1850 1060 1885 hnmanae
1076 1851 1215 1884 rationi.

230 1909 323 1943 Nam
358 1906 446 1940 ratio
476 1917 595 1938 secura
621 1916 693 1937 non
718 1903 844 1936 metuit
866 1903 1038 1936 iudicium
1063 1902 1147 1942 Dei,
1186 1907 1216 1934 et

230 1958 315 1992 haec
334 1956 424 1989 mala
443 1967 514 1988 non
533 1955 661 1992 cernit,
684 1955 773 1987 sicut
791 1952 976 1998 Epicurei,
1004 1951 1217 1992 Academici,

232 2017 266 2043 et
285 2008 344 2041 alii
361 2007 465 2039 multi
483 2006 680 2038 existimant
699 2004 906 2048 sapientiam
925 2017 996 2038 esse
1013 2005 1133 2037 ludere
1151 2004 1217 2035 fin-

232 2059 355 2104 gendis
371 2056 570 2101 opinionib.
595 2056 638 2088 de
656 2054 750 2092 Deo,
787 2067 851 2088 nec
877 2062 1010 2089 norunt
1039 2055 1216 2100 quomodo

232 2111 328 2145 Deus
346 2109 431 2141 velit
449 2106 611 2150 agnosci,
640 2112 672 2139 et
692 2106 869 2150 quomodo
887 2113 1112 2148 agnoscatur,
1131 2117 1216 2150 qua-

232 2163 276 2196 lis
299 2161 423 2194 debeat
448 2170 520 2191 esse
544 2164 689 2196 natura,
731 2156 789 2188 sed
817 2156 855 2187 in
879 2168 959 2188 vcra
988 2158 1217 2190 conversione

234 2212 319 2247 haec
338 2210 504 2243 securitas
522 2208 727 2250 corrigitur,
763 2206 849 2239 sicut
875 2207 992 2251 inquit
1008 2206 1218 2247 Hieremias,

235 2277 309 2308 cap.
327 2263 398 2296 31.·.
435 2258 621 2302 Castigasti
638 2270 693 2291 me
711 2264 743 2291 et
758 2257 917 2291 eruditus
942 2270 1017 2290 sum
1045 2258 1135 2290 sicut
1163 2258 1219 2290 iu-

235 2314 405 2347 venculus
421 2311 635 2350 indomitus,
663 2315 848 2354 postquam
869 2308 1074 2341 convertisti
1094 2320 1149 2340 me
1166 2308 1217 2351 egi

237 2363 504 2410 poenitentiam.
556 2361 648 2394 Petit
667 2372 747 2403 ergo
774 2359 903 2403 corrigi
927 2371 1025 2393 suam
1051 2359 1218 2392 securita-

237 2424 305 2450 tem
324 2420 518 2448 monstrato
536 2418 694 2457 peccate,
722 2417 754 2445 et
771 2417 888 2455 postea
908 2423 943 2444 se
961 2410 1047 2454 erigi
1065 2421 1127 2454 per
1151 2410 1217 2442 mi-

238 2466 477 2500 sericordiam.

338 2532 445 2566 Redit
465 2531 571 2574 igitur
586 2531 628 2563 ad
646 2529 923 2574 propositionem
948 2530 990 2562 de
1014 2527 1219 2562 remissione

240 2590 458 2628 peccatorum
472 2609 481 2622 ‚
515 2589 547 2614 et
569 2582 669 2614 addit
691 2581 907 2614 mentionem
927 2579 1154 2618 Mediatoris,
1187 2585 1219 2612 et

237 2633 500 2679 promissionis,
536 2644 624 2676 quae
646 2631 935 2675 significabantur
960 2644 1020 2675 per
1048 2630 1219 2675 aspersio-

237 2697 318 2719 nem
338 2682 518 2727 sanguinis
539 2683 686 2716 intincta
710 2680 878 2728 hyssopo,
912 2683 973 2717 ubi
997 2682 1140 2725 figurate
1165 2681 1218 2714 di-

806 104 931 139 PHtL.
959 103 1075 141 MEL.
1101 100 1311 139 SCRIPTA
1338 99 1637 138 EXEGETICA.

2139 103 2235 139 1228

1251 195 1344 222 ctum
1370 199 1507 221 necesse
1531 194 1582 221 est
1603 187 1846 232 interpretari:
1882 188 2042 223 nominat
2065 189 2159 222 enim
2185 189 2234 223 si-

1251 251 1359 283 gnum
1378 252 1442 283 pro
1461 239 1607 281 signato.

1355 288 1489 336 E.1·pia
1506 300 1559 322 me
1574 286 1737 321 Domine
1760 285 1921 336 hyssopo
1933 317 1941 330 ‚
1978 289 2139 323 videlicet
2155 302 2236 323 san-

1253 341 1359 384 guine
1377 341 1605 378 MediatoriS,
1631 341 1692 385 qui
1710 340 1972 383 significabatur
1990 352 2051 384 per
2074 340 2235 375 victimae

1253 393 1472 435 sanguinem.
1533 389 1685 424 Phrasin
1719 392 1824 424 etiam
1859 392 2047 425 observent
2071 391 2237 433 iuniores,

1253 443 1462 487 interpretes
1480 443 1532 476 usi
1550 448 1632 475 sunt
1654 443 1761 475 verbo
1778 442 1968 487 Asperges,
2004 444 2061 475 sed
2080 442 2116 475 in
2143 449 2236 476 textu

1255 501 1320 527 est:
1358 493 1428 526 Fac
1454 506 1509 526 me
1534 500 1750 537 peccatorem
1777 491 1950 539 hyssopo,
1991 500 2029 527 ut
2055 493 2083 526 si
2107 493 2238 526 diceret

1255 544 1397 578 Latine:
1427 543 1498 577 Fac
1516 557 1571 577 me
1587 544 1763 587 piaculum
1778 546 1832 578 vel
1851 545 1948 588 expia
1969 557 2041 583 me,
2073 545 2166 589 quod
2184 556 2240 577 re-

1257 603 1307 629 cte
1326 595 1600 638 interpretamur
1624 596 1756 628 munda
1779 608 1851 635 me,
1888 596 1971 629 tolle
1998 602 2132 628 reatum
2159 607 2239 639 pec-

1257 647 1344 685 cati,
1372 647 1467 679 etita
1487 646 1592 688 tolle,
1615 646 1785 688 sanguine
1802 647 1931 680 scilicet
1950 646 2043 681 Filii.
2085 645 2239 679 Hebrai-

1257 698 1305 730 cis
1321 697 1380 730 illa
1400 697 1505 729 verba
1522 703 1603 730 sunt
1620 693 1734 740 μεσὰ,
1763 697 1798 729 in
1818 698 1944 731 bonam
1963 705 1994 730 et
2013 697 2139 730 malam
2158 708 2240 741 par-

1258 755 1327 782 tem
1345 755 1510 791 usurpata
1527 748 1621 780 iuxta
1639 747 1927 784 circumstantias.
1967 748 2075 782 Aliud
2092 754 2141 782 est
2157 748 2240 780 sim-

1258 799 1395 843 pliciter
1412 799 1481 831 dici
1497 807 1696 842 peccatum,
1730 805 1762 831 et
1784 800 1951 843 quiddam
1978 812 2097 837 reum,
2142 799 2239 833 aliud

1259 857 1308 883 est
1325 850 1399 882 fieri
1416 856 1594 893 peccatum
1612 861 1837 893 conspersum
1854 851 2024 893 sanguine
2037 850 2137 890 Filii,
2156 858 2240 883 tunc

1260 901 1352 934 enim
1374 901 1524 934 fatemur
1541 912 1604 933 nos
1622 911 1699 932 reos
1720 912 1810 938 esse,
1844 902 1901 934 sed
1928 909 2061 934 reatum
2087 900 2241 934 derivari

1260 953 1296 985 in
1314 951 1464 990 Filium,
1501 958 1533 984 et
1558 963 1576 984 a
1603 952 1705 983 nobis
1730 952 1873 987 auferri.
1926 951 2136 996 Conspersio
2159 963 2242 984 vero

223 1028 297 1067 nis,
315 1026 350 1058 id
370 1032 438 1065 est,
455 1024 571 1069 qualia
589 1023 721 1055 suntin
740 1023 954 1066 parentibus.
982 1022 1077 1055 Haec
1095 1034 1208 1066 quan-
1233 1012 1235 1052 l
1260 1015 1321 1047 per
1354 1000 1546 1048 hyssopum
1579 1002 1750 1045 S¹gs¹¹fic³t
1779 1010 2016 1036 ¹¹¹¹¹¹¹⁵ter¹¹¹m
2042 1001 2240 1046 Evangelu’

1262 1066 1321 1098 per
1340 1055 1435 1098 quod
1455 1054 1678 1098 applicantur
1695 1054 1859 1087 beneficia
1879 1053 1962 1087 Filii
1979 1053 2045 1087 Dei
2068 1053 2242 1087 credenti-

1261 1106 1347 1143 bus,
1382 1105 1504 1148 etipse
1523 1104 1635 1137 Filius
1654 1103 1719 1136 Dei
1745 1113 1793 1139 est
1817 1105 1954 1146 efficax,
1989 1105 2076 1138 sicut
2103 1117 2182 1138 mox
2205 1105 2242 1136 in

1262 1156 1423 1201 sequenti
1442 1167 1543 1188 versu
1564 1156 1607 1187 de
1622 1155 1818 1189 ministerio
1837 1156 2004 1201 loquitur.

1364 1204 1523 1239 Auditui
1546 1217 1622 1239 meo
1649 1203 1758 1239 dahis
1780 1204 1963 1252 gandium
1988 1211 2018 1239 et
2047 1204 2242 1244 laetitiam,

1263 1262 1292 1291 et
1320 1256 1540 1291 exultabunt
1572 1269 1676 1298 ossa,
1710 1262 1771 1292 etc.
1833 1257 1901 1291 IIic
1927 1259 1970 1291 de
1990 1257 2187 1290 ministerio
2210 1263 2244 1290 et

1262 1310 1368 1342 modo
1392 1309 1568 1354 loquitur,
1603 1321 1673 1354 quo
1694 1309 1902 1342 beneficium
1922 1308 2130 1342 Mediatoris
2154 1308 2245 1340 acci-

1263 1361 1396 1404 pimus,
1432 1360 1595 1392 videlicet
1612 1372 1672 1403 per
1691 1372 1811 1393 vocem
1829 1358 2032 1402 Evangelii,
2069 1370 2157 1404 quae
2180 1370 2245 1391 an-

1264 1411 1408 1443 nunciat
1433 1411 1613 1453 gaudium.
1674 1409 1788 1444 Simul
1811 1418 1926 1444 autem
1954 1423 2033 1443 cum
2066 1408 2129 1442 hac
2160 1420 2244 1442 voce

1264 1462 1336 1506 ipse
1367 1460 1479 1494 Filius
1502 1460 1568 1494 Dei
1597 1461 1684 1494 dicit
1708 1462 1854 1494 verbum
1879 1462 1916 1493 in
1944 1463 2048 1494 corde
2072 1467 2154 1500 tuo,
2190 1471 2245 1492 re—

1264 1513 1455 1545 mittuntur
1484 1512 1549 1544 tibi
1584 1518 1741 1555 peccata,
1783 1524 1853 1556 quo
1887 1513 1993 1544 verbo
2024 1519 2056 1545 te
2078 1510 2244 1544 vivificat.

1264 1563 1321 1596 Sic
1343 1563 1436 1594 enim
1455 1569 1655 1605 congruunt
1672 1562 1825 1595 actiones
1843 1561 1927 1593 Filii
1947 1567 1979 1594 et
1995 1560 2148 1604 Spiritus
2165 1572 2246 1593 san-

1265 1612 1311 1645 cti
1326 1612 1362 1644 in
1382 1609 1545 1651 homine,
1578 1610 1692 1644 Filius
1713 1611 1799 1645 dicit
1824 1613 1970 1645 verbum
1997 1624 2067 1656 quo
2093 1611 2247 1646 ostendit

1264 1663 1483 1696 voluntatem
1502 1662 1609 1706 patris
1622 1689 1631 1702 ,
1659 1669 1693 1695 et
1710 1660 1773 1695 hac
1791 1663 1922 1696 noticia
1939 1663 2076 1696 lucente
2093 1663 2153 1695 dat
2165 1661 2246 1706 Spi-

1266 1714 1372 1747 ritum
1396 1720 1572 1752 sanctum,
1600 1713 1661 1757 qui
1683 1713 1842 1747 accendit
1861 1714 2054 1753 laeticiam,
2085 1721 2117 1746 et
2141 1713 2247 1748 efficit

1265 1771 1305 1798 ut
1330 1777 1390 1797 cor
1415 1765 1563 1798 laetetur
1587 1764 1625 1796 in
1642 1763 1735 1805 Deo,
1773 1765 1821 1797 ita
1844 1765 1974 1798 dicitur
1991 1764 2104 1798 Filius
2127 1760 2246 1811 λόγος,

1267 1816 1348 1861 quia
1373 1822 1423 1849 est
1445 1816 1591 1848 verbum
1617 1816 1721 1848 etiam
1744 1816 1847 1848 nobis
1870 1816 1906 1848 in
1928 1816 2105 1849 mentibus
2127 1822 2246 1848 osten-

1267 1868 1353 1900 dens
1383 1873 1539 1911 patrem,
1580 1866 1670 1899 sicut
1693 1866 1816 1900 Petrus
1845 1867 1985 1911 inquit:
2027 1866 2157 1900 Renati
2186 1878 2246 1910 per

1268 1918 1413 1950 verbum
1443 1918 1562 1950 vivum
1588 1916 1668 1952 Dei.
1735 1915 1781 1951 Et
1804 1915 2020 1951 Athanasius
2046 1915 2129 1949 haec
2155 1917 2246 1950 dicta

1267 1980 1368 2012 saepe
1386 1968 1524 2011 repetit:
1553 1967 1656 2001 Pater
1674 1980 1734 2011 per
1753 1969 1897 2001 verbnm
1917 1968 2051 2011 Spiritu
2069 1974 2246 2011 operatur.

1270 2018 1371 2052 item:
1389 2018 1470 2051 bon
1487 2025 1581 2051 extra
1600 2020 1746 2052 verbum
1763 2018 1916 2062 Spiritus
1935 2026 1997 2053 est.
2030 2019 2118 2052 Item
2138 2018 2244 2052 lib.3.

1268 2071 1311 2103 de
1337 2077 1456 2103 sancto
1472 2068 1607 2113 Spiritu
1632 2081 1707 2114 pag.
1724 2069 1786 2105 54.
1813 2071 2098 2115 quandocunque
2115 2069 2245 2103 dicitur

1269 2121 1423 2165 Spiritus
1443 2121 1479 2153 in
1498 2121 1568 2153 alio
1587 2132 1677 2159 esse,
1713 2121 1924 2163 intelligitur
1948 2121 1985 2153 in
2011 2133 2050 2153 eo
2070 2132 2142 2153 esse
2166 2132 2246 2153 ver-

1270 2173 1352 2205 bum
1372 2173 1459 2204 dans
1475 2171 1666 2215 Spiritum,
1687 2183 1725 2204 ac
1741 2171 1900 2216 loquitur
1918 2172 1960 2204 de
1975 2170 2088 2210 Filio,
2116 2179 2154 2205 ut
2170 2170 2247 2205 Au-

1269 2223 1428 2266 gustinus
1456 2222 1573 2267 inquit
1604 2229 1728 2267 quarto
1758 2223 1801 2255 de
1834 2222 2034 2256 Trinitate:
2077 2221 2247 2265 Quotidie

1270 2274 1422 2307 mittitur
1446 2272 1559 2306 Filius
1585 2273 1619 2305 in
1645 2274 1750 2306 corda
1779 2274 2017 2315 credentium,
2064 2275 2121 2306 sed
2147 2273 2248 2307 aliter

1268 2325 1437 2365 mittitur,
1465 2331 1504 2358 ut
1530 2324 1573 2358 sit
1597 2322 1720 2364 homo,
1748 2324 1850 2359 aliter
1872 2331 1910 2358 ut
1928 2325 1971 2358 sit
1988 2337 2066 2358 cum
2091 2323 2246 2358 homine.

1269 2375 1328 2409 Fit
1351 2383 1465 2409 autem
1490 2373 1575 2415 hoc,
1610 2387 1688 2408 cum
1706 2382 1756 2408 est
1776 2375 1895 2408 efficax
1912 2375 1949 2408 in
1967 2375 2070 2409 nohis
2090 2387 2151 2419 per
2167 2386 2247 2407 ver-

1270 2427 1353 2460 bum
1371 2427 1501 2467 vocale,
1514 2427 1608 2470 quod
1628 2433 1766 2470 oportet
1782 2427 1849 2459 fide
1865 2427 1973 2470 accipi
1990 2427 2084 2470 juxta
2097 2426 2245 2459 dictum:

1270 2476 1503 2521 Evangelium
1532 2483 1581 2510 est
1611 2477 1768 2521 potentia
1797 2478 1840 2510 ad
1873 2477 2019 2511 salutern
2048 2477 2145 2510 omni
2171 2488 2246 2510 cre-

1269 2529 1379 2563 denti.

1371 2577 1500 2614 As-erte
1517 2578 1658 2627 faciem
1682 2583 1783 2612 tuam
1802 2591 1825 2612 a
1843 2576 1998 2625 peccatis
2020 2577 2118 2612 meis.
2173 2577 2247 2614 Re-

1270 2630 1356 2674 petit
1367 2631 1604 2675 precationem
1615 2631 1657 2663 de
1668 2630 1875 2663 remissione
1885 2635 2115 2674 peccatorum.
2133 2630 2247 2663 Aver-

1271 2688 1304 2715 te
1313 2681 1449 2721 faciem,
1467 2682 1631 2716 videlicet
1651 2681 1906 2725 indignantem,
1921 2687 1960 2714 ut
1974 2692 2074 2724 saepe
2090 2681 2246 2726 loquitur
