2379 2948
139 106 214 143 157

240 188 316 223 Iam
337 188 446 234 igitur
466 201 485 224 a
509 188 637 224 scholis
658 186 913 233 philosophicis
939 188 1123 221 disceden-

136 247 205 279 tes,
240 240 389 274 sciamus
419 241 521 275 nobis
550 242 594 274 ad
624 240 737 273 lucem
765 238 955 281 Evangelii
980 238 1122 277 vocatis,

136 290 313 325 obiectum
344 302 417 325 esse
449 290 660 332 voluntatis,
700 290 835 322 bonum
874 289 1054 322 infinitum
1088 294 1122 322 et

135 347 271 375 coetera
302 342 395 375 bona
427 353 488 375 suo
516 341 640 373 ordine
671 339 877 382 adpetenda.
940 338 1121 372 Yocamur

135 392 230 424 enim
255 392 299 424 ad
326 391 613 425 instaurationem
647 395 812 431 naturae,
849 397 882 424 et
905 389 1120 434 proponitur

134 442 238 475 nobis
264 441 356 475 filius
379 440 445 474 Dei
476 440 656 473 Dominus
680 446 800 473 noster
823 441 918 474 Iesus
940 437 1116 477 Christus,

133 492 318 525 crucifixus
334 502 396 534 pro
422 491 524 523 nobis
542 497 575 524 et
594 490 818 524 resuscitatus
830 518 839 532 ,
866 490 928 535 qui
946 490 1118 530 adfirmat,

134 542 252 576 Deum
275 553 347 574 non
371 551 443 573 esse
466 541 644 582 ociosum,
670 542 730 573 sed
749 553 829 574 vere
848 548 880 574 et
897 539 1118 574 horribiliter

132 592 235 626 irasci
257 590 423 635 peccam,
458 591 612 635 recipere
634 597 750 625 autem
776 592 811 624 in
830 592 975 635 gratiam
993 591 1117 624 confu-

132 643 265 685 gientes
295 641 338 673 ad
364 640 497 682 filium,
532 648 565 675 et
590 641 755 674 exaudire
780 654 856 683 eos,
891 654 929 675 ac
952 642 1115 675 liberare.

130 691 231 725 Hanc
243 689 430 734 Evangelii
448 703 568 725 vocem
593 704 674 725 cum
697 693 878 733 audimus,
906 699 938 726 et
954 692 1021 724 fide
1039 703 1115 724 am-

128 741 331 786 plectimur,
364 741 438 785 ipse
468 742 561 775 filius
593 740 679 785 Dei,
732 739 838 790 λόγος
862 743 975 777 aterni
1006 741 1113 785 patris

128 791 286 826 accendit
304 792 418 825 lucem
432 792 470 824 in
485 793 662 826 mentibus
678 794 819 832 nostris,
847 801 880 827 et
896 793 1032 836 Spiritu
1049 803 1111 825 suo

128 848 248 875 sancto
266 843 370 876 corda
388 842 602 883 inflammat,
629 850 666 876 ut
692 843 728 876 in
748 842 822 877 Deo
841 843 1062 888 acquIescant
1080 849 1113 876 et

126 893 321 934 laetentur,
349 893 498 936 diligant
514 905 615 934 eum,
642 900 675 927 et
700 894 845 927 obedire
872 895 905 927 ei
928 894 1112 937 incipiant,

126 949 247 987 petant
272 955 306 976 se
332 944 376 977 ab
400 943 476 987 ipso
500 945 592 986 regi,
626 951 659 978 et
685 956 807 978 rursus
829 945 915 978 fiant
938 944 1109 988 templum

126 992 204 1029 Dei.
261 992 333 1027 Nec
357 1005 477 1027 sumus
493 994 621 1035 Stoici,
648 995 799 1028 dicimus
823 996 926 1028 etiam
945 1006 999 1027 res
1025 1006 1109 1027 con-

125 1044 216 1076 ditas
241 1055 260 1077 a
283 1043 358 1077 Deo
381 1045 491 1077 bonas
520 1056 610 1083 esse,
645 1045 771 1086 vitam,
805 1046 942 1085 cibum,
975 1051 1110 1088 potum,

126 1094 343 1137 coniugium,
370 1095 548 1139 politicam
559 1095 779 1141 ¹societatem,
807 1097 865 1129 sed
883 1095 1008 1128 ordine
1025 1093 1109 1127 haec

126 1146 321 1188 expetenda
348 1156 439 1184 esse,
467 1152 501 1178 et
525 1157 747 1190 nequaquam
773 1146 1019 1190 anteponenda
1042 1143 1110 1178 Dei

123 1195 309 1228 voluntati.
362 1194 516 1240 Babylas
531 1207 634 1229 senex
650 1194 846 1240 Episcopus
864 1193 1109 1231 Antiochenus

123 1251 217 1278 amat
233 1245 358 1285 vitam,
384 1246 588 1288 coniugem,
614 1246 717 1280 filios.
770 1246 817 1280 Et
844 1247 912 1279 iam
937 1246 1107 1289 octogesi-

120 1306 220 1328 mum
240 1306 373 1327 annum
394 1306 550 1337 egressus
574 1303 667 1338 erat,
696 1308 741 1329 ne
766 1296 845 1341 quis
871 1297 1020 1329 iuvenili
1046 1308 1108 1328 au-

124 1345 220 1378 dacia
239 1356 320 1377 eum
338 1344 406 1377 sibi
422 1344 619 1387 periculum
637 1346 818 1378 attraxisse
844 1347 1028 1381 existimet.
1061 1344 1108 1379 Et

124 1402 241 1428 tamen
279 1395 533 1428 confessionem
561 1393 747 1438 Evangelii
779 1397 927 1429 antefert
957 1407 1039 1429 suae
1076 1403 1108 1429 et

122 1446 278 1479 filiorum
296 1445 397 1479 vitae.
427 1444 529 1479 Stant
543 1445 732 1489 grandaevi
749 1453 919 1489 parentes,
948 1458 1012 1479 nec
1029 1453 1107 1480 tan-

123 1502 199 1529 tum
225 1502 436 1539 spectatores
466 1502 549 1529 sunt
582 1496 677 1529 necis
707 1496 880 1537 filiorum,
912 1498 972 1530 sed
1003 1497 1105 1530 etiam

122 1546 331 1579 confirmant
346 1557 404 1579 eos
424 1547 460 1579 in
489 1557 611 1589 agone.
664 1545 803 1580 Deinde
835 1547 950 1581 tribus
987 1548 1107 1580 adole-

123 1597 301 1630 scentibus
325 1597 407 1630 filiis
431 1597 623 1630 interfectis
646 1597 682 1629 iu
709 1604 898 1641 conspectu
922 1605 1106 1642 parentum

123 1658 226 1680 senex
242 1654 341 1692 pater
358 1647 566 1682 trucidatur.
620 1647 736 1681 Mater
751 1655 924 1692 superstes
939 1649 1056 1681 mariti
1075 1655 1107 1682 et

120 1698 275 1731 filiorum
294 1710 441 1741 corpora
456 1698 605 1731 collocat
622 1698 659 1730 in
674 1699 845 1742 sepulcra.
874 1698 976 1732 Talia
992 1710 1106 1732 exem-

120 1748 178 1792 pla
193 1748 297 1781 nobis
315 1748 535 1782 obiectorum
555 1749 683 1791 gradus
699 1750 903 1784 ostendunt.

222 1814 290 1849 Sed
317 1816 412 1848 unde
436 1815 550 1848 oritur
578 1821 676 1849 tanta
701 1827 840 1848 morum
872 1823 975 1861 atque
997 1816 1107 1850 actio—

119 1877 206 1900 num
241 1865 427 1899 confusio?
467 1864 583 1899 David
612 1866 704 1910 rapit
732 1866 877 1899 alterius
909 1867 1107 1909 coniugem,

120 1928 321 1961 quanquam
347 1916 444 1949 videt
475 1922 508 1949 et
539 1916 706 1960 intelligit
728 1917 811 1950 facti
834 1917 1106 1961 turpitudinem.

120 1966 198 2000 Hoc
222 1967 269 2001 ita
293 1965 353 2008 fit,
380 1966 566 2000 dissimilia
590 1967 726 2001 obiecta
751 1968 849 2000 cordi
872 1973 904 2001 et
930 1967 1105 2001 voluntati

121 2017 332 2052 offeruntur.
384 2016 492 2051 Ratio
514 2024 688 2052 monstrat
711 2017 886 2052 voluntati
911 2018 1105 2063 turpitudi-

122 2079 215 2101 nem.
267 2068 335 2102 Sed
354 2080 415 2101 cor
431 2068 613 2101 incensum
639 2080 776 2110 amore,
803 2069 864 2114 qui
888 2075 928 2103 ut
955 2075 1005 2102 est
1027 2069 1104 2102 vio-

120 2118 254 2157 lentus,
281 2119 372 2163 rapit
388 2130 503 2152 secum
524 2119 762 2159 voluntatem,
788 2131 833 2152 ne
850 2126 944 2153 recto
971 2119 1103 2153 iudicio

122 2169 349 2212 obtemperet.
400 2168 490 2202 Nam
515 2169 678 2204 voluntas
703 2170 766 2204 etsi
790 2170 910 2215 aliquo
936 2171 1043 2203 modo
1060 2170 1104 2202 li-

121 2220 204 2252 bera
230 2226 298 2259 est,
329 2226 362 2253 et
389 2226 481 2253 certe
512 2227 626 2263 posset
655 2221 887 2254 locomotivae
918 2221 1103 2265 imperare,

120 2282 163 2303 ne
189 2269 374 2312 attingeret
395 2270 566 2312 alienam,
602 2278 739 2312 tamen,
775 2277 815 2305 ut
835 2271 966 2312 fomes,
1001 2272 1103 2305 facile

120 2319 246 2363 accipit
262 2320 377 2353 cordis
393 2320 567 2355 incendia.
619 2321 722 2356 Nunc
737 2322 847 2365 igitur
862 2322 977 2367 qualis
996 2322 1042 2356 sit
1059 2323 1102 2355 li-

120 2371 251 2412 bertas,
279 2370 468 2404 dicendum
493 2378 554 2407 est.

404 2478 464 2512 De
491 2477 607 2512 libero
635 2479 802 2516 arbitrio.

222 2552 264 2587 In
279 2553 471 2588 dialecticis
495 2554 666 2589 vocabula
688 2557 926 2601 necessitatis,
961 2556 1103 2590 contin-

119 2604 275 2647 gentiae,
303 2611 338 2638 et
361 2605 533 2639 libertatis
557 2605 790 2642 declarantur.
844 2607 933 2641 Inde
956 2619 1103 2641 suman-

119 2662 177 2688 tur
191 2655 432 2689 enarrationes
449 2653 578 2689 horum
601 2657 877 2698 vocabulorum,
905 2669 993 2702 quas
1017 2669 1102 2702 pro-

884 103 929 140 11.
963 100 1113 138 LIBER
1138 100 1204 138 DE
1231 102 1405 142 ANIMA.

2094 111 2163 147 158

1173 189 1263 222 fecto
1283 190 1370 222 scire
1389 202 1527 225 necesse
1545 200 1606 227 est.
1655 192 1765 228 Nunc'
1779 200 1914 228 tantum
1941 192 2007 229 boc
2032 195 2159 238 dicam,

1172 238 1369 272 libertatem
1392 240 1428 272 in
1453 242 1572 276 divina
1591 244 1786 286 voluntate,
1814 251 1846 279 et
1862 245 1899 278 in
1917 246 2083 279 creaturis
2100 259 2155 280 ra-

1171 288 1379 329 tionalibus,
1405 291 1536 332 angelis
1560 300 1592 326 et
1618 292 1835 337 bominibus,
1864 306 1935 329 esse
1953 296 2152 330 facultatem

1171 339 1382 379 voluntatis,
1410 352 1499 384 quae
1523 344 1630 383 possit
1656 356 1775 387 agere,
1803 358 1840 379 ac
1858 359 1931 380 non
1953 358 2064 389 agere,
2092 355 2152 381 aut

1171 389 1237 430 sic,
1269 397 1329 423 aut
1353 389 1456 423 aliter
1483 402 1596 433 agere.
1667 394 1758 428 Sunt
1796 403 1911 429 autem
1945 397 2151 430 discrimina

1169 450 1293 482 magna
1316 440 1353 472 in
1370 439 1463 480 Deo,
1491 441 1621 482 beatis,
1647 449 1679 475 et
1695 441 1899 480 hominibus
1924 448 1963 479 in
1979 445 2044 480 hac
2066 448 2153 487 vita,

1169 501 1258 534 quae
1272 490 1357 523 alibi
1375 491 1550 533 copiosius
1576 492 1804 536 explicantur.
1863 495 1926 530 Est
1948 498 2054 539 igitur
2078 499 2151 530 dis-

1169 540 1295 573 similis
1317 542 1443 574 modus
1467 542 1611 584 agendi,
1639 555 1743 587 quam
1771 545 1841 586 agit
1867 546 1974 588 ignis,
2003 548 2062 592 qui
2086 560 2150 582 ne-

1169 590 1316 624 cessario
1337 591 1494 624 calefacit
1511 593 1651 626 admota
1668 605 1832 637 corpora,
1857 607 1920 628 nec
1942 604 2056 639 potest
2073 609 2150 632 sus-

1167 642 1321 684 pendere
1340 642 1532 682 actionem,
1559 654 1622 676 nec
1638 651 1750 686 potest
1767 645 1868 677 aliter
1885 656 1997 688 agere,

1269 690 1428 725 Primum
1460 699 1575 725 autem
1606 695 1893 728 constituendum
1917 702 1967 729 est
1999 698 2149 730 certissi-

1167 752 1263 774 mum
1295 753 1386 783 esse,
1420 741 1534 775 Deum
1561 744 1625 775 etsi
1658 744 1772 778 bonus
1793 752 1844 779 est
1868 745 2150 788 immutabiliter,

1167 798 1282 824 tamen
1300 804 1371 826 esse
1389 804 1492 836 agens
1511 793 1745 836 liberrimum,
1773 802 1807 829 et
1822 797 1941 830 omnia
1958 808 2046 841 quae
2064 809 2150 830 con-

1165 841 1276 882 didit,
1303 849 1336 876 et
1355 855 1443 888 quae
1460 843 1530 886 agit
1553 850 1647 877 extra
1669 856 1719 885 se,
1759 845 1939 879 liberrima
1964 848 2148 881 voluntate¹

1165 893 1383 934 condidisse,
1409 901 1440 927 et
1458 905 1577 937 agere,
1601 895 1694 928 iuxta
1721 895 1855 929 dictum
1875 895 2026 929 Psalmi:
2054 895 2148 931 Om-

1164 943 1221 975 nia
1246 955 1476 989 quaecunque
1498 944 1631 985 voluit,
1659 945 1751 979 fecit.
1804 945 1857 979 Ac
1880 947 2003 990 procul
2029 948 2149 991 explo-

1164 994 1294 1026 dantur
1324 994 1425 1038 impii
1463 995 1600 1027 furores
1632 994 1851 1035 Stoicorum,
1902 997 1963 1042 qui
1996 997 2145 1040 fingunt,

1163 1042 1284 1076 Deum*
1303 1045 1484 1087 alligatum
1517 1056 1590 1078 esse
1619 1046 1661 1078 ad
1696 1057 1814 1079 causas
1846 1048 2033 1089 secundas,
2082 1060 2146 1080 nec

1163 1105 1262 1137 posse
1281 1094 1382 1127 aliter
1398 1105 1515 1137 agere,
1542 1107 1648 1139 quam
1665 1096 1754 1129 sicut
1771 1097 1863 1130 cient
1881 1109 2004 1130 causae
2020 1109 2147 1131 secun-

1162 1145 1247 1184 dae,
1280 1151 1313 1178 et
1343 1145 1537 1177 necessario
1570 1157 1649 1179 eum
1680 1146 1769 1179 velle
1798 1154 1831 1180 et
1861 1158 1961 1190 agere
1995 1148 2087 1181 bona
2113 1156 2145 1181 et

1159 1194 1271 1234 mala,
1299 1192 1445 1228 honesta
1470 1202 1502 1228 et
1521 1195 1648 1239 turpia.
1694 1196 1870 1229 Horresco
1886 1198 2056 1238 referens,
2084 1200 2145 1231 sed

1159 1245 1338 1277 interdum
1355 1242 1440 1277 haec
1457 1247 1723 1279 commemorari
1741 1258 1880 1279 necesse
1905 1254 1971 1289 est,
1997 1256 2036 1282 ut
2060 1250 2146 1281 ado-

1158 1294 1327 1327 lescentes
1340 1295 1468 1328 moniti
1488 1296 1623 1337 fugiant
1641 1303 1672 1329 et
1689 1304 1894 1330 execrentur
1912 1295 1997 1331 haec
2015 1298 2145 1331 diabo-

1158 1345 1224 1377 lica
1242 1345 1441 1386 mendacia,
1470 1357 1558 1390 quae
1574 1353 1657 1379 sunt
1683 1347 1937 1380 contumeliosa
1966 1349 2001 1380 111
2020 1347 2146 1387 Deum,

1159 1401 1191 1427 et
1214 1395 1410 1437 perniciosa
1443 1396 1619 1436 moribus,
1654 1397 1712 1429 sed
1743 1397 1828 1429 alibi
1852 1394 1935 1430 haec
1968 1399 2144 1442 copiosius

1158 1450 1365 1478 tractantur.

1258 1494 1330 1528 Iam
1352 1495 1541 1529 constituta
1569 1496 1831 1540 propositione,
1859 1498 1952 1542 quod
1979 1497 2074 1531 Deus
2100 1499 2145 1530 sit

1158 1556 1264 1588 agens
1289 1544 1460 1586 liberum,
1487 1547 1636 1579 sciamus
1661 1558 1740 1579 eum
1759 1555 1790 1581 et
1817 1549 1959 1591 angelos
1978 1554 2010 1581 et
2028 1545 2145 1580 homi-

1157 1608 1218 1628 nes
1242 1596 1279 1628 in
1303 1596 1478 1629 creatione
1502 1608 1644 1630 ornasse
1668 1594 1723 1629 1115
1747 1598 1860 1631 tribus
1892 1599 2017 1638 bonis,
2052 1610 2143 1642 quae

1157 1646 1295 1680 suntin
1320 1647 1396 1691 ipso
1420 1647 1571 1690 optima,
1597 1647 1766 1690 sapientia
1798 1649 1982 1691 videlicet,
2010 1649 2142 1682 noticia

1157 1708 1239 1730 suae
1259 1697 1362 1739 legis,
1390 1697 1526 1730 iusticia
1540 1725 1549 1738 ‚
1577 1704 1610 1730 et
1631 1698 1790 1731 libertate
1808 1699 2012 1732 voluntatis.

1258 1746 1363 1780 Alius
1387 1755 1501 1781 autem
1535 1749 1660 1780 modus
1687 1749 1811 1790 agendi
1844 1750 2006 1782 conditus
2031 1754 2080 1780 est
2104 1749 2143 1779 in

1157 1796 1257 1838 Sole,
1284 1797 1321 1829 in
1338 1798 1435 1841 igne,
1461 1798 1497 1829 in
1515 1809 1624 1842 aqua,
1650 1803 1681 1830 et
1699 1798 1843 1831 coeteris
1863 1799 1977 1839 rebus,
2007 1809 2142 1841 semper

1155 1859 1228 1880 uno
1243 1849 1350 1881 modo
1374 1848 1570 1890 agentibus.
1622 1846 1699 1880 Hoc
1724 1848 1913 1881 discrimen
1939 1849 2014 1882 vult
2045 1846 2139 1881 Deus

1156 1898 1330 1941 conspici,
1356 1899 1431 1931 vult
1456 1897 1624 1940 intelligi,
1654 1899 1732 1930 sese'
1750 1910 1822 1932 esse
1845 1910 1950 1941 agens
1975 1897 2141 1937 liberum,

1157 1948 1231 1981 vult
1249 1954 1281 1981 et
1295 1955 1433 1982 nostras
1449 1948 1604 1982 actiones
1622 1948 1772 1982 consilio
1794 1950 1881 1992 regi,
1932 1948 2143 1993 Disputatur

1155 2009 1256 2041 ergo,
1283 2010 1329 2031 an
1346 1999 1391 2032 sit
1408 1999 1526 2043 aliqua
1547 1998 1740 2032 voluntatis
1760 1999 1795 2031 in
1815 1997 1959 2032 homine
1984 2000 2142 2037 libertas,

1155 2055 1187 2083 et
1205 2049 1318 2093 qualis
1342 2049 1397 2083 sit.
1450 2047 1514 2082 Est
1538 2056 1653 2083 autem
1677 2060 1750 2082 non
1777 2049 1930 2082 difficilis
1955 2049 2141 2094 explicatio

1154 2099 1354 2133 amantibus
1372 2100 1577 2138 veritatem⁷
1602 2111 1675 2132 non
1692 2100 1970 2143 disputationum
1992 2099 2139 2143 praesti-

1154 2150 1247 2193 gias,
1268 2162 1307 2183 ac
1325 2150 1507 2193 diligentia
1525 2150 1716 2183 necessaria
1737 2157 1786 2184 est
1804 2151 1889 2194 piis,
1916 2150 2138 2183 considerare

1153 2201 1343 2234 discrimen
1384 2201 1570 2235 stoicarum
1613 2200 1845 2244 opinionum,
1893 2207 1925 2232 et
1956 2199 2139 2232 doctrinae

1154 2252 1424 2292 ecclesiasticae,
1460 2252 1496 2283 in
1523 2263 1626 2296 quam
1657 2251 1763 2283 stoica
1794 2250 2020 2282 deliramenta
2053 2248 2136 2281 Ma-

1153 2299 1291 2335 nichaei
1315 2309 1348 2335 et
1366 2301 1467 2334 Valla
1485 2302 1590 2345 impie
1614 2302 1894 2333 transfuderunt.

1255 2352 1446 2386 Sciendum
1475 2358 1525 2385 est
1556 2351 1680 2394 igitur,
1713 2350 1901 2393 dupliciter
1930 2347 2066 2382 detrahi
2091 2349 2140 2381 li·

1153 2404 1322 2436 bertatem
1342 2401 1521 2436 humanae
1534 2400 1718 2434 voluntati.
1771 2399 1844 2432 Aut
1870 2400 1963 2432 enim
1990 2400 2026 2431 in
2051 2400 2135 2432 uni-

1154 2465 1292 2487 versum
1319 2454 1458 2486 tollitur
1480 2450 1721 2492 contingen-tia·
1745 2450 1904 2482 omnium
1931 2456 2137 2488 eventuum,

1153 2516 1228 2537 non*
1246 2511 1384 2537 tantum
1407 2501 1667 2539 humanorum,
1693 2500 1750 2531 sed
1779 2500 1880 2533 etia-m
1898 2501 2067 2540 aliorum,
2093 2507 2133 2533 ut

1153 2554 1265 2588 Stoici
1296 2554 1534 2586 defendebant
1573 2550 1715 2583 fatalem
1745 2550 2000 2584 necessitatem.
2059 2549 2135 2583 Aut

1153 2617 1227 2637 non
1243 2604 1446 2637 defenditur
1465 2602 1524 2633 illa
1551 2601 1657 2634 sto-ica
1684 2601 1885 2641 necessitas,
1914 2602 1973 2633 sed
1996 2607 2135 2634 tantum

1152 2661 1369 2688 monstratur
1394 2651 1578 2685 infirmitas
1606 2648 1843 2685 humanarum
1868 2651 2020 2691 virium,
2050 2660 2142 2693 quae
