2379 2948
230 107 301 143 971

334 188 471 222 Deinde
497 183 684 231 appellatio
704 182 789 215 idoli
806 180 958 214 Maosim
975 180 1219 225 complectitur

231 252 355 275 omnes
373 249 508 272 errores
526 241 722 279 pugnantes
740 245 817 266 cum
834 230 1041 276 Evangelio.
1093 231 1219 265 Cultus

231 294 307 326 sine
332 303 411 323 vera
436 288 637 331 cognitione
664 283 849 326 Evangelii
874 289 923 316 est
946 280 1118 317 ethnicus.
1173 280 1219 315 Ut

233 343 419 376 invocabat
452 350 584 371 numen
617 336 761 379 aliquod
793 341 974 367 aeternum
1006 330 1220 376 Xenophon,

232 394 290 427 sed
311 391 494 425 dubitans:
522 389 568 421 ita
587 388 753 420 invocant
768 384 882 418 Deum
897 397 974 418 cum
991 383 1221 422 dubitatione,

233 443 294 489 qui
310 442 476 475 reiiciunt
493 439 690 473 doctrinam
707 438 749 470 de
766 437 844 470 fide.
901 435 1006 476 Item,
1033 441 1071 468 ut
1089 433 1219 477 Argiva

233 494 394 528 sacerdos
418 492 560 524 invocat
580 490 753 522 Iunonem
771 487 899 520 fiducia
915 486 967 520 sui
985 485 1162 525 sacrificii,
1189 491 1221 517 et

232 544 384 578 somniat
401 549 544 587 propter
563 539 627 573 hos
640 540 727 572 ritus
739 538 869 571 servari
882 544 989 571 totam
1004 544 1139 579 gentem
1152 534 1222 568 Ar-

235 595 403 639 golicam:
441 593 488 625 sic
515 591 767 625 Franciscanus
791 590 930 622 invocat
954 589 1070 621 Deum
1096 586 1221 619 fiducia

234 657 378 679 suorum
403 644 558 682 rituum,
591 649 625 675 et
650 648 740 675 totas
765 640 940 677 civitates,
969 644 1112 682 propter
1136 637 1221 670 tales

234 698 323 731 ritus
343 695 475 729 servari
491 700 606 738 putat,
634 692 669 725 id
688 692 781 737 quod
800 702 900 733 saepe
917 689 1038 722 audivi
1056 688 1188 721 iactari.

337 745 414 780 Etsi
439 752 553 778 autem
578 742 662 777 haec
685 742 797 781 idola,
824 739 861 773 hi
886 750 1040 779 errores,
1068 736 1133 771 hae
1156 739 1223 770 im-

234 804 398 843 posturae
418 807 540 838 magua
558 793 745 827 autoritate
762 791 1016 829 defenduntur,
1041 799 1073 823 et
1093 789 1129 822 in
1147 801 1221 822 ma—

234 861 301 893 gna
320 856 415 891 parte
428 846 524 879 orbis
537 852 708 877 terrarum
722 840 917 874 haerebunt
929 852 1039 885 usque
1051 841 1092 873 ad
1106 840 1223 878 finem,

235 908 353 934 tamen
371 895 587 930 admonendi
604 901 685 926 sunt
702 890 881 931 homines,
909 893 952 924 de
970 899 1153 935 praecepto
1169 891 1221 923 di-

236 951 337 989 vino,
373 949 467 993 quod
493 953 542 979 est
567 943 802 978 immutabile:
837 942 960 986 Fugite
984 943 1090 975 idola.
1153 941 1223 974 Fu-

235 1002 333 1044 giant
358 1000 409 1044 pii
435 1006 467 1032 et
491 1003 695 1030 execrentur
717 995 776 1027 illa
800 993 993 1038 spectacula
1020 993 1224 1036 profanatae

235 1052 374 1086 Coenae
404 1048 568 1088 Domini,
610 1053 831 1079 mortuorum
865 1044 1148 1083 invocationem,
1193 1051 1222 1075 et

236 1101 469 1137 contumelias
493 1098 672 1132 doctrinae
689 1095 886 1138 Evangelii.
940 1094 1092 1137 Fugiant
1115 1094 1224 1127 socie-

235 1161 341 1188 tatem
369 1150 531 1185 saevitiae
557 1148 777 1194 pontificum.
830 1145 876 1179 Et
895 1146 1032 1179 discant
1049 1158 1089 1178 ex
1106 1145 1223 1177 Evan-

237 1205 327 1248 gelio
353 1214 470 1236 veram
496 1199 776 1237 invocationem,
811 1204 843 1230 et
868 1208 949 1229 vera
973 1197 1104 1236 officia,
1138 1208 1226 1240 quae

235 1256 331 1290 Deus
359 1252 522 1298 postulat.
592 1250 687 1284 Haec
711 1249 847 1282 moneri
870 1246 1064 1281 Ecclesiam
1089 1258 1226 1280 necesse

237 1314 307 1346 est,
337 1304 471 1338 etiamsi
490 1303 619 1336 fractus
636 1301 801 1333 illabatur
817 1299 925 1332 orbis.

341 1355 446 1398 Quod
471 1366 554 1386 vero
579 1353 617 1385 in
642 1358 737 1384 textu
760 1350 921 1389 additur,
956 1347 1131 1382 Daturum
1156 1360 1228 1381 esse

238 1419 304 1452 ope
326 1404 400 1446 his,
424 1404 484 1449 qui
510 1410 654 1437 tuentur
672 1402 787 1434 Deum
805 1401 978 1439 alienum,
1006 1411 1078 1432 non
1098 1406 1147 1431 est
1164 1399 1227 1431 ob-

240 1470 341 1493 scura
356 1455 540 1489 sententia.
586 1452 632 1487 Ut
651 1449 850 1484 Antiochus
869 1450 1029 1483 tradebat
1045 1449 1226 1493 pontifica-

239 1518 315 1544 tum
339 1505 526 1551 Epicureis
557 1502 816 1542 sacerdotibus,
855 1501 916 1546 qui
946 1500 1227 1544 profanationem

240 1559 363 1603 templi
388 1557 569 1590 ridebant:
605 1554 654 1586 ita
678 1564 773 1585 nunc
796 1550 951 1584 honores
977 1559 1010 1584 et
1034 1562 1117 1595 opes
1141 1552 1229 1583 dan-

240 1620 298 1645 tur
325 1607 400 1648 his,
435 1607 495 1651 qui
522 1605 660 1639 fortiter
684 1615 745 1636 seu
770 1602 926 1645 scriptis,
960 1613 1021 1634 seu
1046 1601 1229 1634 sententiis

240 1667 383 1695 tuentur
401 1658 506 1696 idola,
535 1663 567 1689 et
586 1656 722 1697 fingunt
741 1658 948 1696 praetextus.
978 1650 1128 1684 Etiamsi
1144 1651 1226 1696 quid

240 1713 317 1745 vitii
341 1711 384 1744 sit
407 1710 445 1741 in
469 1708 614 1746 ritibus,
648 1713 765 1738 tamen
790 1703 1013 1736 autoritatem
1034 1700 1226 1745 Episcopo-

240 1775 317 1797 rum
337 1772 409 1794 non
429 1757 709 1792 labefactandam
728 1766 819 1792 esse,
848 1766 921 1786 non
941 1753 1139 1786 tollendum
1159 1764 1229 1786 esse

241 1814 422 1850 ordinem,
450 1810 511 1855 qui
535 1821 612 1842 cum
637 1806 785 1850 imperio
811 1805 930 1849 aliquo
949 1803 1156 1846 religionem
1175 1815 1229 1835 re-

241 1872 307 1909 gat.
370 1862 439 1896 Sed
464 1859 526 1894 has
549 1858 805 1902 disputationes
830 1867 935 1898 supra
958 1854 1075 1897 attigi,
1110 1862 1143 1888 et
1166 1851 1229 1886 hac

242 1927 313 1949 una
336 1925 419 1945 voce
445 1911 581 1956 prolata
598 1910 690 1953 apud
709 1908 785 1952 pios
799 1906 899 1939 facile
915 1906 1131 1939 refutantur:
1159 1903 1228 1937 Fu-

242 1967 310 2010 gite
329 1963 435 1996 idola.

294 2051 339 2084 Et
365 2050 404 2082 in
427 2051 592 2090 tempore
618 2042 705 2090 fini-s
727 2048 831 2088 yet-et
854 2042 988 2076 bellum
1010 2052 1091 2076 cum
1110 2053 1151 2075 eo
1167 2051 1233 2074 rea*

296 2101 448 2140 Austri,
486 2102 523 2131 et
540 2098 664 2129 instar
683 2092 845 2127 turbinis
864 2096 981 2126 veniet
995 2104 1108 2137 ,super
1127 2093 1233 2126 illum

294 2162 364 2186 rex
381 2149 587 2195 Aquilonis.

347 2217 442 2251 Haec
466 2221 640 2261 postrema
663 2223 742 2256 pars
764 2211 843 2255 plus
868 2209 973 2243 habet
997 2210 1232 2248 obscuritatis,

245 2280 278 2306 et
302 2269 435 2315 aliquid
458 2269 500 2301 de
521 2265 624 2299 bellis
642 2263 787 2296 ultimae
804 2268 961 2295 senectae
980 2262 1105 2294 mundi
1123 2262 1232 2305 signi-

245 2324 336 2355 ficat.
391 2318 436 2352 Et
458 2324 496 2351 ut
515 2314 676 2349 Ezechiel
700 2313 872 2357 praedicit
889 2312 1119 2345 vastationem
1137 2313 1232 2346 sutu-

247 2385 321 2405 ram
345 2382 406 2415 per
424 2369 503 2411 Gog
525 2374 557 2400 et
578 2365 726 2408 blagog,
751 2364 797 2397 ita
822 2361 889 2396 hoc
915 2364 991 2397 loco
1010 2362 1167 2405 Angelus
1186 2364 1231 2396 si-

248 2423 387 2466 gnificat
423 2418 620 2453 barbariem
660 2422 863 2457 regnantem
901 2414 1026 2448 ultimo
1067 2421 1233 2458 tempore,

249 2473 381 2507 scilicet
402 2470 609 2507 Turcicam,
640 2478 761 2499 versus
786 2466 955 2498 Austrum
988 2465 1126 2507 longius
1151 2477 1231 2508 pro-

249 2533 444 2567 gressuram
472 2531 560 2558 esse,
588 2525 620 2550 et
647 2524 831 2550 venturam
852 2528 921 2549 esse
943 2516 979 2548 in
997 2523 1124 2549 terram
1142 2516 1230 2548 desi-

249 2572 461 2610 derabilem,
510 2569 674 2601 videlicet
712 2568 749 2599 in
791 2568 865 2600 loca
905 2578 1007 2599 verae
1046 2564 1232 2601 Ecclesiae.

249 2624 419 2667 Magnum
448 2620 601 2664 profecto
634 2618 828 2662 periculum
855 2618 959 2651 nobis
987 2617 1233 2656 denunciatur,

250 2676 309 2709 sed
325 2674 499 2707 addentur
515 2676 631 2713 postea
651 2669 919 2703 consolationes.

823 94 948 130 PHIL.
977 92 1094 130 MEL.
1122 93 1332 130 SCRIPTA
1359 92 1658 130 EXEGETICA.

2179 95 2255 132 972

1373 179 1484 214 Porro
1497 178 1665 214 historica
1679 180 1849 225 quaedam
1861 180 1904 213 de
1913 177 2092 215 Antiocho
2103 181 2257 215 admixta

1272 242 1343 263 esse
1366 243 1421 264 res
1447 232 1612 267 ostendit.
1672 230 1767 264 Haec
1792 230 1891 275 prius
1913 231 2078 264 recitabo.
2139 231 2256 266 Dura-

1272 289 1398 316 verunt
1414 289 1491 326 post
1502 281 1724 327 Epiphanem
1741 282 1833 315 bella
1849 294 1926 315 cum
1937 280 2131 327 Aegyptiis.
2182 282 2257 316 Etsi

1272 339 1386 365 autem
1403 334 1584 379 Aegyptus
1609 345 1682 367 non
1705 340 1755 367 est
1777 333 1941 376 deinceps
1965 339 2132 376 occupata
2154 343 2172 364 a
2189 332 2257 378 Sy-

1273 383 1374 417 riacis
1395 385 1555 428 regibus,
1581 392 1698 419 tamen
1723 385 1759 416 in
1785 383 1857 417 illis
1873 384 2009 416 duabus
2025 382 2260 427 expeditioni—

1273 435 1356 475 bus,
1393 447 1542 480 quarum
1566 447 1671 479 supra
1695 436 1784 469 facta
1801 440 1850 468 est
1874 434 2026 474 mentio,
2063 431 2262 467 Antiochus

1273 485 1408 530 aliquas
1423 486 1575 532 Aegypti
1597 487 1753 520 civitates
1773 492 1807 520 et
1822 485 1960 519 vexavit
1975 491 2009 518 et
2025 485 2133 528 cepit,
2161 496 2262 529 prae-

1275 537 1377 569 datus
1393 543 1442 570 est
1459 544 1491 570 et
1508 549 1548 569 ex
1563 537 1710 578 vicinia,
1737 549 1777 570 ex
1792 535 1985 582 Cyrenaica
1997 560 2005 573 ‚
2033 547 2138 580 quam
2158 547 2262 568 voca-

1275 587 1325 620 vit
1351 584 1408 621 hic
1427 587 1596 633 Libyam,
1625 595 1657 621 et
1681 600 1721 621 ex
1744 588 1904 632 proxima
1921 584 2128 631 Aethiopia,
2156 597 2262 631 quam

1275 644 1375 671 vocat
1390 636 1524 672 Cusim.
1578 638 1647 672 Sed
1672 636 1756 672 haec
1781 639 1871 671 bella
1890 635 2059 671 Antiochi
2080 649 2152 670 non
2169 637 2262 669 affli-

1275 696 1401 722 xerunt
1416 688 1612 730 Idumaeos,
1640 689 1712 722 imo
1729 689 1893 723 salutaria
1908 689 1956 722 eis
1968 689 2123 722 fuerunt.
2173 686 2263 721 Nam

1275 738 1453 773 Hircanus
1485 747 1601 784 postea
1631 740 1767 773 domuit
1791 739 1998 780 Idumaeos,
2033 746 2066 773 et
2092 736 2156 772 hac
2180 750 2264 771 con-

1274 790 1412 825 ditione
1436 803 1514 824 cum
1540 791 1588 824 eis
1616 803 1736 835 pacem
1754 797 1788 824 et
1805 791 2003 824 societatem
2020 790 2122 831 fecit,
2149 797 2187 822 ut
2205 800 2265 821 ve-

1276 853 1350 874 ram
1368 843 1409 875 de
1425 840 1500 875 Deo
1519 842 1718 876 doctrinam
1736 842 2039 885 amplecterentur.
2093 841 2191 874 Haec
2209 852 2265 872 re-

1277 893 1359 926 citat
1384 890 1551 936 losephus
1583 893 1619 925 in
1651 892 1854 925 narratione
1879 904 1995 925 rerum
2022 899 2196 935 gestarum
2220 891 2265 924 ab

1277 942 1456 982 Hircano‚
1484 955 1593 988 quare
1617 942 1778 977 Danielis
1803 943 1936 976 dictum
1962 943 2004 976 de
2029 940 2094 976 hac
2118 940 2265 975 historia

1278 994 1464 1027 vaticinari
1484 994 1614 1028 iudico.

1381 1052 1472 1087 Sunt
1497 1060 1528 1088 et
1552 1051 1638 1087 haec
1664 1052 1846 1087 historica:
1881 1050 2064 1086 Rumores
2086 1049 2268 1085 terrebunt

1279 1116 1356 1138 eum
1380 1102 1427 1137 ab
1445 1100 1614 1148 Oriente,
1643 1109 1673 1138 et
1700 1108 1811 1140 veniet
1832 1115 1942 1152 usque
1960 1101 2130 1149 adfinem
2147 1114 2267 1146 suum,

1280 1160 1309 1189 et
1335 1167 1437 1188 nemo
1454 1155 1488 1188 ei
1502 1154 1769 1191 auxiliabitur.
1825 1156 1924 1189 Talis
1940 1156 2035 1189 enim
2051 1155 2119 1188 fuit
2137 1152 2267 1188 Antio-

1280 1205 1336 1240 chi
1362 1207 1484 1240 exitus.
1544 1208 1717 1241 Audierat
1743 1208 1778 1240 in
1805 1206 1947 1240 Perside
1971 1206 2173 1250 profligatos
2196 1216 2269 1237 esse

1281 1270 1361 1291 suos
1387 1258 1577 1299 exercitus,
1606 1266 1636 1292 et
1662 1258 1805 1291 videbat
1831 1258 1932 1291 valde
1958 1257 2170 1291 diminutam
2196 1267 2268 1289 esse

1280 1309 1416 1354 Syriaci
1451 1309 1548 1351 regni
1581 1310 1795 1352 potentiam,
1839 1309 2039 1342 defectione
2069 1307 2269 1346 Persarum,

1280 1358 1493 1392 Parthorum
1520 1366 1553 1393 et
1569 1359 1774 1405 Babylonis.
1827 1358 1900 1392 Has
1921 1358 2120 1403 provincias
2139 1357 2267 1395 amisit,

1280 1411 1365 1443 dum
1389 1410 1475 1442 alibi
1500 1410 1649 1454 impium
1676 1417 1709 1443 et
1734 1410 1854 1442 infelix
1879 1410 2010 1443 bellum
2034 1408 2122 1452 gerit
2147 1408 2185 1440 in
2208 1406 2267 1440 lu-

1281 1461 1380 1494 daea.
1433 1459 1480 1492 Hi
1501 1473 1659 1494 rumores
1676 1460 1881 1494 defectionis
1899 1467 1931 1493 et
1946 1460 2160 1493 seditionum
2174 1485 2181 1498 ,
2207 1457 2269 1502 qui

1281 1523 1320 1544 ex
1344 1509 1494 1544 Oriente
1521 1518 1554 1544 et
1575 1513 1619 1544 ab
1636 1510 1815 1556 Aquilone
1837 1511 2095 1550 afferebantur,
2122 1509 2168 1542 ita
2193 1520 2270 1540 mo-

1282 1568 1408 1594 verunt
1430 1562 1588 1595 animum
1608 1562 1702 1600 eius,
1731 1568 1769 1594 ut
1788 1561 1843 1594 vel
1858 1567 1952 1594 metu
1969 1573 2008 1593 ac
2026 1558 2269 1604 desperatione

1282 1624 1398 1645 rerum
1415 1624 1577 1652 suarum,
1605 1613 1660 1645 vel
1679 1611 1857 1645 moesticia
1876 1611 2047 1645 extinctus
2063 1610 2120 1644 sit.

1385 1677 1521 1712 Eodem
1539 1679 1693 1723 pertinet
1713 1679 1807 1724 quod
1824 1678 1890 1718 ait,
1917 1676 2103 1711 Neminem
2119 1677 2151 1710 ei
2166 1688 2269 1720 opem

1283 1729 1412 1762 tulisse.
1463 1729 1553 1762 Nam
1570 1730 1773 1774 provinciae
1789 1730 1832 1762 ab
1851 1741 1891 1762 eo
1908 1729 2119 1769 defecerant,
2147 1735 2180 1761 et
2196 1727 2271 1760 bel-

1283 1781 1356 1813 lum
1383 1780 1413 1813 ei
1438 1780 1654 1820 inserebant,
1682 1779 1810 1814 Iudaea
1833 1792 1915 1813 vero
1934 1780 2003 1812 iam
2022 1779 2146 1812 victrix
2166 1778 2270 1811 etiam

1284 1831 1437 1874 pellebat
1454 1829 1617 1875 Syriacos
1642 1832 1823 1865 exercitus.
1878 1829 1923 1865 Ut
1943 1837 2058 1863 autem
2077 1836 2160 1863 tunc
2176 1827 2272 1862 Deus

1282 1882 1422 1914 frenum
1439 1881 1557 1915 iniecit
1575 1888 1727 1926 tyranno
1746 1881 1936 1924 grassanti,
1963 1888 1994 1913 et
2012 1880 2182 1924 oppressit
2201 1879 2271 1911 iam

1284 1932 1487 1965 molientem
1513 1943 1645 1965 novum
1666 1939 1697 1965 et
1717 1932 1828 1965 maius
1845 1931 1995 1971 bellum,
2024 1931 2070 1964 ita
2087 1942 2186 1974 saepe
2204 1930 2271 1962 mi-

1284 1983 1389 2016 rabili
1410 1983 1515 2016 modo
1535 1983 1661 2016 liberat
1676 1981 1881 2016 Ecclesiam.

1389 2049 1430 2083 In
1461 2051 1570 2084 latina
1599 2051 1759 2083 versione
1785 2049 1929 2091 legitur:
1966 2045 2020 2080 Et
2033 2044 2127 2092 figet
2151 2046 2270 2080 Iaber-

1286 2099 1457 2134 naculum
1490 2113 1596 2134 suum
1622 2097 1772 2147 Apedno
1803 2099 1896 2132 inter
1925 2096 1997 2132 duo
2020 2098 2142 2131 maria
2167 2109 2271 2143 super

1287 2156 1440 2185 montem
1462 2151 1639 2198 inclytum
1657 2155 1687 2184 el
1703 2155 1879 2185 sanctum.

1387 2211 1456 2244 Hic
1483 2212 1593 2245 sciant
1618 2211 1766 2244 studiosi
1790 2208 1881 2244 hanc
1904 2210 2124 2254 peregrinam
2150 2220 2268 2243 vocem

1285 2275 1358 2295 non
1382 2274 1454 2295 esse
1477 2274 1606 2295 nomen
1630 2262 1834 2306 proprium,
1863 2262 1921 2294 sed
1944 2262 2048 2295 fuisse
2066 2261 2270 2294 vertendam

1286 2311 1352 2346 hoc
1368 2314 1487 2353 modo,
1511 2320 1541 2346 et
1560 2313 1638 2355 figet
1654 2313 1919 2347 tabernaculum
1936 2312 2057 2357 palatii
2074 2312 2138 2345 sui.
2181 2310 2269 2344 Nam

1285 2364 1434 2408 Apedna
1459 2364 1629 2406 significat
1652 2363 1844 2403 Palatium,
1877 2375 1938 2396 seu
1956 2362 2120 2406 Regiam,
2148 2374 2209 2395 seu
2231 2369 2269 2395 ut

1286 2416 1390 2457 vulgo
1409 2415 1607 2459 loquimur,
1636 2415 1778 2449 Aulam.
1832 2414 2013 2458 Significat
2030 2413 2122 2446 enim
2142 2412 2268 2446 Antio-

1285 2464 1390 2499 chum
1416 2466 1452 2498 in
1477 2466 1554 2499 loco
1572 2473 1710 2507 sancto,
1737 2466 1798 2500 ubi
1820 2473 1892 2498 erat
1910 2465 2079 2508 templum
2098 2464 2187 2504 Dei,
2213 2474 2269 2496 ca-

1285 2524 1354 2549 stra
1373 2517 1546 2550 facturum
1567 2528 1658 2554 esse,
1683 2529 1761 2550 cum
1779 2517 1941 2549 videlicet
1958 2517 1993 2548 in
2012 2515 2143 2558 templo
2160 2514 2268 2548 collo-

1287 2573 1394 2600 casset
1423 2568 1575 2607 idolum,
1610 2576 1643 2602 et
1666 2568 1702 2600 id
1727 2567 1910 2611 praesidiis
1932 2567 2145 2599 defenderet.
2199 2564 2268 2599 Sed

1287 2619 1368 2662 quia
1395 2618 1509 2658 addit,
1535 2619 1628 2651 inter
1646 2619 1714 2652 dno
1732 2619 1859 2655 maria,
1888 2617 2056 2660 significat
2075 2616 2207 2661 aliquid
2225 2615 2268 2647 de

1286 2669 1466 2703 domicilio
1484 2668 1707 2703 Antichristi.
