2379 2948
63 102 112 140 69
808 95 856 131 11.

64 186 315 222 subtilissimos
345 185 483 220 canales
515 182 733 219 transmittit.
796 180 939 221 Tertia,
981 193 1060 214 cum

64 239 249 272 cerebrum
268 249 331 282 per
349 249 422 270 sese
440 248 512 269 non
531 233 680 273 sentiat,
709 230 793 266 haec
811 231 954 265 fasciola
971 243 1061 276 quae

65 295 116 323 est
134 299 282 330 nervea,
310 287 468 333 impertit
487 284 632 319 cerebro
649 294 802 317 sensum.

456 384 668 421 Gerebrum.

166 461 244 497 Etsi
267 461 364 495 nulla
386 472 466 504 pars
489 460 527 493 in
544 458 711 493 universa
728 464 853 492 natura
872 457 919 491 ita
943 457 1058 492 intro-

65 515 153 560 spici
179 519 311 559 potest,
346 517 386 545 ut
408 511 550 555 penitus
574 516 607 543 et
633 516 705 544 tota
728 516 977 553 cognoscatur,
1005 515 1058 542 ta-

65 578 149 600 men
183 564 295 597 multo
331 562 441 605 magis
481 561 732 595 admirandum
769 567 819 594 est
855 561 1059 599 cerebrum,

67 616 161 662 quod
189 621 240 647 est
275 613 497 646 domicilium
531 611 726 656 sapientiae
758 618 791 644 et
823 610 898 645 Deo
932 610 1058 643 simili-

65 678 180 706 mum,
207 677 246 698 ac
272 664 412 697 officina
443 671 492 698 est
516 663 790 707 cogitationum,
826 662 968 700 iudicii,
1001 673 1058 694 ra-

65 715 324 756 tiocinationis,
352 721 385 748 et
407 715 614 752 memoriae,
644 726 748 759 quam
767 720 925 746 coeterae
943 719 1059 756 partes

63 767 158 801 ullae
184 767 222 799 in
248 772 386 799 natura.
438 764 545 809 Quod
569 765 662 808 ignis
684 765 863 805 calefacit,
897 764 1058 796 videmus

63 818 214 852 similem
231 817 437 862 qualitatem
455 828 495 849 ex
518 828 666 860 corpore
683 815 786 848 valde
811 815 925 848 calido
943 822 1059 848 trans-

63 869 180 902 fundi.
234 868 339 911 Quod
357 879 447 912 aqua
465 864 664 907 humectat,
692 867 816 899 eodem
834 867 940 899 modo
959 866 1058 898 vide-

63 931 143 953 mus
169 919 321 952 similem
347 918 553 964 qualitatem
579 918 793 953 transfundi.
847 915 893 950 Et
911 928 1060 950 consen-

64 976 208 1003 taneum
224 976 286 1010 est,
314 975 458 1003 naturas
474 969 608 1002 efficere
619 968 734 1001 simile
746 968 928 1014 quiddam.
963 966 1059 1000 Haec

64 1018 210 1066 physica
228 1027 409 1065 utcunque
428 1019 579 1062 intelligi
599 1026 756 1064 possunt.
808 1018 877 1052 Sed
904 1019 1060 1052 actiones

65 1071 203 1105 cerebri
228 1078 401 1117 quantum
426 1071 598 1104 differunt
622 1082 640 1103 a
658 1068 813 1116 physicis
828 1069 1060 1115 qualitatibus

64 1122 250 1166 cogitatio,
302 1122 494 1160 iudicium,
546 1121 792 1161 ratiocinatio,
839 1119 1061 1153 recordatio?

64 1172 247 1207 Praeterea
267 1185 357 1219 quae
374 1179 424 1206 est
443 1173 639 1206 substantia
657 1171 818 1205 cerebri?
846 1171 934 1204 ubi?
970 1183 1059 1216 quo-

64 1225 172 1257 modo
190 1225 278 1257 flunt
299 1222 363 1257 hae
381 1224 563 1256 mirandae
587 1223 743 1257 actiones
762 1222 798 1254 in
818 1220 882 1255 hac
899 1222 1059 1266 squalida

65 1275 203 1307 massa?
230 1273 325 1307 Haec
341 1275 515 1307 fateamur
532 1286 604 1306 non
624 1274 764 1318 penitus
781 1273 874 1312 sciri,
901 1279 934 1306 et
951 1284 1061 1315 agno-

66 1335 203 1358 scamus
225 1322 341 1356 Deum
371 1334 443 1355 esse
476 1331 623 1355 naturae
651 1331 792 1357 nostrae
824 1323 1061 1363 conditorem,

67 1381 102 1408 et
117 1374 272 1408 actiones
289 1373 423 1407 cerebri
442 1373 603 1416 proprias
625 1373 776 1404 maxime
800 1374 937 1412 testari,
966 1372 1061 1405 bunc

66 1425 243 1458 mundum
265 1436 337 1458 non
356 1424 509 1457 extitisse
526 1435 625 1463 casu,
653 1429 686 1456 et
702 1421 815 1455 Deum
839 1423 1060 1456 conditorem

67 1487 140 1510 esse
170 1481 323 1509 mentem
357 1475 569 1519 sapientem,
614 1473 824 1514 beneficam,
866 1474 993 1507 iustam
1030 1480 1062 1507 et

66 1538 239 1562 veracem.
299 1525 393 1569 Quia
419 1525 639 1569 impossibile
669 1531 737 1565 est,
771 1525 962 1558 discrimen
996 1521 1062 1557 ho-

66 1584 249 1611 nestorum
271 1584 304 1612 et
327 1576 485 1620 turpium
512 1588 594 1610 casu
616 1582 677 1610 aut
700 1587 718 1608 a
736 1582 861 1609 natura
880 1576 985 1609 bruta
1004 1587 1062 1609 or-

68 1635 143 1663 tum
170 1640 253 1662 esse.

171 1678 248 1713 Etsi
275 1684 394 1712 autem
420 1689 494 1711 non
520 1677 661 1722 penitus
690 1677 795 1710 nobis
819 1676 954 1710 cerebri
979 1677 1064 1709 sub-

69 1731 198 1764 stantia
216 1736 299 1763 nota
318 1736 388 1770 est,
415 1736 533 1762 tamen
554 1727 621 1762 hoc
640 1729 809 1768 sciamus,
837 1728 923 1761 oriri
952 1727 1063 1771 ipsam

69 1794 88 1816 a
111 1781 341 1815 subtilissima
373 1786 472 1823 parte
495 1780 640 1812 seminis
669 1786 702 1812 et
726 1779 832 1822 plena
861 1779 1065 1822 spirituum,

69 1844 159 1877 quae
187 1832 222 1864 iu
246 1831 458 1864 formatione
484 1830 598 1863 foetus
627 1830 664 1862 in
692 1829 789 1862 illam
821 1840 935 1862 arcem
968 1840 1065 1862 sum-

69 1895 162 1916 mam
180 1882 279 1927 quasi
297 1888 494 1922 exaestuat,
519 1893 599 1914 cum
618 1892 702 1925 epar
728 1886 760 1913 et
788 1891 848 1913 cor
866 1887 897 1914 et
907 1880 1065 1920 ,venulae

70 1931 296 1968 inchoantur.

373 2033 584 2069 Ventriculi
612 2030 765 2067 cerebri.

171 2110 265 2146 Sunt
289 2110 327 2144 in
351 2110 498 2144 cerebro
524 2108 690 2143 cavitates
718 2118 884 2151 magnae,
911 2106 1008 2140 velut
1028 2106 1065 2139 in

73 2161 251 2204 aedificio,
279 2161 482 2207 mirumque
499 2167 549 2194 est
567 2167 658 2193 stare
680 2159 823 2193 culmen
842 2158 938 2192 velut
956 2158 1065 2191 ardua

73 2213 253 2258 laquearia
280 2213 319 2246 in
342 2212 495 2257 templis,
548 2208 626 2245 Etsi
650 2217 768 2244 autem
790 2216 824 2244 et
848 2210 937 2242 dura
955 2216 1067 2243 mater

75 2275 226 2308 superne
248 2265 390 2298 culmen
411 2258 580 2296 nonnihil
606 2261 742 2305 alligat,
777 2267 895 2295 tamen
920 2272 1000 2293 cum
1023 2260 1067 2293 sit

73 2315 185 2348 moles
210 2326 284 2347 non
307 2326 414 2358 parva
441 2320 474 2347 et
500 2313 602 2346 valde
634 2311 821 2357 spongiosa
843 2311 1065 2356 singulorum

74 2365 249 2410 parietum
261 2389 271 2404 ,
298 2377 372 2398 non
389 2364 518 2398 collabi
535 2375 593 2398 eos
607 2364 739 2397 mirum
757 2370 818 2399 est.

177 2415 270 2450 Sunt
293 2422 408 2449 autem
432 2413 498 2448 hae
524 2415 690 2449 cavitates
715 2414 840 2459 plenae
866 2412 1068 2458 spirituum,

76 2467 137 2513 qui
155 2479 218 2512 per
233 2465 379 2500 arterias
401 2465 547 2499 adsidue
569 2478 609 2500 ex
635 2466 740 2499 corde
762 2462 1008 2505 advehuntur,
1034 2470 1068 2498 et

77 2518 118 2551 in
147 2516 203 2551 his
231 2516 443 2551 cavitatibus
471 2515 562 2550 fiunt
592 2516 803 2557 lucidiores,
836 2522 869 2549 et
900 2514 1000 2560 quasi
1027 2527 1067 2548 ex

75 2569 188 2613 igneis
203 2567 355 2602 flammis
379 2567 469 2600 fiunt
494 2566 669 2601 coelestes.
720 2565 786 2601 Est
803 2566 898 2600 enim
916 2566 1066 2599 omnino

76 2619 273 2653 similitudo
292 2618 466 2664 quaedam
485 2616 586 2657 coeli,
612 2625 645 2651 et
662 2618 852 2662 spirituum
867 2629 906 2650 ac
922 2617 1070 2651 cerebri.

76 2669 150 2705 Nec
173 2670 324 2705 dubium
350 2675 419 2711 est,
454 2665 519 2702 hos
543 2666 696 2715 spiritus⁴
711 2680 783 2702 esse
805 2679 936 2712 organa
959 2668 1069 2704 actio-

909 94 1059 131 LIBER
1087 93 1154 127 DE
1183 93 1359 131 AMMA.
2055 100 2102 134 70

1111 190 1197 211 num
1224 179 1261 210 in
1285 180 1446 213 sensibus
1473 179 1714 214 interioribus.
1778 179 1830 214 Ac
1861 181 1959 216 Plato
1993 184 2101 226 sigilli

1111 229 1346 262 similitudine
1364 242 1445 263 usus
1462 238 1520 271 est,
1537 231 1736 275 significans
1752 244 1770 265 a
1788 233 1914 276 spiritu
1932 225 2100 279 tanquam

1110 291 1129 312 a
1153 280 1270 323 sigillo
1298 281 1393 322 tangi
1418 283 1621 323 cerebrum,
1656 290 1689 316 et
1722 284 1882 326 imprimi
1911 285 1941 317 ei
1967 297 2099 319 notam.

1111 329 1271 375 Cumque
1290 330 1390 363 initia
1410 327 1533 363 harum
1550 333 1729 366 actionum
1747 335 1818 367 sint
1833 347 1849 366 a
1866 336 2026 369 sensibus
2042 348 2101 369 ex-

1111 381 1321 421 terioribus,
1365 380 1476 423 cogita
1502 382 1539 413 in
1565 385 1681 416 nervis
1706 383 1885 418 transvehi
1913 387 2101 427 motiones,

1108 432 1199 466 sicut
1222 432 1259 464 in
1279 444 1368 476 aqua
1395 432 1485 464 fiunt
1508 433 1726 476 gyratioues,
1758 436 1914 469 coniecto
1939 437 1974 469 iu
1992 449 2100 471 unam

1110 490 1243 526 partem
1262 482 1397 525 lapillo.
1439 480 1575 515 Harum
1595 484 1791 518 motionum
1810 488 2006 529 progressio
2020 500 2102 532 per-

1109 534 1222 567 fertur
1238 534 1322 577 ipsis
1341 533 1526 577 spiritibus
1543 533 1579 565 in
1598 534 1762 567 cavitates
1780 538 1925 572 cerebri.
1978 537 2050 572 Nec
2065 550 2102 572 se

1109 585 1292 618 cerebrum
1313 581 1415 618 habet
1435 591 1569 617 tautum
1591 585 1687 618 velut
1706 585 1844 624 alveus,
1866 589 1924 620 sed
1942 596 1980 622 ut
1997 587 2102 622 chor-

1109 636 1173 668 dae
1197 637 1354 680 pulsatae
1386 636 1540 668 redduut
1569 647 1695 675 sonos,
1729 636 1778 669 sic
1808 636 1884 669 fieri
1916 647 2102 673 consenta-

1108 698 1215 719 neum
1238 693 1285 720 est
1315 686 1350 718 iu
1372 687 1476 719 corde
1501 694 1533 720 et
1558 686 1593 718 in
1611 687 1764 721 cerebm.
1820 686 1931 721 Fiunt
1946 689 2102 723 adfectus

1109 737 1144 769 in
1167 738 1240 780 ipsa
1259 738 1374 770 cordis
1389 737 1602 777 substantia,
1627 749 1705 770 cum
1734 737 1861 771 feritur
1885 744 1917 771 et
1942 739 2103 782 pulsatur

1108 799 1126 820 a
1143 788 1340 832 spiritibus.
1395 787 1445 821 lta
1464 795 1496 822 et
1514 788 1746 829 cogitationes
1764 789 1839 821 fieri
1857 789 2027 823 credibile
2042 797 2103 832 est,

1109 850 1187 872 cum
1215 840 1398 872 cerebrum
1432 851 1450 872 a
1484 839 1667 882 spiritibus
1701 839 1826 873 feritur
1863 846 1895 873 et
1930 840 2103 885 pulsatur,

1109 890 1202 934 quod
1232 891 1374 935 quidem
1399 890 1532 934 ubique
1557 890 1786 933 spongiosum
1811 897 1878 931 est,
1910 897 1949 924 ut
1974 892 2104 935 passim

1108 942 1255 974 subeant
1273 941 1439 983 spiritus,
1469 948 1501 974 et
1521 941 1670 984 parietes
1694 941 1788 974 intus
1805 953 1877 974 non
1897 941 1967 975 sint
1985 943 2104 983 ociosi,

1108 993 1165 1024 sed
1194 991 1229 1024 iu
1256 992 1342 1035 ipsis
1364 1003 1506 1036 quoque
1530 992 1694 1034 cogitatio
1710 992 1902 1033 formetur,
1935 992 2104 1037 impressa

1109 1042 1209 1087 quasi
1227 1043 1342 1086 specie
1363 1042 1399 1075 in
1418 1042 1548 1086 sigillo,

1210 1100 1365 1135 Adsidui
1383 1109 1463 1135 sunt
1486 1108 1605 1135 autem
1626 1102 1721 1135 velut
1741 1101 1777 1134 in
1801 1099 1960 1146 Euripo,
1989 1103 2105 1136 ssuxus

1109 1159 1141 1185 et
1159 1153 1310 1185 reflexus
1335 1152 1545 1196 spirituum,
1575 1164 1613 1185 ex
1633 1153 1751 1185 nervis
1770 1164 1936 1186 sensuum
1955 1154 2106 1187 exterio-

1108 1215 1187 1235 ruin
1216 1209 1248 1236 et
1272 1203 1309 1235 in
1334 1215 1410 1243 eos,
1440 1209 1478 1236 ut
1497 1200 1675 1236 advehant
1698 1203 1777 1236 illas
1799 1204 1998 1248 gyrationes
2016 1205 2106 1238 ima-

1108 1254 1231 1296 ginum
1251 1265 1311 1286 seu
1332 1253 1527 1297 specierum
1541 1277 1550 1291 ,
1584 1265 1670 1298 quas
1690 1254 1789 1287 nervi
1807 1255 1851 1287 ab
1871 1255 2023 1288 externis
2040 1256 2106 1289 ob-

1109 1304 1207 1337 iectis
1225 1311 1447 1347 acceperunt.
1503 1302 1657 1348 Ideoque
1676 1302 1805 1338 horum
1823 1317 2015 1338 nervorum
2033 1305 2106 1339 ori-

1109 1366 1151 1398 go
1171 1362 1220 1388 est
1237 1355 1353 1388 statim
1371 1355 1437 1387 sub
1454 1354 1575 1387 fundis
1594 1355 1896 1394 ventricutorum,
1924 1362 1963 1389 ut
1987 1356 2108 1400 proxi-

1109 1416 1165 1437 ma
1184 1405 1228 1437 sit
1244 1405 1445 1438 actionibus
1464 1403 1612 1439 cerebri.

1215 1462 1417 1496 Ventriculi
1441 1469 1677 1497 numerantur
1703 1474 1763 1496 seu
1788 1464 1953 1498 cavitates
1972 1466 2108 1499 cerebri

1110 1512 1177 1548 hoc
1195 1515 1302 1547 modo
1321 1521 1484 1560 quatuor.
1539 1513 1621 1547 Duo
1639 1514 1745 1558 primi
1764 1515 1800 1547 in
1817 1522 1916 1559 parte
1932 1516 2109 1550 anteriore

1111 1566 1246 1599 cerebri
1270 1566 1390 1599 dextra
1416 1572 1449 1599 et
1470 1565 1631 1605 sinistra,
1666 1565 1775 1609 ampli
1793 1573 1827 1599 et
1850 1566 1968 1610 longi,
1998 1567 2109 1610 figura

1112 1617 1216 1649 lunae
1240 1628 1364 1650 recens
1385 1617 1615 1660 prodeuntis,
1651 1616 1891 1659 amplitudine
1922 1618 1991 1652 ovi.
2043 1617 2110 1651 Di-

1112 1667 1231 1701 stincti
1253 1674 1335 1701 sunt
1361 1667 1556 1701 interstitio
1582 1667 1667 1700 satis
1700 1667 1913 1711 conspicuo,
1947 1669 2042 1714 quod
2068 1681 2109 1701 ex

1113 1718 1309 1751 substantia
1327 1718 1461 1751 cerebri
1480 1724 1711 1762 propagatum
1731 1726 1792 1752 est.
1848 1718 2026 1752 [tilitates
2044 1716 2110 1752 ho-

1114 1781 1192 1803 rum
1219 1769 1499 1802 ventriculorum
1531 1775 1686 1801 recenset
1708 1767 1868 1801 Galenus
1896 1776 1975 1804 tres.
2030 1768 2110 1803 Pri-

1114 1832 1226 1859 mam,
1253 1826 1293 1853 ut
1311 1820 1457 1862 spiritus
1475 1818 1641 1851 animalis
1658 1818 1695 1850 in
1713 1815 1768 1851 his
1784 1820 1990 1853 ventriculis
2005 1832 2111 1864 prae-

1115 1877 1268 1915 paretur.
1322 1870 1542 1909 Secundam,
1570 1876 1608 1902 ut
1633 1870 1677 1901 ad
1703 1868 1973 1913 inspirationem
2002 1878 2032 1903 et
2052 1883 2111 1904 ex-

1114 1921 1326 1965 pirationem
1352 1921 1572 1960 conducant,
1609 1916 1676 1952 hoc
1700 1927 1770 1961 est,
1804 1927 1843 1954 ut
1875 1921 2046 1964 recipiant
2079 1929 2111 1955 et

1116 1972 1278 2006 emittant
1301 1971 1440 2013 ae'rem,
1469 1983 1539 2016 quo
1556 1981 1644 2015 opus
1671 1977 1720 2004 est
1749 1972 1791 2004 ad
1815 1971 1988 2005 fovendos
2004 1972 2111 2016 spiri-

1115 2030 1183 2057 tus.
1242 2022 1421 2064 Tertiam,
1454 2028 1493 2055 ut
1517 2021 1590 2056 sint
1616 2021 1732 2066 spacia
1757 2034 1796 2055 ac
1821 2028 1955 2056 meatus
1980 2024 2023 2056 ad
2052 2035 2111 2056 ex-

1116 2080 1303 2108 crementa.

1220 2132 1298 2178 Ipsa
1317 2144 1400 2165 vero
1418 2143 1498 2177 pars
1516 2130 1674 2165 anterior
1691 2130 1825 2164 cerebri
1843 2137 1933 2173 tota,
1959 2138 1999 2165 ut
2017 2132 2110 2166 infra

1115 2185 1249 2225 dicam,
1277 2195 1450 2227 organum
1469 2189 1520 2216 est
1543 2194 1666 2216 sensus
1689 2182 1904 2223 communis,
1932 2184 2026 2227 quod
2051 2184 2110 2216 di-

1116 2248 1298 2270 versorum
1316 2246 1485 2269 sensuum
1502 2234 1637 2267 obiecta
1655 2233 1779 2277 recipit
1797 2239 1829 2266 et
1851 2233 2030 2269 discernit.

1394 2333 1546 2369 Medius
1578 2332 1823 2367 ventriculus.

1220 2408 1291 2444 Ubi
1316 2415 1394 2454 post
1419 2407 1648 2443 interstitium
1681 2413 1798 2449 partes
1827 2407 1961 2441 cerebri
1992 2409 2110 2443 conti-

1116 2473 1208 2495 nuae
1233 2461 1333 2506 quasi
1357 2460 1567 2494 testudinem
1593 2456 1745 2496 faciunt,
1780 2457 1846 2490 sub
1869 2470 1907 2491 ea
1932 2460 2109 2494 testudine

1118 2512 1315 2546 communis
1346 2511 1475 2544 cavitas
1510 2515 1578 2548 est,
1617 2519 1706 2552 quae
1733 2508 1941 2543 nominatur
1970 2511 2108 2545 medius

1118 2563 1354 2602 ventriculus,
1389 2571 1492 2606 quem
1523 2556 1742 2603 Herophilus
1775 2560 1948 2594 existimat
1976 2561 2107 2594 factum

1118 2626 1208 2653 esse,
1237 2620 1276 2646 ut
1302 2624 1363 2656 per
1387 2623 1466 2644 eum
1489 2609 1633 2655 spiritus
1657 2610 1941 2644 transmittantur
1963 2612 2000 2644 in
2023 2612 2108 2646 ulti-

1118 2677 1217 2699 mum
1249 2662 1503 2704 ventriculum,
1540 2661 1603 2705 qui
1635 2667 1685 2695 est
1715 2661 1807 2695 inter
1839 2662 2050 2696 cerebellum
2075 2670 2108 2697 et

1529 2708 1586 2746 5...
