2379 2948
70 103 118 140 65
829 97 876 133 11.
918 94 1068 132 LtBER
1092 92 1159 130 DE
1187 92 1364 131 ANmA.
2060 100 2110 136 66

71 197 122 224 est
147 195 180 223 et
205 199 326 228 nares,
359 193 434 221 tum
459 186 548 220 a'e'ris
563 182 754 218 hauriendi
780 193 901 222 causa,
929 188 1005 216 tum
1027 188 1067 215 ut
1091 182 1095 202 l
1119 180 1201 213 tisse
1228 192 1327 224 casu,
1362 182 1420 215 sed
1448 194 1466 215 a
1485 189 1610 266 ssente
1633 180 1910 218 arcliiteetatrice
1927 185 2107 219 conditam

71 252 134 285 per
151 251 189 273 ea
208 239 362 272 destillet
378 238 499 271 saliva.
552 235 670 278 Quam
687 235 732 267 ob
749 245 888 267 causam
908 231 994 266 haec
1011 233 1066 265 so-

70 291 207 325 ramina
230 289 438 323 colatorium
464 286 664 320 nominant.

173 348 385 382 Brevissime
410 344 563 378 diximus
589 344 631 376 de
654 343 817 376 miranda
840 342 983 385 linguae
1014 342 1065 375 sa-

71 400 290 439 hricatiom,
317 403 354 431 ut
369 395 552 440 praecipua
570 395 742 439 quaedam
764 405 870 437 opera
895 394 931 426 in
952 405 990 426 ea
1010 393 1066 425 iu-

72 453 190 485 niores
221 448 455 483 considerent.
509 445 579 479 Sed
609 444 854 478 musculorum
881 455 937 477 ars
964 444 1001 476 in
1026 455 1064 476 ea

72 515 146 536 non
172 500 254 534 satis
278 496 446 541 explicari
471 502 604 540 potest,
632 496 764 541 quibus
782 495 878 528 varie
895 495 1064 529 tenditur.

70 553 191 587 Multo
217 549 334 582 minus
359 558 461 581 causa
486 546 626 579 ostendi
657 552 770 590 potest
793 546 882 584 alia,
913 557 976 579 cur
993 546 1065 578 lin-

72 614 159 647 guae
175 607 274 634 motu
293 610 355 632 ceu
373 598 526 642 plectro,
552 598 590 630 in
610 594 756 630 homine
781 597 966 629 dissimilia
984 608 1064 629 ver-

71 655 117 688 ba
134 653 352 690 formentur,
375 660 464 694 quae
481 655 563 682 sunt
580 655 685 681 notae
702 647 927 692 picturaeque
945 659 1063 680 rerum
1090 681 1092 686 ⁸

73 711 106 738 et
129 701 402 745 cogitationum,
431 699 500 732 nisi
527 699 608 745 quia
627 699 726 732 Deus
750 696 816 731 hoc
834 699 941 731 modo
959 705 1064 731 natu-

69 766 146 788 ram
161 750 348 786 hominum
367 750 547 791 condidit,
575 750 674 783 cuius
691 749 907 782 celebremus
923 749 1064 793 sapien-

70 805 176 843 tiam,
203 810 234 836 et
253 802 283 835 ei
301 801 430 845 gratias
454 812 617 844 agamus,
645 801 740 845 quod
763 806 908 844 propter
929 800 1064 833 utilita-

71 862 122 889 tes
137 854 308 900 plurimas
325 864 524 885 sermonem
542 849 681 885 homini
699 851 874 885 attribuit.

172 912 351 947 Utilitates
375 911 484 954 igitur
508 911 649 954 linguae
674 908 851 942 humanae
878 914 961 942 sunt
984 915 1064 942 tres.

71 964 218 998 Format
243 974 461 1003 sermonem,
489 959 556 995 hoc
584 968 652 999 est,
686 960 907 994 articulatam
933 971 1064 992 vocem.

69 1014 161 1049 Nam
179 1015 216 1047 in
235 1014 380 1059 larynge
396 1025 463 1046 vox
488 1024 562 1045 non
583 1024 698 1045 sermo
724 1013 909 1045 formatur.

173 1073 338 1108 Secundo
355 1083 526 1115 organum
547 1077 597 1105 est
614 1077 746 1114 gustus,
774 1070 811 1102 in
829 1081 896 1114 qua
913 1069 1066 1102 utilitate

72 1131 106 1159 et
134 1124 289 1169 palatum
314 1121 420 1156 habet
443 1123 670 1162 adiunctum,
698 1122 793 1166 quod
815 1121 918 1154 etiam
938 1121 980 1152 ad
1006 1132 1065 1152 or-

73 1187 202 1219 ganum
224 1181 345 1218 gustus
364 1173 538 1219 pertinet,
566 1180 599 1206 et
624 1172 812 1217 pellicula,
839 1171 875 1203 in
894 1183 961 1216 qua
985 1178 1067 1204 sunt
1094 1198 1095 1202 ,

74 1226 196 1266 nervi,
219 1225 280 1270 qui
299 1233 439 1268 gustum
465 1231 497 1257 et
515 1230 645 1257 tactum
671 1223 811 1266 linguae
830 1222 1068 1265 suppeditant,
1094 1233 1095 1250 i

1094 1267 1096 1275 ¹
1121 1274 1203 1296 suae
1220 1262 1432 1305 sapientiae,
1459 1268 1492 1295 et
1514 1262 1629 1296 voluit
1651 1273 1716 1295 nos
1735 1274 1808 1296 esse
1828 1263 1999 1306 imagines
2021 1264 2116 1296 divi-

74 1277 189 1310 oritur
211 1288 228 1308 a
251 1275 369 1308 nervis
395 1286 456 1319 per
486 1274 641 1319 palatum
668 1274 829 1308 demissis
860 1274 905 1306 ad
928 1273 1068 1315 linguae

72 1327 240 1361 radicem.

176 1384 297 1417 Tertia
321 1382 457 1416 utilitas
483 1388 554 1422 est,
592 1381 686 1426 quod
715 1380 832 1413 cibum
858 1382 1004 1424 excipit,
1036 1388 1069 1413 et
1095 1403 1097 1411 t

74 1436 218 1470 adiuvat
243 1433 548 1479 praeparationem
575 1431 747 1464 coctionis
780 1431 816 1463 in
851 1431 1068 1464 masticando

72 1493 114 1521 ut
136 1493 280 1526 vocant,
315 1497 374 1518 seu
393 1491 432 1518 ut
449 1483 577 1516 Graeci
594 1483 807 1527 loquuntur,
831 1481 870 1516 ἐν
892 1484 945 1528 τῷ
971 1492 1070 1526 μασ-

75 1539 166 1578 σᾶν,
196 1543 228 1570 et
253 1535 462 1570 transmittit
485 1535 528 1567 ad
551 1531 804 1577 oesophagum.

178 1595 247 1630 Sed
274 1595 333 1628 illa
359 1600 409 1627 est
435 1605 571 1627 summa
595 1592 737 1634 linguae
758 1589 934 1625 humanae
952 1591 1070 1635 digni·
1096 1594 1098 1627 Τ

75 1656 145 1689 tas,
187 1647 282 1692 quod
317 1644 489 1678 sermonis
522 1650 555 1677 et
592 1643 815 1688 eloquentiae
853 1644 969 1686 opifex
1008 1650 1069 1675 est.

78 1699 158 1742 Qua
176 1698 211 1730 in
229 1709 266 1731 re
290 1708 352 1730 nec
368 1695 532 1729 utilitatis
550 1695 757 1737 magnitudo
774 1694 855 1727 satis
874 1694 1070 1738 praedicari
1097 1719 1098 1736 1

584 1744 652 1779 Sed
678 1751 879 1778 reverenter
904 1756 1071 1787 agnosca-
1097 1742 1099 1769 ἓ
1124 1735 1207 1768 buta
1221 1761 1230 1776 ‚
1259 1741 1298 1768 ut
1317 1734 1412 1767 alind
1434 1734 1573 1767 nullum
1591 1734 1724 1767 animal
1742 1736 1881 1769 incedat
1898 1744 2012 1770 erecto
2033 1750 2119 1771 cor-

1097 1798 1099 1818 :
1125 1797 1227 1829 pore,
1247 1791 1365 1818 tamen
1382 1783 1473 1818 hanc
1490 1786 1863 1818 commemorationem
1881 1787 2018 1823 omitto.
2052 1788 2118 1822 Sa-

78 1756 209 1795 potest,
236 1759 300 1780 nec
316 1758 371 1780 ars
388 1746 530 1790 exponi.

77 1811 157 1834 mus
188 1799 406 1831 voluntatem
439 1795 526 1836 Dei,
566 1796 627 1840 qui
661 1795 818 1838 linguam
855 1795 969 1828 voluit
999 1807 1071 1827 esse

77 1850 206 1884 mentis
231 1856 263 1883 et
286 1847 539 1891 cogitationum
563 1847 814 1890 interpretem,
839 1852 877 1879 ut
901 1846 961 1878 alii
985 1846 1072 1878 alios

1119 238 1151 263 et
1171 231 1368 263 ordinatam
1386 244 1475 265 esse:
1529 246 1621 266 tmen
1646 235 1789 277 vestigia
1813 235 2008 268 divinitatis
2032 250 2107 269 ma-

1117 281 1211 314 xime
1238 293 1395 324 expressa
1421 289 1453 315 et
1480 285 1662 328 perspicua
1686 293 1768 327 sunt
1792 286 1829 318 in
1856 298 1892 319 ea
1917 293 2033 329 parte,
2068 288 2105 321 in

1118 343 1186 376 qua
1221 338 1320 365 sunt:
1357 331 1549 375 Cogitatio,
1577 335 1779 370 Intellectus
1805 349 2035 370 numerorum
2071 344 2105 371 et

1090 393 1091 412 z
1117 382 1271 423 ordinis,
1303 381 1563 423 Ratiocinatio,
1598 384 1789 427 iudicium,
1817 386 2012 426 Memoria,
2044 387 2106 421 Li-

1117 434 1231 467 bertas
1256 433 1456 471 electionis,
1492 434 1681 467 discrimen
1709 435 1938 472 honestorum
1972 446 2005 472 et
2031 446 2107 472 tur-

1117 484 1226 528 pium.
1281 483 1357 517 Hae
1374 485 1603 517 admirandae
1620 487 1773 520 actiones
1792 489 1827 520 in
1845 489 1949 521 nobis
1972 490 2109 533 perspi-

1117 547 1179 568 cue
1204 535 1424 568 convincunt
1450 546 1572 568 omnes
1598 532 1778 577 homines,
1804 546 1843 571 ut
1862 540 1963 572 fateri
1979 552 2108 583 cogan-

1117 593 1192 626 tur,
1219 583 1310 618 hanc
1335 593 1497 619 naturam
1515 598 1629 631 neque
1646 598 1728 620 casu
1750 599 1790 620 ex
1807 586 1999 623 Democriti
2017 593 2107 624 Ato-

1117 637 1183 669 mis
1208 637 1395 670 conflatam
1420 649 1511 674 esse,
1541 649 1655 681 neque
1679 649 1696 670 a
1716 644 1841 671 natura
1868 639 1971 672 bruta
1995 649 2108 674 ortam

1118 699 1200 721 esse.
1258 687 1325 721 Sed
1346 694 1498 720 mentem
1515 685 1828 722 architectatricem
1856 700 1948 730 esse,
1976 690 2109 724 intelli-

1119 745 1257 779 gentem
1285 738 1440 778 ordinis,
1476 745 1509 771 et
1535 739 1678 783 quidem
1704 740 1895 773 ostendunt
1918 741 2033 785 qualis
2056 743 2111 782 sit,

1118 790 1303 827 videlicet,
1340 789 1545 822 discernens
1570 787 1716 823 honesta
1741 797 1775 823 et
1799 790 1934 834 turpia,
1969 798 2002 825 et
2026 804 2111 825 con-

1117 840 1287 872 servatrix
1321 838 1496 873 humanae
1532 840 1726 881 societatis,
1763 848 1797 875 et
1833 848 1926 875 certo
1959 843 2114 886 puniens

1118 891 1248 925 atrocia
1266 891 1410 932 delicta,
1440 892 1635 935 pugnantia
1657 904 1736 924 cum
1754 903 1816 925 suo
1837 893 1974 927 ordine.

1223 956 1438 1002 Quanquam
1457 956 1566 1000 igitur
1582 970 1697 1003 neque
1715 958 1853 991 cerebri
1874 966 2021 1000 natura,
2049 972 2113 993 ne-

1120 1020 1188 1054 que
1203 1010 1358 1041 actiones
1376 1008 1517 1051 penitus
1534 1008 1695 1051 cognosci
1713 1016 1872 1053 possunt,
1895 1017 2012 1043 tamen
2028 1008 2114 1044 haec

1092 1071 1094 1082 ³
1120 1072 1224 1103 opera
1245 1071 1383 1092 necesse
1401 1066 1452 1092 est
1470 1065 1651 1104 utcunque
1666 1060 1788 1104 aspici,
1813 1067 1853 1094 ut
1867 1061 2114 1095 adsensionem

1120 1112 1162 1143 de
1182 1109 1256 1143 Deo
1281 1116 1313 1142 et
1337 1110 1380 1142 de
1407 1109 1630 1153 providentia
1661 1111 1882 1145 confirment.
1937 1111 2037 1154 Quae
2057 1113 2114 1145 in·-

1120 1168 1257 1195 tuentes
1274 1172 1502 1203 agnoscamus
1518 1161 1737 1193 voluntatem
1750 1160 1815 1194 Dei
1828 1173 1906 1204 erga
1923 1174 1999 1201 nos,
2018 1163 2115 1207 quod

1122 1213 1159 1244 in
1196 1209 1383 1244 homiuum
1414 1217 1578 1244 naturam
1618 1212 1808 1245 transfudit
1839 1212 2114 1246 similitudinem

1121 1312 1262 1352 nitatis,
1289 1319 1327 1345 ut
1352 1312 1390 1344 in
1415 1312 1523 1346 veteri
1551 1324 1654 1345 versu
1685 1313 1830 1347 dicitur.
1881 1312 2117 1358 Exemplum-

1122 1376 1189 1407 que
1206 1362 1272 1396 Dei
1297 1363 1446 1407 quisque
1471 1368 1521 1396 est
1545 1362 1582 1394 in
1609 1363 1761 1405 imagine
1787 1375 1914 1407 parva,
1941 1371 1974 1397 et
1990 1365 2020 1397 ei
2037 1376 2117 1408 gra-

1122 1414 1188 1446 tias
1206 1423 1366 1455 agamus,
1393 1418 1425 1445 et
1443 1419 1616 1457 quantum
1635 1424 1841 1457 possumus,
1868 1425 2050 1458 curemus,
2077 1423 2117 1449 ut

1095 1464 1098 1476 '
1122 1462 1207 1497 baec
1235 1464 1349 1506 imago
1372 1463 1430 1496 fiat
1453 1463 1645 1501 illustrior,
1674 1470 1705 1497 et
1721 1464 1829 1507 magis
1847 1472 2018 1508 congruat
2036 1478 2116 1499 cum

1122 1512 1332 1559 archetypo,
1361 1514 1542 1556 agnitione
1569 1514 1697 1559 ipsius,
1726 1515 1918 1560 sapientia,
1945 1522 1977 1550 et
1994 1517 2118 1563 ⁵virtu-

1121 1572 1196 1600 tum
1216 1565 1463 1599 similitudine.

1223 1631 1385 1666 Primum
1404 1633 1446 1666 de
1468 1632 1537 1665 situ
1558 1632 1681 1676 capitis
1703 1633 1846 1668 (licitur.
1901 1633 2117 1681 Quanquam

1123 1690 1240 1717 autem
1258 1695 1331 1717 non
1350 1684 1427 1716 sine
1445 1694 1545 1716 causa
1564 1684 1644 1717 talis
1660 1691 1709 1717 est
1730 1685 1840 1727 figura
1861 1681 1999 1719 homini
2016 1688 2118 1721 attri-

1125 1836 1170 1869 tis
1194 1836 1346 1878 intelligi
1373 1842 1507 1879 potest‚
1544 1832 1639 1867 hunc
1668 1836 1822 1878 positum
1849 1844 1881 1870 et
1905 1839 1947 1870 ad
1966 1839 2116 1882 speciem

79 1902 123 1935 de
139 1900 214 1934 Deo
233 1906 267 1933 et
283 1901 326 1932 de
341 1899 420 1931 aliis
437 1899 543 1931 rebus
562 1897 665 1930 bonis
683 1898 868 1936 docerent,
895 1903 927 1930 et
943 1903 981 1930 ut
999 1908 1072 1929 ser-
1097 1892 1100 1952 ῑ
1124 1884 1404 1930 PUlChesrlfffflm
1436 1893 1469 1920 et
1502 1886 1545 1918 fid
1577 1885 1766 1920 militatem
1796 1890 2120 1923 accommodatis&-

78 1964 138 1986 mo
156 1950 339 1984 vinculum
367 1956 454 1982 esset
478 1947 751 1982 consociationis
775 1945 972 1980 hominum.

81 2003 231 2037 sciamus
247 2008 330 2035 tunc
348 2011 413 2033 nos
428 2000 670 2034 intellecturos
686 2010 758 2031 esse
776 2009 896 2031 causas
913 2005 945 2031 et
962 2005 1071 2032 artem

81 2054 190 2088 totius
212 2051 474 2092 fabricationis,
508 2062 587 2084 cum
624 2049 662 2082 in
693 2049 769 2094 ipso
800 2048 923 2094 opifice
957 2049 1072 2083 ideam

80 2102 209 2138 horum
243 2114 389 2148 operum
416 2114 612 2136 cernemus.

1026 1945 1072 1981 Et
1098 1955 1099 1970 ι
1124 1949 1217 1970 mam
1243 1948 1328 1971 esse.

1226 2003 1395 2048 Figuram
1419 2003 1544 2048 capitis
1568 2004 1740 2048 optimam
1763 2016 1834 2039 esse
1854 2004 2011 2041 Galenus
2031 2009 2118 2041 scri-

1124 2055 1195 2095 bit,
1232 2055 1260 2088 si
1283 2055 1442 2089 imitetur
1465 2052 1650 2098 sphaeram
1673 2063 1789 2090 exacte
1815 2059 2024 2099 rotundam,
2056 2060 2119 2092 sed

672 2099 809 2135 Interea
843 2100 933 2143 grati
958 2099 1072 2134 Deum
1099 2132 1101 2145 Α
1127 2117 1215 2151 quae
1233 2106 1401 2150 paulatim
1419 2106 1588 2151 utrinque
1608 2107 1856 2151 comprirnitur
1873 2116 1905 2142 et
1921 2109 1957 2143 fit
1975 2109 2116 2144 arctior.

84 2162 242 2189 autorem
261 2153 496 2191 celebremus,
524 2160 557 2186 et
573 2151 683 2196 ipsius
701 2152 869 2196 operibus
885 2159 976 2186 recte
995 2159 1073 2185 uta·
1099 2150 1102 2199 ξ
1127 2159 1179 2191 Ac
1201 2157 1323 2191 laudat
1345 2168 1513 2200 magnum
1537 2164 1640 2201 caput
1664 2170 1728 2202 pro
1755 2159 2001 2204 proportione,
2028 2166 2059 2193 et
2077 2167 2117 2194 ut

83 2217 182 2246 mur,
207 2212 240 2239 et
262 2204 412 2238 sciamus
435 2215 515 2237 eum
534 2203 646 2243 velle,
672 2209 711 2236 ut
736 2203 775 2235 in
792 2200 857 2235 hac
881 2203 950 2236 vita
968 2204 1011 2236 ad
1031 2203 1075 2235 il-

84 2257 156 2290 lam
189 2262 366 2289 aeternam
395 2255 511 2289 lucem
546 2252 602 2289 his
627 2253 947 2300 initiisvdoctrinae
971 2265 1076 2300 prae-

85 2318 264 2353 paremur.

175 2431 236 2465 De
262 2439 435 2474 supremo
461 2434 603 2465 ventre.
658 2431 802 2476 Caput,
836 2427 989 2477 κεφαλὴ.

189 2511 269 2548 Etsi
308 2512 416 2548 totius
455 2520 621 2555 naturae,
658 2514 765 2556 coeli,
803 2514 1079 2552 elementorum,

89 2566 315 2610 plantarum,
348 2563 575 2598 metallorum
600 2571 633 2598 et
655 2565 891 2598 animantium
910 2564 1080 2597 frabrica-

90 2618 142 2651 tio
167 2615 320 2659 plurima
344 2614 504 2648 continet
530 2614 720 2658 miracula,
747 2622 780 2649 et
803 2616 954 2649 illustria
983 2615 1078 2649 testi-

92 2667 231 2707 monia,
256 2677 347 2712 quae
363 2665 574 2705 ostendunt,
602 2662 693 2698 hanc
706 2672 869 2700 naturam
893 2678 966 2699 non
994 2666 1082 2700 exti-
1106 2674 1110 2707 ζ
1135 2667 1259 2700 nifeste
1287 2664 1490 2698 ostendunt.

143 2716 329 2751 Manu-rn-
357 2719 463 2750 Onu.
489 2717 573 2750 Vor..
600 2717 695 2749 XIII.

1100 2202 1202 2265 {ipse
1232 2208 1297 2250 ait,
1335 2206 1552 2254 sifpvbfiuov,
1589 2210 1685 2253 quod
1719 2221 1759 2242 eo
1788 2210 1992 2251 recitamus,
2033 2211 2117 2256 quia

1128 2258 1309 2293 Homerus
1333 2259 1370 2292 in
1400 2259 1659 2303 vituperatione
1685 2257 1868 2293 Thersitae
1894 2260 1999 2294 etiam
2024 2259 2117 2295 hanc

1129 2317 1249 2344 notam
1288 2310 1442 2355 perversi
1478 2310 1612 2353 ingenii
1646 2310 1780 2353 posuit,
1821 2312 1915 2355 quod
1951 2309 2118 2347 habuerit

1130 2361 1371 2395 acuminatum
1401 2368 1522 2404 caput,
1560 2357 1671 2405 ([οξός
1699 2359 1762 2404 ἔην
1789 2359 1966 2408 κεφαλὴν.
2022 2362 2118 2406 Quia

1130 2413 1225 2446 enim
1244 2412 1382 2445 medius
1399 2417 1523 2444 venter
1539 2423 1610 2443 non
1634 2408 1739 2443 habet
1756 2411 1882 2444 iustam
1907 2414 2118 2457 amplitudi-

1130 2475 1229 2504 nem,
1261 2463 1450 2508 spirituum
1474 2461 1563 2495 actio
1591 2468 1623 2494 et
1645 2461 1868 2496 ratiocinatio
1890 2463 1941 2497 ibi
1967 2465 2119 2509 impedi-

1131 2515 1201 2548 tior
1218 2521 1252 2548 et
1277 2513 1457 2547 confusior
1480 2519 1541 2544 est·
1593 2509 1639 2545 Et
1655 2511 1693 2544 in
1712 2524 1922 2559 quacunque
1945 2522 2043 2560 parte
2061 2528 2119 2550 ca·

1133 2565 1215 2610 pitis
1238 2565 1348 2607 figura
1382 2574 1455 2596 non
1484 2559 1590 2596 babet
1622 2564 1892 2598 convenientem
1917 2567 2120 2610 proportio-

1134 2628 1232 2655 nem,
1270 2615 1321 2647 ibi
1344 2613 1506 2646 debilitas
1529 2613 1763 2657 significatur,
1800 2622 1837 2648 ut
1866 2618 2022 2661 exempla
2046 2629 2120 2650 ma-

1545 2664 1626 2698 Non
1647 2671 1698 2698 est
1719 2664 1821 2700 firma
1846 2667 1884 2699 in
1908 2665 1964 2701 his
1988 2680 2123 2701 merno-

1469 2712 1492 2748 5
