2379 2948
185 105 284 141 1153

181 190 290 224 fuisse
310 189 460 224 irritam.

182 241 242 281 tit,
269 247 310 274 ut
329 251 433 274 versu
451 253 565 275 nono:
592 239 894 289 Quandocunque
914 240 1033 274 clamo
1056 244 1108 275 ad
1131 245 1175 285 te,

181 302 252 325 ecce
276 303 451 337 cognosco
476 290 577 339 quod
593 291 702 327 Deus
718 304 816 325 meus
833 297 871 325 tu
892 292 958 327 sis.

180 343 317 389 inquit,
344 343 444 377 irrita
462 343 658 385 invocatio,
686 356 768 377 vere
785 344 929 377 exaudis
945 350 979 377 et
1000 344 1100 377 iuvas
1117 343 1173 376 in-

180 401 346 428 vocantes
367 401 411 430 te.

282 444 379 478 Haec
409 444 581 478 confessio
622 451 674 478 est
712 445 855 489 propria
886 443 1065 478 Ecclesiae
1094 443 1172 478 Dei.

178 495 269 530 Nam
292 493 439 529 Ethnici
462 508 535 529 non
559 495 747 529 adfirmant
763 508 798 529 se
814 496 992 537 exaudiri,
1019 497 1077 530 sed
1095 508 1170 529 ma-

179 554 265 581 nent
288 547 325 580 in
349 553 514 591 perpetua
537 546 777 587 dubitatione,
812 547 917 581 etiam
950 560 1029 581 cum
1066 547 1169 580 invo-

178 604 276 639 cant,
304 604 421 632 tamen
438 598 594 630 fatentur
610 609 645 630 se
665 598 845 636 dubitare,
876 610 918 631 an
943 611 962 631 a
981 597 1055 631 Deo
1081 598 1169 631 reci-

178 648 325 692 piantur
346 655 407 681 aut
432 648 676 682 exaudiantur.

177 700 294 749 firmat
310 711 345 732 se
362 699 470 742 recipi
489 705 522 732 et
540 699 717 740 exaudiri,
740 707 779 733 ut
797 700 916 733 Moses
936 700 1054 745 inquit
1071 699 1167 733 Deu-

176 757 241 785 ter.
259 755 400 795 quarto:
427 749 510 783 Non
529 756 578 783 est
597 750 663 783 alia
682 751 778 784 natio
797 758 867 784 tam
888 751 1050 794 grandis,
1078 762 1167 795 quae
1192 769 1193 772 =

175 798 304 834 habeat
317 799 432 834 Deum
450 808 686 845 praesentem,
713 802 801 835 sicut
816 801 912 835 Deus
929 808 1048 835 noster
1071 802 1167 835 adest

175 852 312 886 cunctis
327 851 632 885 obsecrationibus
649 853 791 888 nostris.
843 851 889 887 Et
901 852 1014 886 Filius
1025 851 1092 886 Dei
1111 853 1166 885 in-

174 902 267 947 quit:
296 902 409 936 Petite
434 910 465 936 et
494 903 684 947 accipietis.
738 903 844 937 Item:
882 903 1026 947 Quanto
1058 904 1165 945 magis

172 952 280 987 Pater
296 960 410 986 vester
426 954 586 988 coelestis
604 954 703 988 dabit
726 954 903 999 Spiritum
926 962 1085 988 sanctum
1104 967 1164 999 pe-

172 1004 341 1040 tentibus.

273 1060 321 1097 Et
339 1075 476 1096 causam
493 1062 575 1097 fidei
594 1070 628 1098 et
644 1064 716 1108 spei
734 1064 771 1097 in
789 1062 855 1097 boc
872 1064 1012 1098 Psalmo
1029 1064 1165 1105 recitat,

171 1113 304 1147 scilicet
328 1115 475 1148 verbum
502 1112 587 1155 Dei,
615 1122 654 1149 ut
681 1116 718 1148 in
743 1127 846 1148 versu
873 1116 1009 1149 decimo
1030 1116 1163 1160 inquit:

171 1158 374 1198 Celebrabo
389 1177 588 1198 sermonem
605 1164 699 1207 Dei,
727 1167 827 1212 quasi
845 1167 957 1207 dicat,
980 1166 1060 1200 ideo
1078 1178 1163 1199 con-

169 1216 241 1249 fido
263 1228 319 1249 me
342 1216 471 1260 recipi,
499 1217 580 1250 ideo
604 1225 702 1261 peto,
728 1229 829 1261 spero
849 1225 882 1251 et
901 1224 1044 1261 expecto
1064 1217 1163 1251 auxi-

168 1266 278 1307 lium,
305 1268 388 1312 quia
406 1267 479 1311 ipse
503 1269 650 1302 tradidit
676 1269 780 1301 nobis
805 1269 1055 1312 promissiones
1073 1280 1162 1308 suas,

170 1318 268 1352 iuxta
285 1317 394 1351 illud:
421 1316 498 1361 Ego
516 1330 576 1351 ero
596 1318 693 1352 Deus
711 1331 846 1353 eorum.
900 1318 1003 1353 Item:
1033 1318 1161 1352 Invoca

169 1380 226 1402 me
237 1368 274 1400 in
292 1368 350 1401 die
365 1369 620 1409 tribulationis,
641 1377 673 1403 et
692 1370 838 1414 eripiam
857 1377 902 1404 te.
944 1369 1002 1403 Sic
1021 1377 1052 1403 et
1064 1369 1163 1402 Psal-

167 1430 247 1453 mus
263 1419 349 1452 130.
366 1431 505 1453 causam
531 1420 613 1453 fidei
630 1431 710 1454 suae
736 1430 767 1454 et
786 1421 859 1465 spei
878 1421 1015 1454 recitat:
1045 1420 1161 1454 Susti-

167 1470 247 1504 nuit
264 1471 382 1503 anima
396 1483 471 1503 mea
490 1470 527 1503 in
541 1472 649 1505 verbo
666 1472 751 1510 eius,
781 1472 933 1515 speravit
952 1472 1070 1504 anima
1085 1483 1159 1503 mea

167 1521 206 1554 in
229 1519 400 1557 Domino.
455 1520 507 1554 Ita
533 1522 708 1557 discamus
733 1530 766 1556 et
791 1523 857 1567 ipsi
879 1522 1098 1568 acquiescere
1122 1522 1159 1554 in

166 1583 414 1616 promissione.

268 1631 453 1666 Postrema
479 1643 560 1677 pars
585 1639 637 1666 est
665 1632 856 1675 gratiarum
890 1632 997 1666 actio:
1033 1630 1083 1664 In
1106 1643 1160 1665 me

166 1686 252 1718 sunt
268 1680 375 1716 Deus
398 1687 481 1716 vota
508 1687 592 1722 tua,
616 1684 653 1717 id
677 1690 745 1723 est,
770 1695 832 1726 ego
856 1691 976 1716 votum
996 1684 1087 1716 facio
1105 1696 1159 1716 me

166 1735 427 1769 celebraturum
447 1746 519 1768 esse
543 1733 628 1768 haec
653 1741 711 1768 tua
731 1735 920 1772 beneficia,
949 1741 981 1768 et
1004 1732 1068 1767 hos
1084 1735 1158 1768 cul-

165 1793 224 1820 tus
245 1792 284 1819 tu
307 1786 493 1830 praecipue
518 1786 694 1830 postulas,
731 1786 1009 1825 invocationem,
1042 1786 1158 1826 fidem,

165 1849 263 1881 spem
277 1864 287 1878 ‚
328 1837 520 1880 gratiarum
559 1837 750 1877 actionem,
786 1836 1078 1877 celebrationem,
1119 1843 1157 1869 ut

165 1888 227 1922 alii
250 1900 391 1933 quoque
416 1889 461 1921 ad
486 1888 724 1931 agnitionem,
758 1888 882 1926 fidem,
923 1900 1018 1931 spem
1047 1895 1080 1922 et
1112 1888 1154 1921 ad

165 1951 267 1973 veros
285 1939 400 1973 cultus
418 1939 626 1974 invitentur.

253 2058 257 2072 ¹
300 2050 638 2096 Argumentum
674 2060 726 2083 ac
763 2049 1021 2094 dispositio

492 2117 651 2158 Psalmi
685 2117 826 2158 LVII.

217 2203 402 2236 Miserere
418 2202 494 2234 mei
509 2201 636 2243 Deus,
663 2202 950 2242 misereremei,
979 2202 1153 2244 quoniam

217 2255 258 2287 in
284 2257 320 2286 te
346 2249 500 2298 ‹xonficlit
525 2254 655 2286 anima
678 2263 785 2293 mea,
813 2256 849 2285 et
867 2254 905 2285 ἱη
923 2250 1053 2285 umbra
1071 2252 1154 2285 αἶα-

214 2315 300 2338 rum
334 2308 486 2337 tuarum
515 2302 692 2347 sperabo,
727 2302 845 2337 donec
874 2308 1049 2337 transeat
1081 2305 1155 2337 ini-

214 2358 279 2402 qui
284 2361 356 2390 tas.

266 2430 441 2466 Additum
460 2438 510 2464 est
527 2437 772 2474 argumentum
787 2430 928 2465 Psalmo
940 2458 948 2472 ‚
974 2443 1019 2464 ne
1035 2429 1151 2465 David

164 2485 295 2530 periret
313 2496 393 2517 cum
411 2483 546 2525 fugeret
562 2482 704 2516 Saulem
722 2482 760 2515 in
778 2483 993 2526 speluncam.
1045 2481 1152 2516 Extat

163 2543 283 2570 autem
307 2533 456 2568 historia
489 2534 688 2567 luculenter
713 2534 885 2577 descripta
916 2534 948 2568 1.
975 2533 1150 2568 Samuelis

162 2587 275 2632 capite
284 2585 344 2620 24.
360 2586 423 2620 ubi
440 2586 477 2618 in
493 2598 566 2618 uno
582 2585 674 2618 facto
689 2585 800 2618 multa
815 2585 976 2618 miranda
993 2586 1150 2629 exempla

160 2644 424 2683 proponuntur.
477 2635 593 2671 David
618 2635 713 2668 enim
743 2635 782 2668 in
807 2642 963 2669 extremo
992 2637 1150 2679 periculo

159 2689 351 2731 divinitus,
375 2689 540 2722 mirando
556 2687 662 2721 modo
677 2687 894 2726 custoditur,
921 2693 954 2719 et
971 2684 1029 2719 hie
1044 2699 1150 2720 even-

783 104 848 142 IX.
897 102 1266 140 COMMENTARII
1295 102 1347 138 IN
1374 103 1618 142 PSALMOS.

513 189 616 224 Hanc
632 191 844 225 sententiam
865 190 1052 236 aliquoties
1076 202 1176 234 repe-
1200 234 1202 238 ,

1200 241 1202 246 '
1223 237 1411 273 Ecclesiae.

1012 291 1093 326 Non
1111 299 1173 333 est,
1198 325 1199 328 ,

739 649 807 683 Sed
834 647 992 682 Ecclesia
1018 647 1085 682 Dei
1117 649 1169 681 af·
1192 656 1195 693 j

1192 697 1194 712 ἶ
1219 698 1293 741 ipse
1319 699 1458 731 laudern
1484 699 1643 733 iusticiae
1657 699 1787 733 Davidi
1811 701 1954 740 tribuit,
1981 701 2119 734 tametsi
2137 712 2211 733 non

2125 108 2220 144 1134

1225 195 1280 222 tus
1305 188 1549 224 testimonium
1572 199 1621 225 est
1648 192 1864 236 praesentiae
1890 190 1957 226 Dei
1982 192 2020 226 in
2051 193 2216 237 periculis

1466 242 1607 275 Deinde
1633 243 1670 275 in
1694 244 1769 287 ipso
1788 242 1926 277 Davide
1944 244 2082 287 insigne
2100 256 2216 277 exem-

1224 291 1322 335 plum
1357 293 1574 335 conspicitur
1604 294 1828 335 tolerantiae,
1865 307 1970 340 quam
1994 296 2153 339 {praestat
2177 295 2215 327 in

1223 341 1447 386 reprimenda
1465 344 1654 386 cupiditate
1669 345 1855 381 vindictae.
1887 345 2100 392 Quanquam
2118 345 2213 378 enirn

1222 393 1442 426 occasionem
1460 401 1583 428 nactus
1599 401 1671 428 erat
1689 396 1924 430 interficiendi
1943 409 2057 440 regem
2071 424 2080 437 ,
2106 409 2124 429 a
2142 408 2212 441 quo

1222 443 1451 477 iniustissime
1475 445 1581 477 vitam
1607 457 1703 479 suam
1727 447 1839 490 expeti
1866 448 2011 481 sciebat:
2040 456 2158 482 tamen
2176 458 2213 480 se

1221 495 1402 538 reprimit,
1430 507 1494 527 nec
1513 496 1590 529 vult
1613 498 1809 541 exemplum
1834 499 2000 541 praebere
2016 498 2213 543 posteritati

1194 554 1195 557 ’
1221 545 1258 577 in
1279 545 1411 589 populo
1437 545 1503 579 Dei
1528 548 1669 589 petendi
1694 560 1799 591 regna
1828 561 1890 592 per
1907 551 2027 582 caedes
2052 549 2213 593 priorum

1220 607 1360 639 regum,
1389 603 1421 630 et
1436 596 1512 630 Deo
1529 600 1751 632 commendat
1769 599 1941 632 iudicium
1963 606 1997 633 et
2020 600 2073 632 sui
2093 600 2213 632 defen-

1220 647 1366 680 sionem.
1419 646 1502 681 Ideo
1533 655 1566 682 et
1600 649 1751 691 gloriose
1777 650 1997 691 defenditur,
2036 658 2068 684 et
2100 647 2212 684 hostis

1219 749 1348 783 desinit
1368 749 1535 794 deinceps
1557 751 1662 784 etiam
1684 751 1829 784 exitium
1849 749 2058 786 machinari.

1319 823 1524 858 Intueamur
1536 832 1650 859 antem
1669 826 1705 859 in
1723 824 1870 860 historia
1882 825 2030 859 Davidis
2048 833 2080 860 et
2096 838 2211 859 exem-

1218 875 1316 919 plum
1344 876 1433 909 illud
1460 877 1684 917 tolerantiae,
1712 885 1744 910 et
1768 878 1964 921 exemplum
1984 876 2065 910 fidei
2089 884 2210 921 peten-

1218 926 1261 959 tis
1279 934 1310 960 et
1330 928 1543 970 expectantis
1560 928 1731 961 auxilium
1749 941 1767 961 a
1786 927 1860 961 Deo
1873 956 1881 967 ‚
1909 935 1941 962 et
1958 928 2106 961 sciamus
2127 926 2211 961 haec

1218 978 1374 1021 exempla
1394 979 1497 1011 nohis
1514 979 1695 1022 proposita
1720 991 1808 1019 esse,
1832 986 1864 1012 et
1891 991 1928 1012 ea
1956 979 2159 1012 intueamur
2178 985 2211 1012 et

1217 1035 1411 1061 statuamus
1437 1030 1479 1062 ad
1506 1041 1570 1062 nos
1597 1042 1738 1075 quoque
1764 1030 1939 1074 pertinere
1958 1029 2210 1074 promissiones

1217 1080 1374 1120 divinas,
1402 1086 1435 1113 et
1459 1078 1574 1113 Deum
1601 1081 1650 1113 sic
1678 1081 1767 1113 velle
1791 1081 1878 1119 coli,
1915 1087 1955 1114 ut
1983 1081 2087 1121 fides,
2120 1092 2210 1124 spes,

1217 1130 1392 1163 invocatio
1406 1158 1414 1171 ,
1439 1131 1630 1173 gratiarum
1648 1132 1738 1165 actio
1755 1132 1793 1164 iu
1811 1132 1914 1164 nobis
1933 1132 2148 1172 excitentur,
2176 1138 2209 1165 et

1214 1178 1279 1214 hos
1301 1182 1416 1215 cultus
1439 1182 1590 1215 sciamus
1609 1182 1798 1215 discrimen
1819 1184 1954 1216 efficere
1972 1183 2065 1215 inter
2088 1193 2208 1215 veram

1212 1230 1280 1265 Dei
1296 1231 1508 1273 Ecclesiam,
1537 1240 1569 1266 et
1586 1233 1678 1266 inter
1695 1231 1888 1274 Effiuicos,
1916 1234 1988 1266 imo
2011 1233 2104 1266 inter
2126 1244 2207 1265 vere

1214 1283 1420 1316 invocantes
1453 1291 1485 1317 et
1511 1281 1731 1329 hypocritas:
1766 1285 1860 1318 dicat
1885 1284 2033 1329 quisque
2066 1284 2102 1316 in
2135 1283 2207 1316 suis

1214 1335 1380 1377 periculis
1396 1341 1428 1368 et
1446 1335 1625 1367 aerumnis
1640 1347 1721 1368 vera
1740 1335 1878 1374 fiducia,
1907 1335 2001 1379 quod
2017 1333 2132 1367 David
2150 1331 2207 1366 hic

1213 1391 1247 1418 et
1274 1397 1376 1428 saepe
1400 1386 1486 1417 alias
1502 1385 1636 1430 inquit:
1663 1382 1827 1429 Confidit
1852 1384 1889 1418 in
1914 1389 1945 1417 le
1968 1387 2098 1417 anima
2116 1395 2208 1425 mea,

1212 1439 1242 1468 et
1261 1435 1299 1468 in
1320 1437 1447 1468 umbra
1464 1433 1615 1469 alarum
1637 1440 1785 1470 tuarum
1804 1448 1926 1483 spero,
1950 1433 2060 1469 donec
2082 1439 2208 1468 trans-

1211 1491 1268 1520 eat
1295 1486 1508 1522 calamitas.

1313 1561 1542 1607 Experientia
1559 1570 1675 1596 autem
1695 1563 1848 1597 ostendit
1872 1574 1976 1607 quam
2001 1560 2043 1595 sit
2062 1560 2206 1594 difficile

1211 1612 1273 1648 has
1292 1626 1394 1647 voces
1412 1626 1493 1646 vera
1513 1614 1641 1647 fiducia
1665 1625 1808 1654 sonare,
1836 1614 1918 1657 quia
1943 1612 2047 1645 multi
2066 1612 2205 1645 obstre-

1212 1672 1315 1709 punt:
1344 1664 1398 1698 Do
1416 1664 1524 1698 iustas
1541 1676 1671 1708 poenas
1690 1676 1849 1697 meorum
1869 1664 2095 1703 delictorum,
2123 1662 2203 1695 ideo

1210 1728 1282 1749 non
1304 1722 1353 1749 est
1372 1717 1520 1759 petenda
1539 1715 1721 1755 liberatio,
1748 1727 1824 1748 sum
1842 1721 2023 1759 peccator,
2052 1725 2128 1746 sum
2146 1714 2203 1745 in-

1209 1768 1359 1811 dignus,
1403 1767 1483 1799 ideo
1518 1779 1592 1799 non
1625 1767 1804 1800 exaudior.
1868 1764 2030 1809 Denique
2064 1764 2203 1797 etiamsi

1208 1818 1305 1852 Dens
1327 1817 1459 1850 Davidi
1483 1830 1586 1862 opem
1610 1817 1709 1857 tulit,
1737 1817 1821 1862 quid
1844 1814 1910 1849 hoc
1927 1817 1969 1849 ad
1987 1815 2074 1848 alios
2092 1815 2202 1859 perti-

1208 1870 1292 1902 net?
1327 1881 1365 1902 ac
1379 1869 1492 1901 multo
1511 1868 1626 1900 maior
1643 1875 1693 1901 est
1718 1880 1839 1901 eorum
1864 1878 2034 1900 numerus
2052 1867 2113 1911 qui
2139 1867 2201 1899 de-

1209 1927 1375 1954 seruntur
1394 1926 1426 1952 et
1444 1919 1672 1954 abiiciuntnr.

1314 1996 1411 2030 Haec
1429 2003 1633 2039 argumenta
1657 2006 1758 2039 saepe
1783 1994 2049 2038 interrumpunt
2067 2000 2100 2027 et
2122 1994 2200 2026 lan-

1208 2048 1410 2092 guefaciunt
1435 2047 1716 2086 invocationem,
1739 2046 1843 2078 fidem
1863 2052 1895 2078 et
1917 2057 2025 2089 spem.
2080 2043 2199 2087 Quare

1208 2110 1347 2132 necesse
1367 2105 1416 2131 est
1434 2099 1471 2130 in
1488 2105 1630 2142 promtu
1650 2095 1781 2130 habere
1797 2108 1897 2129 veras
1915 2103 1947 2129 et
1965 2096 2082 2128 firmas
2101 2095 2197 2128 refu-

1206 2150 1370 2184 tationes.
1408 2148 1624 2192 Cogitationi
1643 2150 1685 2182 de
1697 2148 1908 2191 indignitate
1920 2147 2130 2190 opponenda
2146 2152 2195 2179 est

1205 2202 1351 2234 immota
1375 2207 1410 2234 et
1433 2207 1573 2234 aeterna
1599 2212 1666 2232 vox
1689 2197 1895 2241 Evangelii,
1929 2198 2023 2242 quod
2053 2204 2196 2240 propter

1205 2252 1338 2286 Filium
1374 2252 1480 2295 gratis
1514 2252 1694 2284 credentes
1731 2249 1840 2293 recipi
1876 2248 2108 2282 certissimum
2137 2247 2195 2280 sit.

1204 2303 1344 2337 Deinde
1369 2314 1595 2336 occurramus
1628 2308 1660 2334 et
1690 2299 1772 2334 huic
1803 2299 2040 2339 dubitationi,
2073 2310 2118 2331 an
2150 2299 2194 2331 ad

1205 2367 1270 2389 nos
1286 2367 1427 2400 quoque
1445 2354 1644 2398 pertineant
1662 2351 1924 2397 promissiones-

1304 2430 1372 2464 Hic
1388 2431 1432 2464 sit
1449 2431 1553 2463 infixa
1567 2429 1695 2463 animis
1708 2428 1889 2461 verissima
1907 2426 2079 2465 doctrina,
2107 2437 2191 2470 pro-

1204 2481 1407 2517 missionem
1435 2482 1566 2525 gratiae
1590 2479 1826 2513 universalem
1851 2490 1940 2519 esse,
1974 2484 2008 2511 et
2041 2478 2191 2511 manda—

1203 2541 1277 2568 tum
1302 2533 1368 2567 Dei
1391 2539 1571 2565 aeternum
1598 2542 1685 2571 esse,
1719 2537 1759 2564 ut
1782 2529 2015 2563 assentiamur
2037 2529 2190 2573 promis-

1203 2584 1314 2624 sioni,
1349 2590 1381 2617 et
1400 2583 1490 2616 Filio
1507 2581 1576 2616 Dei
1598 2582 1754 2615 debitum
1780 2579 1951 2614 honorem
1975 2580 2187 2613 tribuamus:

1203 2644 1235 2671 et
1258 2636 1352 2668 inter
1375 2634 1559 2678 praecipua
1586 2639 1724 2677 peccata
1748 2639 1817 2673 est,
1842 2644 1915 2665 non
1937 2632 2078 2665 credere
2105 2642 2189 2674 pro-

1201 2685 1380 2727 missioni,
1407 2685 1498 2720 sicut
1513 2685 1681 2730 scriptum
1699 2690 1748 2718 est
1764 2683 1908 2718 Ioannis
1926 2683 2002 2720 16.:
2034 2681 2188 2728 Spiritus
