2379 2948
223 104 271 140 59
457 92 665 132 SCRIPTA
692 91 767 127 PH.
794 88 909 126 MEL.
938 87 1005 123 AD
1031 86 1158 124 HIST.
1184 85 1328 126 PROF.
1358 86 1425 124 ET
1452 86 1641 126 PHILOS.
1668 86 1987 133 SPECTANTIA.
2185 89 2233 124 60

226 196 284 220 tur
304 184 430 229 spiritu
454 194 473 215 a
498 181 639 215 cerebro
664 177 781 210 misso,
833 174 904 209 Sed
920 173 1103 219 explicatio
1119 173 1205 207 faci·
1228 187 1232 217 5
1256 173 1460 219 spirationis
1476 186 1577 208 causa
1594 175 1716 220 pulmo
1732 175 1843 210 factus
1859 183 1918 211 est.
1972 175 2045 210 Nec
2066 175 2158 209 addo
2175 173 2234 208 hic

228 238 296 270 lior
312 242 361 268 est
379 235 438 273 iis,
464 232 525 277 qui
542 231 680 267 dicunt,
707 238 766 259 cor
787 225 1007 258 domicilium
1033 235 1104 258 esse
1122 237 1205 268 pro·
1257 224 1530 270 disputationem
1553 226 1596 258 de
1617 226 1790 269 piscibus,
1823 238 1910 271 quos
1932 227 2054 260 dicunt
2074 238 2147 258 non
2163 225 2236 269 spi-

229 286 345 331 prium
363 281 577 318 substantiae
594 279 741 312 animae.

537 375 666 410 Pulmo
677 401 685 415 ‚
718 368 894 417 πνεύμον.

332 454 412 497 Quo
430 450 577 485 consilio
594 456 717 482 natura
734 446 1002 481 circumdederit
1015 446 1112 479 cordi
1128 445 1208 489 pul-

232 516 389 543 monem,
420 501 534 535 officia
560 501 633 533 eins
665 498 854 532 declarant.
905 496 1087 530 Concinne
1113 495 1208 528 enim

231 562 332 588 vocat
346 553 554 586 Pulmonem
570 550 670 583 Plato
680 548 779 592 ἅλμα
795 544 974 592 μαλακὸν,
1003 547 1109 579 molle
1123 557 1209 578 ven-

231 606 399 640 tilabrum
416 602 550 640 cordis,
578 600 732 634 breviter
750 605 785 632 et
800 597 1030 631 substantiam
1047 603 1080 630 et
1097 595 1208 629 officia

232 655 441 699 significans.

334 709 398 746 Est
421 710 516 744 enim
541 708 735 743 substantia
761 706 958 751 pulmonis,
998 716 1076 738 caro
1100 704 1211 744 aerea,

232 775 331 804 rara,
355 761 494 801 moltis,
527 759 730 804 spongiosa,
757 758 882 791 similis
906 756 1104 798 coagulatae
1128 766 1211 797 spu-

232 826 311 849 mae
345 810 544 855 sanguinis,
581 809 721 842 intextis
756 808 793 840 in
821 819 895 840 eam
924 817 1063 839 carnem
1098 805 1210 838 tribus

235 864 381 902 fistulis,
417 872 506 906 quae
536 859 632 892 velut
661 866 733 892 rete
763 870 825 902 per
859 863 972 891 totum
1006 855 1210 899 pulmonem

236 925 375 959 sparsae
403 917 496 946 sunt.
547 909 635 942 Nam
658 907 797 943 trachea
821 907 966 947 arteria,
996 917 1083 951 quac
1108 916 1213 948 gran—

237 966 318 999 dior
342 969 409 1003 est,
432 960 602 1005 v'pulmoni
624 959 810 998 inseritur,
844 958 900 991 cui
929 962 1119 990 occurrunt
1143 956 1212 987 dno

239 1014 375 1049 canales
400 1024 440 1045 ex
465 1011 570 1044 corde
593 1009 719 1042 emissi.
774 1007 872 1040 Vena
896 1007 1068 1040 arterialis
1097 1006 1213 1038 nutri-

238 1070 399 1098 mentum
437 1061 595 1094 adferens
627 1058 807 1103 pulmoni,
844 1064 877 1091 et
913 1057 1038 1090 arteria
1072 1056 1215 1095 venalis,

239 1116 356 1149 a'e'rem
379 1113 415 1144 in
440 1111 606 1155 pulmone
630 1109 821 1151 excipiens,
856 1114 888 1140 et
911 1119 950 1139 ex
970 1107 1073 1140 corde
1100 1106 1215 1138 fumos

240 1162 391 1198 evehens
422 1168 454 1194 et
485 1159 682 1192 arterialem
720 1157 936 1200 sanguinem.
1002 1155 1049 1188 Hi
1081 1156 1216 1189 canales

240 1218 406 1257 spargunt
424 1210 528 1243 exiles
543 1209 701 1242 surculos
717 1220 777 1252 per
793 1215 903 1241 totum
922 1206 1137 1250 pulmonem.
1172 1204 1215 1238 Et

240 1265 322 1310 quia
347 1261 491 1295 adsidue
515 1257 676 1292 hauritur
700 1265 733 1290 et
763 1258 934 1290 emittitur
964 1260 1023 1289 aer
1056 1269 1117 1300 per
1148 1263 1216 1289 tra-

242 1313 361 1348 cheam
378 1311 562 1349 arteriam,
589 1316 621 1341 et
641 1321 701 1351 per
718 1307 879 1340 arteriam
904 1307 1078 1345 venalem,
1105 1306 1217 1339 conti-

242 1364 305 1397 nui
331 1368 412 1395 sunt
434 1366 548 1392 motus
573 1357 750 1401 pulmonis
775 1357 933 1390 dilatatio
958 1363 990 1390 et
1006 1356 1218 1391 constrictio.

243 1414 295 1447 Ac
319 1412 472 1456 primum
498 1409 533 1440 in
557 1407 725 1450 pulmone
748 1412 974 1449 praeparatur
995 1412 1073 1445 aer,
1105 1404 1217 1449 quiin

245 1475 304 1497 cor
327 1456 603 1495 transvehendus
626 1464 685 1489 est.
745 1455 879 1488 Mirum
904 1462 955 1488 estv
978 1462 1113 1494 autem,
1141 1466 1218 1487 curn

244 1513 411 1548 adsiduus
433 1509 477 1542 sit
501 1507 677 1551 pulmonis
699 1513 832 1546 motus,
861 1511 978 1538 tamen
1001 1517 1073 1537 non
1099 1504 1222 1547 alliga-

246 1572 321 1598 tum
347 1572 419 1594 esse
443 1560 485 1592 ad
510 1556 705 1597 thoracem,
739 1568 802 1588 nec
825 1554 977 1589 thoracis
1003 1561 1101 1588 motu
1119 1553 1222 1590 trahi.

246 1613 414 1648 blovetur
431 1616 546 1643 autem
565 1608 700 1641 ratione
717 1605 833 1646 vacui,
859 1613 897 1639 ut
913 1606 957 1639 sit
973 1605 1115 1648 agitatio
1132 1605 1224 1637 mol-

246 1664 336 1703 lior,
362 1672 441 1695 cum
466 1659 557 1693 cedit
585 1655 729 1695 thorax,
756 1656 817 1701 qui
834 1668 851 1688 a
869 1653 1130 1700 diaphragmate
1147 1667 1224 1687 mo-

246 1721 359 1747 vetur.
411 1708 457 1744 Et
487 1708 643 1742 fortassis
673 1707 841 1740 adiuvant
874 1706 1053 1750 pulmonis
1089 1713 1223 1739 motum

247 1762 378 1796 halitus
395 1772 413 1793 a
431 1761 535 1793 corde
552 1758 747 1797 venientes,
776 1763 807 1789 et
822 1756 896 1800 ipsa
911 1756 1002 1789 ae'ris
1021 1755 1136 1800 copia,
1164 1755 1224 1800 qui

249 1821 282 1847 et
299 1811 415 1845 influit
433 1817 466 1843 et
481 1807 629 1842 exhalat.

350 1870 478 1912 Figura
509 1866 687 1912 pulmonis
720 1865 877 1898 imitatur
907 1865 1075 1907 ungulam
1107 1864 1226 1903 bovis,

252 1921 333 1967 quia
348 1921 385 1953 in
403 1921 488 1952 duas
505 1924 618 1961 partes
633 1929 651 1948 a
668 1915 876 1948 mediastino
894 1915 1078 1956 dividitur,
1106 1922 1137 1948 et
1154 1915 1226 1947 sin-

252 1972 351 2016 gulae
368 1970 404 2002 in
420 1970 490 2001 imo
507 1967 608 2000 binos
623 1967 723 1999 lobos
740 1964 879 1998 habent.

354 2027 495 2062 Utilitas
527 2025 704 2069 pulmonis
735 2024 862 2067 duplex
896 2031 956 2057 est.

254 2081 347 2114 enim
366 2086 398 2112 et
416 2076 618 2122 spirationis
634 2082 667 2108 ct
685 2075 777 2107 vocis
796 2085 907 2107 causa.
960 2073 1113 2117 Spiratio
1132 2076 1226 2108 cordi

254 2128 446 2164 necessaria
472 2133 531 2160 est.
586 2124 707 2158 Adfert
732 2124 825 2156 enim
849 2124 968 2167 pulmo
987 2125 1084 2157 cordi
1100 2126 1229 2166 a'e'rem,

255 2181 315 2226 qui
332 2179 467 2221 mitiget
481 2177 631 2210 calorem
648 2175 762 2208 cordis
778 2181 809 2207 et
824 2174 1022 2218 spirituum.
1074 2175 1119 2209 Et
1136 2172 1229 2209 hunc

254 2239 367 2265 aerem
386 2235 485 2262 antea
504 2232 697 2271 praeparat.
750 2223 821 2258 Cor
844 2224 936 2256 enim
963 2225 1175 2267 laederetur,
1202 2226 1231 2260 si

254 2286 453 2325 penetraret
475 2279 515 2310 ad
543 2277 656 2320 ipsum
683 2281 742 2309 aut
766 2278 825 2308 aer
848 2275 1014 2318 frigidm,
1042 2282 1101 2309 ant
1125 2276 1231 2310 nimis

256 2330 428 2374 copiosus.
468 2327 709 2361 suffocaretur
725 2332 839 2358 autern
856 2336 915 2357 cor
930 2326 1028 2369 copia
1043 2326 1231 2369 spirituum

256 2388 291 2414 et
307 2379 434 2413 fumosi
450 2379 552 2418 aeris,
579 2376 648 2409 nisi
663 2387 784 2409 rursus
800 2375 900 2408 fieret
917 2373 1102 2410 exhalatio.
1148 2376 1231 2411 ldeo

256 2437 289 2463 et
314 2441 375 2472 per
399 2429 600 2472 pulmonem
627 2437 747 2460 rursus
780 2425 952 2459 emittitur
977 2426 1134 2460 fumosus
1160 2429 1231 2466 aer,

257 2480 406 2524 ideoque
423 2478 541 2522 pulmo
561 2489 665 2521 capax
683 2484 733 2510 est
749 2476 852 2509 multi
869 2476 979 2516 aeris,
1004 2483 1041 2509 111
1058 2478 1233 2521 paulisper

258 2530 383 2563 omissa
410 2527 620 2572 spiratione,
653 2533 768 2559 tamen
793 2538 853 2559 cor
881 2526 1029 2570 accipiat
1052 2533 1086 2560 et
1111 2529 1233 2562 reddat

257 2583 385 2613 a'e'rem.
446 2577 497 2610 Ac
526 2576 554 2609 si
585 2577 715 2609 deesset
741 2577 881 2619 pulmo,
915 2576 1013 2609 brevi
1046 2577 1232 2612 intervallo

255 2630 382 2664 omissa
413 2627 605 2671 spiratione
632 2626 886 2660 suffocarentur
919 2627 1122 2664 animantia.
1185 2629 1233 2663 lta

1026 2023 1151 2058 Factus
1179 2033 1227 2058 est

1257 287 1354 316 rare,
1381 287 1460 309 cum
1478 276 1682 319 pulmonem
1698 289 1771 309 non
1788 274 1950 317 habeant,
1977 276 2036 320 qui
2053 283 2168 310 tamen
2185 281 2236 308 at-

1258 323 1404 359 trahunt
1421 332 1453 359 et
1470 326 1635 361 emittunt
1653 328 1768 360 aerem
1785 339 1847 371 per
1862 323 2067 366 bronchias‚
2094 333 2132 360 ut
2149 325 2235 359 alibi

1259 375 1402 409 dicitur.

1360 433 1481 469 Altera
1504 435 1637 469 utilitas
1662 436 1842 479 pulmonis
1868 441 1918 468 est
1942 433 2108 476 insignis,
2142 435 2238 478 quod

1261 484 1366 518 servit
1386 485 1588 519 formandae
1612 485 1702 519 voci.
1762 485 1808 520 Ut
1837 486 1930 518 enim
1964 485 2000 517 in
2026 484 2150 517 fistulis
2172 481 2238 516 hoc

1261 535 1366 568 modo
1393 535 1482 568 fiunt
1513 536 1607 576 soni,
1641 547 1719 569 cum
1742 536 1951 580 inspiratum
1982 536 2098 568 ae'rem
2120 534 2240 576 lingua

1262 595 1427 629 tanquam
1452 585 1584 628 plectro
1608 585 1818 626 formamus,
1853 586 1898 619 ita
1925 586 2182 629 propemodum
2202 583 2241 616 fit

1262 647 1329 668 vox
1346 632 1510 667 humana.
1563 634 1691 667 Pulmo
1717 647 1779 669 ceu
1794 636 1967 670 utriculus
1991 642 2106 669 motus
2124 635 2241 667 aerem

1262 684 1378 723 reddit
1414 682 1584 720 tracheae.
1637 684 1742 718 Hunc
1768 697 1846 719 cum
1876 687 2030 718 formant
2060 684 2181 718 circuli
2203 683 2240 715 in

1263 732 1420 775 trachea,
1456 741 1488 768 et
1526 735 1679 778 lingula,
1723 747 1812 780 quae
1843 735 2047 768 nominatur
2075 731 2239 782 γλωττὶς,

1263 785 1339 818 fieri
1363 796 1483 818 vocem
1508 785 1719 830 experimur.

1390 903 1533 948 Aspera
1559 904 1734 946 Arteria,
1770 903 1922 949 τραχεῖα
1950 899 2117 950 ἀρτηρία.

1367 993 1502 1028 Fistula
1532 1007 1550 1028 a
1583 996 1744 1028 faucibus
1780 995 1921 1028 ducitur
1954 996 1995 1028 ad
2030 994 2246 1038 pulmonem,

1268 1056 1356 1090 quae
1374 1045 1415 1077 ad
1435 1045 1592 1087 geminos
1609 1057 1691 1079 usus
1710 1046 1851 1078 condita
1872 1053 1933 1081 est.
1984 1044 2074 1079 Cum
2097 1044 2191 1077 enim
2209 1050 2247 1076 ut

1269 1107 1373 1138 supra
1390 1095 1523 1127 dictum
1539 1102 1608 1135 est,
1633 1096 1730 1129 cordi
1748 1107 1835 1140 opus
1852 1103 1940 1129 esset
1955 1096 2045 1129 aeris
2069 1094 2248 1128 attractio-

1269 1157 1312 1178 ne
1330 1152 1364 1179 et
1381 1145 1617 1188 expiratione,
1644 1143 1700 1179 hic
1717 1146 1846 1179 canalis
1863 1146 1973 1179 factus
1989 1153 2055 1186 est,
2080 1151 2119 1178 ut
2133 1151 2248 1178 aerem

1270 1208 1330 1229 ore
1353 1201 1384 1228 et
1405 1195 1550 1228 naribus
1572 1202 1771 1239 acceptum,
1804 1197 2016 1229 transmittat
2042 1196 2084 1228 ad
2110 1194 2250 1238 pulmo-

1270 1258 1369 1285 nem,
1403 1252 1435 1278 et
1454 1245 1549 1288 *inde
1581 1258 1703 1279 rursus
1735 1243 1899 1279 exhalant
1928 1245 2015 1279 fumi
2047 1245 2181 1284 cordis,
2200 1250 2251 1293 ⁴ut

1271 1297 1405 1330 dictum
1423 1303 1484 1329 est.

1372 1352 1486 1386 Simul
1511 1360 1625 1385 autem
1649 1351 1733 1384 haec
1757 1351 1830 1395 ipsa
1848 1351 1961 1384 fistula
1979 1351 2250 1384 instrumentum

1273 1407 1323 1434 est
1338 1400 1541 1433 formandae
1558 1401 1669 1441 vocis,
1696 1413 1777 1434 nam
1796 1402 1838 1434 ad
1857 1413 1976 1434 vocem
1994 1412 2082 1445 opus
2098 1407 2147 1433 est
2163 1407 2252 1439 aere,

1273 1463 1342 1496 quo
1369 1448 1453 1483 haec
1477 1449 1591 1484 fistula
1616 1451 1792 1491 abundat,
1826 1458 1858 1484 et
1883 1458 2001 1490 motu,
2035 1463 2104 1496 quo
2129 1452 2190 1483 a'e'r
2214 1450 2253 1482 in

1274 1500 1365 1534 hanc
1389 1501 1538 1533 fistulam
1567 1501 1761 1545 impellitur
1784 1501 2041 1545 compressione
2062 1500 2253 1545 pulmonis-

1278 1552 1396 1595 ltaque
1415 1551 1481 1583 loci
1507 1557 1540 1583 et
1564 1552 1716 1595 partium
1735 1552 1980 1596 opportunitas
2003 1551 2071 1585 fuit
2088 1551 2126 1584 in
2141 1561 2253 1592 causa,

1274 1608 1313 1635 ut
1329 1599 1413 1634 haec
1430 1601 1544 1635 fistula
1564 1602 1659 1635 fieret
1675 1601 1778 1635 etiam
1797 1602 1892 1635 vocis
1907 1613 2091 1645 organum.

1377 1658 1649 1693 Consideremus
1685 1666 1799 1692 autem
1835 1660 2022 1692 consilium
2054 1655 2256 1699 architecti,

1278 1710 1338 1755 qui
1356 1709 1445 1742 sicut
1468 1716 1624 1743 oratores
1649 1710 1807 1754 proxime
1832 1709 1989 1742 adiuncti
2009 1715 2090 1742 sunt
2106 1709 2256 1752 regibuS‚

1277 1761 1324 1794 ita
1353 1759 1450 1792 cordi
1471 1760 1566 1793 vocis
1587 1771 1756 1803 organum
1781 1759 1935 1800 addidit,
1972 1759 2054 1804 quia
2078 1759 2107 1792 si
2130 1765 2256 1795 natura

1279 1811 1412 1852 integra
1430 1816 1536 1849 esset,
1569 1807 1828 1854 pulcherrimus
1850 1821 2039 1843 consensus
2065 1815 2151 1842 esset
2175 1821 2254 1842 cor-

1279 1860 1332 1894 dis
1355 1866 1388 1893 et
1409 1860 1513 1896 vocis.
1565 1859 1637 1894 Cor
1653 1861 1779 1892 ardens
1805 1860 1881 1892 lnce
1898 1866 1929 1893 et
1947 1871 2065 1892 amore
2081 1859 2171 1899 Dei,
2196 1871 2257 1903 pa-

1279 1911 1442 1944 tefaceret
1457 1910 1598 1943 divinos
1615 1917 1730 1943 motus
1744 1922 1828 1942 voce
1842 1909 2039 1944 celebrante
2054 1907 2179 1943 Deum.
2211 1907 2259 1943 Et

1280 1972 1359 2004 erga
1385 1958 1546 1993 homines
1569 1972 1649 1993 vera
1676 1966 1708 1994 et
1732 1960 1822 1993 iusta
1847 1959 1997 1993 dicendo
2025 1966 2257 2003 congruerent

1280 2023 1340 2045 cor
1355 2017 1388 2044 et
1404 2022 1481 2042 vox.

1381 2067 1511 2110 Figura
1528 2074 1643 2101 autem
1661 2065 1746 2100 haec
1763 2073 1825 2101 est.
1873 2067 2013 2102 Arteria
2041 2066 2179 2101 trachea
2196 2079 2259 2101 ceu

1281 2119 1395 2152 fistula
1413 2125 1444 2152 et
1462 2118 1639 2151 mucronis
1656 2118 1764 2161 figura
1786 2118 1967 2151 descendit
1992 2118 2029 2151 in
2045 2119 2260 2162 pulmonem,

1282 2170 1320 2202 in
1336 2180 1406 2214 quo
1424 2169 1572 2202 finditur
1595 2168 1631 2201 in
1649 2169 1737 2202 duos
1762 2180 1887 2201 ramos.
1940 2168 1997 2202 Ab
2021 2167 2075 2202 his
2096 2169 2259 2212 deinceps

1282 2220 1321 2253 in
1346 2220 1421 2264 ipso
1452 2219 1620 2263 pulmone
1650 2218 1815 2252 oriuntur
1843 2219 2119 2252 innumerabiles
2143 2219 2261 2252 fibrae.

1281 2268 1346 2304 Est
1375 2275 1490 2303 autem
1521 2269 1712 2314 composita
1741 2266 1901 2310 trachea,
1928 2269 2056 2313 partim
2085 2281 2125 2302 ex
2155 2268 2261 2302 carti-

1282 2319 1480 2363 laginibus,
1507 2319 1633 2363 partim
1654 2331 1693 2353 ex
1715 2319 1940 2353 membranis.
1993 2317 2145 2364 Oportet
2165 2319 2260 2351 enim

1281 2371 1418 2404 moveri
1443 2367 1638 2410 micheam,
1663 2381 1742 2403 cum
1761 2369 1886 2414 accipit
1910 2369 2115 2403 antemittit
2130 2371 2259 2409 aerem,

1284 2427 1317 2454 et
1341 2420 1449 2454 laxari
1472 2420 1509 2453 in
1526 2419 1760 2464 expiratione,
1787 2426 1820 2453 et
1836 2420 1981 2463 astringi
2003 2420 2040 2453 in
2060 2418 2263 2463 inspiratio·-

1284 2483 1340 2506 ne.
1396 2470 1477 2504 Ideo
1503 2470 1707 2504 fabricanda
1730 2469 1797 2504 fuit
1820 2482 1859 2503 ex
1877 2470 2068 2503 mobilibus
2088 2469 2263 2503 membra-

1284 2521 1360 2562 nis,
1388 2533 1476 2566 quae
1492 2526 1575 2554 sunt
1592 2521 1713 2554 mollia
1733 2520 1931 2564 ligamenta.

1386 2579 1524 2614 Rursus
1540 2578 1622 2623 quia
1637 2585 1688 2612 est
1703 2589 1873 2622 organum
1889 2576 1995 2618 vocis,
2022 2577 2264 2611 admiscendae

1286 2630 1431 2665 fuerunt
1466 2629 1708 2673 cartilagines,
1743 2641 1782 2663 ex
1811 2627 2095 2674 quibusbannuli
2125 2627 2162 2661 in
2195 2633 2267 2661 tra-

2372 1493 2379 1519 z-
2372 758 2379 1486 »flam——
