2379 2948
200 115 271 152 587

211 207 320 234 totam
338 196 633 242 propositionem,
660 199 699 225 ut
717 192 753 224 in
777 190 1035 235 permutatione
1055 189 1194 232 signum

212 251 304 284 idem
320 250 530 284 retineatur,
557 251 612 277 nt:

361 299 466 333 Nulla
486 295 584 328 stella
605 292 845 332 consumitur,

362 348 456 390 Ergo
480 346 578 379 nulla
603 345 768 385 flamma,
795 355 901 388 quam
924 343 1085 377 videmus
1109 353 1196 375 con-

413 397 527 437 sumi,
556 402 605 428 est
629 395 741 428 stella.

314 456 413 490 Talis
430 453 643 499 permutatio
663 464 736 485 non
760 452 798 484 fit
822 451 858 483 in
885 451 1078 485 universali
1103 450 1196 482 affir-

212 509 352 543 mativa.
385 506 523 540 Recitat
542 511 655 538 antem
674 502 882 537 Aristoteles
899 503 1094 535 doctrinam
1112 512 1196 533 con-

214 559 417 593 versionum
437 563 469 589 et
484 562 628 600 propter
645 553 739 587 huuc
756 565 858 586 usum
871 579 880 593 ,
907 559 945 586 ut
968 560 1086 597 postea
1110 552 1197 584 duas

214 612 340 653 figuras
355 607 653 654 syllogismorum,
681 605 870 637 secundam
887 610 920 636 et
938 604 1092 643 tertiam,
1111 613 1196 634 con-

213 662 327 694 firmet
345 666 378 692 et
399 659 568 697 illustret,
597 655 722 689 harum
743 654 1042 699 aequivalentium
1066 664 1197 697 propo-

213 712 382 746 sitionum
408 719 592 742 consensu.
653 705 749 738 Haec
783 706 825 738 de
859 705 1012 738 utilitate
1043 705 1198 737 breviter

213 761 392 796 monuisse
413 760 496 793 satis
513 759 567 792 sit.

392 848 484 886 Quot
512 847 598 877 sunt
626 841 728 877 modi
758 838 1022 876 conversioni-sl

316 913 421 945 Tres:
449 910 644 944 Conversio
663 909 828 952 simplex,
854 906 1049 942 Conversio
1068 917 1129 949 per
1143 916 1199 938 ac-

215 965 354 1004 cidens,
382 969 415 996 et
431 961 624 995 Conversio
645 972 705 1005 per
725 959 1075 1004 contrapositionem.

318 1021 511 1057 Conversio
530 1020 677 1064 simplex
698 1025 767 1059 est,
795 1031 874 1052 cum
890 1016 1116 1052 manentibus
1137 1014 1198 1046 iis-

215 1077 296 1108 dem
312 1073 430 1117 signi5‚
457 1078 620 1104 manente
637 1077 669 1103 et
689 1070 808 1102 eadem
827 1069 1010 1114 qualitate,
1039 1078 1078 1098 ex
1098 1077 1199 1109 prae-

216 1127 330 1160 dicato
351 1123 543 1156 subiectum
557 1146 565 1160 ‚
592 1128 626 1154 et
642 1132 683 1153 ex
702 1120 858 1153 subiecto
884 1120 921 1153 fit
945 1117 1198 1163 praedicatum.

215 1176 315 1210 Talis
339 1173 549 1219 permutatio
576 1178 712 1204 tantum
737 1171 774 1204 fit
798 1171 834 1203 in
860 1168 1070 1204 universalis
1094 1178 1199 1210 nega-

216 1227 306 1268 tiva,
334 1232 364 1258 et
384 1222 586 1268 particulari
605 1221 835 1262 affirmativa,
862 1229 917 1256 ut:

366 1275 477 1309 Nemo
506 1274 634 1307 timens
659 1272 773 1306 Deum
799 1272 1016 1306 contaminat
1041 1282 1075 1303 se
1098 1269 1199 1302 adul-

420 1325 528 1365 terio,

367 1374 462 1419 Ergo
483 1386 587 1407 nemo
612 1374 858 1407 contaminans
877 1383 912 1405 se
930 1371 1127 1411 adulterio,
1153 1371 1200 1404 ti-

420 1432 492 1459 met
510 1424 635 1458 Deum.

370 1493 510 1538 Aliquis
526 1489 656 1525 humor
672 1491 710 1523 in
730 1501 876 1534 corpore
893 1486 1050 1522 humano
1071 1489 1201 1522 mixtus

425 1542 588 1586 sanguini
609 1552 765 1581 amarus,
791 1547 841 1573 est
860 1540 959 1581 bilis,

371 1593 465 1637 Ergo
485 1593 601 1638 aliqua
619 1592 702 1625 bilis
719 1598 769 1624 est
785 1602 915 1624 amara.

320 1653 515 1689 Conversio
531 1663 593 1696 per
610 1651 769 1684 accidens
793 1656 863 1689 est,
891 1661 969 1682 cnm
995 1662 1034 1682 ex
1060 1650 1201 1693 praedi-

222 1715 297 1742 cato
320 1707 357 1739 fit
379 1704 573 1738 subiectum
586 1728 594 1743 ‚
628 1709 660 1735 et
689 1712 729 1734 ex
759 1700 915 1733 subiecto
949 1701 1201 1744 praedicatum,

221 1763 384 1792 manente
401 1756 521 1788 eadem
540 1753 721 1798 qualitate,
740 1752 799 1784 sed
817 1751 960 1784 mutatis
976 1752 1093 1795 signis.
1130 1751 1201 1785 Ta-

220 1811 264 1843 lis
279 1806 461 1842 conversio
479 1806 516 1838 fit
534 1805 571 1837 in
589 1802 780 1837 universali
797 1802 1003 1835 affirmativa
1015 1830 1024 1843 ,
1051 1809 1105 1836 ut:

373 1855 503 1890 Omnis
519 1853 627 1888 homo
646 1860 695 1887 est
713 1853 926 1893 substantia,

373 1906 468 1950 Ergo
484 1906 655 1950 quaedam
673 1904 867 1937 substantia
886 1911 934 1937 est
951 1901 1069 1938 homo.

321 1966 440 2000 Huius
460 1963 699 1998 conversionis
719 1974 856 1996 causam
876 1970 908 1997 et
922 1975 1024 1996 usum
1042 1963 1203 1996 conside-

223 2031 300 2055 rare
316 2018 404 2051 utile
423 2022 485 2050 est.
534 2013 648 2047 Causa
665 2021 714 2047 est
731 2014 825 2046 enim
849 2026 938 2057 quae
960 2014 998 2046 in
1022 2014 1108 2047 locis
1132 2021 1203 2047 tra-

224 2072 338 2105 ditur:
374 2066 492 2100 Posita
511 2064 625 2109 specie
653 2076 790 2097 necesse
817 2070 868 2097 est
893 2065 977 2108 poni
996 2076 1116 2107 genus.
1163 2064 1203 2098 Id

222 2123 261 2156 fit
278 2121 316 2153 in
331 2117 395 2152 hac
414 2116 654 2150 conversione.
707 2112 753 2148 Et
769 2126 847 2148 cum
866 2126 885 2147 a
904 2115 1016 2158 specie
1034 2116 1076 2148 ad
1095 2127 1204 2159 genus

223 2171 374 2217 plurima
399 2173 603 2210 argumenta
629 2167 823 2203 ducantur,
855 2177 935 2209 sape
958 2167 1129 2199 utendum
1154 2174 1204 2201 est

223 2222 287 2258 hac
304 2218 551 2258 conversione,
576 2229 665 2262 quae
684 2223 734 2250 est
752 2217 845 2249 bona
862 2217 1110 2261 consequentia
1122 2244 1131 2258 ,
1157 2218 1204 2250 si-

226 2273 320 2307 milis
339 2271 417 2304 aliis
436 2280 509 2302 non
525 2268 662 2301 vitiosis
679 2268 1056 2310 argumentationibus.
1110 2267 1205 2302 Con-

226 2323 338 2358 versio
364 2333 426 2366 per
449 2318 781 2363 contrapositionem
807 2324 875 2359 est,
900 2331 979 2351 cum
1003 2331 1042 2351 ex
1064 2319 1204 2363 praedi-

226 2381 301 2408 cato
326 2373 363 2406 fit
394 2370 607 2413 subiectum,
648 2375 680 2402 et
702 2381 743 2402 ex
766 2369 922 2403 subiecto
954 2370 1205 2413 praedicatum,

227 2425 275 2458 ita
297 2430 337 2457 ut
368 2421 563 2455 remotione
592 2420 784 2465 praedicati
814 2420 851 2452 in
885 2431 1054 2453 conversa
1090 2433 1206 2454 remo—

227 2481 348 2507 veatur
364 2473 570 2506 subiectum.
622 2470 721 2504 Talis
739 2472 922 2504 conversio
940 2472 977 2505 fit
998 2471 1035 2504 in
1062 2472 1206 2505 univer-

227 2524 290 2558 sali
309 2523 514 2557 affirmativa
528 2549 536 2562 ,
563 2529 616 2555 ut:

377 2570 506 2605 Omnis
526 2570 633 2605 homo
653 2578 702 2605 est
721 2572 872 2614 animal,

376 2620 470 2664 Ergo
504 2622 677 2668 quidquid
705 2635 777 2656 non
803 2629 852 2656 est
876 2623 1026 2665 animal,
1062 2635 1134 2657 non
1159 2631 1210 2658 est

428 2670 547 2706 homo.

439 108 647 146 SCRIPTA
675 107 748 142 PH.
776 102 891 140 MEL.
918 103 984 138 AD
1010 101 1137 138 HIST.
1165 100 1309 142 PROF.
1337 102 1402 139 ΕΤ
1430 102 1623 139 PHILOS.
1650 101 1968 143 SPECTANTIA.

2147 105 2222 142 588

1401 188 1531 223 Omnis
1547 189 1647 223 stella
1666 196 1715 223 est
1730 202 1857 235 corpus
1875 199 2081 236 perpetuum
2092 220 2102 234 ‚

1400 239 1494 284 Ergo
1511 240 1683 285 quidquid
1703 253 1774 274 non
1793 248 1843 275 est
1858 254 1984 286 corpus
2007 251 2229 287 perpetuum,

1452 303 1524 324 non
1542 299 1591 324 est
1606 291 1717 325 stella.

1351 341 1550 387 ImperitiS,
1576 342 1636 387 qui
1655 343 1814 375 nondum
1832 344 2102 377 considerarunt
2119 345 2230 378 multa

1249 394 1406 437 exempla
1432 394 1470 426 in
1494 393 1649 426 materiis
1678 393 1918 436 gravioribus,
1962 394 2102 427 videtur
2126 395 2231 428 ludus

1250 456 1322 477 esse
1340 445 1498 485 inutilis,
1526 450 1559 477 et
1575 456 1662 488 pene
1685 444 1875 485 ridiculus,
1901 445 1948 478 ita
1971 452 2125 478 retexere
2150 457 2232 489 pro-

1250 495 1461 538 positiones,
1485 501 1518 528 et
1534 495 1705 527 vocabula
1724 495 1934 539 permutare.
1974 494 2019 529 Et
2037 496 2233 529 insulsitate

1251 547 1490 589 exemplorum
1526 552 1559 578 et
1587 546 1873 579 cavillationibus
1898 547 2048 580 obscura
2075 553 2124 579 est
2148 544 2233 580 haec

1251 596 1422 628 doctrina.
1486 595 1650 639 Explosis
1666 597 1774 639 igitur
1805 597 2091 632 cavillationibus
2119 597 2232 631 fontes

1252 653 1283 680 et
1301 647 1488 679 utilitatem
1508 646 1782 681 consideremus.

1353 705 1471 739 Huius
1494 705 1618 737 tertiae
1642 705 1776 738 formae
1799 718 1944 750 magnus
1963 720 2045 741 usus
2063 714 2123 742 est.
2177 707 2235 741 Sic

1252 756 1346 789 enim
1374 763 1406 789 et
1424 755 1537 789 Filius
1560 754 1626 788 Dei
1651 764 1917 798 argumentatur
1942 755 2064 793 lohan.
2084 758 2132 791 8.:
2163 757 2236 800 Qui

1252 820 1292 840 ex
1309 808 1388 841 Deo
1405 814 1475 846 est,
1501 807 1606 839 verba
1624 805 1690 839 Dei
1710 807 1816 842 audit.
1856 807 1925 841 Vos
1941 809 2049 851 igitur
2065 821 2143 842 cum
2161 821 2236 841 non

1253 858 1425 895 audiatis,
1455 870 1493 890 ex
1508 855 1583 889 Deo
1601 870 1673 889 non
1693 858 1784 891 estis,
1837 856 1882 892 Et
1905 860 1995 893 valet
2017 871 2235 904 consequen-

1253 909 1299 942 tia
1326 921 1366 941 ex
1389 909 1466 941 loco
1494 920 1511 940 a
1537 919 1662 951 genere
1685 909 1728 940 ad
1747 909 1916 952 speciem,
1945 921 2006 943 seu
2025 922 2237 955 quocunque

1253 959 1496 993 communiore
1513 959 1684 992 vocabulo
1703 960 1745 991 ad
1764 960 1964 1002 angustius,
1992 962 2034 993 de
2052 973 2121 1006 quo
2146 969 2238 994 recte

1253 1010 1447 1054 praedicari
1465 1016 1577 1053 potest
1603 1010 1691 1042 illud
1714 1011 1948 1045 communius.
2000 1010 2153 1045 Remoto
2179 1023 2238 1055 ge-

1253 1074 1335 1094 nere
1354 1072 1492 1094 necesse
1514 1066 1563 1093 est
1580 1061 1752 1093 removeri
1771 1061 1932 1104 speciem.
1983 1059 2030 1094 Et
2047 1062 2238 1095 observan-

1253 1113 1337 1145 dum
1355 1119 1441 1145 esta
1463 1112 1562 1153 signo
1587 1111 1778 1144 universali
1802 1109 1950 1152 Omnis,
1976 1112 2082 1145 talem
2105 1125 2238 1146 conne-

1252 1163 1392 1196 xionem
1412 1162 1603 1206 superioris
1623 1174 1701 1195 cum
1720 1162 1881 1195 inferiori
1899 1163 2109 1206 significari,
2137 1170 2194 1196 ut:

1405 1211 1525 1246 Omne
1544 1225 1669 1246 aurum
1690 1225 1818 1256 purum
1838 1220 1888 1247 est
1909 1214 2069 1249 rutilum.

1408 1262 1503 1307 Ergo
1519 1264 1693 1308 quidquid
1715 1276 1787 1296 non
1814 1272 1863 1298 est
1887 1264 2056 1305 rutilum,
2090 1276 2164 1297 non
2191 1271 2241 1298 est

1457 1326 1583 1347 aurum
1601 1326 1741 1357 purum.

1354 1372 1407 1405 De
1432 1370 1498 1405 hac
1523 1374 1635 1405 forma
1661 1384 1784 1405 rursus
1812 1373 1948 1406 dicetur
1972 1373 2065 1406 infra
2088 1373 2126 1405 in
2143 1373 2241 1413 locis,

1254 1422 1316 1455 ubi
1333 1430 1366 1457 et
1385 1434 1468 1456 usus
1484 1423 1594 1466 magis
1611 1423 1766 1466 conspici
1785 1424 1924 1466 poterit.
1976 1423 2020 1458 Et
2046 1421 2131 1457 haec
2154 1436 2239 1456 con-

1254 1473 1369 1505 versio
1398 1473 1509 1516 gignit
1541 1474 1729 1506 secundam
1764 1474 1909 1516 figuram
1945 1474 2240 1519 syllogismorum,

1255 1526 1349 1569 quod
1368 1525 1556 1567 diligenter
1573 1524 1870 1557 considerandum
1888 1531 1949 1560 est.

1564 1642 1630 1682 De
1660 1641 1924 1684 Modalibus.

1444 1733 1540 1776 Quid
1566 1739 1624 1768 est
1647 1737 1850 1780 propositio
1878 1734 2062 1770 modalis?

1358 1800 1493 1835 Usitate
1519 1808 1665 1834 vocatur
1690 1802 1885 1846 propositio
1911 1803 2078 1843 modalis,
2110 1803 2147 1836 in
2171 1816 2238 1848 qua

1257 1852 1403 1895 copulae
1422 1852 1623 1886 annectitur
1638 1853 1768 1898 aliquis
1784 1850 1912 1887 horum
1930 1854 2133 1886 modorum:
2169 1853 2239 1887 Ne-

1257 1914 1368 1944 cesse,
1407 1903 1647 1947 impossibile,
1693 1904 1917 1946 contingens,
1960 1904 2142 1947 possibile,
2183 1912 2238 1938 ut:

1257 1952 1354 1986 Paris
1371 1955 1618 1997 contingenter
1638 1954 1757 1997 rapuit
1774 1954 1959 1988 Helenam.

1256 2048 1329 2082 Gur
1350 2059 1425 2082 non
1451 2046 1629 2082 dicuntur
1649 2050 1920 2092 propositiones
1942 2047 2127 2092 modales,
2155 2051 2243 2084 aliis

1550 2097 1749 2133 adiectivis
1772 2097 1951 2133 insertis?

1360 2165 1538 2200 Differunt
1558 2163 1596 2198 hi
1621 2166 1718 2199 modi
1740 2166 1783 2198 ab
1807 2166 1885 2198 aliis
1912 2166 2105 2203 adiectivis.
2158 2166 2240 2202 Alia

1257 2217 1428 2251 adiectiva
1454 2223 1536 2250 sunt
1560 2216 1707 2250 subiecti
1731 2223 1790 2250 aut
1818 2217 2010 2260 praedicati
2033 2218 2240 2263 descriptio-

1257 2281 1335 2309 nes,
1362 2280 1425 2301 nec
1444 2268 1621 2312 pertinent
1636 2267 1679 2300 ad
1704 2268 1886 2311 copulam,
1914 2280 1977 2302 nec
2001 2269 2132 2301 similes
2157 2277 2239 2303 sunt

1257 2320 1537 2359 universalibus,
1564 2330 1628 2350 nec
1645 2324 1787 2351 mutant
1811 2330 1936 2362 genera
1964 2319 2239 2363 oppositionum,

1258 2378 1297 2404 ut
1319 2367 1359 2403 hi
1382 2370 1499 2410 modi,
1527 2380 1633 2414 quare
1658 2380 1732 2401 uon
1757 2370 1925 2402 dicuntur
1948 2370 2120 2409 modales,
2146 2378 2184 2403 ut
2209 2371 2239 2403 si

1259 2422 1367 2454 dicas:
1396 2419 1477 2454 Dux
1495 2419 1727 2463 peritissimus
1744 2427 1777 2454 et
1793 2420 2038 2453 callidissimus
2056 2419 2239 2454 Hannibal

1259 2484 1330 2505 non
1365 2472 1519 2511 viribus,
1557 2471 1616 2503 sed
1648 2471 1773 2504 astutia
1805 2470 2013 2504 Terentium
2041 2469 2237 2504 Varronem

1259 2524 1383 2556 rudem
1401 2529 1434 2555 et
1448 2521 1672 2556 temerarium
1691 2522 1815 2555 ducem
1831 2521 1922 2554 vicit.
1973 2519 2068 2554 Haec
2086 2528 2135 2555 est
2155 2522 2239 2555 sim-

1259 2574 1337 2618 plex
1356 2572 1571 2617 propositio,
1599 2572 1734 2605 etiamsi
1753 2572 1854 2616 plura
1869 2571 2038 2604 vocabula
2058 2573 2239 2606 adduntur

1259 2624 1415 2658 subiecto
1433 2630 1465 2657 et
1483 2623 1694 2668 praedicato.
1720 2621 1888 2665 Exempla
1906 2623 2108 2662 ostendunt,
2125 2630 2239 2657 trans-

1260 2676 1329 2709 lata
1348 2675 1545 2719 negatione,
1567 2681 1738 2720 quantum
1758 2673 1803 2706 sit
1818 2671 2019 2706 discrimen.
2047 2674 2127 2708 Alia
2144 2674 2239 2708 enim
