<?xml version="1.0" encoding="UTF-8"?>
<!DOCTYPE html PUBLIC "-//W3C//DTD XHTML 1.0 Transitional//EN"
    "http://www.w3.org/TR/xhtml1/DTD/xhtml1-transitional.dtd">
<html xmlns="http://www.w3.org/1999/xhtml" xml:lang="en" lang="en">
 <head>
  <title>
</title>
<meta http-equiv="Content-Type" content="text/html;charset=utf-8" />
  <meta name='ocr-system' content='tesseract 3.04.00' />
  <meta name='ocr-capabilities' content='ocr_page ocr_carea ocr_par ocr_line ocrx_word'/>
</head>
<body>
  <div class='ocr_page' id='page_1' title='image "./operaquaesupersu13melauoft_0147.png"; bbox 0 0 2379 2948; ppageno 0'>
   <div class='ocr_carea' id='block_1_1' title="bbox 129 90 797 130">
    <p class='ocr_par' dir='ltr' id='par_1_1' title="bbox 129 90 797 130">
     <span class='ocr_line' id='line_1_1' title="bbox 129 90 797 130; baseline 0.004 -4"><span class='ocrx_word' id='word_1_1' title='bbox 129 90 206 127; x_wconf 80' lang='lat'>269</span> <span class='ocrx_word' id='word_1_2' title='bbox 722 92 797 130; x_wconf 88' lang='lat'>111.</span> 
     </span>
    </p>
   </div>
   <div class='ocr_carea' id='block_1_2' title="bbox 126 174 1119 314">
    <p class='ocr_par' dir='ltr' id='par_1_2' title="bbox 126 174 1119 314">
     <span class='ocr_line' id='line_1_2' title="bbox 230 174 1119 213; baseline 0.003 -3"><span class='ocrx_word' id='word_1_3' title='bbox 230 174 301 210; x_wconf 86' lang='lat' dir='ltr'>Sed</span> <span class='ocrx_word' id='word_1_4' title='bbox 327 178 558 213; x_wconf 86' lang='lat' dir='ltr'>recentissimi</span> <span class='ocrx_word' id='word_1_5' title='bbox 587 179 794 213; x_wconf 86' lang='lat' dir='ltr'>Astronomi</span> <span class='ocrx_word' id='word_1_6' title='bbox 818 179 920 212; x_wconf 88' lang='lat' dir='ltr'>certis</span> <span class='ocrx_word' id='word_1_7' title='bbox 952 179 1119 213; x_wconf 87' lang='lat' dir='ltr'>observa-</span> 
     </span>
     <span class='ocr_line' id='line_1_3' title="bbox 126 225 1117 274; baseline 0.004 -15"><span class='ocrx_word' id='word_1_8' title='bbox 126 225 283 260; x_wconf 79' lang='lat' dir='ltr'>tionibus</span> <span class='ocrx_word' id='word_1_9' title='bbox 300 227 611 272; x_wconf 88' lang='lat' dir='ltr'>deprehenderunt</span> <span class='ocrx_word' id='word_1_10' title='bbox 629 236 759 273; x_wconf 86' lang='lat' dir='ltr'>puncta</span> <span class='ocrx_word' id='word_1_11' title='bbox 775 230 812 261; x_wconf 87' lang='lat' dir='ltr'>in</span> <span class='ocrx_word' id='word_1_12' title='bbox 829 229 1001 270; x_wconf 84' lang='lat' dir='ltr'>Zodiaco‚</span> <span class='ocrx_word' id='word_1_13' title='bbox 1028 242 1117 274; x_wconf 89' lang='lat' dir='ltr'>quae</span> 
     </span>
     <span class='ocr_line' id='line_1_4' title="bbox 131 278 1031 314; baseline 0.004 -5"><span class='ocrx_word' id='word_1_14' title='bbox 131 284 331 312; x_wconf 88' lang='lat' dir='ltr'>monstrant</span> <span class='ocrx_word' id='word_1_15' title='bbox 349 281 518 314; x_wconf 89' lang='lat' dir='ltr'>terminos</span> <span class='ocrx_word' id='word_1_16' title='bbox 537 280 707 313; x_wconf 86' lang='lat' dir='ltr'>maximae</span> <span class='ocrx_word' id='word_1_17' title='bbox 725 278 926 313; x_wconf 90' lang='lat' dir='ltr'>latitudinis</span> <span class='ocrx_word' id='word_1_18' title='bbox 942 290 1031 313; x_wconf 89' lang='lat' dir='ltr'>esse:</span> 
     </span>
    </p>
   </div>
   <div class='ocr_carea' id='block_1_3' title="bbox 383 369 853 416">
    <p class='ocr_par' dir='ltr' id='par_1_3' title="bbox 383 369 853 416">
     <span class='ocr_line' id='line_1_5' title="bbox 383 369 853 416; baseline -0.002 -9"><span class='ocrx_word' id='word_1_19' title='bbox 383 372 561 416; x_wconf 91' lang='lat' dir='ltr'>Septentr.</span> <span class='ocrx_word' id='word_1_20' title='bbox 724 369 853 406; x_wconf 86' lang='lat' dir='ltr'>Merid.</span> 
     </span>
    </p>
   </div>
   <div class='ocr_carea' id='block_1_4' title="bbox 224 419 957 658">
    <p class='ocr_par' dir='ltr' id='par_1_4' title="bbox 224 419 957 658">
     <span class='ocr_line' id='line_1_6' title="bbox 228 419 930 467; baseline -0.004 -9"><span class='ocrx_word' id='word_1_21' title='bbox 228 423 381 458; x_wconf 85' lang='lat' dir='ltr'>Saturno</span> <span class='ocrx_word' id='word_1_22' title='bbox 399 422 436 454; x_wconf 88' lang='lat' dir='ltr'>in</span> <span class='ocrx_word' id='word_1_23' title='bbox 453 421 487 456; x_wconf 88' lang='lat'>7.</span> <span class='ocrx_word' id='word_1_24' title='bbox 505 419 568 456; x_wconf 93' lang='lat' dir='ltr'>Gr.</span> <span class='ocrx_word' id='word_1_25' title='bbox 580 433 622 467; x_wconf 71' lang='lat' dir='ltr'>m⁴</span> <span class='ocrx_word' id='word_1_26' title='bbox 704 420 743 453; x_wconf 85' lang='lat' dir='ltr'>in</span> <span class='ocrx_word' id='word_1_27' title='bbox 760 421 793 457; x_wconf 86' lang='lat'>7.</span> <span class='ocrx_word' id='word_1_28' title='bbox 813 420 877 456; x_wconf 87' lang='lat' dir='ltr'>Gr.</span> <span class='ocrx_word' id='word_1_29' title='bbox 901 431 930 465; x_wconf 49' lang='grc' dir='ltr'><strong>Β</strong></span> 
     </span>
     <span class='ocr_line' id='line_1_7' title="bbox 227 470 957 514; baseline -0.001 -7"><span class='ocrx_word' id='word_1_30' title='bbox 227 474 303 507; x_wconf 84' lang='lat' dir='ltr'>Iovi</span> <span class='ocrx_word' id='word_1_31' title='bbox 322 472 426 507; x_wconf 66' lang='lat'><strong>5:127.</strong></span> <span class='ocrx_word' id='word_1_32' title='bbox 447 470 509 504; x_wconf 90' lang='lat' dir='ltr'>Gr.</span> <span class='ocrx_word' id='word_1_33' title='bbox 527 478 567 504; x_wconf 63' lang='lat'>-2-</span> <span class='ocrx_word' id='word_1_34' title='bbox 703 471 741 504; x_wconf 90' lang='lat' dir='ltr'>in</span> <span class='ocrx_word' id='word_1_35' title='bbox 761 472 822 505; x_wconf 88' lang='grc'>27.</span> <span class='ocrx_word' id='word_1_36' title='bbox 841 471 904 506; x_wconf 88' lang='lat' dir='ltr'>Gr.</span> <span class='ocrx_word' id='word_1_37' title='bbox 927 481 957 514; x_wconf 72' lang='grc' dir='ltr'>γ’</span> 
     </span>
     <span class='ocr_line' id='line_1_8' title="bbox 224 520 955 567; baseline -0.003 -9"><span class='ocrx_word' id='word_1_38' title='bbox 224 524 333 558; x_wconf 82' lang='lat' dir='ltr'>Marti</span> <span class='ocrx_word' id='word_1_39' title='bbox 350 524 386 556; x_wconf 89' lang='lat' dir='ltr'>in</span> <span class='ocrx_word' id='word_1_40' title='bbox 399 522 460 558; x_wconf 91' lang='grc'>27.</span> <span class='ocrx_word' id='word_1_41' title='bbox 481 520 546 557; x_wconf 88' lang='lat' dir='ltr'>Gr.</span> <span class='ocrx_word' id='word_1_42' title='bbox 563 527 598 567; x_wconf 66' lang='grc' dir='ltr'>(Ω</span> <span class='ocrx_word' id='word_1_43' title='bbox 701 522 739 555; x_wconf 88' lang='lat' dir='ltr'>iu</span> <span class='ocrx_word' id='word_1_44' title='bbox 756 522 817 556; x_wconf 88' lang='grc'>27.</span> <span class='ocrx_word' id='word_1_45' title='bbox 830 521 893 559; x_wconf 85' lang='lat' dir='ltr'>Gr.</span> <span class='ocrx_word' id='word_1_46' title='bbox 911 532 955 555; x_wconf 50' lang='grc' dir='ltr'><strong>π</strong></span> 
     </span>
     <span class='ocr_line' id='line_1_9' title="bbox 400 578 784 624; baseline 0 -10"><span class='ocrx_word' id='word_1_47' title='bbox 400 580 514 614; x_wconf 88' lang='lat' dir='ltr'>Tenet</span> <span class='ocrx_word' id='word_1_48' title='bbox 534 580 644 624; x_wconf 83' lang='lat' dir='ltr'>igitur</span> <span class='ocrx_word' id='word_1_49' title='bbox 660 578 784 614; x_wconf 87' lang='lat' dir='ltr'>Nodus</span> 
     </span>
     <span class='ocr_line' id='line_1_10' title="bbox 282 637 940 658; baseline -0.002 -3"><span class='ocrx_word' id='word_1_50' title='bbox 282 637 940 658; x_wconf 60' lang='lat' dir='ltr'>w</span> 
     </span>
    </p>
   </div>
   <div class='ocr_carea' id='block_1_5' title="bbox 172 662 976 811">
    <p class='ocr_par' dir='ltr' id='par_1_5' title="bbox 172 662 976 811">
     <span class='ocr_line' id='line_1_11' title="bbox 245 662 976 710; baseline 0.003 -12"><span class='ocrx_word' id='word_1_51' title='bbox 245 662 494 709; x_wconf 54' lang='lat' dir='ltr'>dvctsftsa&#39;d&#39;ng</span> <span class='ocrx_word' id='word_1_52' title='bbox 511 667 548 704; x_wconf 69' lang='grc' dir='ltr'><em>Ω</em></span> <span class='ocrx_word' id='word_1_53' title='bbox 652 663 921 710; x_wconf 73' lang='grc' dir='ltr'>καταβιβάζων</span> <span class='ocrx_word' id='word_1_54' title='bbox 939 672 976 708; x_wconf 59' lang='grc' dir='ltr'>ὅ)</span> 
     </span>
     <span class='ocr_line' id='line_1_12' title="bbox 174 714 822 757; baseline 0 -9"><span class='ocrx_word' id='word_1_55' title='bbox 174 717 212 748; x_wconf 89' lang='lat' dir='ltr'>in</span> <span class='ocrx_word' id='word_1_56' title='bbox 222 715 375 750; x_wconf 80' lang='lat' dir='ltr'>Saturno</span> <span class='ocrx_word' id='word_1_57' title='bbox 388 716 410 749; x_wconf 88' lang='grc'>7</span> <span class='ocrx_word' id='word_1_58' title='bbox 424 715 488 749; x_wconf 84' lang='lat' dir='ltr'>Gr.</span> <span class='ocrx_word' id='word_1_59' title='bbox 505 718 542 757; x_wconf 62' lang='lat' dir='ltr'>&lt;Q</span> <span class='ocrx_word' id='word_1_60' title='bbox 649 714 671 747; x_wconf 88' lang='lat'>7</span> <span class='ocrx_word' id='word_1_61' title='bbox 690 714 754 750; x_wconf 89' lang='lat' dir='ltr'>Gr.</span> <span class='ocrx_word' id='word_1_62' title='bbox 779 727 822 748; x_wconf 64' lang='lat' dir='ltr'>:xz</span> 
     </span>
     <span class='ocr_line' id='line_1_13' title="bbox 172 764 858 811; baseline 0 -13"><span class='ocrx_word' id='word_1_63' title='bbox 172 766 211 798; x_wconf 90' lang='lat' dir='ltr'>in</span> <span class='ocrx_word' id='word_1_64' title='bbox 233 765 314 800; x_wconf 86' lang='lat' dir='ltr'>Iove</span> <span class='ocrx_word' id='word_1_65' title='bbox 340 765 389 800; x_wconf 91' lang='grc'>27</span> <span class='ocrx_word' id='word_1_66' title='bbox 415 764 478 798; x_wconf 88' lang='lat' dir='ltr'>Gr.</span> <span class='ocrx_word' id='word_1_67' title='bbox 503 774 536 807; x_wconf 62' lang='lat'>63,</span> <span class='ocrx_word' id='word_1_68' title='bbox 647 765 697 798; x_wconf 91' lang='grc'>27</span> <span class='ocrx_word' id='word_1_69' title='bbox 716 765 778 800; x_wconf 62' lang='lat' dir='ltr'>Gr⁴</span> <span class='ocrx_word' id='word_1_70' title='bbox 795 771 858 811; x_wconf 69' lang='lat' dir='ltr'>DQ</span> 
     </span>
    </p>
   </div>
   <div class='ocr_carea' id='block_1_6' title="bbox 87 815 1105 2649">
    <p class='ocr_par' dir='ltr' id='par_1_6' title="bbox 172 815 842 863">
     <span class='ocr_line' id='line_1_14' title="bbox 172 815 842 863; baseline 0.003 -15"><span class='ocrx_word' id='word_1_71' title='bbox 172 816 209 849; x_wconf 94' lang='lat' dir='ltr'>in</span> <span class='ocrx_word' id='word_1_72' title='bbox 224 816 340 850; x_wconf 86' lang='lat' dir='ltr'>Marte</span> <span class='ocrx_word' id='word_1_73' title='bbox 358 816 406 850; x_wconf 91' lang='grc'>27</span> <span class='ocrx_word' id='word_1_74' title='bbox 418 815 482 849; x_wconf 90' lang='lat' dir='ltr'>Gr.</span> <span class='ocrx_word' id='word_1_75' title='bbox 503 826 534 861; x_wconf 53' lang='lat' dir='ltr'><strong><em>g</em></strong></span> <span class='ocrx_word' id='word_1_76' title='bbox 650 817 700 850; x_wconf 89' lang='grc'>27</span> <span class='ocrx_word' id='word_1_77' title='bbox 718 815 782 850; x_wconf 84' lang='lat' dir='ltr'>Gr.</span> <span class='ocrx_word' id='word_1_78' title='bbox 798 829 842 863; x_wconf 64' lang='grc' dir='ltr'>1η</span> 
     </span>
    </p>

    <p class='ocr_par' dir='ltr' id='par_1_7' title="bbox 102 874 1105 1576">
     <span class='ocr_line' id='line_1_15' title="bbox 214 874 1105 921; baseline 0.002 -13"><span class='ocrx_word' id='word_1_79' title='bbox 214 874 311 909; x_wconf 89' lang='lat' dir='ltr'>Hinc</span> <span class='ocrx_word' id='word_1_80' title='bbox 354 875 513 920; x_wconf 88' lang='lat' dir='ltr'>sequitur</span> <span class='ocrx_word' id='word_1_81' title='bbox 545 874 740 908; x_wconf 79' lang='lat' dir='ltr'>Saturnum</span> <span class='ocrx_word' id='word_1_82' title='bbox 771 887 789 908; x_wconf 92' lang='lat' dir='ltr'>a</span> <span class='ocrx_word' id='word_1_83' title='bbox 814 875 961 919; x_wconf 90' lang='lat' dir='ltr'>septimo</span> <span class='ocrx_word' id='word_1_84' title='bbox 993 878 1105 921; x_wconf 84' lang='lat' dir='ltr'>gradu</span> 
     </span>
     <span class='ocr_line' id='line_1_16' title="bbox 112 924 1104 973; baseline 0.004 -15"><span class='ocrx_word' id='word_1_85' title='bbox 112 924 261 967; x_wconf 85' lang='lat' dir='ltr'>Leonis,</span> <span class='ocrx_word' id='word_1_86' title='bbox 301 927 414 960; x_wconf 92' lang='lat' dir='ltr'>donec</span> <span class='ocrx_word' id='word_1_87' title='bbox 446 933 555 960; x_wconf 88' lang='lat' dir='ltr'>totam</span> <span class='ocrx_word' id='word_1_88' title='bbox 587 926 745 969; x_wconf 84' lang='lat' dir='ltr'>signiferi</span> <span class='ocrx_word' id='word_1_89' title='bbox 778 927 999 960; x_wconf 87' lang='lat' dir='ltr'>medietatem</span> <span class='ocrx_word' id='word_1_90' title='bbox 1024 941 1104 973; x_wconf 89' lang='lat' dir='ltr'>per-</span> 
     </span>
     <span class='ocr_line' id='line_1_17' title="bbox 111 974 1101 1023; baseline 0.003 -14"><span class='ocrx_word' id='word_1_91' title='bbox 111 983 227 1019; x_wconf 87' lang='lat' dir='ltr'>agrat,</span> <span class='ocrx_word' id='word_1_92' title='bbox 254 977 365 1010; x_wconf 89' lang='lat' dir='ltr'>ferme</span> <span class='ocrx_word' id='word_1_93' title='bbox 384 974 429 1011; x_wconf 89' lang='lat'>15</span> <span class='ocrx_word' id='word_1_94' title='bbox 454 988 565 1010; x_wconf 91' lang='lat' dir='ltr'>annos</span> <span class='ocrx_word' id='word_1_95' title='bbox 601 989 741 1010; x_wconf 90' lang='lat' dir='ltr'>currere</span> <span class='ocrx_word' id='word_1_96' title='bbox 773 984 869 1010; x_wconf 87' lang='lat' dir='ltr'>extra</span> <span class='ocrx_word' id='word_1_97' title='bbox 890 975 1101 1023; x_wconf 89' lang='lat' dir='ltr'>Eclipticam</span> 
     </span>
     <span class='ocr_line' id='line_1_18' title="bbox 109 1026 1100 1073; baseline 0.004 -14"><span class='ocrx_word' id='word_1_98' title='bbox 109 1038 230 1061; x_wconf 87' lang='lat' dir='ltr'>versus</span> <span class='ocrx_word' id='word_1_99' title='bbox 254 1028 532 1072; x_wconf 81' lang='lat' dir='ltr'>septentrionem</span> <span class='ocrx_word' id='word_1_100' title='bbox 556 1028 722 1071; x_wconf 90' lang='lat' dir='ltr'>primum.</span> <span class='ocrx_word' id='word_1_101' title='bbox 759 1026 899 1061; x_wconf 86' lang='lat' dir='ltr'>Deinde</span> <span class='ocrx_word' id='word_1_102' title='bbox 917 1041 935 1061; x_wconf 91' lang='lat' dir='ltr'>a</span> <span class='ocrx_word' id='word_1_103' title='bbox 953 1030 1100 1073; x_wconf 86' lang='lat' dir='ltr'>septimo</span> 
     </span>
     <span class='ocr_line' id='line_1_19' title="bbox 108 1076 1101 1125; baseline 0.004 -15"><span class='ocrx_word' id='word_1_104' title='bbox 108 1078 220 1120; x_wconf 86' lang='lat' dir='ltr'>gradu</span> <span class='ocrx_word' id='word_1_105' title='bbox 239 1076 387 1123; x_wconf 82' lang='lat' dir='ltr'>Aquarii</span> <span class='ocrx_word' id='word_1_106' title='bbox 407 1079 444 1111; x_wconf 89' lang='lat' dir='ltr'>in</span> <span class='ocrx_word' id='word_1_107' title='bbox 468 1078 665 1111; x_wconf 90' lang='lat' dir='ltr'>meridiana</span> <span class='ocrx_word' id='word_1_108' title='bbox 683 1078 873 1113; x_wconf 88' lang='lat' dir='ltr'>latitudine</span> <span class='ocrx_word' id='word_1_109' title='bbox 889 1079 977 1113; x_wconf 88' lang='lat' dir='ltr'>alios</span> <span class='ocrx_word' id='word_1_110' title='bbox 995 1081 1101 1125; x_wconf 91' lang='lat' dir='ltr'>quin-</span> 
     </span>
     <span class='ocr_line' id='line_1_20' title="bbox 108 1129 1098 1173; baseline 0.004 -13"><span class='ocrx_word' id='word_1_111' title='bbox 108 1129 221 1161; x_wconf 88' lang='lat' dir='ltr'>decim</span> <span class='ocrx_word' id='word_1_112' title='bbox 247 1129 320 1162; x_wconf 91' lang='lat' dir='ltr'>fere</span> <span class='ocrx_word' id='word_1_113' title='bbox 337 1141 450 1163; x_wconf 89' lang='lat' dir='ltr'>annos</span> <span class='ocrx_word' id='word_1_114' title='bbox 475 1141 699 1170; x_wconf 88' lang='lat' dir='ltr'>consumere,</span> <span class='ocrx_word' id='word_1_115' title='bbox 734 1136 774 1163; x_wconf 89' lang='lat' dir='ltr'>ut</span> <span class='ocrx_word' id='word_1_116' title='bbox 800 1130 952 1173; x_wconf 84' lang='lat' dir='ltr'>exempli</span> <span class='ocrx_word' id='word_1_117' title='bbox 979 1143 1098 1164; x_wconf 88' lang='lat' dir='ltr'>causa:</span> 
     </span>
     <span class='ocr_line' id='line_1_21' title="bbox 108 1178 1099 1224; baseline 0.005 -14"><span class='ocrx_word' id='word_1_118' title='bbox 108 1178 214 1212; x_wconf 86' lang='lat' dir='ltr'>initio</span> <span class='ocrx_word' id='word_1_119' title='bbox 233 1178 461 1214; x_wconf 88' lang='lat' dir='ltr'>anniChristi</span> <span class='ocrx_word' id='word_1_120' title='bbox 481 1179 591 1219; x_wconf 83' lang='grc'><strong>1492,</strong></span> <span class='ocrx_word' id='word_1_121' title='bbox 608 1186 685 1223; x_wconf 84' lang='lat' dir='ltr'>post</span> <span class='ocrx_word' id='word_1_122' title='bbox 705 1191 807 1224; x_wconf 90' lang='lat' dir='ltr'>quem</span> <span class='ocrx_word' id='word_1_123' title='bbox 827 1181 985 1224; x_wconf 87' lang='lat' dir='ltr'>proxime</span> <span class='ocrx_word' id='word_1_124' title='bbox 1002 1194 1099 1215; x_wconf 84' lang='lat' dir='ltr'>mor-</span> 
     </span>
     <span class='ocr_line' id='line_1_22' title="bbox 105 1229 1097 1275; baseline 0.003 -13"><span class='ocrx_word' id='word_1_125' title='bbox 105 1235 188 1262; x_wconf 90' lang='lat' dir='ltr'>tuus</span> <span class='ocrx_word' id='word_1_126' title='bbox 213 1236 264 1263; x_wconf 91' lang='lat' dir='ltr'>est</span> <span class='ocrx_word' id='word_1_127' title='bbox 282 1229 486 1264; x_wconf 86' lang='lat' dir='ltr'>Fridericus</span> <span class='ocrx_word' id='word_1_128' title='bbox 509 1230 654 1271; x_wconf 89' lang='lat' dir='ltr'>tertius,</span> <span class='ocrx_word' id='word_1_129' title='bbox 681 1229 869 1264; x_wconf 89' lang='lat' dir='ltr'>Romanus</span> <span class='ocrx_word' id='word_1_130' title='bbox 893 1231 1097 1275; x_wconf 88' lang='lat' dir='ltr'>imperator,</span> 
     </span>
     <span class='ocr_line' id='line_1_23' title="bbox 104 1278 1096 1325; baseline 0.003 -13"><span class='ocrx_word' id='word_1_131' title='bbox 104 1278 279 1313; x_wconf 88' lang='lat' dir='ltr'>Saturnus</span> <span class='ocrx_word' id='word_1_132' title='bbox 303 1281 341 1312; x_wconf 90' lang='lat' dir='ltr'>in</span> <span class='ocrx_word' id='word_1_133' title='bbox 359 1281 520 1325; x_wconf 85' lang='lat' dir='ltr'>Aquario</span> <span class='ocrx_word' id='word_1_134' title='bbox 545 1281 636 1324; x_wconf 85' lang='lat' dir='ltr'>cepit</span> <span class='ocrx_word' id='word_1_135' title='bbox 660 1280 704 1313; x_wconf 86' lang='lat' dir='ltr'>ab</span> <span class='ocrx_word' id='word_1_136' title='bbox 722 1279 894 1323; x_wconf 85' lang='lat' dir='ltr'>Ecliptica</span> <span class='ocrx_word' id='word_1_137' title='bbox 913 1282 1096 1316; x_wconf 86' lang='lat' dir='ltr'>deflectere</span> 
     </span>
     <span class='ocr_line' id='line_1_24' title="bbox 105 1330 1095 1372; baseline 0.004 -10"><span class='ocrx_word' id='word_1_138' title='bbox 105 1341 225 1362; x_wconf 89' lang='lat' dir='ltr'>versus</span> <span class='ocrx_word' id='word_1_139' title='bbox 247 1336 427 1371; x_wconf 85' lang='lat' dir='ltr'>austrum,</span> <span class='ocrx_word' id='word_1_140' title='bbox 451 1341 490 1363; x_wconf 92' lang='lat' dir='ltr'>ac</span> <span class='ocrx_word' id='word_1_141' title='bbox 516 1330 554 1362; x_wconf 93' lang='lat' dir='ltr'>in</span> <span class='ocrx_word' id='word_1_142' title='bbox 572 1330 632 1362; x_wconf 89' lang='lat' dir='ltr'>illa</span> <span class='ocrx_word' id='word_1_143' title='bbox 658 1337 757 1372; x_wconf 86' lang='lat' dir='ltr'>parte</span> <span class='ocrx_word' id='word_1_144' title='bbox 782 1339 1019 1366; x_wconf 80' lang='lat' dir='ltr'>commoratus</span> <span class='ocrx_word' id='word_1_145' title='bbox 1046 1341 1095 1367; x_wconf 89' lang='lat' dir='ltr'>est</span> 
     </span>
     <span class='ocr_line' id='line_1_25' title="bbox 102 1378 1095 1425; baseline 0.003 -13"><span class='ocrx_word' id='word_1_146' title='bbox 102 1391 215 1425; x_wconf 89' lang='lat' dir='ltr'>usque</span> <span class='ocrx_word' id='word_1_147' title='bbox 233 1380 271 1412; x_wconf 92' lang='lat' dir='ltr'>in</span> <span class='ocrx_word' id='word_1_148' title='bbox 289 1392 446 1413; x_wconf 89' lang='lat' dir='ltr'>mensem</span> <span class='ocrx_word' id='word_1_149' title='bbox 466 1379 599 1413; x_wconf 90' lang='lat' dir='ltr'>Iulium</span> <span class='ocrx_word' id='word_1_150' title='bbox 618 1379 702 1412; x_wconf 91' lang='lat' dir='ltr'>anni</span> <span class='ocrx_word' id='word_1_151' title='bbox 720 1378 838 1419; x_wconf 86' lang='lat'>1505,</span> <span class='ocrx_word' id='word_1_152' title='bbox 868 1392 980 1413; x_wconf 89' lang='lat' dir='ltr'>annos</span> <span class='ocrx_word' id='word_1_153' title='bbox 1001 1383 1045 1414; x_wconf 81' lang='lat'>15</span> <span class='ocrx_word' id='word_1_154' title='bbox 1063 1390 1095 1416; x_wconf 90' lang='lat' dir='ltr'>et</span> 
     </span>
     <span class='ocr_line' id='line_1_26' title="bbox 104 1429 1094 1475; baseline 0.004 -13"><span class='ocrx_word' id='word_1_155' title='bbox 104 1431 257 1474; x_wconf 89' lang='lat' dir='ltr'>amplius</span> <span class='ocrx_word' id='word_1_156' title='bbox 276 1431 439 1464; x_wconf 90' lang='lat' dir='ltr'>dimidio.</span> <span class='ocrx_word' id='word_1_157' title='bbox 493 1429 571 1463; x_wconf 90' lang='lat' dir='ltr'>Hoc</span> <span class='ocrx_word' id='word_1_158' title='bbox 593 1430 781 1463; x_wconf 84' lang='lat' dir='ltr'>intervallo</span> <span class='ocrx_word' id='word_1_159' title='bbox 806 1429 905 1463; x_wconf 88' lang='lat' dir='ltr'>Italia</span> <span class='ocrx_word' id='word_1_160' title='bbox 929 1432 1035 1475; x_wconf 86' lang='lat' dir='ltr'>longo</span> <span class='ocrx_word' id='word_1_161' title='bbox 1062 1440 1094 1469; x_wconf 89' lang='lat' dir='ltr'>et</span> 
     </span>
     <span class='ocr_line' id='line_1_27' title="bbox 102 1481 1091 1528; baseline 0.004 -15"><span class='ocrx_word' id='word_1_162' title='bbox 102 1481 239 1514; x_wconf 82' lang='lat' dir='ltr'>difficili</span> <span class='ocrx_word' id='word_1_163' title='bbox 256 1482 350 1515; x_wconf 91' lang='lat' dir='ltr'>bello</span> <span class='ocrx_word' id='word_1_164' title='bbox 368 1488 502 1522; x_wconf 81' lang='lat' dir='ltr'>vexata,</span> <span class='ocrx_word' id='word_1_165' title='bbox 530 1488 563 1515; x_wconf 95' lang='lat' dir='ltr'>et</span> <span class='ocrx_word' id='word_1_166' title='bbox 580 1493 674 1514; x_wconf 90' lang='lat' dir='ltr'>novo</span> <span class='ocrx_word' id='word_1_167' title='bbox 691 1481 807 1514; x_wconf 88' lang='lat' dir='ltr'>morbi</span> <span class='ocrx_word' id='word_1_168' title='bbox 824 1492 960 1524; x_wconf 83' lang='lat' dir='ltr'>genere,</span> <span class='ocrx_word' id='word_1_169' title='bbox 988 1495 1091 1528; x_wconf 87' lang='lat' dir='ltr'>quem</span> 
     </span>
     <span class='ocr_line' id='line_1_28' title="bbox 103 1530 784 1576; baseline 0.001 -13"><span class='ocrx_word' id='word_1_170' title='bbox 103 1530 287 1575; x_wconf 15' lang='lat' dir='ltr'>Gallicum*</span> <span class='ocrx_word' id='word_1_171' title='bbox 300 1533 537 1576; x_wconf 83' lang='lat' dir='ltr'>adpellarunt,</span> <span class='ocrx_word' id='word_1_172' title='bbox 565 1532 704 1565; x_wconf 88' lang='lat' dir='ltr'>adflicta</span> <span class='ocrx_word' id='word_1_173' title='bbox 724 1538 784 1564; x_wconf 89' lang='lat' dir='ltr'>est.</span> 
     </span>
    </p>

    <p class='ocr_par' dir='ltr' id='par_1_8' title="bbox 94 1589 1091 2132">
     <span class='ocr_line' id='line_1_29' title="bbox 203 1589 1091 1636; baseline 0.003 -13"><span class='ocrx_word' id='word_1_174' title='bbox 203 1589 321 1636; x_wconf 80' lang='lat' dir='ltr'>Atque</span> <span class='ocrx_word' id='word_1_175' title='bbox 339 1592 385 1626; x_wconf 86' lang='lat' dir='ltr'>ita</span> <span class='ocrx_word' id='word_1_176' title='bbox 404 1592 495 1625; x_wconf 89' lang='lat' dir='ltr'>circa</span> <span class='ocrx_word' id='word_1_177' title='bbox 520 1591 662 1624; x_wconf 90' lang='lat' dir='ltr'>initium</span> <span class='ocrx_word' id='word_1_178' title='bbox 690 1591 821 1624; x_wconf 87' lang='lat' dir='ltr'>mensis</span> <span class='ocrx_word' id='word_1_179' title='bbox 837 1591 988 1634; x_wconf 77' lang='lat' dir='ltr'>Augusti</span> <span class='ocrx_word' id='word_1_180' title='bbox 1005 1593 1091 1626; x_wconf 87' lang='lat' dir='ltr'>anni</span> 
     </span>
     <span class='ocr_line' id='line_1_30' title="bbox 105 1640 1089 1687; baseline 0.003 -13"><span class='ocrx_word' id='word_1_181' title='bbox 105 1641 220 1682; x_wconf 82' lang='lat'>1505,</span> <span class='ocrx_word' id='word_1_182' title='bbox 246 1642 352 1685; x_wconf 80' lang='lat' dir='ltr'>paulo</span> <span class='ocrx_word' id='word_1_183' title='bbox 369 1650 555 1687; x_wconf 79' lang='lat' dir='ltr'>antequam</span> <span class='ocrx_word' id='word_1_184' title='bbox 573 1648 735 1674; x_wconf 86' lang='lat' dir='ltr'>mortuus</span> <span class='ocrx_word' id='word_1_185' title='bbox 752 1649 801 1675; x_wconf 91' lang='lat' dir='ltr'>est</span> <span class='ocrx_word' id='word_1_186' title='bbox 819 1640 1008 1687; x_wconf 80' lang='lat' dir='ltr'>Philippus</span> <span class='ocrx_word' id='word_1_187' title='bbox 1032 1657 1089 1677; x_wconf 82' lang='lat' dir='ltr'>rex</span> 
     </span>
     <span class='ocr_line' id='line_1_31' title="bbox 101 1690 1089 1736; baseline 0.005 -13"><span class='ocrx_word' id='word_1_188' title='bbox 101 1690 367 1736; x_wconf 78' lang='lat' dir='ltr'>Hispaniarum,</span> <span class='ocrx_word' id='word_1_189' title='bbox 395 1693 634 1726; x_wconf 86' lang='lat' dir='ltr'>Maximiliani</span> <span class='ocrx_word' id='word_1_190' title='bbox 652 1692 873 1736; x_wconf 85' lang='lat' dir='ltr'>imperatoris</span> <span class='ocrx_word' id='word_1_191' title='bbox 894 1694 997 1735; x_wconf 80' lang='lat' dir='ltr'>filius,</span> <span class='ocrx_word' id='word_1_192' title='bbox 1021 1693 1089 1728; x_wconf 86' lang='lat' dir='ltr'>Ca-</span> 
     </span>
     <span class='ocr_line' id='line_1_32' title="bbox 98 1741 1088 1787; baseline 0.004 -13"><span class='ocrx_word' id='word_1_193' title='bbox 98 1743 165 1774; x_wconf 91' lang='lat' dir='ltr'>roli</span> <span class='ocrx_word' id='word_1_194' title='bbox 186 1742 227 1777; x_wconf 77' lang='lat' dir='ltr'>V.</span> <span class='ocrx_word' id='word_1_195' title='bbox 254 1750 371 1786; x_wconf 85' lang='lat' dir='ltr'>pater,</span> <span class='ocrx_word' id='word_1_196' title='bbox 398 1744 484 1777; x_wconf 89' lang='lat' dir='ltr'>citra</span> <span class='ocrx_word' id='word_1_197' title='bbox 501 1741 712 1786; x_wconf 87' lang='lat' dir='ltr'>Eclipticam</span> <span class='ocrx_word' id='word_1_198' title='bbox 733 1753 852 1775; x_wconf 89' lang='lat' dir='ltr'>versus</span> <span class='ocrx_word' id='word_1_199' title='bbox 877 1745 1088 1787; x_wconf 87' lang='lat' dir='ltr'>septentrio—</span> 
     </span>
     <span class='ocr_line' id='line_1_33' title="bbox 98 1793 1087 1833; baseline 0.004 -9"><span class='ocrx_word' id='word_1_200' title='bbox 98 1804 178 1826; x_wconf 89' lang='lat' dir='ltr'>nem</span> <span class='ocrx_word' id='word_1_201' title='bbox 204 1794 370 1826; x_wconf 86' lang='lat' dir='ltr'>accedens</span> <span class='ocrx_word' id='word_1_202' title='bbox 400 1793 597 1833; x_wconf 81' lang='lat' dir='ltr'>Saturnus‚</span> <span class='ocrx_word' id='word_1_203' title='bbox 640 1793 770 1825; x_wconf 89' lang='lat' dir='ltr'>nostris</span> <span class='ocrx_word' id='word_1_204' title='bbox 799 1794 989 1827; x_wconf 87' lang='lat' dir='ltr'>verticibus</span> <span class='ocrx_word' id='word_1_205' title='bbox 1020 1795 1087 1828; x_wconf 90' lang='lat' dir='ltr'>fuit</span> 
     </span>
     <span class='ocr_line' id='line_1_34' title="bbox 99 1840 1086 1889; baseline 0.002 -13"><span class='ocrx_word' id='word_1_206' title='bbox 99 1843 246 1888; x_wconf 90' lang='lat' dir='ltr'>propior</span> <span class='ocrx_word' id='word_1_207' title='bbox 267 1845 431 1889; x_wconf 89' lang='lat' dir='ltr'>usquead</span> <span class='ocrx_word' id='word_1_208' title='bbox 450 1844 555 1876; x_wconf 88' lang='lat' dir='ltr'>finem</span> <span class='ocrx_word' id='word_1_209' title='bbox 573 1843 658 1876; x_wconf 84' lang='lat' dir='ltr'>anni</span> <span class='ocrx_word' id='word_1_210' title='bbox 680 1840 789 1883; x_wconf 74' lang='lat'>1520,</span> <span class='ocrx_word' id='word_1_211' title='bbox 807 1856 876 1888; x_wconf 89' lang='lat' dir='ltr'>quo</span> <span class='ocrx_word' id='word_1_212' title='bbox 895 1851 973 1887; x_wconf 90' lang='lat' dir='ltr'>post</span> <span class='ocrx_word' id='word_1_213' title='bbox 991 1857 1086 1878; x_wconf 89' lang='lat' dir='ltr'>mor-</span> 
     </span>
     <span class='ocr_line' id='line_1_35' title="bbox 98 1893 1086 1938; baseline 0.003 -12"><span class='ocrx_word' id='word_1_214' title='bbox 98 1900 167 1927; x_wconf 89' lang='lat' dir='ltr'>tem</span> <span class='ocrx_word' id='word_1_215' title='bbox 192 1894 414 1938; x_wconf 88' lang='lat' dir='ltr'>imperatoris</span> <span class='ocrx_word' id='word_1_216' title='bbox 440 1893 698 1933; x_wconf 87' lang='lat' dir='ltr'>Maximiliani‚</span> <span class='ocrx_word' id='word_1_217' title='bbox 727 1906 855 1938; x_wconf 89' lang='lat' dir='ltr'>nepos,</span> <span class='ocrx_word' id='word_1_218' title='bbox 878 1893 1026 1928; x_wconf 86' lang='lat' dir='ltr'>Carolus</span> <span class='ocrx_word' id='word_1_219' title='bbox 1044 1895 1086 1929; x_wconf 83' lang='lat' dir='ltr'>V.</span> 
     </span>
     <span class='ocr_line' id='line_1_36' title="bbox 97 1943 1084 1988; baseline 0.001 -10"><span class='ocrx_word' id='word_1_220' title='bbox 97 1945 225 1979; x_wconf 87' lang='lat' dir='ltr'>electus</span> <span class='ocrx_word' id='word_1_221' title='bbox 252 1946 295 1978; x_wconf 88' lang='lat' dir='ltr'>ad</span> <span class='ocrx_word' id='word_1_222' title='bbox 314 1945 588 1986; x_wconf 84' lang='lat' dir='ltr'>successionem,</span> <span class='ocrx_word' id='word_1_223' title='bbox 616 1956 655 1977; x_wconf 89' lang='lat' dir='ltr'>ex</span> <span class='ocrx_word' id='word_1_224' title='bbox 674 1943 857 1988; x_wconf 91' lang='lat' dir='ltr'>Hispaniis</span> <span class='ocrx_word' id='word_1_225' title='bbox 878 1945 912 1977; x_wconf 93' lang='lat' dir='ltr'>in</span> <span class='ocrx_word' id='word_1_226' title='bbox 933 1944 1084 1979; x_wconf 85' lang='lat' dir='ltr'>Germa—</span> 
     </span>
     <span class='ocr_line' id='line_1_37' title="bbox 94 1996 1084 2041; baseline 0.002 -13"><span class='ocrx_word' id='word_1_227' title='bbox 94 1996 190 2028; x_wconf 83' lang='lat' dir='ltr'>niam</span> <span class='ocrx_word' id='word_1_228' title='bbox 223 1996 330 2032; x_wconf 86' lang='lat' dir='ltr'>venit.</span> <span class='ocrx_word' id='word_1_229' title='bbox 384 1996 468 2030; x_wconf 85' lang='lat' dir='ltr'>Fuit</span> <span class='ocrx_word' id='word_1_230' title='bbox 493 1996 529 2029; x_wconf 90' lang='lat' dir='ltr'>id</span> <span class='ocrx_word' id='word_1_231' title='bbox 555 2003 711 2040; x_wconf 87' lang='lat' dir='ltr'>tempus,</span> <span class='ocrx_word' id='word_1_232' title='bbox 747 1996 842 2040; x_wconf 87' lang='lat' dir='ltr'>quod</span> <span class='ocrx_word' id='word_1_233' title='bbox 866 1997 1084 2041; x_wconf 83' lang='lat' dir='ltr'>consumpsit</span> 
     </span>
     <span class='ocr_line' id='line_1_38' title="bbox 94 2045 1082 2091; baseline 0.002 -13"><span class='ocrx_word' id='word_1_234' title='bbox 94 2045 268 2080; x_wconf 90' lang='lat' dir='ltr'>Saturnus</span> <span class='ocrx_word' id='word_1_235' title='bbox 295 2047 332 2079; x_wconf 89' lang='lat' dir='ltr'>in</span> <span class='ocrx_word' id='word_1_236' title='bbox 363 2047 551 2081; x_wconf 88' lang='lat' dir='ltr'>latitudine</span> <span class='ocrx_word' id='word_1_237' title='bbox 580 2046 866 2091; x_wconf 84' lang='lat' dir='ltr'>septentrionali,</span> <span class='ocrx_word' id='word_1_238' title='bbox 907 2059 1082 2080; x_wconf 88' lang='lat' dir='ltr'>annorum</span> 
     </span>
     <span class='ocr_line' id='line_1_39' title="bbox 96 2096 487 2132; baseline 0.003 -1"><span class='ocrx_word' id='word_1_239' title='bbox 96 2096 142 2131; x_wconf 90' lang='lat'>15</span> <span class='ocrx_word' id='word_1_240' title='bbox 161 2103 193 2130; x_wconf 91' lang='lat' dir='ltr'>et</span> <span class='ocrx_word' id='word_1_241' title='bbox 210 2097 351 2131; x_wconf 87' lang='lat' dir='ltr'>dimidii</span> <span class='ocrx_word' id='word_1_242' title='bbox 368 2098 487 2132; x_wconf 89' lang='lat' dir='ltr'>ferme.</span> 
     </span>
    </p>

    <p class='ocr_par' dir='ltr' id='par_1_9' title="bbox 89 2145 1082 2395">
     <span class='ocr_line' id='line_1_40' title="bbox 195 2145 1081 2193; baseline 0.002 -13"><span class='ocrx_word' id='word_1_243' title='bbox 195 2145 252 2180; x_wconf 82' lang='lat' dir='ltr'>Ab</span> <span class='ocrx_word' id='word_1_244' title='bbox 265 2160 304 2182; x_wconf 90' lang='lat' dir='ltr'>eo</span> <span class='ocrx_word' id='word_1_245' title='bbox 321 2155 477 2193; x_wconf 86' lang='lat' dir='ltr'>tempore</span> <span class='ocrx_word' id='word_1_246' title='bbox 494 2159 615 2183; x_wconf 88' lang='lat' dir='ltr'>rursus</span> <span class='ocrx_word' id='word_1_247' title='bbox 631 2149 723 2183; x_wconf 88' lang='lat' dir='ltr'>ultra</span> <span class='ocrx_word' id='word_1_248' title='bbox 732 2145 943 2193; x_wconf 89' lang='lat' dir='ltr'>Eclipticam</span> <span class='ocrx_word' id='word_1_249' title='bbox 961 2159 1081 2182; x_wconf 90' lang='lat' dir='ltr'>versus</span> 
     </span>
     <span class='ocr_line' id='line_1_41' title="bbox 92 2198 1082 2240; baseline 0.001 -9"><span class='ocrx_word' id='word_1_250' title='bbox 92 2198 278 2231; x_wconf 88' lang='lat' dir='ltr'>meridiem</span> <span class='ocrx_word' id='word_1_251' title='bbox 298 2199 439 2234; x_wconf 86' lang='lat' dir='ltr'>incessit</span> <span class='ocrx_word' id='word_1_252' title='bbox 457 2211 570 2234; x_wconf 91' lang='lat' dir='ltr'>annos</span> <span class='ocrx_word' id='word_1_253' title='bbox 597 2199 644 2233; x_wconf 84' lang='lat'>13</span> <span class='ocrx_word' id='word_1_254' title='bbox 661 2207 695 2234; x_wconf 85' lang='lat' dir='ltr'>et</span> <span class='ocrx_word' id='word_1_255' title='bbox 713 2206 791 2234; x_wconf 91' lang='lat' dir='ltr'>octo</span> <span class='ocrx_word' id='word_1_256' title='bbox 807 2200 918 2232; x_wconf 89' lang='lat' dir='ltr'>ferme</span> <span class='ocrx_word' id='word_1_257' title='bbox 936 2210 1082 2240; x_wconf 89' lang='lat' dir='ltr'>menses,</span> 
     </span>
     <span class='ocr_line' id='line_1_42' title="bbox 92 2249 1080 2296; baseline 0.001 -14"><span class='ocrx_word' id='word_1_258' title='bbox 92 2260 204 2294; x_wconf 89' lang='lat' dir='ltr'>usque</span> <span class='ocrx_word' id='word_1_259' title='bbox 221 2249 266 2282; x_wconf 93' lang='lat' dir='ltr'>ad</span> <span class='ocrx_word' id='word_1_260' title='bbox 288 2260 420 2284; x_wconf 88' lang='lat' dir='ltr'>annum</span> <span class='ocrx_word' id='word_1_261' title='bbox 436 2249 570 2285; x_wconf 88' lang='lat' dir='ltr'>Christi</span> <span class='ocrx_word' id='word_1_262' title='bbox 592 2249 703 2292; x_wconf 79' lang='lat'>1534,</span> <span class='ocrx_word' id='word_1_263' title='bbox 731 2263 801 2296; x_wconf 92' lang='lat' dir='ltr'>quo</span> <span class='ocrx_word' id='word_1_264' title='bbox 820 2249 1080 2283; x_wconf 87' lang='lat' dir='ltr'>Monasterium</span> 
     </span>
     <span class='ocr_line' id='line_1_43' title="bbox 89 2297 1079 2347; baseline 0.001 -14"><span class='ocrx_word' id='word_1_265' title='bbox 89 2300 134 2334; x_wconf 90' lang='lat' dir='ltr'>ab</span> <span class='ocrx_word' id='word_1_266' title='bbox 156 2297 400 2344; x_wconf 84' lang='lat' dir='ltr'>Anabaptistis</span> <span class='ocrx_word' id='word_1_267' title='bbox 422 2309 630 2347; x_wconf 89' lang='lat' dir='ltr'>occupatum</span> <span class='ocrx_word' id='word_1_268' title='bbox 647 2302 734 2342; x_wconf 86' lang='lat' dir='ltr'>fuit,</span> <span class='ocrx_word' id='word_1_269' title='bbox 762 2308 796 2335; x_wconf 90' lang='lat' dir='ltr'>et</span> <span class='ocrx_word' id='word_1_270' title='bbox 821 2301 974 2335; x_wconf 80' lang='lat' dir='ltr'>extincto</span> <span class='ocrx_word' id='word_1_271' title='bbox 999 2299 1079 2335; x_wconf 90' lang='lat' dir='ltr'>Cle-</span> 
     </span>
     <span class='ocr_line' id='line_1_44' title="bbox 89 2350 924 2395; baseline 0.004 -12"><span class='ocrx_word' id='word_1_272' title='bbox 89 2350 200 2385; x_wconf 85' lang='lat' dir='ltr'>menti</span> <span class='ocrx_word' id='word_1_273' title='bbox 219 2350 377 2395; x_wconf 87' lang='lat' dir='ltr'>pontifici</span> <span class='ocrx_word' id='word_1_274' title='bbox 395 2350 525 2386; x_wconf 90' lang='lat' dir='ltr'>Paulus</span> <span class='ocrx_word' id='word_1_275' title='bbox 542 2353 666 2388; x_wconf 89' lang='lat' dir='ltr'>tertius</span> <span class='ocrx_word' id='word_1_276' title='bbox 680 2352 847 2387; x_wconf 86' lang='lat' dir='ltr'>suffectus</span> <span class='ocrx_word' id='word_1_277' title='bbox 861 2358 924 2386; x_wconf 88' lang='lat' dir='ltr'>est.</span> 
     </span>
    </p>

    <p class='ocr_par' dir='ltr' id='par_1_10' title="bbox 87 2399 1078 2649">
     <span class='ocr_line' id='line_1_45' title="bbox 191 2399 1078 2446; baseline 0 -11"><span class='ocrx_word' id='word_1_278' title='bbox 191 2399 224 2435; x_wconf 88' lang='lat' dir='ltr'>A</span> <span class='ocrx_word' id='word_1_279' title='bbox 242 2401 445 2446; x_wconf 86' lang='lat' dir='ltr'>Septembri</span> <span class='ocrx_word' id='word_1_280' title='bbox 469 2403 555 2436; x_wconf 87' lang='lat' dir='ltr'>anni</span> <span class='ocrx_word' id='word_1_281' title='bbox 576 2402 681 2438; x_wconf 85' lang='lat'>1534.</span> <span class='ocrx_word' id='word_1_282' title='bbox 700 2404 768 2438; x_wconf 86' lang='lat' dir='ltr'>suit</span> <span class='ocrx_word' id='word_1_283' title='bbox 783 2403 827 2437; x_wconf 88' lang='lat' dir='ltr'>ad</span> <span class='ocrx_word' id='word_1_284' title='bbox 852 2399 937 2436; x_wconf 91' lang='lat' dir='ltr'>haec</span> <span class='ocrx_word' id='word_1_285' title='bbox 958 2407 1078 2436; x_wconf 88' lang='lat' dir='ltr'>nostra</span> 
     </span>
     <span class='ocr_line' id='line_1_46' title="bbox 87 2453 1076 2498; baseline 0 -12"><span class='ocrx_word' id='word_1_286' title='bbox 87 2459 247 2497; x_wconf 87' lang='lat' dir='ltr'>tempora</span> <span class='ocrx_word' id='word_1_287' title='bbox 273 2464 386 2498; x_wconf 90' lang='lat' dir='ltr'>usque</span> <span class='ocrx_word' id='word_1_288' title='bbox 411 2453 695 2497; x_wconf 82' lang='lat' dir='ltr'>septentrionalis</span> <span class='ocrx_word' id='word_1_289' title='bbox 720 2453 916 2494; x_wconf 88' lang='lat' dir='ltr'>Saturnus,</span> <span class='ocrx_word' id='word_1_290' title='bbox 951 2460 985 2488; x_wconf 90' lang='lat' dir='ltr'>et</span> <span class='ocrx_word' id='word_1_291' title='bbox 1001 2465 1076 2486; x_wconf 89' lang='lat' dir='ltr'>eam</span> 
     </span>
     <span class='ocr_line' id='line_1_47' title="bbox 88 2503 1077 2539; baseline 0.001 -3"><span class='ocrx_word' id='word_1_292' title='bbox 88 2503 316 2537; x_wconf 89' lang='lat' dir='ltr'>latitudinem</span> <span class='ocrx_word' id='word_1_293' title='bbox 348 2515 422 2537; x_wconf 90' lang='lat' dir='ltr'>non</span> <span class='ocrx_word' id='word_1_294' title='bbox 452 2504 683 2538; x_wconf 88' lang='lat' dir='ltr'>commutabit</span> <span class='ocrx_word' id='word_1_295' title='bbox 708 2512 789 2539; x_wconf 87' lang='lat' dir='ltr'>ante</span> <span class='ocrx_word' id='word_1_296' title='bbox 820 2503 992 2537; x_wconf 90' lang='lat' dir='ltr'>Martium</span> <span class='ocrx_word' id='word_1_297' title='bbox 1023 2515 1077 2537; x_wconf 90' lang='lat' dir='ltr'>se-</span> 
     </span>
     <span class='ocr_line' id='line_1_48' title="bbox 87 2552 1076 2598; baseline 0.002 -12"><span class='ocrx_word' id='word_1_298' title='bbox 87 2553 228 2598; x_wconf 88' lang='lat' dir='ltr'>quentis</span> <span class='ocrx_word' id='word_1_299' title='bbox 253 2554 338 2587; x_wconf 84' lang='lat' dir='ltr'>anni</span> <span class='ocrx_word' id='word_1_300' title='bbox 358 2552 487 2595; x_wconf 63' lang='lat'>1550„</span> <span class='ocrx_word' id='word_1_301' title='bbox 512 2553 647 2598; x_wconf 88' lang='lat' dir='ltr'>eritque</span> <span class='ocrx_word' id='word_1_302' title='bbox 671 2561 807 2598; x_wconf 87' lang='lat' dir='ltr'>tempus</span> <span class='ocrx_word' id='word_1_303' title='bbox 824 2552 931 2588; x_wconf 88' lang='lat' dir='ltr'>huius</span> <span class='ocrx_word' id='word_1_304' title='bbox 955 2554 1076 2588; x_wconf 89' lang='lat' dir='ltr'>latitu-</span> 
     </span>
     <span class='ocr_line' id='line_1_49' title="bbox 87 2604 1073 2649; baseline 0.001 -13"><span class='ocrx_word' id='word_1_305' title='bbox 87 2604 181 2637; x_wconf 86' lang='lat' dir='ltr'>dinis</span> <span class='ocrx_word' id='word_1_306' title='bbox 210 2605 493 2649; x_wconf 86' lang='lat' dir='ltr'>septentrionalis</span> <span class='ocrx_word' id='word_1_307' title='bbox 524 2604 652 2640; x_wconf 89' lang='lat' dir='ltr'>iterum</span> <span class='ocrx_word' id='word_1_308' title='bbox 685 2616 861 2639; x_wconf 88' lang='lat' dir='ltr'>annorum</span> <span class='ocrx_word' id='word_1_309' title='bbox 885 2605 931 2642; x_wconf 87' lang='lat'>15</span> <span class='ocrx_word' id='word_1_310' title='bbox 957 2611 990 2640; x_wconf 88' lang='lat' dir='ltr'>et</span> <span class='ocrx_word' id='word_1_311' title='bbox 1017 2605 1073 2638; x_wconf 87' lang='lat' dir='ltr'>di-</span> 
     </span>
    </p>
   </div>
   <div class='ocr_carea' id='block_1_7' title="bbox 86 2655 204 2691">
    <p class='ocr_par' dir='ltr' id='par_1_11' title="bbox 86 2655 204 2691">
     <span class='ocr_line' id='line_1_50' title="bbox 86 2655 204 2691; baseline 0.008 -4"><span class='ocrx_word' id='word_1_312' title='bbox 86 2655 204 2691; x_wconf 82' lang='lat' dir='ltr'>midii.</span> 
     </span>
    </p>
   </div>
   <div class='ocr_carea' id='block_1_8' title="bbox 853 89 1580 133">
    <p class='ocr_par' dir='ltr' id='par_1_12' title="bbox 853 89 1580 133">
     <span class='ocr_line' id='line_1_51' title="bbox 853 89 1580 133; baseline 0.007 -6"><span class='ocrx_word' id='word_1_313' title='bbox 853 91 1011 128; x_wconf 86' lang='lat' dir='ltr'><strong>INITIA</strong></span> <span class='ocrx_word' id='word_1_314' title='bbox 1037 89 1298 128; x_wconf 89' lang='lat' dir='ltr'>DOCTRINA</span> <span class='ocrx_word' id='word_1_315' title='bbox 1325 92 1580 133; x_wconf 84' lang='lat' dir='ltr'>PHYSICAE.</span> 
     </span>
    </p>
   </div>
   <div class='ocr_carea' id='block_1_9' title="bbox 2086 104 2162 140">
    <p class='ocr_par' dir='ltr' id='par_1_13' title="bbox 2086 104 2162 140">
     <span class='ocr_line' id='line_1_52' title="bbox 2086 104 2162 140; baseline 0 -1"><span class='ocrx_word' id='word_1_316' title='bbox 2086 104 2162 140; x_wconf 75' lang='lat'>270</span> 
     </span>
    </p>
   </div>
   <div class='ocr_carea' id='block_1_10' title="bbox 1163 176 2156 569">
    <p class='ocr_par' dir='ltr' id='par_1_14' title="bbox 1163 176 2156 569">
     <span class='ocr_line' id='line_1_53' title="bbox 1274 176 2156 226; baseline 0.015 -16"><span class='ocrx_word' id='word_1_317' title='bbox 1274 176 1370 211; x_wconf 85' lang='lat' dir='ltr'>Haec</span> <span class='ocrx_word' id='word_1_318' title='bbox 1402 182 1558 224; x_wconf 85' lang='lat' dir='ltr'>exempla</span> <span class='ocrx_word' id='word_1_319' title='bbox 1589 181 1669 215; x_wconf 89' lang='lat' dir='ltr'>ideo</span> <span class='ocrx_word' id='word_1_320' title='bbox 1702 181 1865 226; x_wconf 85' lang='lat' dir='ltr'>recitavi,</span> <span class='ocrx_word' id='word_1_321' title='bbox 1900 192 1938 220; x_wconf 91' lang='lat' dir='ltr'>ut</span> <span class='ocrx_word' id='word_1_322' title='bbox 1968 185 2156 223; x_wconf 76' lang='lat' dir='ltr'>intervalla</span> 
     </span>
     <span class='ocr_line' id='line_1_54' title="bbox 1170 229 2155 282; baseline 0.014 -23"><span class='ocrx_word' id='word_1_323' title='bbox 1170 234 1384 261; x_wconf 89' lang='lat' dir='ltr'>mutatarum</span> <span class='ocrx_word' id='word_1_324' title='bbox 1404 229 1632 265; x_wconf 87' lang='lat' dir='ltr'>latitudinum</span> <span class='ocrx_word' id='word_1_325' title='bbox 1649 233 1744 266; x_wconf 91' lang='lat' dir='ltr'>cerni</span> <span class='ocrx_word' id='word_1_326' title='bbox 1763 243 1923 278; x_wconf 88' lang='lat' dir='ltr'>possent,</span> <span class='ocrx_word' id='word_1_327' title='bbox 1951 250 2039 282; x_wconf 90' lang='lat' dir='ltr'>quae</span> <span class='ocrx_word' id='word_1_328' title='bbox 2057 239 2155 273; x_wconf 84' lang='lat' dir='ltr'>inae-</span> 
     </span>
     <span class='ocr_line' id='line_1_55' title="bbox 1170 279 2154 323; baseline 0.014 -14"><span class='ocrx_word' id='word_1_329' title='bbox 1170 279 1287 323; x_wconf 89' lang='lat' dir='ltr'>qualia</span> <span class='ocrx_word' id='word_1_330' title='bbox 1306 285 1407 319; x_wconf 87' lang='lat' dir='ltr'>sunt,</span> <span class='ocrx_word' id='word_1_331' title='bbox 1435 280 1481 312; x_wconf 87' lang='lat' dir='ltr'>ita</span> <span class='ocrx_word' id='word_1_332' title='bbox 1499 288 1536 314; x_wconf 89' lang='lat' dir='ltr'>ut</span> <span class='ocrx_word' id='word_1_333' title='bbox 1555 282 1699 316; x_wconf 91' lang='lat' dir='ltr'>biennio</span> <span class='ocrx_word' id='word_1_334' title='bbox 1716 285 1788 318; x_wconf 89' lang='lat' dir='ltr'>fere</span> <span class='ocrx_word' id='word_1_335' title='bbox 1805 286 1937 320; x_wconf 89' lang='lat' dir='ltr'>diutius</span> <span class='ocrx_word' id='word_1_336' title='bbox 1959 300 2154 322; x_wconf 84' lang='lat' dir='ltr'>commore—</span> 
     </span>
     <span class='ocr_line' id='line_1_56' title="bbox 1168 328 2150 384; baseline 0.013 -24"><span class='ocrx_word' id='word_1_337' title='bbox 1168 335 1226 361; x_wconf 89' lang='lat' dir='ltr'>tur</span> <span class='ocrx_word' id='word_1_338' title='bbox 1250 328 1426 362; x_wconf 79' lang='lat' dir='ltr'>Saturnus</span> <span class='ocrx_word' id='word_1_339' title='bbox 1450 329 1486 362; x_wconf 90' lang='lat' dir='ltr'>in</span> <span class='ocrx_word' id='word_1_340' title='bbox 1512 330 1700 366; x_wconf 86' lang='lat' dir='ltr'>latitudine</span> <span class='ocrx_word' id='word_1_341' title='bbox 1724 338 2011 379; x_wconf 79' lang='lat' dir='ltr'>septentrionali,</span> <span class='ocrx_word' id='word_1_342' title='bbox 2046 352 2150 384; x_wconf 83' lang='lat' dir='ltr'>quam</span> 
     </span>
     <span class='ocr_line' id='line_1_57' title="bbox 1167 379 2152 423; baseline 0.012 -12"><span class='ocrx_word' id='word_1_343' title='bbox 1167 379 1203 411; x_wconf 91' lang='lat' dir='ltr'>in</span> <span class='ocrx_word' id='word_1_344' title='bbox 1220 379 1429 413; x_wconf 88' lang='lat' dir='ltr'>meridiana.</span> <span class='ocrx_word' id='word_1_345' title='bbox 1456 379 1587 414; x_wconf 62' lang='lat' dir='ltr'>Vidisti</span> <span class='ocrx_word' id='word_1_346' title='bbox 1603 383 1696 414; x_wconf 89' lang='lat' dir='ltr'>enim</span> <span class='ocrx_word' id='word_1_347' title='bbox 1712 384 1747 416; x_wconf 90' lang='lat' dir='ltr'>in</span> <span class='ocrx_word' id='word_1_348' title='bbox 1767 387 1858 420; x_wconf 87' lang='lat' dir='ltr'>binis</span> <span class='ocrx_word' id='word_1_349' title='bbox 1875 389 2082 422; x_wconf 81' lang='lat' dir='ltr'>meridianis</span> <span class='ocrx_word' id='word_1_350' title='bbox 2100 391 2152 423; x_wconf 80' lang='lat' dir='ltr'>la-</span> 
     </span>
     <span class='ocr_line' id='line_1_58' title="bbox 1165 429 2150 473; baseline 0.012 -11"><span class='ocrx_word' id='word_1_351' title='bbox 1165 429 1379 463; x_wconf 88' lang='lat' dir='ltr'>titudinibus</span> <span class='ocrx_word' id='word_1_352' title='bbox 1412 442 1490 463; x_wconf 88' lang='lat' dir='ltr'>eum</span> <span class='ocrx_word' id='word_1_353' title='bbox 1517 431 1562 464; x_wconf 83' lang='lat'>13</span> <span class='ocrx_word' id='word_1_354' title='bbox 1596 443 1707 465; x_wconf 87' lang='lat' dir='ltr'>anuos</span> <span class='ocrx_word' id='word_1_355' title='bbox 1741 441 1771 466; x_wconf 87' lang='lat' dir='ltr'>et</span> <span class='ocrx_word' id='word_1_356' title='bbox 1802 437 1932 471; x_wconf 80' lang='lat' dir='ltr'>bessem</span> <span class='ocrx_word' id='word_1_357' title='bbox 1968 440 2039 472; x_wconf 85' lang='lat' dir='ltr'>sere</span> <span class='ocrx_word' id='word_1_358' title='bbox 2066 453 2150 473; x_wconf 82' lang='lat' dir='ltr'>con—</span> 
     </span>
     <span class='ocr_line' id='line_1_59' title="bbox 1165 481 2148 528; baseline 0.013 -16"><span class='ocrx_word' id='word_1_359' title='bbox 1165 481 1365 524; x_wconf 84' lang='lat' dir='ltr'>sumpsisse.</span> <span class='ocrx_word' id='word_1_360' title='bbox 1418 481 1459 514; x_wconf 92' lang='lat' dir='ltr'>In</span> <span class='ocrx_word' id='word_1_361' title='bbox 1477 482 1594 514; x_wconf 90' lang='lat' dir='ltr'>alteris</span> <span class='ocrx_word' id='word_1_362' title='bbox 1613 489 1727 515; x_wconf 87' lang='lat' dir='ltr'>autem</span> <span class='ocrx_word' id='word_1_363' title='bbox 1747 489 2080 528; x_wconf 82' lang='lat' dir='ltr'>septentrionalibus</span> <span class='ocrx_word' id='word_1_364' title='bbox 2096 491 2148 524; x_wconf 80' lang='lat' dir='ltr'>la-</span> 
     </span>
     <span class='ocr_line' id='line_1_60' title="bbox 1163 529 1818 569; baseline 0.006 -6"><span class='ocrx_word' id='word_1_365' title='bbox 1163 531 1377 565; x_wconf 90' lang='lat' dir='ltr'>titudinibus</span> <span class='ocrx_word' id='word_1_366' title='bbox 1395 529 1441 565; x_wconf 85' lang='lat'>15</span> <span class='ocrx_word' id='word_1_367' title='bbox 1461 544 1576 565; x_wconf 88' lang='lat' dir='ltr'>annos</span> <span class='ocrx_word' id='word_1_368' title='bbox 1593 539 1627 566; x_wconf 90' lang='lat' dir='ltr'>et</span> <span class='ocrx_word' id='word_1_369' title='bbox 1645 541 1818 569; x_wconf 86' lang='lat' dir='ltr'>semestre.</span> 
     </span>
    </p>
   </div>
   <div class='ocr_carea' id='block_1_11' title="bbox 1150 589 2148 1242">
    <p class='ocr_par' dir='ltr' id='par_1_15' title="bbox 1150 589 2148 1242">
     <span class='ocr_line' id='line_1_61' title="bbox 1263 589 2148 641; baseline 0.012 -18"><span class='ocrx_word' id='word_1_370' title='bbox 1263 589 1376 624; x_wconf 86' lang='lat' dir='ltr'>Causa</span> <span class='ocrx_word' id='word_1_371' title='bbox 1407 589 1514 625; x_wconf 88' lang='lat' dir='ltr'>huius</span> <span class='ocrx_word' id='word_1_372' title='bbox 1548 592 1809 637; x_wconf 84' lang='lat' dir='ltr'>inaequalitatis</span> <span class='ocrx_word' id='word_1_373' title='bbox 1848 595 1973 628; x_wconf 89' lang='lat' dir='ltr'>similis</span> <span class='ocrx_word' id='word_1_374' title='bbox 2004 606 2052 632; x_wconf 85' lang='lat' dir='ltr'>est</span> <span class='ocrx_word' id='word_1_375' title='bbox 2083 601 2148 641; x_wconf 89' lang='lat' dir='ltr'>illi,</span> 
     </span>
     <span class='ocr_line' id='line_1_62' title="bbox 1161 641 2147 692; baseline 0.01 -20"><span class='ocrx_word' id='word_1_376' title='bbox 1161 652 1228 684; x_wconf 90' lang='lat' dir='ltr'>qua</span> <span class='ocrx_word' id='word_1_377' title='bbox 1247 641 1295 681; x_wconf 87' lang='lat' dir='ltr'>fit,</span> <span class='ocrx_word' id='word_1_378' title='bbox 1313 648 1351 675; x_wconf 90' lang='lat' dir='ltr'>ut</span> <span class='ocrx_word' id='word_1_379' title='bbox 1369 641 1431 676; x_wconf 90' lang='lat' dir='ltr'>Sol</span> <span class='ocrx_word' id='word_1_380' title='bbox 1445 642 1578 676; x_wconf 92' lang='lat' dir='ltr'>diutius</span> <span class='ocrx_word' id='word_1_381' title='bbox 1599 643 1634 675; x_wconf 89' lang='lat' dir='ltr'>iu</span> <span class='ocrx_word' id='word_1_382' title='bbox 1653 644 1836 677; x_wconf 81' lang='lat' dir='ltr'>medietate</span> <span class='ocrx_word' id='word_1_383' title='bbox 1848 644 1992 678; x_wconf 80' lang='lat' dir='ltr'>Zodiaci</span> <span class='ocrx_word' id='word_1_384' title='bbox 2010 659 2147 692; x_wconf 77' lang='lat' dir='ltr'>septen-</span> 
     </span>
     <span class='ocr_line' id='line_1_63' title="bbox 1160 691 2145 737; baseline 0.009 -14"><span class='ocrx_word' id='word_1_385' title='bbox 1160 691 1325 732; x_wconf 89' lang='lat' dir='ltr'>trionali,</span> <span class='ocrx_word' id='word_1_386' title='bbox 1361 705 1466 737; x_wconf 92' lang='lat' dir='ltr'>quam</span> <span class='ocrx_word' id='word_1_387' title='bbox 1498 693 1645 726; x_wconf 82' lang='lat' dir='ltr'>australi</span> <span class='ocrx_word' id='word_1_388' title='bbox 1674 694 1805 726; x_wconf 85' lang='lat' dir='ltr'>morari</span> <span class='ocrx_word' id='word_1_389' title='bbox 1831 695 2000 730; x_wconf 83' lang='lat' dir='ltr'>videatur.</span> <span class='ocrx_word' id='word_1_390' title='bbox 2058 698 2145 732; x_wconf 88' lang='lat' dir='ltr'>Nam</span> 
     </span>
     <span class='ocr_line' id='line_1_64' title="bbox 1159 739 2147 792; baseline 0.01 -20"><span class='ocrx_word' id='word_1_391' title='bbox 1159 740 1198 773; x_wconf 91' lang='lat' dir='ltr'>in</span> <span class='ocrx_word' id='word_1_392' title='bbox 1225 739 1280 775; x_wconf 91' lang='lat' dir='ltr'>his</span> <span class='ocrx_word' id='word_1_393' title='bbox 1307 742 1464 778; x_wconf 88' lang='lat' dir='ltr'>Planetis</span> <span class='ocrx_word' id='word_1_394' title='bbox 1499 743 1743 788; x_wconf 89' lang='lat' dir='ltr'>superioribus</span> <span class='ocrx_word' id='word_1_395' title='bbox 1778 745 1924 788; x_wconf 84' lang='lat' dir='ltr'>planum</span> <span class='ocrx_word' id='word_1_396' title='bbox 1954 745 2147 792; x_wconf 87' lang='lat' dir='ltr'>Eclipticae</span> 
     </span>
     <span class='ocr_line' id='line_1_65' title="bbox 1158 791 2148 841; baseline 0.009 -18"><span class='ocrx_word' id='word_1_397' title='bbox 1158 791 1345 827; x_wconf 89' lang='lat' dir='ltr'>intersecat</span> <span class='ocrx_word' id='word_1_398' title='bbox 1377 795 1593 835; x_wconf 82' lang='lat' dir='ltr'>deferentes,</span> <span class='ocrx_word' id='word_1_399' title='bbox 1638 806 1712 827; x_wconf 91' lang='lat' dir='ltr'>non</span> <span class='ocrx_word' id='word_1_400' title='bbox 1744 807 1805 838; x_wconf 89' lang='lat' dir='ltr'>per</span> <span class='ocrx_word' id='word_1_401' title='bbox 1834 803 1952 830; x_wconf 90' lang='lat' dir='ltr'>centra</span> <span class='ocrx_word' id='word_1_402' title='bbox 1978 798 2148 841; x_wconf 84' lang='lat' dir='ltr'>ipsorum,</span> 
     </span>
     <span class='ocr_line' id='line_1_66' title="bbox 1157 843 2146 890; baseline 0.009 -16"><span class='ocrx_word' id='word_1_403' title='bbox 1157 843 1215 875; x_wconf 92' lang='lat' dir='ltr'>sed</span> <span class='ocrx_word' id='word_1_404' title='bbox 1234 855 1296 887; x_wconf 89' lang='lat' dir='ltr'>per</span> <span class='ocrx_word' id='word_1_405' title='bbox 1314 851 1473 879; x_wconf 88' lang='lat' dir='ltr'>centrum</span> <span class='ocrx_word' id='word_1_406' title='bbox 1491 845 1636 886; x_wconf 90' lang='lat' dir='ltr'>mundi,</span> <span class='ocrx_word' id='word_1_407' title='bbox 1663 847 1757 890; x_wconf 90' lang='lat' dir='ltr'>quod</span> <span class='ocrx_word' id='word_1_408' title='bbox 1777 853 1827 879; x_wconf 91' lang='lat' dir='ltr'>est</span> <span class='ocrx_word' id='word_1_409' title='bbox 1843 846 1933 880; x_wconf 88' lang='lat' dir='ltr'>infra</span> <span class='ocrx_word' id='word_1_410' title='bbox 1950 856 2066 882; x_wconf 89' lang='lat' dir='ltr'>centra</span> <span class='ocrx_word' id='word_1_411' title='bbox 2085 851 2146 882; x_wconf 93' lang='lat' dir='ltr'>de-</span> 
     </span>
     <span class='ocr_line' id='line_1_67' title="bbox 1154 892 2145 938; baseline 0.009 -14"><span class='ocrx_word' id='word_1_412' title='bbox 1154 892 1356 929; x_wconf 88' lang='lat' dir='ltr'>ferentium.</span> <span class='ocrx_word' id='word_1_413' title='bbox 1424 894 1514 929; x_wconf 91' lang='lat' dir='ltr'>Cum</span> <span class='ocrx_word' id='word_1_414' title='bbox 1554 895 1661 938; x_wconf 86' lang='lat' dir='ltr'>igitur</span> <span class='ocrx_word' id='word_1_415' title='bbox 1697 896 1931 929; x_wconf 82' lang='lat' dir='ltr'>deferentium</span> <span class='ocrx_word' id='word_1_416' title='bbox 1967 906 2082 933; x_wconf 86' lang='lat' dir='ltr'>centra</span> <span class='ocrx_word' id='word_1_417' title='bbox 2112 907 2145 933; x_wconf 86' lang='lat' dir='ltr'>et</span> 
     </span>
     <span class='ocr_line' id='line_1_68' title="bbox 1154 945 2143 991; baseline 0.007 -15"><span class='ocrx_word' id='word_1_418' title='bbox 1154 954 1283 987; x_wconf 84' lang='lat' dir='ltr'>apogea</span> <span class='ocrx_word' id='word_1_419' title='bbox 1301 952 1468 989; x_wconf 85' lang='lat' dir='ltr'>perpetuo</span> <span class='ocrx_word' id='word_1_420' title='bbox 1486 945 1556 978; x_wconf 90' lang='lat' dir='ltr'>sint</span> <span class='ocrx_word' id='word_1_421' title='bbox 1578 951 1672 979; x_wconf 90' lang='lat' dir='ltr'>extra</span> <span class='ocrx_word' id='word_1_422' title='bbox 1686 946 1833 990; x_wconf 89' lang='lat' dir='ltr'>planum</span> <span class='ocrx_word' id='word_1_423' title='bbox 1850 945 2043 991; x_wconf 83' lang='lat' dir='ltr'>Eclipticae</span> <span class='ocrx_word' id='word_1_424' title='bbox 2065 962 2143 983; x_wconf 80' lang='lat' dir='ltr'>ver-</span> 
     </span>
     <span class='ocr_line' id='line_1_69' title="bbox 1155 996 2144 1045; baseline 0.006 -18"><span class='ocrx_word' id='word_1_425' title='bbox 1155 1004 1212 1026; x_wconf 88' lang='lat' dir='ltr'>sus</span> <span class='ocrx_word' id='word_1_426' title='bbox 1229 996 1506 1038; x_wconf 88' lang='lat' dir='ltr'>septentrionem</span> <span class='ocrx_word' id='word_1_427' title='bbox 1534 1007 1639 1040; x_wconf 90' lang='lat' dir='ltr'>supra</span> <span class='ocrx_word' id='word_1_428' title='bbox 1666 1003 1824 1030; x_wconf 92' lang='lat' dir='ltr'>centrum</span> <span class='ocrx_word' id='word_1_429' title='bbox 1852 999 2000 1040; x_wconf 88' lang='lat' dir='ltr'>mundi,</span> <span class='ocrx_word' id='word_1_430' title='bbox 2025 1001 2144 1045; x_wconf 89' lang='lat' dir='ltr'>sequi-</span> 
     </span>
     <span class='ocr_line' id='line_1_70' title="bbox 1153 1046 2142 1093; baseline 0.006 -16"><span class='ocrx_word' id='word_1_431' title='bbox 1153 1050 1211 1077; x_wconf 92' lang='lat' dir='ltr'>tur</span> <span class='ocrx_word' id='word_1_432' title='bbox 1228 1057 1347 1078; x_wconf 87' lang='lat' dir='ltr'>arcum</span> <span class='ocrx_word' id='word_1_433' title='bbox 1366 1046 1565 1081; x_wconf 87' lang='lat' dir='ltr'>latitudinis</span> <span class='ocrx_word' id='word_1_434' title='bbox 1583 1046 1880 1090; x_wconf 77' lang='lat' dir='ltr'>septentrionalis,</span> <span class='ocrx_word' id='word_1_435' title='bbox 1908 1049 1969 1093; x_wconf 90' lang='lat' dir='ltr'>qui</span> <span class='ocrx_word' id='word_1_436' title='bbox 1986 1061 2142 1093; x_wconf 85' lang='lat' dir='ltr'>apogeon</span> 
     </span>
     <span class='ocr_line' id='line_1_71' title="bbox 1153 1097 2143 1139; baseline 0.006 -12"><span class='ocrx_word' id='word_1_437' title='bbox 1153 1106 1294 1139; x_wconf 89' lang='lat' dir='ltr'>quoque</span> <span class='ocrx_word' id='word_1_438' title='bbox 1319 1097 1495 1137; x_wconf 87' lang='lat' dir='ltr'>continet,</span> <span class='ocrx_word' id='word_1_439' title='bbox 1528 1097 1698 1129; x_wconf 87' lang='lat' dir='ltr'>maiorem</span> <span class='ocrx_word' id='word_1_440' title='bbox 1732 1109 1804 1130; x_wconf 90' lang='lat' dir='ltr'>esse</span> <span class='ocrx_word' id='word_1_441' title='bbox 1834 1109 1918 1131; x_wconf 91' lang='lat' dir='ltr'>arcu</span> <span class='ocrx_word' id='word_1_442' title='bbox 1943 1099 2143 1134; x_wconf 88' lang='lat' dir='ltr'>latitudinis</span> 
     </span>
     <span class='ocr_line' id='line_1_72' title="bbox 1151 1146 2141 1189; baseline 0.007 -12"><span class='ocrx_word' id='word_1_443' title='bbox 1151 1146 1380 1181; x_wconf 88' lang='lat' dir='ltr'>meridianae.</span> <span class='ocrx_word' id='word_1_444' title='bbox 1434 1146 1553 1189; x_wconf 82' lang='lat' dir='ltr'>Quare</span> <span class='ocrx_word' id='word_1_445' title='bbox 1575 1147 1708 1179; x_wconf 88' lang='lat' dir='ltr'>diutius</span> <span class='ocrx_word' id='word_1_446' title='bbox 1731 1155 1970 1182; x_wconf 90' lang='lat' dir='ltr'>commoratur</span> <span class='ocrx_word' id='word_1_447' title='bbox 1995 1149 2141 1184; x_wconf 87' lang='lat' dir='ltr'>Planeta</span> 
     </span>
     <span class='ocr_line' id='line_1_73' title="bbox 1150 1195 2062 1242; baseline 0.007 -15"><span class='ocrx_word' id='word_1_448' title='bbox 1150 1195 1186 1227; x_wconf 93' lang='lat' dir='ltr'>in</span> <span class='ocrx_word' id='word_1_449' title='bbox 1203 1197 1471 1240; x_wconf 88' lang='lat' dir='ltr'>septentrionali</span> <span class='ocrx_word' id='word_1_450' title='bbox 1492 1197 1700 1237; x_wconf 84' lang='lat' dir='ltr'>latitudine,</span> <span class='ocrx_word' id='word_1_451' title='bbox 1726 1209 1830 1242; x_wconf 90' lang='lat' dir='ltr'>quam</span> <span class='ocrx_word' id='word_1_452' title='bbox 1849 1198 1885 1230; x_wconf 88' lang='lat' dir='ltr'>in</span> <span class='ocrx_word' id='word_1_453' title='bbox 1902 1200 2062 1234; x_wconf 87' lang='lat' dir='ltr'>australi.</span> 
     </span>
    </p>
   </div>
   <div class='ocr_carea' id='block_1_12' title="bbox 1135 1260 2139 2067">
    <p class='ocr_par' dir='ltr' id='par_1_16' title="bbox 1142 1260 2139 1699">
     <span class='ocr_line' id='line_1_74' title="bbox 1250 1260 2139 1308; baseline 0.008 -13"><span class='ocrx_word' id='word_1_454' title='bbox 1250 1260 1395 1308; x_wconf 81' lang='lat' dir='ltr'>Iupiter</span> <span class='ocrx_word' id='word_1_455' title='bbox 1413 1269 1528 1296; x_wconf 90' lang='lat' dir='ltr'>autem</span> <span class='ocrx_word' id='word_1_456' title='bbox 1546 1274 1643 1296; x_wconf 89' lang='lat' dir='ltr'>suam</span> <span class='ocrx_word' id='word_1_457' title='bbox 1663 1263 1701 1295; x_wconf 88' lang='lat' dir='ltr'>in</span> <span class='ocrx_word' id='word_1_458' title='bbox 1719 1264 1896 1298; x_wconf 87' lang='lat' dir='ltr'>deferente</span> <span class='ocrx_word' id='word_1_459' title='bbox 1913 1265 2139 1301; x_wconf 86' lang='lat' dir='ltr'>latitudinem</span> 
     </span>
     <span class='ocr_line' id='line_1_75' title="bbox 1147 1310 2139 1362; baseline 0.007 -18"><span class='ocrx_word' id='word_1_460' title='bbox 1147 1313 1458 1356; x_wconf 87' lang='lat' dir='ltr'>septentrionalem</span> <span class='ocrx_word' id='word_1_461' title='bbox 1479 1310 1631 1347; x_wconf 42' lang='lat' dir='ltr'>absolsit</span> <span class='ocrx_word' id='word_1_462' title='bbox 1648 1314 1757 1346; x_wconf 81' lang='lat' dir='ltr'>ferme</span> <span class='ocrx_word' id='word_1_463' title='bbox 1776 1325 1834 1347; x_wconf 87' lang='lat' dir='ltr'>sex</span> <span class='ocrx_word' id='word_1_464' title='bbox 1853 1316 1956 1349; x_wconf 88' lang='lat' dir='ltr'>annis</span> <span class='ocrx_word' id='word_1_465' title='bbox 1976 1324 2008 1350; x_wconf 93' lang='lat' dir='ltr'>et</span> <span class='ocrx_word' id='word_1_466' title='bbox 2033 1318 2139 1362; x_wconf 82' lang='lat' dir='ltr'>quin-</span> 
     </span>
     <span class='ocr_line' id='line_1_76' title="bbox 1148 1362 2138 1405; baseline 0.007 -11"><span class='ocrx_word' id='word_1_467' title='bbox 1148 1375 1216 1405; x_wconf 89' lang='lat' dir='ltr'>que</span> <span class='ocrx_word' id='word_1_468' title='bbox 1241 1364 1434 1395; x_wconf 88' lang='lat' dir='ltr'>mensibus.</span> <span class='ocrx_word' id='word_1_469' title='bbox 1490 1362 1729 1395; x_wconf 81' lang='lat' dir='ltr'>Meridianam</span> <span class='ocrx_word' id='word_1_470' title='bbox 1755 1375 1836 1395; x_wconf 92' lang='lat' dir='ltr'>vero</span> <span class='ocrx_word' id='word_1_471' title='bbox 1860 1362 1883 1396; x_wconf 89' lang='lat'>5</span> <span class='ocrx_word' id='word_1_472' title='bbox 1901 1366 2003 1399; x_wconf 84' lang='lat' dir='ltr'>annis</span> <span class='ocrx_word' id='word_1_473' title='bbox 2028 1374 2060 1400; x_wconf 86' lang='lat' dir='ltr'>et</span> <span class='ocrx_word' id='word_1_474' title='bbox 2083 1369 2138 1400; x_wconf 89' lang='lat' dir='ltr'>di-</span> 
     </span>
     <span class='ocr_line' id='line_1_77' title="bbox 1146 1410 2137 1456; baseline 0.007 -13"><span class='ocrx_word' id='word_1_475' title='bbox 1146 1411 1256 1445; x_wconf 85' lang='lat' dir='ltr'>midio</span> <span class='ocrx_word' id='word_1_476' title='bbox 1274 1412 1355 1444; x_wconf 88' lang='lat' dir='ltr'>fere.</span> <span class='ocrx_word' id='word_1_477' title='bbox 1400 1410 1450 1446; x_wconf 88' lang='lat' dir='ltr'>Ut</span> <span class='ocrx_word' id='word_1_478' title='bbox 1465 1424 1545 1445; x_wconf 89' lang='lat' dir='ltr'>cum</span> <span class='ocrx_word' id='word_1_479' title='bbox 1566 1413 1711 1456; x_wconf 85' lang='lat' dir='ltr'>cepisset</span> <span class='ocrx_word' id='word_1_480' title='bbox 1738 1412 1841 1446; x_wconf 89' lang='lat' dir='ltr'>initio</span> <span class='ocrx_word' id='word_1_481' title='bbox 1861 1411 2030 1449; x_wconf 83' lang='lat' dir='ltr'>Octobris</span> <span class='ocrx_word' id='word_1_482' title='bbox 2052 1419 2137 1450; x_wconf 87' lang='lat' dir='ltr'>anni</span> 
     </span>
     <span class='ocr_line' id='line_1_78' title="bbox 1149 1460 2138 1506; baseline 0.003 -11"><span class='ocrx_word' id='word_1_483' title='bbox 1149 1460 1256 1498; x_wconf 82' lang='lat'>1539.</span> <span class='ocrx_word' id='word_1_484' title='bbox 1273 1474 1393 1495; x_wconf 84' lang='lat' dir='ltr'>versus</span> <span class='ocrx_word' id='word_1_485' title='bbox 1412 1462 1685 1506; x_wconf 80' lang='lat' dir='ltr'>septentrionem</span> <span class='ocrx_word' id='word_1_486' title='bbox 1706 1464 1855 1506; x_wconf 82' lang='lat' dir='ltr'>evagari,</span> <span class='ocrx_word' id='word_1_487' title='bbox 1883 1464 1920 1496; x_wconf 89' lang='lat' dir='ltr'>in</span> <span class='ocrx_word' id='word_1_488' title='bbox 1938 1466 1997 1498; x_wconf 89' lang='lat' dir='ltr'>illa</span> <span class='ocrx_word' id='word_1_489' title='bbox 2016 1467 2138 1501; x_wconf 76' lang='lat' dir='ltr'>latitu-</span> 
     </span>
     <span class='ocr_line' id='line_1_79' title="bbox 1144 1513 2136 1558; baseline 0.006 -13"><span class='ocrx_word' id='word_1_490' title='bbox 1144 1513 1228 1546; x_wconf 92' lang='lat' dir='ltr'>dine</span> <span class='ocrx_word' id='word_1_491' title='bbox 1265 1513 1369 1546; x_wconf 90' lang='lat' dir='ltr'>nobis</span> <span class='ocrx_word' id='word_1_492' title='bbox 1405 1513 1628 1558; x_wconf 86' lang='lat' dir='ltr'>propinquus</span> <span class='ocrx_word' id='word_1_493' title='bbox 1659 1515 1850 1556; x_wconf 85' lang='lat' dir='ltr'>permansit</span> <span class='ocrx_word' id='word_1_494' title='bbox 1876 1515 1898 1549; x_wconf 87' lang='lat'>6</span> <span class='ocrx_word' id='word_1_495' title='bbox 1925 1528 2037 1550; x_wconf 86' lang='lat' dir='ltr'>annos</span> <span class='ocrx_word' id='word_1_496' title='bbox 2062 1525 2093 1551; x_wconf 86' lang='lat' dir='ltr'>et</span> <span class='ocrx_word' id='word_1_497' title='bbox 2117 1524 2136 1551; x_wconf 82' lang='lat'>5</span> 
     </span>
     <span class='ocr_line' id='line_1_80' title="bbox 1144 1564 2135 1608; baseline 0.006 -13"><span class='ocrx_word' id='word_1_498' title='bbox 1144 1575 1299 1604; x_wconf 87' lang='lat' dir='ltr'>menses,</span> <span class='ocrx_word' id='word_1_499' title='bbox 1339 1576 1451 1608; x_wconf 90' lang='lat' dir='ltr'>usque</span> <span class='ocrx_word' id='word_1_500' title='bbox 1473 1565 1515 1596; x_wconf 89' lang='lat' dir='ltr'>ad</span> <span class='ocrx_word' id='word_1_501' title='bbox 1542 1564 1645 1596; x_wconf 85' lang='lat' dir='ltr'>finem</span> <span class='ocrx_word' id='word_1_502' title='bbox 1672 1564 1801 1596; x_wconf 88' lang='lat' dir='ltr'>mensis</span> <span class='ocrx_word' id='word_1_503' title='bbox 1830 1564 2016 1600; x_wconf 83' lang='lat' dir='ltr'>Februarii</span> <span class='ocrx_word' id='word_1_504' title='bbox 2049 1570 2135 1601; x_wconf 90' lang='lat' dir='ltr'>anni</span> 
     </span>
     <span class='ocr_line' id='line_1_81' title="bbox 1146 1611 2133 1659; baseline 0.004 -13"><span class='ocrx_word' id='word_1_505' title='bbox 1146 1611 1253 1648; x_wconf 82' lang='grc'><strong>1546.</strong></span> <span class='ocrx_word' id='word_1_506' title='bbox 1267 1641 1275 1654; x_wconf 86' lang='grc'>,</span> <span class='ocrx_word' id='word_1_507' title='bbox 1303 1627 1373 1659; x_wconf 89' lang='lat' dir='ltr'>quo</span> <span class='ocrx_word' id='word_1_508' title='bbox 1394 1625 1514 1647; x_wconf 89' lang='lat' dir='ltr'>meuse</span> <span class='ocrx_word' id='word_1_509' title='bbox 1531 1621 1563 1647; x_wconf 91' lang='lat' dir='ltr'>et</span> <span class='ocrx_word' id='word_1_510' title='bbox 1582 1626 1675 1647; x_wconf 86' lang='lat' dir='ltr'>anuo</span> <span class='ocrx_word' id='word_1_511' title='bbox 1695 1621 1855 1648; x_wconf 90' lang='lat' dir='ltr'>mortuus</span> <span class='ocrx_word' id='word_1_512' title='bbox 1873 1622 1922 1650; x_wconf 78' lang='lat' dir='ltr'>est</span> <span class='ocrx_word' id='word_1_513' title='bbox 1938 1617 1987 1651; x_wconf 88' lang='lat' dir='ltr'>D.</span> <span class='ocrx_word' id='word_1_514' title='bbox 2005 1617 2133 1652; x_wconf 77' lang='lat' dir='ltr'>Marti-</span> 
     </span>
     <span class='ocr_line' id='line_1_82' title="bbox 1142 1662 1734 1699; baseline 0.003 -3"><span class='ocrx_word' id='word_1_515' title='bbox 1142 1676 1208 1697; x_wconf 88' lang='lat' dir='ltr'>nus</span> <span class='ocrx_word' id='word_1_516' title='bbox 1225 1662 1410 1699; x_wconf 85' lang='lat' dir='ltr'>Lutherus</span> <span class='ocrx_word' id='word_1_517' title='bbox 1428 1665 1484 1698; x_wconf 90' lang='lat' dir='ltr'>die</span> <span class='ocrx_word' id='word_1_518' title='bbox 1500 1664 1734 1699; x_wconf 84' lang='lat' dir='ltr'>Concordiae.</span> 
     </span>
    </p>

    <p class='ocr_par' dir='ltr' id='par_1_17' title="bbox 1135 1724 2131 2067">
     <span class='ocr_line' id='line_1_83' title="bbox 1244 1724 2131 1771; baseline 0 -15"><span class='ocrx_word' id='word_1_519' title='bbox 1244 1724 1301 1757; x_wconf 89' lang='lat' dir='ltr'>Ab</span> <span class='ocrx_word' id='word_1_520' title='bbox 1333 1724 1435 1758; x_wconf 88' lang='lat' dir='ltr'>initio</span> <span class='ocrx_word' id='word_1_521' title='bbox 1468 1725 1600 1757; x_wconf 89' lang='lat' dir='ltr'>mensis</span> <span class='ocrx_word' id='word_1_522' title='bbox 1626 1724 1748 1757; x_wconf 81' lang='lat' dir='ltr'>Martii</span> <span class='ocrx_word' id='word_1_523' title='bbox 1774 1736 1791 1757; x_wconf 84' lang='lat' dir='ltr'>a</span> <span class='ocrx_word' id='word_1_524' title='bbox 1818 1725 1921 1758; x_wconf 89' lang='lat' dir='ltr'>nobis</span> <span class='ocrx_word' id='word_1_525' title='bbox 1955 1728 2046 1771; x_wconf 80' lang='lat' dir='ltr'>cepit</span> <span class='ocrx_word' id='word_1_526' title='bbox 2071 1730 2131 1762; x_wconf 82' lang='lat' dir='ltr'>de-</span> 
     </span>
     <span class='ocr_line' id='line_1_84' title="bbox 1140 1774 2129 1821; baseline 0.006 -15"><span class='ocrx_word' id='word_1_527' title='bbox 1140 1774 1280 1808; x_wconf 81' lang='lat' dir='ltr'>flectere</span> <span class='ocrx_word' id='word_1_528' title='bbox 1298 1774 1434 1819; x_wconf 87' lang='lat' dir='ltr'>Iupiter</span> <span class='ocrx_word' id='word_1_529' title='bbox 1449 1787 1570 1808; x_wconf 90' lang='lat' dir='ltr'>versus</span> <span class='ocrx_word' id='word_1_530' title='bbox 1595 1775 1798 1815; x_wconf 85' lang='lat' dir='ltr'>meridiem,</span> <span class='ocrx_word' id='word_1_531' title='bbox 1825 1776 1863 1807; x_wconf 91' lang='lat' dir='ltr'>in</span> <span class='ocrx_word' id='word_1_532' title='bbox 1884 1787 1991 1821; x_wconf 85' lang='lat' dir='ltr'>eaque</span> <span class='ocrx_word' id='word_1_533' title='bbox 2008 1779 2129 1812; x_wconf 82' lang='lat' dir='ltr'>latitu—</span> 
     </span>
     <span class='ocr_line' id='line_1_85' title="bbox 1139 1825 2129 1869; baseline 0.004 -12"><span class='ocrx_word' id='word_1_534' title='bbox 1139 1825 1224 1857; x_wconf 89' lang='lat' dir='ltr'>dine</span> <span class='ocrx_word' id='word_1_535' title='bbox 1268 1826 1547 1858; x_wconf 88' lang='lat' dir='ltr'>commorabitur</span> <span class='ocrx_word' id='word_1_536' title='bbox 1588 1837 1698 1869; x_wconf 91' lang='lat' dir='ltr'>usque</span> <span class='ocrx_word' id='word_1_537' title='bbox 1733 1826 1775 1857; x_wconf 86' lang='lat' dir='ltr'>ad</span> <span class='ocrx_word' id='word_1_538' title='bbox 1819 1825 1960 1858; x_wconf 87' lang='lat' dir='ltr'>initium</span> <span class='ocrx_word' id='word_1_539' title='bbox 1998 1830 2129 1862; x_wconf 87' lang='lat' dir='ltr'>mensis</span> 
     </span>
     <span class='ocr_line' id='line_1_86' title="bbox 1138 1874 2130 1920; baseline 0.004 -12"><span class='ocrx_word' id='word_1_540' title='bbox 1138 1874 1354 1919; x_wconf 87' lang='lat' dir='ltr'>Septembris</span> <span class='ocrx_word' id='word_1_541' title='bbox 1371 1876 1453 1908; x_wconf 89' lang='lat' dir='ltr'>anni</span> <span class='ocrx_word' id='word_1_542' title='bbox 1474 1874 1601 1920; x_wconf 59' lang='lat'>1551„</span> <span class='ocrx_word' id='word_1_543' title='bbox 1629 1887 1698 1919; x_wconf 91' lang='lat' dir='ltr'>quo</span> <span class='ocrx_word' id='word_1_544' title='bbox 1716 1881 1873 1919; x_wconf 91' lang='lat' dir='ltr'>tempore</span> <span class='ocrx_word' id='word_1_545' title='bbox 1887 1888 2008 1910; x_wconf 89' lang='lat' dir='ltr'>rursus</span> <span class='ocrx_word' id='word_1_546' title='bbox 2032 1885 2130 1912; x_wconf 89' lang='lat' dir='ltr'>tran-</span> 
     </span>
     <span class='ocr_line' id='line_1_87' title="bbox 1137 1924 2128 1969; baseline 0.005 -12"><span class='ocrx_word' id='word_1_547' title='bbox 1137 1926 1307 1958; x_wconf 86' lang='lat' dir='ltr'>scendens</span> <span class='ocrx_word' id='word_1_548' title='bbox 1320 1924 1529 1969; x_wconf 82' lang='lat' dir='ltr'>Eclipticam</span> <span class='ocrx_word' id='word_1_549' title='bbox 1550 1937 1669 1958; x_wconf 86' lang='lat' dir='ltr'>versus</span> <span class='ocrx_word' id='word_1_550' title='bbox 1692 1926 1988 1969; x_wconf 84' lang='lat' dir='ltr'>septentrionem,</span> <span class='ocrx_word' id='word_1_551' title='bbox 2026 1931 2128 1962; x_wconf 88' lang='lat' dir='ltr'>nobis</span> 
     </span>
     <span class='ocr_line' id='line_1_88' title="bbox 1137 1974 2126 2020; baseline 0.004 -12"><span class='ocrx_word' id='word_1_552' title='bbox 1137 1976 1203 2010; x_wconf 88' lang='lat' dir='ltr'>erit</span> <span class='ocrx_word' id='word_1_553' title='bbox 1222 1976 1377 2020; x_wconf 88' lang='lat' dir='ltr'>propior.</span> <span class='ocrx_word' id='word_1_554' title='bbox 1432 1975 1610 2020; x_wconf 89' lang='lat' dir='ltr'>Tempus,</span> <span class='ocrx_word' id='word_1_555' title='bbox 1638 1977 1732 2019; x_wconf 91' lang='lat' dir='ltr'>quod</span> <span class='ocrx_word' id='word_1_556' title='bbox 1752 1976 1855 2010; x_wconf 85' lang='lat' dir='ltr'>durat</span> <span class='ocrx_word' id='word_1_557' title='bbox 1872 1974 1957 2010; x_wconf 81' lang='lat' dir='ltr'>haec</span> <span class='ocrx_word' id='word_1_558' title='bbox 1976 1979 2126 2013; x_wconf 86' lang='lat' dir='ltr'>latitudo</span> 
     </span>
     <span class='ocr_line' id='line_1_89' title="bbox 1135 2024 1988 2067; baseline 0.002 -8"><span class='ocrx_word' id='word_1_559' title='bbox 1135 2026 1331 2059; x_wconf 85' lang='lat' dir='ltr'>meridiana</span> <span class='ocrx_word' id='word_1_560' title='bbox 1346 2053 1355 2067; x_wconf 92' lang='lat'><em>‚</em></span> <span class='ocrx_word' id='word_1_561' title='bbox 1382 2025 1540 2060; x_wconf 90' lang='lat' dir='ltr'>continet</span> <span class='ocrx_word' id='word_1_562' title='bbox 1565 2037 1677 2058; x_wconf 90' lang='lat' dir='ltr'>annos</span> <span class='ocrx_word' id='word_1_563' title='bbox 1695 2024 1717 2059; x_wconf 88' lang='lat'>5</span> <span class='ocrx_word' id='word_1_564' title='bbox 1736 2032 1768 2059; x_wconf 90' lang='lat' dir='ltr'>et</span> <span class='ocrx_word' id='word_1_565' title='bbox 1786 2026 1988 2063; x_wconf 86' lang='lat' dir='ltr'>dimidium.</span> 
     </span>
    </p>
   </div>
   <div class='ocr_carea' id='block_1_13' title="bbox 1133 2083 2124 2282">
    <p class='ocr_par' dir='ltr' id='par_1_18' title="bbox 1133 2083 2124 2282">
     <span class='ocr_line' id='line_1_90' title="bbox 1236 2083 2124 2129; baseline 0.003 -12"><span class='ocrx_word' id='word_1_566' title='bbox 1236 2083 1331 2118; x_wconf 88' lang='lat' dir='ltr'>Hinc</span> <span class='ocrx_word' id='word_1_567' title='bbox 1348 2091 1512 2129; x_wconf 86' lang='lat' dir='ltr'>apparet,</span> <span class='ocrx_word' id='word_1_568' title='bbox 1541 2083 1660 2117; x_wconf 73' lang='lat' dir='ltr'>Iovem</span> <span class='ocrx_word' id='word_1_569' title='bbox 1687 2084 1723 2116; x_wconf 92' lang='lat' dir='ltr'>in</span> <span class='ocrx_word' id='word_1_570' title='bbox 1747 2085 2016 2127; x_wconf 86' lang='lat' dir='ltr'>septentrionali</span> <span class='ocrx_word' id='word_1_571' title='bbox 2043 2086 2124 2120; x_wconf 89' lang='lat' dir='ltr'>Iati-</span> 
     </span>
     <span class='ocr_line' id='line_1_91' title="bbox 1134 2134 2123 2180; baseline 0.002 -12"><span class='ocrx_word' id='word_1_572' title='bbox 1134 2135 1259 2169; x_wconf 87' lang='lat' dir='ltr'>tudine</span> <span class='ocrx_word' id='word_1_573' title='bbox 1283 2136 1482 2180; x_wconf 86' lang='lat' dir='ltr'>plerunque</span> <span class='ocrx_word' id='word_1_574' title='bbox 1512 2134 1678 2167; x_wconf 85' lang='lat' dir='ltr'>undecim</span> <span class='ocrx_word' id='word_1_575' title='bbox 1709 2136 1890 2168; x_wconf 88' lang='lat' dir='ltr'>mensibus</span> <span class='ocrx_word' id='word_1_576' title='bbox 1912 2138 2123 2170; x_wconf 87' lang='lat' dir='ltr'>commorari</span> 
     </span>
     <span class='ocr_line' id='line_1_92' title="bbox 1134 2185 2121 2231; baseline 0.001 -12"><span class='ocrx_word' id='word_1_577' title='bbox 1134 2186 1289 2227; x_wconf 86' lang='lat' dir='ltr'>diutius,</span> <span class='ocrx_word' id='word_1_578' title='bbox 1326 2199 1430 2231; x_wconf 90' lang='lat' dir='ltr'>quam</span> <span class='ocrx_word' id='word_1_579' title='bbox 1459 2185 1497 2218; x_wconf 91' lang='lat' dir='ltr'>in</span> <span class='ocrx_word' id='word_1_580' title='bbox 1519 2185 1764 2224; x_wconf 88' lang='lat' dir='ltr'>meridionali,</span> <span class='ocrx_word' id='word_1_581' title='bbox 1809 2192 1952 2228; x_wconf 87' lang='lat' dir='ltr'>propter</span> <span class='ocrx_word' id='word_1_582' title='bbox 1984 2198 2121 2220; x_wconf 86' lang='lat' dir='ltr'>causam</span> 
     </span>
     <span class='ocr_line' id='line_1_93' title="bbox 1133 2235 1896 2282; baseline 0 -12"><span class='ocrx_word' id='word_1_583' title='bbox 1133 2237 1284 2270; x_wconf 87' lang='lat' dir='ltr'>similem</span> <span class='ocrx_word' id='word_1_584' title='bbox 1303 2237 1354 2275; x_wconf 84' lang='lat' dir='ltr'>ei,</span> <span class='ocrx_word' id='word_1_585' title='bbox 1383 2248 1472 2282; x_wconf 82' lang='lat' dir='ltr'>quae</span> <span class='ocrx_word' id='word_1_586' title='bbox 1488 2237 1531 2269; x_wconf 89' lang='lat' dir='ltr'>de</span> <span class='ocrx_word' id='word_1_587' title='bbox 1550 2235 1704 2270; x_wconf 84' lang='lat' dir='ltr'>Saturno</span> <span class='ocrx_word' id='word_1_588' title='bbox 1724 2235 1817 2268; x_wconf 86' lang='lat' dir='ltr'>dicta</span> <span class='ocrx_word' id='word_1_589' title='bbox 1836 2242 1896 2270; x_wconf 89' lang='lat' dir='ltr'>est.</span> 
     </span>
    </p>
   </div>
   <div class='ocr_carea' id='block_1_14' title="bbox 1128 2293 2119 2692">
    <p class='ocr_par' dir='ltr' id='par_1_19' title="bbox 1128 2293 2119 2692">
     <span class='ocr_line' id='line_1_94' title="bbox 1236 2293 2119 2340; baseline -0.006 -11"><span class='ocrx_word' id='word_1_590' title='bbox 1236 2295 1305 2330; x_wconf 89' lang='lat' dir='ltr'>Sed</span> <span class='ocrx_word' id='word_1_591' title='bbox 1323 2295 1423 2329; x_wconf 88' lang='lat' dir='ltr'>Mars</span> <span class='ocrx_word' id='word_1_592' title='bbox 1439 2294 1588 2338; x_wconf 85' lang='lat' dir='ltr'>singulis</span> <span class='ocrx_word' id='word_1_593' title='bbox 1604 2295 1673 2327; x_wconf 85' lang='lat' dir='ltr'>sere</span> <span class='ocrx_word' id='word_1_594' title='bbox 1694 2293 1797 2326; x_wconf 89' lang='lat' dir='ltr'>annis</span> <span class='ocrx_word' id='word_1_595' title='bbox 1813 2293 2018 2328; x_wconf 86' lang='lat' dir='ltr'>latitudines</span> <span class='ocrx_word' id='word_1_596' title='bbox 2040 2308 2119 2340; x_wconf 77' lang='lat' dir='ltr'>per-</span> 
     </span>
     <span class='ocr_line' id='line_1_95' title="bbox 1131 2343 2118 2391; baseline -0.005 -10"><span class='ocrx_word' id='word_1_597' title='bbox 1131 2353 1264 2391; x_wconf 86' lang='lat' dir='ltr'>mutat,</span> <span class='ocrx_word' id='word_1_598' title='bbox 1289 2346 1526 2391; x_wconf 86' lang='lat' dir='ltr'>inaequaliter</span> <span class='ocrx_word' id='word_1_599' title='bbox 1543 2351 1677 2384; x_wconf 89' lang='lat' dir='ltr'>tamen,</span> <span class='ocrx_word' id='word_1_600' title='bbox 1702 2343 1750 2377; x_wconf 85' lang='lat' dir='ltr'>ita</span> <span class='ocrx_word' id='word_1_601' title='bbox 1767 2350 1806 2377; x_wconf 91' lang='lat' dir='ltr'>ut</span> <span class='ocrx_word' id='word_1_602' title='bbox 1824 2343 2014 2388; x_wconf 87' lang='lat' dir='ltr'>aliquando</span> <span class='ocrx_word' id='word_1_603' title='bbox 2030 2353 2118 2380; x_wconf 84' lang='lat' dir='ltr'>tem..</span> 
     </span>
     <span class='ocr_line' id='line_1_96' title="bbox 1131 2394 2118 2443; baseline -0.002 -11"><span class='ocrx_word' id='word_1_604' title='bbox 1131 2411 1195 2443; x_wconf 94' lang='lat' dir='ltr'>pus</span> <span class='ocrx_word' id='word_1_605' title='bbox 1211 2397 1411 2432; x_wconf 85' lang='lat' dir='ltr'>latitudinis</span> <span class='ocrx_word' id='word_1_606' title='bbox 1438 2395 1601 2429; x_wconf 89' lang='lat' dir='ltr'>australis</span> <span class='ocrx_word' id='word_1_607' title='bbox 1626 2394 1766 2436; x_wconf 84' lang='lat' dir='ltr'>longius</span> <span class='ocrx_word' id='word_1_608' title='bbox 1788 2394 1833 2427; x_wconf 90' lang='lat' dir='ltr'>sit</span> <span class='ocrx_word' id='word_1_609' title='bbox 1855 2401 2012 2439; x_wconf 89' lang='lat' dir='ltr'>tempore</span> <span class='ocrx_word' id='word_1_610' title='bbox 2036 2397 2118 2431; x_wconf 83' lang='lat' dir='ltr'>iati-</span> 
     </span>
     <span class='ocr_line' id='line_1_97' title="bbox 1130 2443 2115 2492; baseline -0.003 -8"><span class='ocrx_word' id='word_1_611' title='bbox 1130 2448 1267 2484; x_wconf 88' lang='lat' dir='ltr'>tudinis</span> <span class='ocrx_word' id='word_1_612' title='bbox 1283 2446 1580 2492; x_wconf 86' lang='lat' dir='ltr'>septentrionalis.</span> <span class='ocrx_word' id='word_1_613' title='bbox 1633 2443 1680 2477; x_wconf 88' lang='lat' dir='ltr'>Ut</span> <span class='ocrx_word' id='word_1_614' title='bbox 1699 2444 1847 2487; x_wconf 80' lang='lat' dir='ltr'>exempli</span> <span class='ocrx_word' id='word_1_615' title='bbox 1863 2456 1983 2487; x_wconf 86' lang='lat' dir='ltr'>causa,</span> <span class='ocrx_word' id='word_1_616' title='bbox 2012 2446 2115 2481; x_wconf 87' lang='lat' dir='ltr'>initio</span> 
     </span>
     <span class='ocr_line' id='line_1_98' title="bbox 1128 2491 2113 2542; baseline -0.003 -8"><span class='ocrx_word' id='word_1_617' title='bbox 1128 2499 1213 2534; x_wconf 89' lang='lat' dir='ltr'>anni</span> <span class='ocrx_word' id='word_1_618' title='bbox 1238 2496 1365 2540; x_wconf 73' lang='lat'>1546„</span> <span class='ocrx_word' id='word_1_619' title='bbox 1391 2509 1461 2542; x_wconf 91' lang='lat' dir='ltr'>quo</span> <span class='ocrx_word' id='word_1_620' title='bbox 1483 2502 1561 2540; x_wconf 88' lang='lat' dir='ltr'>post</span> <span class='ocrx_word' id='word_1_621' title='bbox 1586 2499 1736 2527; x_wconf 88' lang='lat' dir='ltr'>mortem</span> <span class='ocrx_word' id='word_1_622' title='bbox 1761 2491 1909 2528; x_wconf 88' lang='lat' dir='ltr'>Lutheri</span> <span class='ocrx_word' id='word_1_623' title='bbox 1926 2496 2057 2529; x_wconf 86' lang='lat' dir='ltr'>bellum</span> <span class='ocrx_word' id='word_1_624' title='bbox 2077 2498 2113 2531; x_wconf 94' lang='lat' dir='ltr'>in</span> 
     </span>
     <span class='ocr_line' id='line_1_99' title="bbox 1130 2543 2113 2590; baseline -0.003 -6"><span class='ocrx_word' id='word_1_625' title='bbox 1130 2549 1325 2584; x_wconf 88' lang='lat' dir='ltr'>Germania</span> <span class='ocrx_word' id='word_1_626' title='bbox 1366 2547 1508 2586; x_wconf 86' lang='lat' dir='ltr'>exarsit,</span> <span class='ocrx_word' id='word_1_627' title='bbox 1549 2545 1639 2588; x_wconf 90' lang='lat' dir='ltr'>cepit</span> <span class='ocrx_word' id='word_1_628' title='bbox 1662 2543 1760 2577; x_wconf 78' lang='lat' dir='ltr'>Mars</span> <span class='ocrx_word' id='word_1_629' title='bbox 1786 2545 1875 2578; x_wconf 92' lang='lat' dir='ltr'>ultra</span> <span class='ocrx_word' id='word_1_630' title='bbox 1902 2543 2113 2590; x_wconf 89' lang='lat' dir='ltr'>Eclipticam</span> 
     </span>
     <span class='ocr_line' id='line_1_100' title="bbox 1128 2595 2112 2640; baseline -0.004 -6"><span class='ocrx_word' id='word_1_631' title='bbox 1128 2615 1148 2636; x_wconf 85' lang='lat' dir='ltr'>a</span> <span class='ocrx_word' id='word_1_632' title='bbox 1165 2601 1269 2634; x_wconf 90' lang='lat' dir='ltr'>nobis</span> <span class='ocrx_word' id='word_1_633' title='bbox 1284 2598 1445 2632; x_wconf 91' lang='lat' dir='ltr'>recedere</span> <span class='ocrx_word' id='word_1_634' title='bbox 1464 2606 1584 2629; x_wconf 87' lang='lat' dir='ltr'>versus</span> <span class='ocrx_word' id='word_1_635' title='bbox 1600 2595 1784 2627; x_wconf 90' lang='lat' dir='ltr'>meridiem</span> <span class='ocrx_word' id='word_1_636' title='bbox 1797 2620 1805 2634; x_wconf 95' lang='lat'>‚</span> <span class='ocrx_word' id='word_1_637' title='bbox 1831 2595 1950 2640; x_wconf 89' lang='lat' dir='ltr'>ibique</span> <span class='ocrx_word' id='word_1_638' title='bbox 1969 2605 2112 2640; x_wconf 78' lang='lat' dir='ltr'>vagatus</span> 
     </span>
     <span class='ocr_line' id='line_1_101' title="bbox 1132 2644 2111 2692; baseline -0.004 -7"><span class='ocrx_word' id='word_1_639' title='bbox 1132 2651 1178 2688; x_wconf 83' lang='grc'>14</span> <span class='ocrx_word' id='word_1_640' title='bbox 1193 2660 1329 2684; x_wconf 87' lang='lat' dir='ltr'>menses</span> <span class='ocrx_word' id='word_1_641' title='bbox 1352 2648 1445 2688; x_wconf 86' lang='lat' dir='ltr'>fere,</span> <span class='ocrx_word' id='word_1_642' title='bbox 1481 2645 1584 2681; x_wconf 89' lang='lat' dir='ltr'>initio</span> <span class='ocrx_word' id='word_1_643' title='bbox 1599 2645 1728 2679; x_wconf 88' lang='lat' dir='ltr'>mensis</span> <span class='ocrx_word' id='word_1_644' title='bbox 1744 2644 1876 2692; x_wconf 75' lang='lat' dir='ltr'>Martii¹</span> <span class='ocrx_word' id='word_1_645' title='bbox 1892 2647 1978 2681; x_wconf 89' lang='lat' dir='ltr'>anni</span> <span class='ocrx_word' id='word_1_646' title='bbox 2004 2646 2111 2682; x_wconf 82' lang='lat'>1547.</span> 
     </span>
    </p>
   </div>
  </div>
 </body>
</html>
