2379 2948
126 109 148 143 9
859 105 906 141 11.

124 206 246 227 omnes
280 191 386 227 huius
425 191 715 226 considerationis
750 203 956 224 enumerare
988 192 1106 234 possit.

123 245 193 279 Sed
212 243 273 277 has
289 256 413 288 paucas
430 244 465 276 in
484 242 549 277 hoc
564 241 735 275 vestibulo
752 242 914 282 recitavi,
940 251 975 274 ut
994 243 1106 275 sciatis

122 293 212 328 hanc
230 295 425 328 doctrinam
442 306 514 327 non
530 293 772 335 negligendam
787 304 869 332 esse,
888 299 919 325 et
938 305 996 324 vos
1015 293 1106 335 ipsos

120 346 315 388 aspiciatis,
339 352 370 378 et
389 343 478 377 hanc
501 343 760 387 adspectionem
778 343 934 385 cogitetis
952 355 1102 376 conuuo-

119 397 350 429 nesactionem
368 406 439 428 esse
455 394 498 426 de
514 392 608 434 Deo,
633 400 665 426 et
681 394 723 426 de
740 393 860 427 multis
877 394 1079 429 virtutibus.

426 502 522 544 Quid
550 507 605 537 est
630 501 793 537 Anima?

217 577 295 612 Etsi
318 590 391 610 non
405 590 478 611 uno
496 578 600 610 modo
625 578 822 622 loquuntur
840 575 1040 621 philosophi
1059 578 1100 610 de

116 630 245 664 Anima
269 629 306 661 in
332 629 463 667 brutis,
501 635 616 662 tamen
646 630 688 660 de
713 640 749 661 re
772 629 846 673 ipsa
869 640 938 660 non
965 629 1097 661 dissen-

114 682 225 720 tiunt,
253 686 285 713 et
300 686 499 713 monstrant
516 679 650 723 aliquid
669 685 785 712 ortum
804 691 843 711 ex
859 679 1016 719 materia,
1045 679 1098 711 vel

112 731 362 775 proprietatem
389 730 573 770 materiae,
607 730 700 774 qnod
719 730 904 762 nominant
920 728 1098 769 Animam,

111 782 284 815 videlicet.
325 780 492 813 Animam
510 780 610 813 bovis
631 781 754 813 dicunt
772 792 842 812 esse
859 787 917 812 aut
935 779 1095 823 spiritum

111 832 255 865 vitalem
281 838 340 864 aut
362 833 496 876 κρᾶσιν
518 842 579 863 seu
603 837 914 874 temperamentum
940 830 1095 863 universi
1122 837 1125 859 ¹

111 882 278 925 corporis,
330 879 420 914 Cum
445 879 510 914 hac
528 881 763 914 declaratione
783 882 942 924 congruit
962 881 1094 914 dictum

109 932 241 972 Moisi‚
269 932 331 977 qui
348 932 416 972 ait,
444 930 609 964 Animam
635 932 748 964 carnis
772 932 807 963 in
825 931 994 974 sanguine
1013 943 1095 966 esse.

108 984 290 1026 Significat
325 989 440 1015 autem
470 982 587 1015 anima
621 980 768 1015 Ebraeis
804 981 930 1015 Vitam.
993 981 1094 1015 Hanc

108 1046 187 1067 cum
205 1034 291 1068 dicit
313 1033 351 1065 in
376 1033 544 1075 sanguine
562 1044 650 1073 esse,
678 1033 753 1065 vult
771 1033 974 1076 sanguinem
997 1031 1094 1065 velii-

108 1085 227 1118 culum
245 1095 317 1117 esse
333 1083 435 1124 vitae,
464 1090 497 1116 et
516 1083 657 1121 indicat,
686 1083 842 1127 Spiritus
858 1083 979 1116 vitales
996 1084 1090 1115 illam

106 1135 218 1178 ipsam
242 1147 316 1168 rem
341 1145 429 1175 esse,
456 1146 544 1179 quae
567 1134 635 1167 ciet
660 1145 824 1178 corpora,
852 1146 956 1178 quam
978 1134 1092 1166 nomi-

104 1197 229 1219 namus
240 1184 418 1218 Animam.

207 1243 297 1277 Cum
321 1240 388 1276 hoc
402 1243 507 1276 modo
527 1249 742 1277 monstratur
764 1244 928 1283 materia,
954 1250 993 1276 ut
1020 1244 1090 1286 spi-

102 1295 191 1327 ritns
209 1293 341 1333 vitalis,
368 1300 427 1325 aut
444 1295 607 1325 materiae
622 1294 833 1337 proprietas,
863 1301 898 1326 ut
917 1301 1089 1336 tempera-

103 1350 283 1384 mentum,
316 1343 400 1388 quid
428 1344 564 1375 dicatur
588 1350 767 1388 utcunque
792 1344 940 1386 intelligi
966 1351 1088 1387 potest.

103 1394 152 1429 Ut
169 1394 267 1426 ⁴-nim
292 1393 330 1426 in
361 1391 490 1438 lychno
515 1394 691 1426 flammam
716 1394 966 1436 intelligimus,
1001 1407 1087 1438 quae

101 1445 192 1488 rapit
215 1444 419 1477 alimentum
440 1456 479 1476 ex
501 1456 578 1476 cera
602 1453 633 1476 et
649 1445 727 1485 filo,
756 1445 857 1478 sicin
880 1446 1086 1489 corporibus
1111 1478 1115 1496 Ι

101 1495 334 1528 animantium
367 1495 561 1537 intelligere
593 1495 755 1538 spiritum
788 1496 928 1528 vitalem
963 1508 1085 1539 possu-

99 1558 188 1584 mus,
212 1546 271 1590 qui
289 1553 338 1579 est
353 1546 555 1579 tenuissima
571 1546 726 1585 flamma,
752 1547 866 1588 genita
886 1559 922 1578 ex
943 1547 1085 1589 sangui-

99 1610 144 1630 ne
179 1597 308 1629 virtnte
335 1596 469 1634 cordis,
513 1596 662 1629 volitans
696 1609 760 1642 per
789 1604 894 1631 totam
925 1598 1083 1641 corporis

97 1645 316 1686 machinam,
344 1653 376 1680 et
396 1647 548 1689 largiens
572 1648 711 1690 corpori
728 1648 903 1680 vivificum
921 1649 1083 1687 calorem,

98 1706 132 1732 et
147 1699 216 1730 vim
238 1698 355 1731 ciendi
379 1705 493 1731 motus
518 1705 551 1731 et
573 1699 736 1731 actiones.
789 1697 884 1730 Haec
905 1706 1083 1744 utcunque

99 1749 249 1790 intelligi
273 1754 429 1791 possunt.
481 1748 527 1782 Et
547 1761 748 1793 quanquam
767 1746 823 1781 hic
845 1749 948 1782 etiam
973 1750 1083 1782 iuter-

98 1799 212 1842 rogari
238 1805 361 1842 potest.
425 1798 543 1841 Quare
567 1799 694 1842 spiritu
719 1800 817 1832 vitali
849 1801 1083 1833 accendantur

98 1850 169 1883 vita
196 1856 228 1882 et
252 1856 387 1889 motus,
414 1856 446 1882 et
473 1861 545 1881 non
572 1849 638 1882 alia
663 1850 807 1883 materia
829 1851 999 1892 sauguine
1023 1858 1083 1884 aut

98 1912 218 1939 carne,
246 1912 323 1933 cum
342 1907 457 1932 tamen
473 1898 579 1933 ethic
596 1900 712 1933 vitalis
737 1900 880 1943 spiritus
905 1901 949 1933 sit
973 1908 1082 1933 mate-

98 1953 147 1985 ria
184 1957 216 1984 ct
252 1948 381 1983 halitus
417 1963 455 1982 ex
483 1950 666 1984 elementis
700 1951 821 1983 ortus?
858 1950 1081 1993 Responderi

95 2009 227 2046 potest,
255 2001 336 2046 quia
361 2001 429 2034 tale
453 2008 501 2034 est
531 2009 675 2035 naturae
697 2001 886 2044 opificium.
939 2001 986 2035 Ut
1008 2014 1081 2035 non

96 2062 145 2087 est
163 2053 361 2097 quaerenda
379 2064 480 2085 causa
498 2052 664 2092 ulterior,
692 2064 800 2097 qnare
816 2051 980 2093 coelom,
1007 2052 1081 2094 Sol,

94 2104 214 2144 Luna,
245 2103 295 2136 sic
320 2110 538 2136 moveantur.
597 2103 666 2136 Sed
691 2103 797 2136 talem
824 2103 983 2136 videmus
1009 2116 1080 2137 esse

95 2161 274 2194 naturam,
300 2165 363 2186 nec
381 2165 499 2186 causas
516 2154 700 2186 ulteriores
718 2166 935 2198 quaeramus,

193 2212 383 2257 Postquam
409 2220 524 2246 autem
549 2213 592 2245 de
609 2210 738 2245 *Xnima
762 2212 799 2244 in
819 2213 930 2246 brutis
952 2220 1078 2246 utcun-

97 2275 160 2309 que
178 2263 364 2296 constituta
381 2270 430 2297 est
446 2263 629 2302 sententia,
657 2263 784 2296 deinde
802 2264 997 2307 quaesitum
1017 2271 1079 2305 est,

97 2314 177 2359 quid
198 2314 241 2346 sit
259 2314 386 2346 Anima
405 2312 570 2348 hominis.
623 2313 690 2346 Hic
717 2326 797 2346 vero
820 2314 994 2357 ingeniosi
1012 2312 1078 2347 bo-

95 2365 205 2397 mines
222 2365 328 2396 multa
344 2365 578 2407 disputarunt.
630 2365 717 2398 Nam
744 2365 772 2397 si
796 2365 971 2404 dicerent,
999 2373 1078 2399 tan—

95 2423 167 2448 tum
197 2425 269 2447 esse
299 2414 438 2447 vitalem
464 2415 625 2458 spiritum
662 2421 721 2448 aut
751 2422 1076 2459 temperamentum,

91 2467 184 2499 uude
201 2471 282 2498 sunt
299 2464 507 2507 intellectio,
533 2466 773 2506 ratiocinatio,
798 2467 978 2507 memoria,
1006 2467 1076 2499 ele-

92 2516 185 2550 ctio'?
237 2514 313 2548 Hae
334 2515 487 2548 actiones
515 2528 585 2548 non
609 2517 776 2549 videntur
808 2528 880 2549 esse
910 2517 1074 2550 materiae

93 2566 322 2600 elementaris.
374 2565 512 2598 Deinde
538 2566 566 2597 si
584 2567 700 2600 anima
723 2565 878 2600 hominis
901 2575 1074 2611 superstes

92 2623 140 2651 est
163 2617 312 2650 extincto
330 2628 495 2660 corpore,
533 2628 605 2648 non
630 2618 696 2650 erit
713 2618 855 2661 spiritus
873 2619 989 2651 vitalis
1014 2626 1074 2652 aut

89 2674 412 2712 temperamentum.
455 2666 542 2702 Cum
561 2667 669 2711 igitur
686 2668 874 2702 discrimen
891 2681 963 2702 esse
980 2669 1073 2703 inter

959 105 1105 141 LtssER
1134 105 1197 140 DE

1226 108 1288 141 1<
1299 109 1398 143 MA.
2098 116 2142 147 10

1165 190 1297 223 :mimas
1323 193 1507 227 brutorum
1542 202 1574 229 et
1598 193 1801 237 hominum,
1834 198 2014 231 fatendum
2046 207 2143 238 esset,

1164 252 1283 282 magna
1304 243 1485 277 diversitas
1501 247 1710 289 opinionum
1728 261 1864 291 semper
1878 249 1954 290 suit,
1983 262 2070 293 quae
2088 260 2142 282 res

1161 291 1203 324 sit
1221 292 1337 324 anima
1354 290 1518 329 hominis.

1179 409 1186 415 ι
1259 357 1335 392 Etsi
1353 367 1465 393 autem
1484 363 1543 395 alii
1560 364 1661 397 aliter
1677 366 1782 400 locuti
1798 374 1897 408 sunt,
1924 374 2041 400 tamen
2059 368 2138 411 plu-

1158 422 1329 442 rimorum
1347 413 1538 445 sententiae
1556 422 1694 447 eatenus
1714 425 1921 460 congruunt,
1944 420 2035 462 qnod
2058 430 2136 450 sen-

1157 467 1292 497 serunt,
1321 462 1453 494 animas
1476 460 1645 496 humanas
1670 474 1729 498 aut
1755 480 1825 499 esse
1850 468 1991 511 spiritus
2015 469 2136 500 vitales

1156 522 1194 542 ac
1208 511 1392 551 animales,
1421 520 1479 545 ant
1503 514 1629 549 crasin.
1682 514 1768 548 Nam
1788 519 1846 560 qui
1868 519 2030 550 dixerunt
2054 516 2135 551 liar—

1155 561 1308 593 moniam
1328 574 1409 601 esse,
1436 571 1618 598 senserunt
1634 577 1705 598 esse
1720 569 1863 611 κρᾶσιν.
1899 568 2005 601 Stoici
2025 576 2055 602 et
2075 569 2135 601 alii

1154 612 1212 655 qui
1230 612 1393 646 dixerunt
1410 610 1550 655 halitus,
1579 624 1635 648 ant
1654 617 1769 659 igneas
1788 629 1875 657 esse,
1905 618 2059 651 staminas
2080 619 2135 651 in-

1153 662 1379 701 tellexerunt,
1408 676 1495 708 quae
1516 673 1598 699 sunt
1618 667 1761 710 spiritus
1779 669 1910 702 vitales,
1963 667 2133 712 Congruit

1152 713 1253 746 etiam
1273 726 1350 746 cum
1378 711 1432 746 his
1456 717 1636 749 sententiis
1653 718 1784 750 dictum
1802 717 2045 762 Hippocratis,
2073 719 2132 763 qni

1150 764 1217 804 ait,
1242 764 1370 796 Anima
1391 762 1544 798 hominis
1568 778 1702 811 semper
1720 769 1892 811 gignitur,
1922 769 1954 800 id
1975 776 2044 808 est,
2073 781 2132 801 seu

1150 815 1245 847 calor
1261 815 1442 855 naturalis,
1459 818 1718 860 senspiritiisi1i
1731 820 1911 862 sanguine.
1941 818 2131 864 ltaquead—

1149 865 1219 898 dit:
1245 864 1332 898 Cum
1354 864 1435 898 haec
1453 868 1567 900 anima
1588 869 1838 910 inflammatur,
1852 877 1997 914 pereunt
2011 877 2041 902 et
2054 881 2131 901 cor-

1149 927 1210 959 pus
1226 922 1257 948 et
1275 917 1402 950 anima.
1431 916 1518 950 Nam
1539 931 1616 952 cum
1637 920 1731 952 calor
1748 927 1806 953 aut
1821 920 1962 964 spiritus
1976 932 2045 952 non
2059 932 2131 952 ser-

1147 973 1229 999 vant
1240 967 1364 999 iustam
1377 968 1657 1011 dispositionem,
1668 971 1918 1014 extinguuntur
1929 970 2131 1004 animantia.

1250 1033 1556 1069 Verecumlissime
1589 1038 1748 1070 omnium
1777 1037 1933 1071 Galenus
1962 1038 2129 1083 loquitur,

1147 1084 1206 1128 qni
1233 1085 1275 1117 de
1298 1083 1426 1118 Anima
1453 1088 1622 1121 nutritiva
1650 1095 1682 1121 et
1709 1089 1873 1122 sensitiva
1896 1102 1966 1121 non
1992 1089 2129 1121 dubitat

1147 1135 1349 1175 adfirmare,
1378 1148 1449 1169 esse
1470 1149 1527 1169 eas
1546 1145 1603 1171 aut
1629 1139 1772 1182 spiritus
1795 1140 1971 1173 naturales
1990 1146 2022 1172 et
2040 1139 2128 1172 vita-

1146 1186 1211 1225 les,
1239 1192 1297 1219 aut
1317 1187 1440 1218 crasin.
1477 1187 1545 1220 Sed
1559 1190 1600 1221 de
1615 1190 1778 1223 rationali
1797 1190 1898 1230 dicit,
1926 1202 1960 1223 se
1976 1202 2046 1222 non
2066 1190 2128 1222 ad-

1146 1236 1303 1275 firmare,
1333 1248 1375 1268 an
1395 1237 1602 1284 λογιστικὸν
1625 1240 1668 1272 sit
1687 1240 1752 1272 alia
1770 1247 1894 1273 natura
1922 1241 2127 1284 incorporea

1146 1293 1177 1319 et
1201 1287 1424 1329 saporabilis,
1450 1300 1492 1320 an
1510 1301 1592 1321 vero
1611 1290 1655 1322 sit
1679 1297 1801 1323 natura
1826 1303 2004 1334 corporea.
2057 1290 2127 1323 Sed

1144 1336 1304 1380 spiritum
1322 1337 1508 1371 animalem
1526 1346 1583 1372 aut
1605 1351 1694 1380 esse,
1722 1341 1817 1373 illam
1837 1342 1946 1383 ipsam
1972 1342 2124 1373 animam

1143 1388 1368 1427 rationalem,
1396 1396 1453 1422 aut
1476 1390 1672 1433 proximum
1691 1392 1764 1423 eius
1787 1403 1954 1433 organon.
2010 1390 2126 1423 Verba

1143 1439 1215 1470 cius
1234 1435 1316 1470 haec
1333 1439 1467 1472 suntin
1487 1441 1633 1484 septimo
1663 1442 1751 1474 libro
1771 1443 1812 1473 de
1835 1442 1971 1484 placitis
1986 1441 2125 1484 Hippo-

1141 1488 1243 1521 cratis
1269 1496 1299 1520 et
1319 1488 1492 1523 Platonis:
1547 1492 1589 1524 Et
1615 1488 1653 1525 δέ
1677 1490 1737 1526 καὶ
1763 1490 1843 1536 περὶ
1867 1494 1989 1538 ψυχῆς
2014 1491 2125 1529 οὔσας

1140 1536 1408 1584 ἀποφήνασθαι
1444 1539 1535 1586 χρὴ,
1578 1539 1686 1576 δυοῖν
1722 1540 1886 1585 θάτερον
1919 1542 2125 1588 ἀναγκαῖον

1139 1590 1251 1624 εἰπεῖν
1267 1587 1287 1634 J‘j
1304 1592 1411 1624 τοῦτο
1428 1589 1518 1625 εἶναι
1535 1590 1576 1626 τὸ
1592 1590 1670 1627 οἷον
1686 1591 1872 1640 αἰγοειδές
1886 1606 1922 1627 τε
1939 1592 2001 1627 καὶ
2020 1593 2125 1626 αἴθε-

1139 1639 1253 1687 ριῦὸες
1276 1643 1383 1684 σῶμα
1412 1641 1555 1676 λεκτέον
1582 1640 1716 1688 αὐτήν,
1747 1642 1766 1689 ἢ
1791 1642 1907 1688 αὕτῇν
1931 1641 2000 1688 μὲν
2025 1640 2124 1677 ἀσώ-

1137 1704 1257 1736 ματον
1284 1688 1464 1737 ὑπάρχειν
1494 1691 1642 1734 οὐσίαν,
1688 1694 1808 1738 ὄχημα
1836 1692 1875 1728 (Ῡὲ
1910 1693 1949 1728 τὸ
1975 1697 2123 1739 πρῶτον

1138 1741 1251 1787 αὐτῆς
1269 1740 1358 1776 εἶναι
1382 1746 1492 1777 τοῦτο
1515 1742 1556 1777 τὸ
1574 1747 1699 1788 σῶμα,
1730 1746 1763 1777 id
1784 1752 1847 1778 est:
1877 1745 1938 1778 Sin
1960 1754 2072 1778 autem
2090 1751 2122 1778 et

1138 1795 1180 1826 de
1205 1793 1342 1826 animae
1367 1795 1561 1827 substantia
1580 1796 1715 1839 aliquid
1738 1797 2045 1839 pronunciandum
2063 1801 2124 1835 est,

1138 1845 1289 1877 duorum
1308 1844 1453 1876 alterum
1471 1845 1538 1877 dici
1557 1857 1693 1878 necesse
1710 1853 1777 1887 est,
1803 1853 1863 1879 aut
1881 1858 1950 1878 esse
1968 1858 2041 1878 eam
2061 1859 2121 1879 ve-

1138 1895 1190 1927 lut
1207 1894 1437 1927 substantiam
1455 1895 1607 1928 lucidam
1627 1902 1659 1928 et
1677 1908 1801 1940 corpus
1821 1894 2033 1937 aethereum,
2062 1903 2122 1929 aut

1138 1945 1246 1987 ipsam
1270 1944 1410 1989 quidem
1434 1946 1677 1989 incorpoream
1701 1959 1792 1990 esse,
1829 1948 1887 1980 sed
1914 1954 2030 1980 tamen
2053 1944 2120 1979 hoc

1137 2007 1280 2038 corpus,
1315 1995 1350 2027 id
1379 2002 1447 2038 est,
1483 1996 1646 2039 spiritum
1679 1997 1883 2037 animalem,
1917 1995 2118 2031 vehiculum

1136 2057 1218 2080 esse.
1270 2043 1316 2079 Et
1339 2052 1378 2079 ut
1402 2045 1531 2078 Galeni
1554 2048 1658 2080 verba
1681 2048 1790 2090 magis
1819 2048 1998 2092 perspicua
2023 2049 2119 2085 fiant,

1134 2096 1417 2129 distributionem
1435 2096 1593 2130 Platonis
1616 2095 1673 2130 hic
1695 2099 1810 2132 statim
1827 2099 1929 2131 initio
1954 2099 2118 2137 recitabo,

1134 2147 1335 2190 praesertim
1361 2159 1438 2179 cnm
1463 2155 1495 2181 et
1519 2146 1742 2182 Aristotelica
1768 2149 1805 2181 in
1824 2150 1976 2182 secundo
1995 2150 2037 2181 de
2059 2160 2117 2192 ge-

1133 2197 1313 2231 neratione
1328 2197 1548 2231 Animalium
1567 2211 1645 2232 cum
1663 2212 1698 2232 ea
1717 2206 1894 2242 congruat.

1232 2264 1333 2298 Plato
1351 2265 1486 2309 inquit,
1508 2272 1669 2298 naturam
1688 2264 1841 2299 hominis
1859 2278 1930 2299 esse
1946 2267 2115 2310 quiddam

1130 2315 1278 2348 monstri
1296 2315 1428 2353 simile,
1456 2323 1488 2349 et
1507 2317 1648 2361 quiden·
1666 2316 1802 2361 Scyllae
1819 2317 1855 2349 in
1874 2316 1993 2351 Siculo
2012 2317 2114 2357 mari,

1130 2366 1228 2398 cuins
1246 2366 1376 2410 species
1394 2373 1445 2399 est
1470 2378 1648 2409 suprema,
1677 2366 1801 2399 similis
1818 2368 1968 2410 virgini,
1996 2374 2114 2412 pectus

1130 2416 1244 2456 leoni,
1279 2417 1347 2449 ima
1374 2429 1452 2460 pars
1480 2418 1684 2449 latrantium
1713 2429 1850 2450 canum.
1905 2417 1950 2452 Et
1980 2419 2028 2451 sic
2059 2420 2114 2451 lo-

1128 2474 1287 2511 quuntur
1308 2467 1436 2512 aliqui,
1462 2467 1643 2500 Platonem
1666 2473 1736 2500 tres
1758 2469 1893 2501 animas
1916 2469 1951 2501 in
1969 2467 2112 2503 homine

1130 2529 1268 2559 ponere,
1298 2518 1414 2550 infima
1434 2524 1483 2549 est
1503 2517 1762 2563 6'711312'JNJT‘22T1‘,
1791 2520 1889 2552 cuins
1905 2521 2021 2552 sedem
2039 2531 2110 2553 esse

1126 2580 1208 2611 epar
1232 2568 1364 2612 inquit,
1392 2580 1497 2600 vorax
1521 2575 1553 2600 et
1571 2569 1613 2601 ad
1639 2569 1806 2602 libidines
1831 2582 1958 2614 prona,
1984 2583 2110 2603 canum

1125 2619 1260 2651 similis.
1308 2617 1403 2650 Haec
1420 2619 1664 2662 complectitur
1685 2620 1885 2654 facultatem
1903 2621 2109 2655 nutritivam

1125 2676 1158 2703 et
1177 2668 1425 2712 generativam
