2379 2948
140 96 214 130 589
727 95 789 134 111.

843 94 1000 130 lNlTlA
1027 94 1321 133 DOCTRINAE
1348 100 1599 137 PHYSlCAE.

2099 112 2173 146 390

242 178 405 226 Cumque
429 180 511 215 vina
536 181 807 221 deferbuerunt,
834 180 916 226 quia
942 192 1072 225 aquosa
1099 189 1133 215 et
1159 183 1164 228 Ῐ
1187 181 1421 216 Foeniculum
1455 187 1566 220 oculis
1600 189 1823 232 peculiariter
1854 193 1985 226 mederi
2022 203 2169 232 constat.

139 230 291 264 crassior
306 228 505 264 humiditas
521 232 663 275 expulsa
682 237 750 271 est,
776 237 895 263 manet
912 231 1054 275 quidem
1072 233 1132 264 a'e'-

139 292 199 314 rea
216 281 386 322 dulcedo,
414 283 472 315 sed
499 289 615 316 tamen
646 287 802 314 caeterae
826 280 901 313 vini
928 287 1043 324 partes
1067 293 1132 314 na-

139 331 213 364 tivo
234 332 349 364 calore
368 332 436 365 iam
456 332 563 374 magis
580 331 765 363 calefactae
782 338 884 371 sunt,
913 331 990 364 ideo
1012 331 1132 364 minor

139 388 190 414 est
222 382 394 423 dulcedo,
430 389 462 416 et
489 382 578 413 odor
599 386 650 413 est
671 380 903 423 fragrantior,
938 393 977 414 ac
1001 393 1131 415 conve-

139 432 297 466 nientior
321 439 354 465 et
377 431 510 475 gratior
535 437 584 464 est
607 431 749 473 linguae
768 432 882 464 dulcis
898 443 1017 475 sapor,
1046 433 1126 476 quia

139 489 173 516 et
198 482 358 525 sanguis,
391 493 469 514 cum
503 481 547 514 sit
578 488 699 515 aereae
722 488 891 522 naturae,
929 482 1042 515 dulcis
1066 489 1127 517 est.

139 532 348 567 Senescente
370 538 486 565 autem
510 532 614 572 vino,
643 531 714 564 iam
737 534 857 565 aereae
881 539 997 576 partes
1018 533 1128 576 magis

137 583 316 627 magisque
339 579 524 622 exhalant,
558 588 591 615 et
616 589 761 616 manent
792 589 972 616 terrestres
997 590 1127 627 partes,

136 641 169 668 et
186 634 326 678 quidem
345 639 442 666 ustae
461 632 575 666 calore
592 644 666 665 nou
686 633 806 666 nativo
825 640 968 678 propter
984 635 1127 667 obstru-

136 684 306 720 ctionem,
347 690 380 716 et
412 683 514 716 initia
548 684 827 727 putrefactionis.
890 683 967 717 Hae
993 684 1126 717 similes

136 734 225 767 fiunt
242 732 372 771 cineri,
398 740 556 777 superest
571 740 689 767 tamen
715 734 851 779 aliquid
876 741 910 768 et
930 746 1123 779 aquearum

135 784 299 828 partium.
354 782 406 817 Ita
430 784 554 817 vinum
580 785 768 827 degenerat
791 785 829 817 in
847 791 1001 826 acetum,
1028 785 1124 829 quod

133 833 302 877 frigidum
322 841 374 868 est
393 842 537 878 propter
553 835 832 868 imbecillitatem
851 835 963 869 nativi
986 835 1124 877 caloris,

134 891 168 918 et
183 896 332 929 aquosas
349 891 482 929 partes,
510 892 542 919 et
560 886 689 918 siccum
707 893 767 926 est,
794 886 875 931 quia
895 893 1009 929 partes
1024 893 1123 919 ustae

132 942 226 968 sunt.
286 934 382 968 Hinc
412 947 517 980 sapor
547 943 597 970 est
627 936 749 969 acidus
773 948 812 969 ex
839 937 965 969 acerbo
993 944 1025 970 et
1051 937 1123 969 acri

131 986 279 1024 mixtus,
308 986 475 1027 mordax,
501 998 540 1019 ac
564 992 749 1031 propterea
778 987 1041 1032 aliquantulum
1065 999 1122 1020 ca-

129 1036 304 1069 lefaciens.

232 1085 356 1120 Cernis
378 1087 487 1130 igitur
503 1094 637 1121 mutata
655 1087 801 1120 materia
821 1087 951 1119 mutari
969 1087 1121 1131 qualita—

130 1144 180 1170 tes
205 1137 352 1180 primas,
384 1144 417 1171 et
440 1138 564 1181 primis
589 1138 820 1181 qualitatibus
844 1138 1005 1175 mutatis,
1041 1150 1121 1171 mu-

130 1187 198 1220 tari
224 1188 413 1227 secundas,
450 1195 489 1221 ut
520 1185 708 1231 omphaces
740 1188 892 1221 multum
916 1186 1031 1221 adhuc
1055 1186 1120 1221 ha-

130 1238 216 1271 bent
236 1238 454 1271 terrestrium
471 1238 644 1282 partium,
671 1244 704 1271 et
722 1238 840 1270 minus
857 1237 978 1271 ae'reae
1004 1244 1038 1271 et
1061 1250 1119 1271 co-

130 1295 204 1321 ctae
219 1285 454 1322 humiditatis.
508 1287 601 1321 Sunt
625 1288 733 1331 igitur
750 1288 899 1331 frigidae
916 1295 948 1321 ct
964 1289 1119 1322 acerbae.

131 1337 251 1379 Quare
267 1344 299 1371 et
318 1338 525 1371 conceditur
543 1338 593 1371 uti
612 1338 651 1370 in
670 1338 828 1371 febribus
844 1350 946 1371 succo
968 1336 1118 1382 ompha-

130 1388 190 1421 cis.
248 1387 386 1421 Nomen
418 1400 500 1421 vero
527 1386 697 1433 ὄμφακος
729 1388 863 1421 faciunt
886 1389 930 1421 ab
956 1387 1062 1432 ὠμὸν
1085 1396 1118 1422 et

130 1439 285 1485 φαγεῖν,
309 1438 345 1471 id
363 1444 432 1479 est,
460 1439 610 1471 crudum
629 1450 690 1472 seu
707 1438 935 1472 immaturum
952 1440 1117 1472 vescenti.

128 1487 269 1522 Deinde
285 1489 494 1532 musta‘plus
512 1486 645 1522 habent
662 1492 783 1523 aereae
795 1496 828 1522 et
842 1501 1006 1534 aquosae,
1023 1502 1116 1522 cras-

129 1551 186 1572 sae
203 1551 241 1572 ac
260 1537 455 1573 halituosae
473 1537 717 1581 humiditatis,
743 1540 823 1573 ideo
841 1552 920 1573 cum
936 1540 1007 1574 sint
1031 1541 1117 1574 cali-

129 1590 229 1623 diora
255 1596 290 1623 et
316 1587 543 1629 humidiora,
579 1598 613 1624 et
636 1591 707 1623 iam
729 1591 856 1624 melius
880 1598 995 1629 cocta,
1033 1599 1115 1626 sunt

128 1641 299 1675 dulciora.
361 1640 564 1681 Postremo,
601 1653 680 1675 cum
705 1642 894 1684 degenerat
923 1642 1046 1675 vinum
1078 1642 1115 1675 in

127 1698 281 1733 acetum,
326 1698 442 1736 partes
475 1693 597 1725 ae'reae
633 1689 859 1733 exhalarunt,
892 1698 926 1725 et
959 1693 1115 1737 reliquae

128 1749 211 1776 sunt
235 1748 433 1782 terrestres,
466 1749 583 1779 ustae,
617 1754 696 1775 cum
722 1742 845 1785 exigua
869 1749 967 1786 parte
989 1754 1112 1788 aquea.

126 1791 312 1836 Frigidum
330 1799 381 1826 est
400 1793 507 1836 igitur
521 1799 677 1832 acetum,
704 1799 737 1825 et
756 1799 872 1825 tamen
891 1792 928 1824 in
954 1793 1114 1826 febribus

127 1855 200 1876 non
218 1843 425 1876 conceditur
440 1843 515 1877 eius
534 1854 636 1883 usus,
664 1843 745 1887 quia
762 1854 839 1875 cum
857 1840 984 1876 habeat
1000 1852 1114 1886 partes

127 1901 242 1932 ustas,
264 1901 303 1930 ,et
321 1894 365 1927 sit
385 1895 553 1934 mordax,
578 1893 837 1938 aliquantulum
859 1893 1026 1927 calefacit.

231 1943 327 1977 Haec
359 1944 536 1984 recensui,
576 1950 615 1977 ut
653 1944 810 1976 iuniores
843 1945 1114 1978 commonefacti

129 1995 351 2028 considerent
376 1995 490 2038 ipsum
518 1995 584 2028 iter
609 2001 775 2035 naturae,
802 1995 981 2039 quomodo
1004 2003 1114 2029 mate-

128 2046 200 2078 riae
222 2046 454 2079 mutationem
475 2052 642 2090 sequatur
659 2045 868 2090 qualitatum
887 2046 1054 2086 mutatio,
1080 2053 1115 2080 et

130 2093 195 2128 bae
221 2103 385 2138 cognatas
409 2107 526 2129 secum
551 2094 708 2131 trahunt.
760 2093 812 2129 Ex
830 2092 895 2128 hac
912 2097 1113 2130 considera-

129 2146 226 2179 tione
243 2147 433 2180 multarum
461 2147 699 2180 mutationum
722 2157 844 2180 causas
868 2146 905 2178 in
928 2148 1057 2181 nostris
1082 2154 1115 2181 et

129 2196 254 2229 alienis
282 2197 489 2240 corporibus
513 2209 616 2240 sagax
641 2198 850 2230 observator
871 2197 1028 2231 iudicare
1051 2211 1114 2242 po-

131 2254 208 2281 test.
263 2244 310 2280 Et
333 2247 493 2281 doctrina
517 2246 602 2281 haec
627 2260 645 2281 a
674 2245 922 2292 Theophrasto
947 2250 991 2282 de
1010 2260 1115 2293 sapo-

130 2298 250 2337 ribus,
277 2304 310 2330 et
337 2309 354 2330 a
372 2296 510 2330 Galeno
532 2299 569 2331 in
590 2299 683 2332 libro
705 2300 749 2331 de
764 2298 981 2342 simplicium
1001 2301 1114 2333 medi-

129 2354 373 2381 camentorum
391 2348 526 2382 viribus
545 2349 686 2393 copiose
703 2349 832 2383 tradita
848 2356 910 2385 est.

301 2433 361 2467 De
388 2434 501 2467 tertio
526 2444 664 2480 9enere
693 2435 935 2480 qualitatum.

231 2497 393 2532 Tertium
418 2510 528 2542 genus
550 2506 601 2532 est
622 2500 852 2544 qualitatum,
879 2512 969 2546 quae
985 2513 1115 2534 vocan-

130 2556 188 2582 tur
197 2548 377 2582 Virtuales
394 2561 453 2583 seu
471 2549 660 2593 specificae,
686 2561 745 2583 seu
762 2557 800 2584 ut
815 2550 943 2585 Graeci
961 2551 1117 2596 loquun-

129 2607 188 2632 tur
216 2596 411 2644 δυνάμεις,
446 2598 511 2633 hoc
536 2607 603 2640 est,
636 2600 807 2633 efficaciae
831 2602 1014 2646 quaedam.
1069 2602 1118 2637 Ut

131 2650 168 2682 in
193 2649 359 2694 Magnete
382 2648 543 2695 δύναμις
566 2657 635 2691 est,
675 2662 764 2694 quae
796 2651 930 2685 ferrum
960 2650 1117 2689 attrahit.

1137 1811 1146 2690 ————-——————-———·———·

1160 229 1161 236 ¹
1187 230 1383 276 Asplenum
1408 239 1598 271 exundanti
1624 240 1736 283 spleni
1759 242 1924 284 prodesse
1949 245 2052 278 etiam
2080 248 2170 280 asini

1186 290 1337 323 norunt,
1364 284 1424 328 qui
1446 292 1484 318 ut
1501 288 1683 324 abundant
1703 298 1775 324 atra
1795 292 1883 333 bile,
1911 305 1989 326 cum
2013 297 2170 331 sentiunt

1185 334 1363 367 exundare
1383 335 1559 378 splenem,
1587 349 1759 382 quaerunt
1785 354 1858 375 eam
1886 341 2031 378 herbam
2058 348 2169 379 medi—

1184 389 1321 416 cantem
1349 385 1463 428 spleni
1488 387 1691 430 expulsione
1714 398 1745 424 et
1775 395 2045 438 consumptione
2074 404 2169 431 atrae

1182 433 1276 469 bilis.
1329 435 1467 468 Nomen
1486 436 1607 470 dicunt
1627 438 1756 472 factum
1780 454 1851 475 esse
1869 443 2043 489 Teucrio,
2072 450 2166 491 quod

1183 482 1320 517 Teucer
1336 486 1426 525 exul,
1453 498 1532 519 cum
1553 487 1589 519 in
1608 487 1764 533 Cyprum
1780 493 1941 535 venisset,
1967 496 2167 532 sacrificans

1180 534 1323 568 vidisset
1352 535 1509 580 splenem
1535 538 1673 571 absumi
1697 540 1741 573 ab
1766 541 1928 584 imposita
1950 543 2074 587 herba,
2110 549 2166 581 cui

1179 592 1298 627 postea
1317 598 1395 619 cum
1414 586 1487 630 ipse
1506 599 1544 620 ea
1562 600 1645 621 usus
1661 598 1749 624 esset
1763 599 1883 625 contra
1907 594 2037 638 splenis
2062 598 2165 631 dolo-

1178 647 1233 669 res
1250 647 1270 670 ἃ
1285 637 1463 671 moesticia
1481 644 1597 679 ortos,
1625 651 1756 674 nomen
1774 641 1904 677 indidit
1919 643 2108 680 Teucrion.

1282 700 1472 747 Multiplex
1489 715 1573 738 usus
1590 712 1640 738 est
1659 705 1775 740 Rutae
1793 715 1916 743 contra
1937 722 2084 747 venena.
2113 715 2165 748 Ac

1177 751 1300 785 scribit
1316 751 1520 787 Athenaeus
1538 756 1718 798 ponticum
1736 765 1926 803 tyrannum
1953 762 2096 795 solitum
2119 766 2161 797 ad

1177 813 1211 834 se
1229 814 1352 835 vocare
1370 804 1559 847 primarios
1576 806 1687 848 cives,
1711 820 1798 853 quos
1820 811 2006 855 praecipue
2031 814 2163 855 oderat,

1176 852 1295 897 eisque
1325 854 1474 887 cicutam
1503 856 1694 891 bibendam
1719 860 1896 903 praebere.
1955 860 2033 895 Hoc
2056 865 2162 897 modo

1176 915 1256 936 cum
1280 904 1391 949 aliqui
1419 906 1622 948 periissent,
1657 910 1782 943 caeteri
1806 917 1924 954 postea
1950 913 2078 947 moniti
2103 926 2162 947 ex-

1175 955 1310 997 emplo,
1345 967 1423 988 cum
1449 956 1704 1000 invitarentur,
1740 960 1945 1005 priusquam
1969 964 2012 995 ad
2041 970 2162 1009 tyran-

1175 1015 1259 1036 num
1285 1006 1513 1045 accedebant,
1541 1015 1619 1042 ruta
1646 1011 1894 1051 vescebantur,
1920 1010 1986 1046 hoc
2011 1015 2082 1047 usis
2106 1027 2161 1048 re-

1174 1055 1290 1087 medio
1309 1067 1381 1088 non
1398 1057 1514 1100 potuit
1531 1070 1657 1092 nocere
1680 1061 1803 1094 cicuta.
1856 1060 1903 1095 Et
1919 1059 1986 1096 hoc
2004 1070 2161 1109 tempore

1172 1104 1339 1138 usitatum
1364 1113 1415 1140 est
1439 1115 1537 1148 ruta,
1565 1109 1628 1142 fico
1656 1117 1689 1143 et
1706 1123 1794 1144 nuce
1811 1112 1978 1154 iuglande
1997 1114 2033 1147 in
2049 1123 2160 1157 aceto,

1171 1155 1225 1187 uti
1241 1167 1343 1188 mane
1360 1157 1526 1191 adversus
1542 1160 1787 1202 pestilentiam,

1274 1220 1402 1256 Narrat
1426 1221 1492 1256 hoc
1514 1237 1655 1269 quoque
1673 1224 1899 1268 Athenaeus,
1922 1227 2159 1265 Alexandriae

1171 1270 1260 1304 duos
1282 1283 1358 1304 reos
1381 1274 1539 1316 capitalis
1560 1277 1723 1319 supplicii
1752 1278 1876 1312 ductos
1902 1291 1973 1313 esse
1998 1281 2043 1313 ad
2064 1282 2158 1326 aspi-

1171 1322 1252 1360 des,
1280 1333 1318 1354 ac
1342 1322 1380 1354 in
1404 1324 1459 1356 via
1483 1325 1582 1358 alteri
1610 1326 1741 1360 sitienti
1766 1340 1784 1360 a
1810 1329 2036 1370 muliercula,
2066 1332 2159 1366 forte

1170 1371 1219 1403 ibi
1247 1373 1421 1406 vendente
1444 1375 1534 1408 mala
1558 1376 1702 1417 citrina,
1735 1378 1855 1411 datum
1880 1390 1952 1412 esse
1978 1381 2158 1423 citrinum,

1170 1433 1241 1466 quo
1260 1429 1397 1465 gustato
1420 1425 1570 1468 perrexit
1588 1428 1630 1458 ad
1647 1428 1793 1471 aspides.
1839 1429 1910 1463 Ubi
1927 1442 2046 1464 morsu
2063 1433 2157 1476 aspi-

1171 1472 1226 1505 dis
1251 1473 1356 1513 alter,
1390 1481 1430 1508 ut
1453 1474 1510 1516 fit,
1546 1477 1662 1510 statim
1687 1485 1831 1512 necatus
1857 1487 1923 1518 est,
1957 1478 2040 1514 huic
2064 1495 2158 1524 vero,

1169 1522 1231 1567 qui
1248 1523 1414 1557 citrinum
1433 1533 1641 1568 gustaverat,
1670 1526 1761 1561 nihil
1779 1530 1900 1564 nocuit
1915 1531 2045 1574 aspidis
2061 1545 2157 1566 mor-

1169 1585 1238 1608 sus.
1292 1573 1512 1618 Spectatores
1534 1589 1656 1611 omnes
1682 1577 1749 1612 hoc
1765 1580 1935 1614 miraculo
1951 1582 2057 1623 moti,
2083 1584 2157 1627 pri-

1168 1636 1265 1657 mum
1283 1626 1506 1669 suspicantur
1529 1628 1702 1663 divinitus
1719 1642 1798 1663 eum
1818 1638 1963 1675 propter
1983 1633 2156 1667 innocen-

1167 1674 1251 1707 tiam
1270 1676 1411 1711 servari.
1451 1676 1575 1712 Postea
1591 1691 1629 1712 re
1645 1680 1833 1724 inquisita,
1860 1690 2077 1726 compertum
2094 1691 2155 1725 est,

1168 1724 1296 1758 citrino
1319 1738 1532 1770 repressam,
1560 1736 1593 1763 et
1617 1730 1869 1773 languefactam
1894 1743 1966 1765 esse
1995 1733 2067 1766 vim
2096 1746 2156 1766 ve·-

1166 1776 1262 1808 neni.
1316 1774 1363 1811 Et
1379 1778 1417 1810 in
1434 1778 1512 1811 aliis
1529 1780 1805 1823 experimentum
1824 1781 1952 1815 deinde
1968 1783 2155 1818 confirma-

1166 1832 1241 1859 tum
1259 1833 1322 1862 est.

1268 1891 1422 1926 Paeonia
1446 1893 1607 1927 medetur
1627 1894 1835 1939 epilepticis,
1886 1896 2026 1933 Deinde
2048 1912 2154 1945 quam

1167 1942 1284 1975 variae
1304 1943 1375 1976 sint
1402 1943 1603 1987 plantarum
1630 1951 1663 1978 et
1686 1946 1920 1981 animantium
1944 1952 2153 1985 concordiae

1166 1999 1198 2026 et
1222 1993 1437 2032 discordiae,
1463 1994 1608 2038 longum
1630 2003 1719 2030 esset
1741 1998 1898 2034 recitare.
1949 1998 2152 2035 Balsamum

1166 2055 1245 2076 cum
1272 2044 1365 2077 ferro
1392 2045 1597 2088 attingitur,
1624 2047 1738 2081 statim
1755 2047 1845 2082 mori
1860 2049 2001 2086 dicitur.
2055 2051 2151 2086 Inter

1166 2094 1279 2128 oleam
1297 2101 1331 2128 et
1347 2095 1455 2128 vitem
1472 2102 1567 2129 tanta
1592 2098 1781 2131 concordia
1802 2105 1870 2140 est,
1896 2107 1934 2133 ut
1958 2100 2021 2134 viti
2045 2102 2150 2136 insita

1167 2145 1264 2186 olea,
1299 2145 1418 2189 gignat
1451 2152 1484 2179 et
1507 2158 1593 2180 uvas
1616 2154 1649 2181 et
1679 2148 1800 2183 olivas.
1862 2150 1914 2182 Ac
1946 2151 2150 2186 innumera-

1166 2196 1251 2229 bilia
1279 2197 1435 2240 exempla
1467 2197 1607 2230 recitari
1640 2206 1799 2242 possent,
1840 2200 1899 2232 sed
1922 2200 2052 2235 similia
2074 2210 2147 2237 stu..

1166 2246 1259 2280 diosi
1283 2248 1471 2281 observent
1495 2248 1531 2280 in
1555 2249 1760 2292 quotidiana
1783 2249 1942 2284 lectione.
2001 2250 2150 2288 Prodest

1167 2297 1261 2330 enim
1280 2298 1317 2331 in
1337 2295 1402 2330 hac
1421 2298 1708 2332 dissimilitudine
1724 2311 1862 2338 rerum,
1889 2307 1922 2334 et
1938 2301 2030 2345 ipsas
2044 2310 2149 2337 natu-

1168 2359 1241 2389 ras,
1277 2356 1310 2382 et
1332 2347 1399 2382 Dei
1423 2349 1611 2382 consilium
1643 2349 1882 2390 considerare,
1915 2352 1975 2396 qui
2007 2361 2149 2397 propter

1168 2399 1296 2432 multas
1321 2399 1447 2443 sparsit
1473 2399 1659 2432 dissimiles
1680 2400 1771 2432 vires
1797 2401 1834 2432 in
1859 2412 2024 2445 corpora,
2059 2417 2148 2449 quae

1168 2450 1340 2485 condidit.
1394 2449 1482 2483 Vult
1495 2460 1559 2482 nos
1581 2460 1768 2491 agnoscere
1794 2463 1867 2483 non
1891 2463 1972 2485 casu
1997 2454 2149 2488 extitisse

1168 2498 1264 2534 hunc
1280 2501 1472 2540 mundum,
1498 2511 1576 2531 cum
1593 2499 1741 2532 diversis
1757 2501 1889 2535 morbis
1914 2509 1947 2536 et
1971 2506 2149 2546 membris,

1169 2551 1305 2584 diversa
1323 2550 1475 2583 remedia
1491 2548 1661 2582 condidit.
1713 2549 1800 2584 Vult
1825 2552 1929 2585 etiam
1953 2556 2149 2598 proprieta-

1168 2608 1220 2635 tes
1249 2601 1384 2645 aliquas
1416 2599 1647 2632 animantium
1674 2606 1706 2633 et
1728 2602 1948 2645 plantarum,
1981 2605 2149 2649 imagines

1170 2663 1241 2685 esse
1264 2650 1399 2695 aliquid
1423 2649 1658 2693 significantes
1686 2652 1730 2684 de
1760 2654 2015 2696 gubernatione
2048 2657 2150 2697 vitae,

1590 2697 1672 2736 25*
