2379 2948
190 89 262 123 805

189 175 265 206 viae
290 172 453 205 interitus
478 170 638 204 omnium
670 167 919 211 imperiorum,
953 168 1082 202 durant
1107 167 1172 200 ali-

189 224 412 268 quantisper,
441 223 552 254 ‹lonec
569 216 684 251 adhuc
700 219 803 251 multi
822 218 935 252 Deum
953 226 1045 253 recte
1072 219 1173 251 invo-

745 81 866 116 PHlL.
894 79 1008 117 MEL.
1039 78 1249 116 SCRIPTA
1278 79 1327 114 IN
1353 77 1654 115 EXEGETICA.

2136 83 2209 119 804

1223 166 1346 210 populi
1362 165 1418 199 sui
1432 171 1464 199 et
1481 163 1725 209 principibuS,
1755 164 1829 199 Vos
1845 167 1926 200 estis
1943 175 2136 203 vastatores
2155 169 2211 202 vi-

1224 229 1309 250 neae
1326 229 1442 258 meae,
1471 216 1561 249 sicut
1578 223 1611 249 et
1628 216 1666 249 in
1689 216 1792 249 tertio
1813 217 1925 261 capite
1943 216 2104 254 Micheae
2120 220 2211 254 dici-

189 282 285 312 t-ant,
330 280 361 307 et
401 273 512 305 donec
548 270 801 313 gubernatores
836 270 989 313 puniunt
1027 269 1175 308 scelera,
1199 304 1201 318 Ι
1224 275 1292 301 tur:
1318 267 1469 312 Propter
1484 278 1545 300 vos
1561 266 1651 300 Zion
1672 267 1772 311 quasi
1789 279 1870 311 ager
1885 268 2057 304 arabitur.

189 326 317 358 deinde
334 335 411 356 cum
429 332 597 354 numerus
615 327 707 354 recte
725 320 916 354 colentium
934 319 1047 354 Deum
1066 321 1103 354 fit
1119 320 1175 352 ni-

189 377 255 408 mis
276 385 420 419 parvus,
445 378 479 405 et
496 372 563 404 iam
582 372 835 415 gubernatores
852 378 944 405 certa
960 383 1085 415 genera
1102 383 1175 403 sce-

189 427 300 458 lerum
337 434 545 466 magnorum
578 434 650 455 non
684 423 859 467 puniunt,
900 424 985 457 tales
1019 423 1176 455 civitates

189 477 283 510 Deus
307 475 452 515 evertit,
487 474 576 507 sicut
611 471 777 506 hocloco
805 474 953 515 dicitur,
991 472 1175 506 Peccatum

189 539 289 559 suum
315 526 403 559 sicut
422 524 575 558 Sodoma
601 524 915 568 praedicaverunt,
945 536 1007 557 nec
1029 525 1176 556 abscon—

189 578 329 610 derunt.
368 575 434 608 Hic
453 575 546 608 enim
567 582 703 608 accusat
723 573 818 608 hunc
835 575 999 609 ultimum
1017 576 1176 617 gradum,

189 629 319 661 scilicet
353 627 621 670 impunitatem,
661 638 749 670 quae
779 634 880 669 auget
910 627 1108 666 licentiam,
1146 631 1178 658 et

190 678 300 722 magis
317 677 495 722 magisque
513 676 736 720 disciplinam
755 677 858 711 laxat.

293 728 507 772 Quanquam
531 727 625 760 enim
650 739 784 771 semper
814 728 850 759 in
874 739 1083 772 quacunque
1107 727 1178 759 fre-

190 781 334 825 quentia
351 777 538 812 hominum
559 778 669 811 multa
686 785 769 811 sunt
786 778 868 811 vitia
883 805 892 818 ,
920 784 954 812 et
971 778 1074 812 multi
1098 777 1178 811 tetri

190 832 320 874 lapsus,
350 837 468 863 tamen
482 830 593 862 donec
612 836 730 862 manet
747 829 947 873 disciplina,
971 828 1007 862 id
1027 836 1088 870 est,
1114 841 1179 872 gu-

190 883 418 914 bernatorum
448 879 631 920 severitas,
666 886 700 913 et
731 882 865 913 coercet
895 880 1111 923 petulantes,
1146 886 1179 912 et

191 932 294 976 punit
313 932 430 974 lapsus
448 937 480 964 et
497 930 753 963 contumaciam
765 957 774 971 ,
801 931 972 974 tantisper
987 929 1081 964 Deus
1098 943 1179 975 par-

191 983 237 1017 cit
256 982 467 1016 civitatibus.
522 980 590 1014 Sed
611 981 753 1025 quando
776 988 919 1015 ventum
947 988 998 1014 est
1015 983 1056 1015 ad
1083 979 1178 1015 hunc

190 1034 351 1077 gradum,
376 1039 413 1066 ut
430 1031 624 1076 impunitas
641 1032 819 1066 licentiam
837 1033 1035 1073 confirmet,
1060 1038 1093 1065 et
1110 1032 1178 1065 iam

191 1083 384 1127 petulantia
415 1094 504 1127 pene
529 1083 678 1115 ducatur
709 1095 782 1116 esse
813 1084 942 1123 virtus,
979 1080 1036 1116 hic
1060 1083 1177 1117 statim

189 1134 285 1168 Deus
308 1134 381 1178 ipse
407 1140 458 1166 est
482 1133 633 1176 vindex,
670 1140 702 1166 et
724 1131 911 1167 horrendis
935 1134 1051 1181 modis
1077 1134 1180 1177 punit

190 1192 280 1219 totas
297 1192 427 1228 gentes,
462 1182 510 1218 Ut
527 1184 609 1229 quia
629 1184 807 1229 principes
824 1185 861 1216 in
880 1184 975 1218 tribu
990 1184 1178 1218 Beniamin

190 1236 359 1269 nolebant
380 1235 507 1279 punire
526 1246 605 1275 eos,
633 1235 694 1279 qui
710 1234 857 1268 Levitae
880 1235 1065 1279 coniugem
1083 1248 1179 1269 corn-

191 1298 344 1331 pressam
362 1286 619 1325 interfecerant,
647 1286 774 1319 exarsit
790 1286 841 1319 ira
858 1286 936 1326 Dei,
965 1287 1025 1328 sic,
1052 1293 1091 1320 ut
1108 1287 1179 1320 fere

191 1345 262 1372 tota
280 1337 394 1370 tribus
417 1336 529 1369 deleta
547 1336 602 1369 sit.
654 1335 700 1370 Et
721 1337 840 1379 regula
867 1344 937 1377 est,
965 1349 1044 1370 cum
1068 1338 1179 1381 magi-

191 1396 318 1421 stratus
334 1399 408 1420 non
424 1386 527 1430 punit
545 1386 675 1419 atrocia
694 1387 840 1427 scelera,
868 1399 1000 1430 poenae
1020 1388 1180 1430 publicae

192 1439 363 1472 divinitus
390 1437 630 1480 magistratum
650 1444 683 1470 et
699 1438 870 1481 populum
889 1438 1114 1481 opprimunt,
1141 1444 1180 1471 ut

191 1496 231 1523 ut
255 1488 360 1523 Deut.
387 1488 445 1523 19.
468 1487 615 1521 dicitur:
649 1486 730 1521 Non
762 1488 984 1522 misereberis
1010 1489 1104 1527 eius,
1140 1495 1179 1522 ut

191 1541 282 1574 bene
307 1540 352 1573 sit
378 1539 454 1574 tibi.

295 1590 387 1624 Sunt
402 1596 518 1623 autem
534 1589 635 1622 initia
652 1590 776 1623 ruinae
793 1590 972 1623 civitatum
995 1591 1179 1624 universa-

192 1642 272 1675 liter
289 1641 390 1681 talia,
415 1647 454 1674 ut
472 1640 626 1683 primum
644 1641 786 1674 orbatae
806 1641 963 1674 civitates
983 1641 1037 1674 vel
1059 1648 1178 1684 gentes

192 1692 411 1737 sapientibus
441 1691 759 1734 gubernatoribus,
792 1692 1056 1726 tumultuentur
1087 1692 1179 1726 inter

192 1756 284 1784 sese,
316 1743 369 1776 vel
391 1742 533 1776 irritent
559 1741 657 1777 alios.
711 1741 795 1775 Ideo
814 1740 871 1775 hic
889 1741 967 1775 talis
985 1755 1098 1786 poena
1116 1744 1178 1776 de-

191 1794 378 1836 scribitur,
414 1791 560 1826 Auferet
592 1790 770 1826 Dominus
803 1794 909 1826 fortes
936 1800 970 1827 et
995 1793 1178 1837 sapientes.

192 1845 237 1878 Et
261 1845 353 1878 dabo
377 1855 505 1889 pueros
528 1843 706 1888 principes
730 1855 873 1885 eorum,
907 1850 940 1878 et
963 1844 1179 1879 effoeminati

191 1896 473 1929 dominabuntur
488 1906 620 1927 eorum.

293 1946 431 1979 Deinde
448 1951 647 1990 sequuntur
666 1945 856 1979 seditiones
868 1973 878 1987 ,
904 1952 944 1980 ut
960 1943 1018 1979 hic
1037 1946 1179 1987 dicitur,

191 1995 343 2030 Corruet
365 1996 421 2029 vir
443 1997 487 2029 ad
504 1996 633 2034 virum.
683 1995 800 2030 Erunt
817 1997 975 2031 diversae
998 1997 1179 2039 factiones,

191 2055 225 2082 et
243 2054 413 2093 quaerent
429 2047 589 2080 diversos
603 2047 720 2080 duces.

292 2096 342 2132 Et
364 2110 444 2131 cum
466 2096 505 2130 in
535 2094 591 2130 his
615 2097 868 2131 certaminibus
895 2097 1064 2143 utrinque
1086 2097 1179 2133 vires

191 2150 417 2184 labefactatae
432 2154 528 2189 sunt,
548 2154 667 2192 postea
684 2148 740 2181 vel
757 2148 832 2181 sine
848 2148 1000 2181 externis
1018 2146 1179 2183 hostibus

191 2201 428 2245 dissipantur,
461 2199 518 2232 vel
546 2199 800 2244 opprimuntur
824 2199 868 2232 ab
893 2199 1044 2232 externis
1067 2198 1179 2234 hosti-

191 2253 276 2292 bus,
308 2257 348 2285 ut
374 2249 523 2285 Graecia
546 2261 709 2294 oppressa
726 2257 776 2284 est
797 2262 816 2283 a
833 2249 982 2295 Turcis,
1009 2262 1088 2283 cum
1106 2252 1177 2284 duo

191 2303 315 2337 fratres
337 2302 432 2336 inter
448 2312 484 2335 se
500 2301 543 2334 de
568 2301 716 2345 imperio
741 2307 925 2335 certarent.
978 2298 1026 2335 Et
1049 2301 1178 2335 similia

191 2353 348 2397 exempla
363 2353 472 2386 multa
487 2359 569 2386 sunt
584 2352 745 2386 omnium
762 2359 926 2386 aetatum.

279 2403 422 2447 Repetit
438 2409 555 2438 autem
572 2400 748 2448 Propheta
768 2403 920 2437 subinde
937 2403 1074 2436 easdem
1092 2416 1176 2437 con-

193 2453 310 2487 ciones
325 2461 356 2488 et
372 2454 674 2488 comminationes.
699 2453 744 2488 Et
761 2454 843 2499 quia
861 2454 1059 2499 plerunque
1076 2455 1176 2498 prin—

193 2504 286 2547 cipes
302 2512 335 2538 et
350 2505 523 2549 sapientes
544 2505 668 2539 volunt
686 2503 867 2549 perhiberi
890 2505 993 2546 iusti,
1021 2512 1055 2539 et
1075 2517 1176 2540 accu-

192 2554 262 2588 sari
278 2555 425 2596 nolunt,
449 2568 487 2589 ac
504 2556 547 2589 de
565 2556 687 2601 populi
705 2556 858 2590 stulticia
875 2563 908 2590 et
925 2556 1074 2601 peccatis
1090 2569 1176 2601 que-

192 2612 341 2646 runtur,
374 2606 582 2639 nominatim
617 2607 746 2641 inserta
773 2614 823 2641 est
844 2607 1017 2641 accusatio
1041 2607 1175 2652 princi-

192 2668 286 2701 pum.
338 2655 514 2690 Dominus
535 2657 579 2690 ad
600 2657 770 2692 iudicium
789 2658 906 2692 veniet
927 2670 1008 2693 cum
1031 2658 1174 2693 senibus

1328 317 1498 354 Videmus
1515 330 1610 351 nuuc
1627 330 1768 363 quoque
1786 325 1924 352 tantum
1942 319 2089 353 miserae
2106 327 2138 354 et
2154 321 2211 354 in-

1225 370 1347 403 doctae
1375 369 1577 413 plebeculae
1603 370 1688 402 vitia
1721 376 1753 402 et
1776 370 1901 403 delicta
1927 370 2100 411 accusari,
2134 383 2212 405 cum

1200 429 1202 439 '
1226 421 1329 464 longe
1345 420 1477 454 maiora
1496 421 1565 453 sint
1584 420 1786 464 principum
1803 428 1836 454 et
1853 421 2070 465 sapientum,
2098 427 2132 455 et
2147 422 2212 455 do-

1226 478 1362 505 ctorum
1386 477 1535 515 peccata.
1590 470 1639 503 Hi
1655 472 1883 505 audacissime
1901 479 2133 517 corrumpunt
2149 472 2215 506 do-

1227 522 1377 555 ctrinam
1401 523 1443 555 de
1466 520 1562 562 Deo,
1590 528 1623 555 et
1648 522 1835 556 inflectunt
1858 523 2046 566 religiones
2068 524 2111 556 ad
2135 534 2215 556 suas

1227 573 1458 616 cupiditates,
1486 572 1672 607 stabiliunt
1686 574 1799 615 idola,
1827 581 1859 608 et
1883 574 2093 607 confirmant
2116 585 2215 607 erro-

1227 635 1281 656 res
1297 629 1330 656 et
1348 622 1557 666 multiplicia
1574 630 1723 666 peccata.
1773 622 1820 658 Et
1837 625 1919 658 talia
1935 625 2082 658 consilia
2098 624 2216 658 norni-

1228 681 1314 707 nant
1331 673 1537 717 sapientiam
1554 674 1743 707 salutarem
1760 676 1912 719 patriae,
1939 676 2063 710 dicunt
2084 687 2120 709 se
2133 687 2216 709 ner-

1229 736 1290 758 vos
1309 725 1402 768 pacis
1419 730 1449 757 et
1471 725 1586 757 bonae
1603 726 1870 767 gubernationis
1889 727 1991 761 tueri.
2034 726 2104 761 Sed
2119 725 2216 760 Deus

1228 774 1294 809 hos
1309 781 1505 820 praetextus
1521 773 1615 808 haud
1632 776 1739 809 dubie
1759 776 1945 819 iudicabit,
1973 778 2068 812 iuxta
2090 789 2216 811 secun-

1228 828 1313 860 dum
1344 827 1551 859 mandatum
1576 825 1761 870 Decalogi:
1797 827 1880 861 Non
1910 828 1977 863 erit
2008 829 2218 873 impunitus,

1229 878 1290 923 qui
1315 889 1445 910 nomen
1467 876 1613 910 Domini
1637 890 1725 911 vane
1749 886 1907 923 usurpat.
1959 878 2006 912 Et
2021 880 2114 913 infra
2130 879 2217 912 dicit

1228 927 1366 962 Esaias:
1395 927 1469 961 Vae
1486 928 1596 969 vobis,
1622 928 1682 973 qui
1701 929 1832 962 malum
1852 930 1967 963 dicitis
1982 941 2053 963 esse
2068 931 2215 964 bonum.

1328 978 1413 1012 Post
1437 979 1696 1012 accusationem
1714 980 1873 1014 virorum
1891 987 1924 1014 et
1947 981 2157 1022 mulierum,
2183 987 2218 1014 et

1230 1036 1414 1074 postquam
1435 1041 1564 1073 poenas
1581 1037 1615 1063 et
1637 1031 1853 1064 calamitates
1869 1032 2046 1076 utrisque,
2073 1038 2106 1065 et
2123 1030 2218 1065 exci—

1231 1081 1329 1114 dium
1355 1079 1621 1126 Hierosolymae
1647 1082 1894 1124 denunciavit,
1930 1083 2029 1117 addit
2057 1082 2218 1116 consola-

1230 1132 1361 1165 tionem
1374 1158 1383 1172 ,
1408 1138 1447 1165 ut
1462 1143 1568 1176 supra
1585 1132 1720 1165 dictum
1737 1139 1804 1174 est,
1830 1131 2026 1178 Prophetas
2047 1145 2121 1167 non
2139 1140 2218 1167 tan-

1230 1189 1304 1216 tum
1339 1182 1554 1215 denunciare
1587 1183 1817 1223 calamitates,
1853 1186 1911 1217 sed
1949 1185 2052 1218 etiam
2088 1185 2218 1218 addere

1230 1233 1482 1276 promissiones
1524 1234 1567 1266 de
1609 1234 1768 1278 reliquiis
1805 1234 1982 1269 Ecclesiae
2025 1235 2219 1269 servandis.

1232 1283 1315 1317 Ideo
1342 1285 1560 1317 tristissimae
1593 1285 1757 1317 concioni
1786 1286 1885 1319 addit
1913 1293 2030 1330 postea
2055 1286 2218 1320 dulcissi-

1230 1347 1322 1367 mam
1340 1335 1609 1379 promissionem
1622 1362 1631 1376 ,
1659 1348 1748 1380 quae
1764 1337 1926 1369 adfirmat
1943 1337 2035 1370 inter
2057 1334 2120 1369 has
2138 1344 2218 1370 tan-

1231 1392 1283 1418 tas
1315 1386 1448 1425 clades,
1483 1392 1599 1417 tamen
1626 1385 1739 1418 Deum
1774 1387 1945 1421 immensa
1975 1387 2216 1421 misericordia

1230 1442 1450 1468 servaturum
1467 1447 1538 1468 esse
1556 1436 1693 1480 aliquos
1710 1444 1838 1472 coetus.

1334 1485 1476 1528 Quanto
1493 1486 1529 1518 in
1547 1486 1669 1519 dolore
1686 1499 1780 1521 nunc
1799 1494 1881 1521 sunt
1903 1488 2007 1522 multi
2024 1488 2217 1521 mediocres

1230 1535 1409 1577 homines,
1439 1536 1500 1581 qui
1525 1537 1645 1570 vident
1670 1538 1819 1571 subinde
1840 1550 1951 1572 novas
1972 1539 2219 1583 dissipationes

1231 1587 1324 1628 fieri,
1351 1594 1383 1620 et
1398 1587 1566 1631 paulatim
1583 1588 1745 1621 tenebras
1765 1595 1796 1622 et
1823 1589 2025 1624 barbariem
2042 1590 2219 1624 crescere?

1231 1637 1325 1670 Hinc
1341 1637 1472 1677 Turci,
1500 1637 1585 1671 alibi
1604 1637 1794 1672 Pontifices
1818 1647 1852 1674 et
1874 1639 1989 1683 Reges
2011 1641 2218 1685 opprimunt

1232 1700 1349 1721 veram
1377 1688 1594 1729 doctrinam,
1622 1696 1655 1723 et
1682 1689 1774 1723 inter
1798 1691 2028 1735 imperiorum
2047 1692 2218 1726 tumultus

1231 1739 1345 1772 studia
1362 1739 1543 1772 doctrinae
1569 1740 1803 1782 languefiunt,
1830 1749 1863 1775 et
1886 1743 2030 1786 insuper
2051 1743 2142 1776 fiunt
2157 1755 2218 1776 va-

1231 1790 1304 1823 riae
1320 1790 1566 1824 distractiones
1582 1789 1820 1825 Ecclesiarum
1838 1800 1870 1826 et
1889 1793 2104 1835 docentium,
2123 1794 2218 1828 iuxta

1231 1841 1466 1875 tristissimam
1482 1840 1606 1874 Esaiae
1625 1843 1819 1887 querelam:
1848 1843 2055 1889 Iniquitates
2077 1851 2218 1878 nostrae

1231 1899 1270 1926 ut
1286 1893 1382 1926 venti
1398 1892 1659 1936 dissipaverunt
1676 1905 1750 1940 nos.

1335 1942 1548 1988 Quanquam
1572 1950 1689 1977 autem
1710 1944 1936 1978 manifestum
1961 1950 2031 1983 est,
2060 1942 2216 1979 humana

1232 1995 1378 2029 consilia
1394 2006 1468 2027 non
1484 2005 1584 2038 posse
1601 1991 1655 2027 his
1672 1996 1778 2029 tantis
1795 1995 1897 2028 malis
1919 1995 2071 2036 mederi,
2099 2002 2216 2030 tamen

1231 2057 1411 2091 speremus
1434 2043 1549 2078 Deum
1573 2045 1800 2079 collecturum
1826 2057 1899 2079 esse
1924 2046 2063 2092 aliquos
2087 2053 2217 2088 coetus,

1231 2104 1265 2131 et
1294 2095 1359 2130 hac
1390 2108 1450 2141 spe
1478 2095 1592 2129 studia
1621 2096 1803 2130 doctrinae
1834 2097 2001 2131 colamus.
2056 2096 2217 2132 Sciamus

1232 2148 1336 2183 etiam
1360 2148 1398 2180 in
1420 2147 1491 2180 illis
1516 2146 1600 2191 ipsis
1621 2148 1783 2190 gentibus
1802 2159 1985 2181 mansuras
2001 2159 2072 2181 esse
2093 2148 2217 2182 Eccle-

1231 2200 1303 2233 siae
1335 2197 1521 2243 reliquias,
1556 2197 1619 2231 ubi
1649 2198 1707 2242 pia
1737 2199 1918 2232 doctrinae
1954 2199 2070 2232 studia
2101 2206 2216 2234 erunt.

1232 2250 1325 2294 Quia
1351 2249 1464 2283 Filius
1489 2248 1555 2283 Dei
1577 2255 1627 2282 est
1652 2256 1768 2284 custos
1791 2249 1985 2291 Ecclesiae,
2017 2256 2051 2283 et
2077 2261 2216 2295 semper

1230 2301 1368 2346 aliquos
1392 2306 1510 2334 coetus
1532 2299 1676 2342 colligit.
1729 2299 1836 2334 Hunc
1861 2301 2007 2334 modum
2033 2301 2214 2334 liberatio-

1230 2353 1286 2385 nis
1303 2349 1360 2385 hic
1376 2362 1516 2396 quoque
1532 2351 1653 2384 recitat
1671 2349 1862 2395 Propheta,
1881 2358 1914 2386 et
1928 2351 2095 2386 beneficia
2111 2362 2213 2396 prae-

1230 2404 1332 2448 cipua
1349 2402 1560 2436 nominatim
1581 2410 1844 2437 commemorat.

1331 2453 1490 2487 Primum
1518 2453 1652 2498 inquit,
1679 2451 1721 2486 In
1747 2454 1810 2487 illo
1834 2453 1910 2498 ipso
1932 2452 2066 2487 excidio
2093 2458 2211 2486 tamen

1229 2505 1464 2539 servabuntur
1485 2504 1624 2549 aliquae
1653 2504 1822 2550 reliquiae
1846 2516 1908 2549 per
1932 2502 2116 2543 Messiam‚
2150 2503 2213 2548 qui

1228 2563 1279 2591 est
1294 2567 1436 2600 germen
1452 2553 1611 2588 Domini.
1665 2554 1743 2589 Hoc
1758 2566 1899 2599 germen
1916 2553 2029 2588 Filius
2045 2552 2111 2587 Dei
2139 2565 2212 2587 ser-

1227 2607 1324 2641 vabit
1341 2606 1480 2652 aliquos
1497 2613 1635 2649 coetus,
1663 2613 1697 2640 et
1714 2611 1921 2650 agnoscetur
1937 2604 1981 2638 ab
2000 2604 2067 2645 eis,
2095 2612 2126 2639 et
2145 2605 2210 2639 erit

1227 2658 1276 2692 eis
1291 2657 1437 2702 gaudio,
1464 2665 1497 2693 et
1513 2657 1669 2691 vicissim
1684 2656 1920 2691 celebrabitur
1938 2655 1982 2690 ab
1999 2656 2057 2689 eis.
