2379 2948
156 111 251 149 1175

154 194 317 230 successit
340 192 445 227 Isaac.
502 188 553 222 Ac
586 186 816 220 meminerint
845 186 1003 220 iuniores
1035 186 1145 219 versi-

154 247 289 280 culum:

243 292 395 332 εὔσεβέων
418 290 568 320 παίδεσσι
593 286 629 318 τά
653 286 733 317 stc-‚2¹12
756 287 932 326 ὁύσσεβέων
956 284 985 316 δ’
1008 283 1054 316 οὗ.

257 342 355 392 Opes
390 347 420 376 el
456 340 607 375 divitiae
635 339 673 372 in
699 336 805 372 domo
829 339 918 374 eius.
969 338 1037 372 Hic
1064 350 1147 382 pro-

156 399 347 432 mittuntur
371 393 522 438 hospitia
546 399 578 426 et
602 392 725 426 victus.
770 391 863 433 Quia
880 391 966 424 dicit
982 390 1019 422 in
1039 391 1146 422 domo

157 450 232 482 eius
246 475 253 489 ‚
281 446 453 490 significat
479 444 583 477 etiam
606 442 781 485 tuguriola
801 450 834 476 et
852 439 1003 486 hospitia
1020 439 1145 474 Eccle-

157 500 227 533 siae
253 498 374 532 tribui.
418 495 497 529 Huc
521 494 653 527 similes
671 493 921 537 promissiones
939 492 1068 524 multae
1085 493 1148 524 ad-

157 553 311 590 duntur,
338 555 379 582 ut
396 545 612 581 Psalm.33.:
641 544 722 578 Non
739 550 788 577 est
806 543 924 588 inopia
941 543 1149 576 timentibus
1175 543 1177 552 '

158 614 258 642 eum,
290 606 324 634 et
345 595 619 642 comprehensae
644 602 726 628 sunt
749 606 871 627 omnes
895 595 931 626 in
958 594 1042 634 ista,
1069 593 1150 626 Pri-

157 665 256 686 mum
283 649 441 696 quaerite
458 659 605 691 regnum
625 646 709 685 Dei,
737 653 771 680 et
788 653 919 679 caetera
937 645 1150 678 adiicientur

158 703 272 737 vobis.
327 700 407 735 Dixi
433 706 548 733 autem
573 710 677 742 supra
697 698 740 730 de
760 694 1055 741 promissionibus
1073 707 1150 729 cor-

161 754 335 799 poralium
366 752 565 790 bonorum,
599 759 738 792 semper
770 755 860 781 ratas
887 758 959 779 esse
984 746 1151 780 universo

161 805 297 843 coetui,
324 803 405 849 quia
422 801 518 835 Deus
543 800 618 833 vult
643 799 680 832 in
700 797 763 831 hac
781 799 851 831 vita
870 797 1069 831 conservari
1084 797 1153 830 Ec·
1178 819 1180 826 .

162 856 315 890 clesiam.
371 852 516 886 Tribuit
532 851 639 894 igitur
655 848 807 893 hospitia
825 854 858 881 et
874 849 1023 889 victum,
1051 855 1083 882 et
1101 856 1150 881 ta—

163 919 244 940 men
269 917 341 938 non
368 903 493 937 tribuit
516 902 637 935 eodem
662 901 767 933 modo
785 900 952 942 singulis,
980 899 1062 944 quia
1077 899 1154 932 vult

163 970 228 991 nos
252 956 348 990 cruci
371 961 403 988 et
428 952 648 996 castigationi
672 951 847 984 subiectos
872 962 964 989 esse,
992 957 1031 984 ut
1049 962 1153 994 supra

164 1009 295 1042 dictum
322 1013 382 1040 est.
430 1004 479 1037 'Et
501 1011 618 1037 tamen
646 1002 778 1035 interea
804 1013 944 1034 crucem
969 1008 1002 1035 et
1025 1013 1156 1046 poenas

164 1061 334 1093 immensa
357 1054 597 1089 misericordia
616 1053 865 1086 invocantibus
883 1053 1038 1096 mitigat,
1067 1053 1155 1085 sicut

165 1109 366 1154 saepissime
402 1107 547 1140 dicitur:
609 1104 691 1138 Non
728 1104 889 1137 accendit
927 1111 1036 1137 totam
1066 1104 1155 1136 iram

165 1173 274 1196 suam.
333 1158 435 1191 Item:
477 1155 746 1190 Misericordiae
779 1153 924 1187 Domini
955 1155 1050 1199 quod
1083 1166 1157 1187 non

167 1210 342 1246 consumti
371 1219 502 1242 sumUS.
562 1207 647 1240 Item
673 1204 788 1239 Oseae
814 1206 887 1240 11.:
922 1204 1003 1238 Non
1031 1205 1156 1238 faciam

166 1265 322 1296 furorem
348 1260 420 1293 irae
443 1270 559 1298 meae,
586 1257 667 1303 quia
697 1256 791 1290 Deus
817 1268 879 1300 ego
905 1269 1000 1297 sum,
1027 1262 1061 1290 et
1085 1268 1157 1289 non

168 1312 296 1353 homo,
334 1312 371 1344 in
403 1310 520 1343 medio
546 1309 598 1343 tui
622 1315 769 1341 sanctus
840 1307 924 1340 Ideo
949 1307 1084 1352 inquit,
1125 1319 1160 1339 se

169 1377 243 1398 non
262 1363 444 1396 effundere
462 1367 571 1394 totam
590 1360 679 1392 iram
697 1359 779 1404 quia
799 1358 842 1392 sit
859 1357 965 1392 Deus.
1017 1357 1085 1391 Hic
1104 1358 1160 1390 in-

169 1415 304 1458 telligas
326 1412 530 1456 dupliciter,
558 1411 603 1443 de
627 1409 872 1452 magnitudine
894 1409 966 1442 irae
985 1416 1017 1442 et
1034 1410 1076 1441 de
1092 1408 1160 1441 mi-

171 1464 382 1504 sericordia,
415 1461 511 1495 Deus
532 1473 605 1494 non
631 1460 783 1493 effundit
808 1467 917 1493 totam
941 1460 1050 1500 iram,
1077 1459 1160 1504 quia

171 1516 278 1551 nimis
295 1526 419 1557 magna
435 1518 495 1553 est,
521 1512 615 1545 iuxta
633 1511 738 1544 illud:
767 1509 806 1544 Si
824 1511 1029 1555 iniquitates
1041 1511 1161 1543 obser-

173 1567 310 1602 vaveris
332 1564 506 1606 Domine,
541 1561 695 1595 Domine
724 1561 803 1606 quis
835 1561 1046 1594 sustinebit?
1098 1560 1162 1594 Se-

173 1619 290 1653 cundo
320 1614 569 1649 universaliter
599 1612 753 1656 primum
780 1612 942 1645 irascitur
967 1611 1062 1645 Deus
1089 1623 1162 1643 non

172 1677 212 1704 nt
237 1668 375 1713 perdat:
411 1666 470 1698 sed
493 1671 531 1697 ut
556 1661 711 1696 retrahat
736 1674 799 1695 nos
825 1663 866 1694 ad
896 1661 1164 1707 poenitentiam,

174 1722 269 1754 iuxta
294 1718 401 1751 illud:
438 1715 532 1748 Vivo
555 1726 636 1757 ego,
678 1714 761 1746 nolo
786 1720 934 1746 mortem
960 1712 1163 1757 peccatoris.

175 1771 243 1806 Sed
261 1768 366 1803 homo
385 1767 548 1800 irascitur
565 1766 687 1798 dolore
703 1764 880 1797 vindictae
896 1771 960 1799 etc.
1012 1762 1086 1796 Has
1103 1775 1163 1795 ne-

175 1821 339 1856 cessarias
357 1817 615 1852 consolationes
633 1827 732 1859 saepe
749 1815 957 1858 cogitemus,
985 1821 1018 1848 et
1034 1815 1071 1847 in
1091 1815 1164 1858 ipsa

177 1870 461 1907 consideratione
492 1867 713 1900 miseriarum
751 1877 980 1909 agnoscamus
1015 1866 1165 1898 immen-

177 1936 248 1958 sam
266 1919 544 1955 misericordiam
559 1918 642 1957 Dei,
670 1924 704 1951 et
720 1918 751 1949 ei
767 1917 895 1960 gratias
912 1928 1054 1959 agamus
1071 1917 1164 1961 quod

177 1986 250 2008 non
280 1971 437 2006 accendit
470 1976 577 2002 totam
611 1969 698 2001 iram
732 1980 842 2003 suam.
895 1966 1034 2000 Deinde
1062 1968 1166 2000 etiam

178 2026 387 2062 clamemus,
415 2021 502 2053 sicut
518 2019 697 2052 Ieremias:
727 2018 766 2052 In
793 2019 923 2052 iudicio
948 2018 1085 2063 corripe
1100 2030 1167 2057 me,

178 2088 251 2110 non
269 2074 312 2107 ad
329 2070 483 2106 nibilum
504 2070 640 2112 redigas
658 2082 726 2102 me.

283 2121 443 2158 Iuslicia
461 2120 537 2154 eius
552 2124 674 2153 munel
689 2131 838 2166 semper.
888 2119 1048 2153 Primum
1062 2120 1167 2154 obvia

180 2174 425 2221 interpretatio
450 2171 534 2206 haec
552 2179 621 2211 est,
649 2171 786 2204 iusticia
804 2171 896 2211 eius,
924 2170 959 2203 id
979 2179 1050 2210 est,
1077 2171 1167 2205 iusta

181 2240 282 2263 causa
310 2226 385 2259 eius
415 2225 556 2258 tandem
588 2222 717 2265 vincit,
751 2221 888 2255 etiamsi
915 2222 1169 2267 aliquantisper

180 2280 289 2313 multa
315 2276 478 2321 patienda
503 2281 603 2314 sunt,
629 2280 669 2306 ut
687 2285 787 2306 causa
807 2271 931 2317 loseph
948 2273 1098 2315 gloriose
1115 2274 1169 2306 vi-

182 2331 246 2371 cit,
272 2328 357 2363 Saul
373 2326 494 2360 obiicit
507 2324 638 2359 Davidi
657 2325 788 2357 crimen
806 2323 955 2357 affectati
973 2324 1082 2366 regni,
1109 2325 1167 2357 sed

182 2382 307 2414 clamat
332 2377 445 2412 David
465 2376 605 2409 Psalmo
624 2374 679 2410 7.:
714 2374 834 2409 ludica
857 2386 913 2407 me
931 2372 1086 2407 Domine
1114 2386 1168 2408 se-

182 2432 335 2465 cundum
367 2428 540 2462 iusticiam
565 2438 698 2464 meam,
731 2426 794 2459 ubi
818 2427 861 2458 de
886 2425 1021 2458 iusticia
1046 2437 1169 2458 causae

183 2482 359 2526 loquitur,
394 2491 467 2512 non
493 2479 535 2510 de
558 2477 694 2510 iusticia
719 2488 900 2521 personae.
966 2474 1014 2510 Et
1037 2477 1167 2510 mentio

183 2544 305 2566 causae
328 2542 400 2563 non
423 2537 474 2564 est
497 2528 727 2568 confidentia,
760 2529 854 2572 quod
880 2534 1063 2570 propterea
1087 2539 1167 2571 per-

184 2595 268 2617 sona
286 2582 330 2615 sit
346 2582 433 2613 iusta
447 2607 455 2620 ,
479 2581 537 2613 sed
557 2587 605 2613 est
623 2580 795 2612 consessio
814 2578 1005 2611 necessaria
1023 2585 1167 2622 propter

182 2634 268 2667 alios
280 2660 288 2673 ‚
315 2643 359 2664 ne
375 2631 434 2663 alii
451 2632 493 2663 de
511 2642 610 2663 causa
628 2636 761 2668 errent,
787 2636 826 2663 ut
845 2641 923 2663 cum
942 2636 1085 2673 propter
1102 2632 1166 2662 do-

750 100 876 137 PHIL.
903 99 1020 138 MEL.
1049 98 1257 136 SCRIPTA
1282 98 1584 136 EXEGETICA.

2092 99 2189 135 1176

1199 197 1373 230 exponere
1397 197 1555 227 causam,
1582 191 1616 219 et
1639 185 1825 219 ostendere
1839 196 1875 219 se
1890 197 1964 219 non
1980 192 2109 220 temere
2127 186 2190 219 ad-

1200 238 1330 270 versari
1350 237 1451 270 aliter
1465 236 1712 272 sentientibus.

1303 287 1462 332 Sequens
1491 299 1612 321 versus
1636 287 1799 330 congruit
1822 297 1901 319 cum
1925 286 2084 329 proxima
2108 298 2189 320 sen-

1200 339 1326 373 tentia:
1354 337 1543 371 Exoritur
1560 337 1596 371 in
1616 337 1772 371 tenebris
1791 335 1911 370 lumen
1930 335 2051 378 rectis,
2076 337 2111 371 id
2129 344 2191 378 est,

1200 390 1237 423 in
1253 390 1450 424 calamitate
1466 390 1672 430 consolatio,
1695 389 1793 435 quasi
1812 388 1920 421 dicat:
1948 387 2074 421 Manet
2090 400 2192 422 causa

1201 453 1403 486 quanquam
1427 441 1548 474 multis
1571 449 1603 475 et
1626 441 1762 484 magnis
1783 437 1964 478 hostibus,
1992 439 2143 472 diabolis
2160 446 2195 472 et

1202 492 1343 535 organis
1359 492 1492 525 diaboli
1508 492 1792 532 adversantibus,
1820 491 1952 524 interea
1972 496 2087 523 tamen
2098 489 2194 524 Deus

1203 549 1394 584 sustentat,
1437 543 1661 585 consolatur,
1700 550 1733 577 et
1769 542 1911 576 tandem
1942 541 2069 575 liberat
2100 538 2196 574 hune

1203 594 1347 628 iustum.

1308 642 1380 676 Iam
1411 641 1468 677 hic
1499 643 1580 677 sciri
1607 650 1744 688 oportet
1766 643 2003 677 universalem
2025 641 2197 685 regulam.

1205 694 1398 729 Promissio
1424 695 1662 738 corporalium
1687 695 1864 728 bonorum
1891 694 2020 728 tradita
2045 700 2095 727 est
2114 704 2197 737 pro—

1206 753 1284 791 pter
1302 746 1573 789 promissionem
1592 745 1722 787 gratiae
1740 752 1772 779 et
1787 752 1931 790 propter
1948 744 2136 785 Messiam,
2163 750 2198 777 et

1206 809 1344 841 semper
1371 797 1570 841 praeluceat
1594 796 1696 835 fides,
1725 808 1792 841 qua
1819 803 2010 830 statuamus
2034 807 2099 828 nos
2122 795 2198 840 pla-

1207 860 1282 881 cere
1299 847 1375 881 Deo
1388 875 1396 887 ,
1425 854 1458 881 et
1474 854 1617 891 propter
1632 846 1763 880 Filium
1780 847 1849 881 Dei
1864 847 1973 880 iustos
1990 858 2072 880 esse.
2126 845 2199 880 De-

1208 899 1292 931 inde
1326 905 1484 942 petamus
1521 906 1555 932 et
1582 905 1802 942 expectemus
1831 905 1964 931 caetera
1993 897 2200 938 necessaria,

1208 951 1267 983 sed
1293 949 1340 983 ita
1359 957 1398 983 ut
1413 949 1519 982 simul
1537 949 1647 993 parati
1664 949 1774 982 simus
1789 950 1832 982 ad
1851 961 2007 990 crucem,
2033 956 2066 982 et
2082 955 2200 982 tamen

1209 1013 1283 1034 non
1314 1001 1554 1034 ammittamus
1579 1007 1755 1033 aeternam
1782 1000 2077 1040 consolationem,
2111 999 2200 1033 sicut

1210 1050 1448 1097 inquitHiob:
1478 1049 1628 1084 Etiamsi
1645 1051 1780 1084 occidet
1799 1062 1865 1090 me,
1888 1051 2035 1094 sperabo
2053 1050 2090 1083 in
2108 1062 2201 1085 eum.

1210 1102 1327 1137 David
1350 1115 1429 1136 curn
1455 1102 1641 1146 expellitur
1664 1102 1701 1135 in
1721 1102 1866 1135 exilium
1884 1101 1985 1144 erigit
2002 1113 2037 1134 se
2051 1100 2142 1142 fide,
2169 1107 2203 1134 et

1211 1153 1333 1187 statuit
1358 1166 1394 1187 se
1412 1151 1542 1186 habere
1561 1153 1803 1186 remissionem
1821 1159 2041 1197 peccatorum
2060 1158 2204 1196 propter

1213 1204 1461 1240 Mediatorem.
1514 1203 1654 1238 Deinde
1679 1204 1766 1249 petit
1789 1210 1821 1237 et
1846 1210 2003 1248 expectat
2026 1203 2204 1237 reductio-

1213 1268 1316 1295 nem,
1343 1262 1375 1289 et
1399 1262 1514 1289 tamen
1534 1263 1676 1299 paratus
1694 1263 1744 1289 est
1761 1256 1802 1288 ad
1822 1267 1991 1299 poenam,
2019 1266 2082 1288 nec
2099 1254 2205 1288 amit-

1213 1308 1256 1341 tit
1286 1307 1420 1339 interea
1451 1313 1628 1340 aeternam
1654 1306 1950 1346 consolationem,
1984 1305 2047 1340 scit
2069 1304 2145 1339 Deo
2169 1316 2205 1338 se

1214 1358 1343 1391 debere
1371 1355 1467 1390 hunc
1498 1355 1669 1390 bonorem
1699 1363 1731 1390 et
1758 1354 1853 1389 huuc
1876 1357 2031 1397 cultum,
2065 1356 2205 1389 credam

1215 1408 1441 1453 promissioni
1468 1408 1617 1450 gratiae,
1650 1408 1713 1441 scit
1737 1406 1905 1440 Messiam
1927 1419 2001 1440 non
2025 1418 2096 1440 esse
2120 1417 2206 1440 con—

1216 1459 1361 1493 tumelia
1384 1459 1629 1497 afficiendum,
1657 1459 1715 1491 sed
1742 1457 1976 1502 potentiorem
2003 1468 2075 1490 esse
2096 1468 2204 1500 regno

1217 1509 1349 1554 peccati
1382 1516 1415 1542 et
1446 1509 1590 1549 mortis,
1624 1509 1719 1543 iuxta
1746 1509 1852 1541 illud:
1890 1506 2070 1542 Exuberat
2093 1507 2206 1551 gratia

1216 1571 1320 1604 supra
1345 1566 1536 1603 peccatum.
1589 1558 1666 1593 Hoc
1692 1561 1798 1592 modo
1824 1566 1858 1593 et
1883 1559 2019 1592 iusticia
2037 1569 2208 1603 personae

1216 1617 1334 1643 manet
1363 1609 1399 1642 in
1425 1617 1606 1643 aeternum
1632 1622 1749 1643 coram
1774 1608 1871 1651 Deo,
1907 1609 2070 1643 videlicet
2093 1615 2207 1643 stante

1217 1660 1309 1694 Filio
1322 1659 1387 1693 Dei
1404 1672 1521 1694 coram
1537 1669 1680 1695 aeterno
1697 1667 1814 1706 patre,
1842 1668 1874 1695 et
1893 1673 1958 1705 pro
1977 1661 2081 1694 nobis
2097 1660 2208 1695 inter-

1217 1711 1381 1757 pellante.

1321 1761 1423 1795 Hanc
1446 1769 1623 1796 aeternam
1646 1762 1822 1796 iusticiam
1845 1762 1951 1796 etiam
1974 1759 2032 1795 hic
2053 1761 2210 1806 comple-

1219 1814 1325 1847 ctitur
1344 1812 1515 1847 Psalmus.
1566 1813 1659 1856 Quia
1677 1826 1880 1859 quanquam
1898 1814 1935 1847 in
1953 1813 2096 1858 politico
2114 1813 2209 1858 regi-

1220 1865 1315 1898 mine
1332 1865 1436 1898 etiam
1453 1872 1566 1898 servat
1577 1863 1672 1898 Deus
1689 1865 1855 1907 regulam,
1883 1871 1922 1899 ut
1935 1863 2065 1898 atrocia
2077 1864 2208 1897 scelera

1221 1915 1345 1960 puniat
1363 1915 1540 1949 atrocibus
1556 1916 1679 1960 poenis
1694 1916 1730 1948 in
1747 1913 1813 1949 hac
1822 1915 1905 1956 vita,
1931 1922 1963 1949 et
1975 1916 2116 1948 tandem
2128 1914 2210 1947 vin-

1221 1973 1323 2008 cant,
1358 1967 1419 2011 qui
1449 1974 1549 2000 antea
1579 1967 1710 1999 iniuste
1738 1966 1895 2011 oppressi
1923 1966 2085 2006 fuerunt,
2119 1965 2210 2000 sicut

1221 2019 1402 2061 Augustus
1426 2017 1536 2052 vincit
1552 2017 1768 2051 Antonium:
1792 2023 1908 2050 tamen
1931 2014 1989 2050 hic
2002 2028 2075 2049 non
2092 2016 2210 2062 loqui-

1222 2075 1280 2102 tur
1303 2070 1346 2101 de
1369 2068 1506 2112 impiis,
1535 2070 1594 2101 sed
1619 2069 1662 2101 de
1687 2068 1816 2101 talibus
1839 2080 1990 2112 quorum
2009 2074 2041 2101 et
2060 2078 2210 2111 persona

1222 2126 1255 2153 et
1274 2131 1376 2153 causa
1394 2120 1522 2163 placet,
1550 2126 1582 2153 et
1601 2119 1661 2164 qui
1680 2119 1845 2152 invocant
1862 2117 1996 2158 Deum,
2024 2125 2058 2152 et
2074 2119 2118 2152 ab
2132 2118 2209 2162 ipso

1223 2177 1347 2215 petunt
1380 2177 1414 2205 et
1447 2177 1631 2215 expectant
1661 2169 1961 2210 consolationem,
2002 2177 2034 2204 et
2068 2170 2111 2203 de
2143 2166 2209 2203 hac

1222 2228 1362 2255 aeterna
1388 2221 1524 2255 iusticia
1548 2221 1690 2265 proprie
1714 2220 1803 2254 infra
1821 2221 1929 2254 dicet:
1956 2217 2007 2254 In
2023 2224 2210 2254 aeternum

1222 2284 1296 2305 non
1318 2271 1450 2319 peribit
1475 2272 1611 2313 iustus,
1638 2276 1688 2304 et:
1716 2271 1754 2304 in
1777 2270 1953 2305 memoria
1975 2275 2124 2304 aeterna
2142 2269 2209 2304 erit

1224 2322 1363 2362 iustus,
1391 2323 1452 2356 ubi
1478 2324 1522 2356 de
1546 2323 1639 2357 iusto
1662 2335 1778 2356 coram
1803 2321 1880 2356 Deo
1903 2323 2083 2368 loquitur,
2110 2322 2209 2355 vide-

1223 2375 1305 2408 licet
1328 2375 1555 2408 de⁷credente
1577 2386 1650 2407 non
1675 2375 1718 2407 de
1740 2374 1862 2418 impio.
1933 2373 2039 2408 Hunc
2062 2373 2208 2406 creden-

1221 2432 1292 2460 tem
1316 2425 1435 2470 inquit
1456 2425 1500 2458 ab
1523 2437 1562 2458 eo
1586 2424 1774 2466 custodiri,
1804 2431 1836 2458 et
1851 2423 1965 2458 Deum
1983 2435 2118 2467 semper
2134 2423 2209 2457 eius

1222 2477 1259 2509 in
1288 2477 1387 2509 omni
1416 2476 1620 2510 aeternitate
1648 2487 1838 2509 memorem
1873 2487 1963 2515 esse,
2001 2475 2068 2518 ipsi
2099 2474 2207 2507 bene-

1220 2527 1394 2561 facturum
1418 2538 1507 2568 esse,
1532 2528 1699 2561 daturum
1722 2527 1829 2561 vitam
1854 2533 1887 2560 et
1905 2525 2078 2560 iusticiam
2096 2532 2209 2559 aeter-

1220 2590 1301 2611 nam
1314 2604 1323 2618 ,
1351 2584 1414 2611 etc.

1320 2625 1536 2662 Illisericors
1548 2628 1743 2662 miserator
1756 2632 1786 2662 εἰ
1804 2627 1931 2661 iustus.
1964 2626 2091 2662 Miscet
2108 2639 2208 2672 prae-

183 2684 330 2718 ctrinam
357 2681 615 2715 interficiuntur
639 2688 827 2727 martyres,
855 2692 993 2714 necesse
1017 2681 1083 2714 fuit
1106 2692 1165 2714 eos
1188 2703 1192 2721 ,
1217 2686 1315 2724 cepta
1334 2680 1648 2714 consolationibus.
1683 2679 1797 2713 Antea
1814 2678 2001 2723 promissio
2017 2680 2131 2723 posita
2144 2686 2208 2719 est,
