2379 2948
227 103 301 138 703

231 198 330 224 nem,
359 192 475 219 tamen
496 186 531 218 in
548 195 654 217 unam
677 194 748 215 rem
769 182 939 215 eonsundi
963 195 1035 215 non
1060 188 1218 227 possunt,

228 244 281 271 ut:
311 237 430 270 Homo
448 243 479 270 et
501 236 636 274 asinus,
665 233 802 266 Albedo
820 240 853 266 et
872 234 1030 269 scientia.

626 326 811 370 Regula.

330 394 517 439 Perspicua
551 400 602 427 est
633 401 666 428 et
696 394 799 427 unica
832 393 967 436 regula:
1004 392 1123 426 Posita
1147 403 1215 426 una

229 447 361 491 specie,
390 452 617 478 removentur
632 456 755 478 omnes
772 445 989 488 disparatae,
1016 451 1071 478 ut:

383 504 538 539 Scientia
558 510 605 537 est
623 503 772 548 qualitas
790 503 930 542 mentis,

383 554 478 598 Ergo
495 566 569 588 non
587 561 637 588 est
656 554 862 597 magnitudo
882 554 935 586 vel
950 554 1072 596 figura.

646 636 797 673 Aliud.

382 707 514 747 Poena,
542 718 608 751 qua
626 706 846 749 magistratus
864 711 1000 738 sontem
1019 703 1143 744 afficit,
1169 709 1216 736 est

434 758 522 791 iuris
540 757 706 796 executio,

384 807 478 851 Ergo
496 820 533 841 ea
553 819 662 850 poena
684 819 755 839 non
780 813 829 840 est
847 805 996 845 iniuria,
1023 804 1105 850 quia
1132 803 1217 836 iuris

436 859 591 892 executio
609 865 642 891 et
664 858 794 890 iniuria
812 864 894 890 sunt
912 857 1069 889 diversae
1089 861 1123 888 et
1146 854 1216 887 dis-

435 916 576 953 paratae
599 908 748 952 specieS‚
776 915 815 941 ut
839 914 931 941 recte
955 906 1100 940 dicitur:
1129 905 1218 939 iuris

436 960 591 993 executio
612 952 685 992 noii
703 965 752 992 est
770 958 912 993 iniuria.

335 1020 404 1055 Sed
421 1017 479 1052 hic
494 1018 664 1052 monendi
681 1024 762 1051 sunt
781 1018 964 1054 discentes,
985 1016 1127 1049 unicam
1147 1025 1218 1047 esse

231 1073 470 1116 exceptionem
493 1071 536 1103 ab
555 1066 620 1101 hac
644 1068 776 1110 regula.
828 1066 918 1101 Cum
934 1065 1030 1099 Deus
1055 1066 1216 1099 ordinem

231 1124 426 1168 specierum
443 1121 546 1154 talem
564 1118 764 1151 condiderit
785 1124 818 1151 et
834 1118 1006 1157 sanxerit,
1032 1123 1072 1149 ut
1089 1117 1218 1160 impos-

230 1174 334 1208 sibile
360 1172 423 1210 sit,
462 1182 573 1204 unum
603 1169 828 1201 individuum
855 1180 927 1201 esse
958 1167 1149 1201 conflatum
1180 1178 1218 1199 ex

232 1223 380 1258 diversis
396 1222 586 1267 speciebus,
608 1226 658 1260 ut,
685 1217 777 1252 nihil
794 1219 885 1252 idem
902 1225 1016 1263 potest
1032 1229 1114 1258 esse,
1131 1217 1218 1260 lapis

231 1283 264 1310 et
290 1273 417 1314 homo,
453 1279 570 1306 tamen
599 1282 711 1304 unum
739 1271 986 1303 admirandum
1019 1269 1218 1312 exemplum

232 1325 403 1360 dissimile
439 1322 503 1356 toti
534 1321 672 1366 reliquo
698 1321 817 1354 ordini
849 1328 995 1354 naturae
1027 1319 1219 1363 proposuit,

232 1375 397 1410 videlicet
418 1373 679 1420 copulationem
704 1371 845 1404 divinae
863 1377 896 1404 et
917 1369 1092 1404 humanae
1116 1376 1220 1402 natu-

233 1439 292 1461 rae
316 1426 353 1458 in
378 1425 474 1458 Filio
490 1422 647 1456 Domino
669 1429 789 1455 nostro
817 1421 895 1455 Iesu
912 1419 1072 1454 Christo:
1106 1419 1219 1453 Filius

232 1477 301 1512 Dei
325 1482 377 1509 est
398 1475 477 1507 viva
502 1474 616 1516 imago
641 1473 774 1506 aeterni
799 1471 935 1512 Patris,
960 1478 1160 1511 coaeterna,
1188 1476 1219 1502 et

234 1535 284 1562 est
308 1525 415 1560 homo
443 1531 544 1557 natus
567 1535 606 1556 ex
635 1523 780 1566 virgine.
842 1521 910 1555 Hic
936 1523 1152 1566 disparatum
1179 1522 1220 1553 de

236 1580 412 1622 disparato
429 1575 663 1620 praedicatur.
717 1571 851 1619 Estque
866 1570 933 1605 hoc
949 1573 1147 1619 exemplum
1163 1583 1220 1604 ex—

234 1636 374 1673 ceptum
391 1638 410 1660 a
427 1624 605 1659 communi
625 1624 744 1666 regula
763 1625 807 1656 de
821 1623 1020 1667 disparatis.

337 1685 528 1720 Sciendum
553 1689 602 1715 est
621 1689 735 1715 autem
760 1688 897 1715 tantum
924 1681 960 1713 in
984 1687 1147 1714 concreto
1166 1692 1221 1713 re-

234 1744 350 1782 ceptas
366 1747 437 1769 esse
462 1732 525 1767 has
543 1732 837 1777 praedicationes:
865 1731 979 1765 Filius
994 1731 1061 1764 Dei
1085 1738 1134 1764 est
1157 1729 1221 1764 ho-

234 1802 312 1829 mo,
338 1787 434 1820 Deus
451 1791 500 1819 est
518 1795 649 1828 passuS.
702 1782 792 1816 Nam
816 1783 1113 1826 appellationibus
1137 1793 1222 1815 con-

235 1839 321 1874 creti
339 1848 487 1882 persona
504 1835 732 1878 significatur.
785 1833 853 1867 Sed
873 1833 909 1865 in
927 1834 1100 1866 abstracto
1117 1839 1222 1866 natu-

237 1902 294 1923 rae
310 1900 464 1922 seorsum
483 1885 763 1918 considerantur.
818 1883 902 1917 Ideo
919 1882 1074 1916 Ecclesia
1089 1895 1222 1928 nequa-

237 1952 342 1986 quam
361 1939 409 1971 sic
426 1936 600 1981 loquitur:
633 1934 812 1968 Divinitas
838 1941 888 1968 est
911 1932 1123 1968 humanitas.
1177 1931 1224 1966 Et

237 1990 395 2024 eruditae
411 1998 532 2021 causae
549 1992 650 2028 sunt,
681 1997 742 2018 cur
765 1982 850 2018 haec
868 1985 1072 2018 discrimina
1090 1985 1128 2018 in
1145 1996 1222 2017 mo-

238 2042 292 2076 dis
308 2038 475 2084 loquendi
493 2043 695 2075 serventur,
723 2047 814 2082 quae
837 2036 922 2069 alibi
938 2036 1147 2082 diligentius
1163 2047 1223 2068 ex-

238 2091 423 2140 ponendae
444 2094 546 2127 sunt,
572 2084 630 2118 hic
655 2086 736 2119 satis
754 2092 804 2119 est
825 2087 1158 2130 monerejuniores,
1185 2092 1221 2118 ut

237 2147 440 2176 reverenter
462 2136 639 2172 Ecclesiae
664 2136 784 2169 matris
809 2148 1006 2170 sermonem
1029 2137 1221 2170 imitentur.

241 2192 366 2226 Manet
389 2197 540 2234 utraque
564 2194 710 2226 natura,
744 2193 779 2220 et
801 2186 923 2219 divina
947 2185 1141 2220 humanam
1170 2198 1223 2219 as-

239 2243 378 2282 sumsit,
406 2242 452 2274 ita
467 2267 476 2280 ‚
503 2246 541 2273 ut
558 2238 603 2271 sit
620 2249 789 2281 personae
804 2237 936 2272 unitas.
979 2236 1060 2271 Ideo
1079 2237 1221 2283 propria
1249 2258 1251 2263 ·

238 2294 301 2328 uni
319 2300 463 2327 naturae
482 2290 690 2324 tribuuntur
707 2288 808 2323 alteri
826 2288 864 2321 in
883 2296 1058 2324 concreto.

640 2393 820 2426 Inversio.

343 2460 399 2494 Ad
415 2459 531 2492 locum
550 2459 782 2502 pugnantium
803 2456 1029 2491 accommodo
1048 2461 1079 2488 et
1096 2456 1222 2496 locum,

243 2511 304 2558 qui
321 2516 464 2543 vocatur
480 2509 632 2541 inversio
645 2536 654 2549 ,
682 2520 784 2553 quem
800 2507 1041 2554 Hermogenes
1066 2507 1224 2540 nominat

244 2560 388 2607 βίαιον,
417 2571 456 2591 eo
482 2560 576 2603 quod
601 2559 637 2592 in
662 2559 773 2592 causis
795 2558 987 2603 plurimum
1007 2557 1109 2591 valet.
1162 2554 1224 2589 Est

244 2613 340 2647 enim
364 2611 475 2643 forma
501 2610 792 2653 argumentandi,
825 2621 903 2643 cum
929 2620 1085 2645 causam,
1119 2619 1223 2651 quam

243 2659 460 2697 adversarius
478 2671 540 2704 pro
561 2671 594 2692 se
613 2660 714 2701 citat,
741 2661 890 2694 maxime
908 2658 1124 2693 contrarium
1141 2669 1225 2691 con—

464 99 671 135 SCRIPTA
701 97 775 132 PH.
802 96 917 133 MEL.
946 95 1015 132 AD
1042 95 1170 131 HtST.
1197 95 1341 134 PROF.
1368 96 1434 133 ET
1461 95 1652 133 PHILOS.
1680 96 2002 136 SPECTANTIA.

2172 98 2248 134 704

1266 183 1406 217 firmare
1421 184 1650 225 ostendimus,
1675 191 1715 218 ut
1730 181 1906 231 Rhetores
1922 184 2028 218 citant
2041 184 2112 219 hoc
2131 196 2249 218 exem-

1267 235 1362 278 plum
1386 236 1428 268 de
1447 235 1587 280 Ulysse:

1422 294 1569 339 Sepeliit
1595 293 1751 333 Aiacem,

1419 343 1515 388 Ergo
1534 345 1673 378 occidit.

1369 403 1408 438 Id
1426 404 1629 438 invertitur:
1658 402 1747 443 Imo‚
1775 403 1803 436 si
1820 402 2037 443 occidissem,
2064 414 2138 436 non
2153 414 2253 448 sepe-

1268 454 1418 494 liissem,
1445 456 1505 488 sed
1524 467 1602 488 cum
1622 454 1834 487 conscientia
1853 453 2044 498 tranquilla
2060 460 2168 495 esset,
2195 455 2252 487 ni-

1269 503 1319 538 hil
1343 506 1503 539 dubitavi
1530 505 1767 550 spectantibus
1796 505 1894 545 aliis,
1926 504 2070 537 inimico
2100 511 2253 545 mortuo,

1268 556 1367 589 cuius
1384 556 1452 590 fuit
1472 563 1571 589 antea
1599 567 1723 598 magna
1742 556 1871 596 virtus,
1895 552 1960 588 hoc
1979 555 2076 599 pium
2098 555 2253 589 officium

1268 607 1435 640 tribuere.
1491 606 1603 638 Valde
1622 606 1747 639 usitata
1766 614 1814 639 est
1832 604 1916 639 baec
1934 606 2046 639 forma
2065 606 2101 638 in
2118 606 2255 650 magnis

1269 657 1393 692 causis.
1424 657 1529 701 Apud
1549 655 1697 689 Paulum
1717 657 1850 702 aliquot
1869 657 2026 701 exempla
2042 664 2170 696 extant,
2197 663 2253 692 ut:

1419 716 1457 750 Si
1475 716 1528 749 lex
1545 722 1647 758 auget
1666 722 1859 758 peccatum,

1422 765 1561 809 Pugnat
1577 765 1685 809 igitur
1700 778 1779 798 cum
1798 766 2043 810 promissione.

1371 825 1411 859 Id
1426 826 1601 869 sapienter
1617 832 1649 859 et
1667 836 1746 857 vere
1766 824 1911 857 invertit
1926 823 2072 858 Paulus:

1422 876 1497 910 Imo
1517 876 1543 908 si
1565 875 1703 909 tolleret
1718 881 1910 919 peccatum,

1423 924 1525 959 Nihil
1543 938 1631 970 opus
1649 932 1736 959 esset
1752 925 1996 969 promissione.

1373 983 1473 1019 Nihil
1498 985 1591 1018 enim
1614 996 1702 1028 opus
1722 983 1846 1018 fuisset
1867 997 1960 1017 novo
1987 983 2047 1018 illo
2073 990 2106 1017 et
2128 996 2255 1019 arcano

1270 1037 1413 1070 decreto
1431 1037 1473 1068 de
1488 1035 1582 1068 Filio
1599 1043 1632 1069 et
1649 1035 1799 1079 gratuita
1820 1035 2034 1077 remissione,
2059 1035 2088 1068 si
2103 1036 2177 1079 lege
2192 1048 2257 1080 po-

1271 1087 1392 1120 tuisset
1413 1087 1546 1120 aboleri
1566 1093 1756 1131 peccatum.

1690 1176 1840 1211 Aliud.

1373 1245 1411 1280 Si
1438 1246 1557 1279 dicant
1578 1244 1769 1278 adversarii
1792 1257 1894 1279 verae
1918 1246 2116 1280 doctrinae:
2151 1245 2257 1291 Igno-

1271 1298 1440 1330 scendum
1458 1297 1560 1330 nobis
1577 1303 1641 1334 est,
1666 1296 1748 1340 quia
1765 1308 1838 1329 non
1856 1297 2044 1331 didicimus
2060 1299 2257 1331 doctrinam

1271 1346 1458 1383 Ecclesiae.
1502 1346 1541 1380 Id
1561 1358 1642 1379 vere
1661 1347 1709 1379 sic
1724 1347 1928 1381 invertitur:
1958 1346 2051 1391 Ergo
2069 1348 2179 1391 magis
2195 1350 2257 1382 de-

1271 1399 1450 1443 linquitiS,
1484 1398 1564 1442 quia
1599 1404 1780 1441 utrunque
1808 1409 1912 1440 grave
1943 1399 2054 1431 scelus
2080 1405 2148 1440 est,
2183 1411 2257 1433 non

1272 1449 1415 1487 discere,
1444 1455 1477 1481 et
1493 1450 1535 1481 de
1552 1449 1656 1481 rebus
1674 1448 1863 1490 incognitis
1880 1449 2129 1492 pronunciare.
2165 1448 2256 1483 Cum

1272 1500 1382 1547 igitur
1408 1510 1531 1542 magna
1557 1499 1610 1531 vis
1638 1499 1682 1531 sit
1703 1498 1934 1538 inversionis,
1968 1500 2160 1545 antiquitas
2183 1512 2257 1533 non

1272 1557 1400 1584 temere
1427 1550 1557 1582 indidit
1581 1547 1664 1581 huic
1689 1549 1766 1582 loco
1794 1556 1866 1583 tam
1894 1550 2068 1584 illustrem
2099 1551 2257 1595 appella-

1273 1601 1404 1634 tionem
1416 1625 1428 1643 ,
1455 1601 1585 1633 scilicet
1599 1597 1738 1644 βίαιον.

1653 1714 1694 1753 Α
1724 1713 1882 1768 signis.

1377 1796 1525 1840 Signum
1558 1803 1609 1830 est
1638 1796 1808 1842 quiddam
1843 1797 2028 1831 incurrens
2058 1797 2097 1830 in
2125 1809 2257 1841 sensuS‚

1274 1849 1368 1894 quod
1385 1847 1654 1880 ratiocinantem
1671 1848 1936 1881 commonefacit
1954 1849 1997 1881 de
2013 1848 2078 1880 alia
2089 1860 2138 1892 re,
2166 1863 2257 1895 quae

1275 1899 1462 1933 coniuncta
1487 1906 1537 1932 est
1558 1898 1612 1930 illi
1638 1898 1758 1941 signo,
1785 1899 1866 1943 quia
1892 1899 1982 1932 illud
2009 1899 2179 1932 indicium
2200 1902 2257 1934 in-

1275 1961 1420 1983 currens
1439 1949 1475 1981 in
1493 1960 1635 1989 sensus,
1664 1949 1722 1982 vel
1739 1957 1789 1982 est
1802 1960 1921 1989 causa,
1948 1949 2002 1982 vel
2021 1949 2172 1991 effectuS,
2201 1953 2257 1985 vel

1276 2001 1464 2034 comitatur
1487 2011 1607 2032 causas
1631 1999 1686 2032 vel
1710 1999 1869 2040 effectus,
1903 1999 1959 2031 vel
1984 1999 2106 2033 divino
2130 2002 2257 2036 ordine

1275 2050 1532 2096 praenuncium
1549 2057 1609 2088 est,
1636 2050 1770 2082 etiamsi
1789 2062 1860 2083 non
1884 2057 1933 2083 est
1952 2062 2066 2091 causa,
2094 2058 2148 2085 ut:
2177 2052 2259 2086 Pal-

1276 2103 1331 2135 lor
1349 2107 1536 2145 perpetuus
1558 2101 1595 2133 in
1612 2100 1759 2133 iuvenili
1778 2112 1924 2144 corpore
1948 2108 1997 2135 est
2021 2102 2160 2145 signum
2183 2116 2258 2138 ma-

1277 2154 1328 2186 lae
1359 2152 1528 2185 coctionis
1553 2163 1612 2184 seu
1646 2151 1758 2195 epatis
1788 2151 1938 2192 infirmi,
1972 2152 2034 2197 qui
2064 2153 2180 2197 pallor
2208 2163 2258 2190 est

1277 2204 1420 2237 effectus
1445 2214 1591 2247 sequens
1617 2202 1744 2235 malam
1774 2202 1987 2244 coctionem,
2022 2204 2132 2237 rubor
2163 2206 2257 2239 enim

1276 2255 1314 2288 fit
1330 2265 1448 2298 sparso
1462 2254 1633 2295 sanguine
1649 2254 1737 2286 hene
1759 2260 1855 2286 cocto
1873 2253 1910 2286 in
1927 2261 2037 2287 totum
2054 2266 2180 2299 corpus
2194 2264 2257 2291 etc.

1276 2304 1419 2339 Cometa
1445 2311 1494 2337 est
1519 2304 1656 2347 signum
1675 2311 1876 2345 ventorum,
1902 2305 1983 2350 quia
2008 2306 2153 2340 materia
2181 2307 2256 2340 eius

1277 2363 1355 2399 post
1392 2354 1679 2397 deflagrationem
1717 2355 1899 2399 dissipata,
1961 2356 2084 2390 excitat
2121 2364 2256 2392 ventos.

1279 2406 1529 2439 Terraemotus
1565 2412 1615 2439 est
1651 2406 1790 2449 signum
1833 2406 2033 2440 futurorum
2068 2406 2256 2443 bellorum.

1277 2456 1437 2501 Cumque
1453 2456 1552 2489 nullo
1569 2457 1674 2489 modo
1691 2468 1791 2490 causa
1809 2457 1866 2497 sit,
1888 2463 2003 2490 tamen
2018 2456 2086 2489 alio
2103 2459 2256 2501 quodam

1277 2507 1402 2540 ordine
1436 2508 1671 2550 praenuncius
1704 2514 1754 2540 est
1785 2518 1989 2548 magnarum
2014 2505 2184 2549 cladium,
2217 2517 2257 2544 ut

1276 2564 1356 2590 ante
1392 2557 1611 2590 Leuctricam
1652 2569 1804 2601 pugnam
1843 2556 1937 2590 Bura
1974 2563 2007 2590 et
2037 2556 2176 2600 Helice,
2217 2560 2255 2594 in

1276 2607 1426 2647 Achaia,
1459 2615 1669 2641 terraemotu
1706 2610 1882 2641 demersae
1905 2614 1986 2640 sunt
2011 2608 2055 2652 inl
2070 2621 2181 2651 mare,
2215 2623 2255 2644 ac

1275 2659 1515 2703 significarunt
1539 2660 1653 2693 clades
1667 2657 1920 2703 Peloponnesi,
1948 2670 2036 2703 quae
2060 2661 2177 2694 statim
2201 2672 2255 2695 se-
