<?xml version="1.0" encoding="UTF-8"?>
<!DOCTYPE html PUBLIC "-//W3C//DTD XHTML 1.0 Transitional//EN"
    "http://www.w3.org/TR/xhtml1/DTD/xhtml1-transitional.dtd">
<html xmlns="http://www.w3.org/1999/xhtml" xml:lang="en" lang="en">
 <head>
  <title>
</title>
<meta http-equiv="Content-Type" content="text/html;charset=utf-8" />
  <meta name='ocr-system' content='tesseract 3.04.00' />
  <meta name='ocr-capabilities' content='ocr_page ocr_carea ocr_par ocr_line ocrx_word'/>
</head>
<body>
  <div class='ocr_page' id='page_1' title='image "./operaquaesupersu13melauoft_0617.png"; bbox 0 0 2379 2948; ppageno 0'>
   <div class='ocr_carea' id='block_1_1' title="bbox 0 1754 40 2948">
    <p class='ocr_par' dir='ltr' id='par_1_1' title="bbox 0 1754 40 2948">
     <span class='ocr_line' id='line_1_1' title="bbox 0 1754 40 2948; baseline 0 0"><span class='ocrx_word' id='word_1_1' title='bbox 0 1754 40 2948; x_wconf 95' lang='lat' dir='ltr'> </span> 
     </span>
    </p>
   </div>
   <div class='ocr_carea' id='block_1_2' title="bbox 110 89 207 125">
    <p class='ocr_par' dir='ltr' id='par_1_2' title="bbox 110 89 207 125">
     <span class='ocr_line' id='line_1_2' title="bbox 110 89 207 125; baseline -0.031 0"><span class='ocrx_word' id='word_1_2' title='bbox 110 89 207 125; x_wconf 77' lang='lat'><strong>1213</strong></span> 
     </span>
    </p>
   </div>
   <div class='ocr_carea' id='block_1_3' title="bbox 252 172 959 350">
    <p class='ocr_par' dir='ltr' id='par_1_3' title="bbox 252 172 959 350">
     <span class='ocr_line' id='line_1_3' title="bbox 252 172 959 221; baseline -0.006 -12"><span class='ocrx_word' id='word_1_3' title='bbox 252 175 591 221; x_wconf 65' lang='lat' dir='ltr'>Argumentum</span> <span class='ocrx_word' id='word_1_4' title='bbox 619 185 670 207; x_wconf 80' lang='lat' dir='ltr'>ac</span> <span class='ocrx_word' id='word_1_5' title='bbox 699 172 959 217; x_wconf 74' lang='lat' dir='ltr'><em>dispositio</em></span> 
     </span>
     <span class='ocr_line' id='line_1_4' title="bbox 408 239 803 282; baseline -0.003 -1"><span class='ocrx_word' id='word_1_6' title='bbox 408 241 568 281; x_wconf 84' lang='lat' dir='ltr'>Psalmi</span> <span class='ocrx_word' id='word_1_7' title='bbox 601 239 803 282; x_wconf 81' lang='lat' dir='ltr'>CXXIX.</span> 
     </span>
     <span class='ocr_line' id='line_1_5' title="bbox 470 319 731 350; baseline -0.008 0"><span class='ocrx_word' id='word_1_8' title='bbox 470 322 613 350; x_wconf 80' lang='lat' dir='ltr'>Gaduu</span> <span class='ocrx_word' id='word_1_9' title='bbox 638 331 665 348; x_wconf 78' lang='lat' dir='ltr'>ni</span> <span class='ocrx_word' id='word_1_10' title='bbox 692 319 731 349; x_wconf 80' lang='lat' dir='ltr'>X.</span> 
     </span>
    </p>
   </div>
   <div class='ocr_carea' id='block_1_4' title="bbox 158 383 1096 472">
    <p class='ocr_par' dir='ltr' id='par_1_4' title="bbox 158 383 1096 472">
     <span class='ocr_line' id='line_1_6' title="bbox 158 383 1096 431; baseline -0.006 -12"><span class='ocrx_word' id='word_1_11' title='bbox 158 390 282 431; x_wconf 77' lang='lat' dir='ltr'>Saepe</span> <span class='ocrx_word' id='word_1_12' title='bbox 323 383 561 431; x_wconf 70' lang='lat' dir='ltr'>adflixerunt</span> <span class='ocrx_word' id='word_1_13' title='bbox 605 394 659 416; x_wconf 83' lang='lat' dir='ltr'>me</span> <span class='ocrx_word' id='word_1_14' title='bbox 704 394 726 416; x_wconf 88' lang='grc' dir='ltr'><em>α</em></span> <span class='ocrx_word' id='word_1_15' title='bbox 768 385 960 416; x_wconf 71' lang='lat' dir='ltr'>iuventute</span> <span class='ocrx_word' id='word_1_16' title='bbox 998 392 1096 423; x_wconf 75' lang='lat' dir='ltr'>mea,</span> 
     </span>
     <span class='ocr_line' id='line_1_7' title="bbox 159 435 549 472; baseline -0.013 0"><span class='ocrx_word' id='word_1_17' title='bbox 159 438 263 472; x_wconf 77' lang='lat' dir='ltr'>dicat</span> <span class='ocrx_word' id='word_1_18' title='bbox 288 448 386 471; x_wconf 78' lang='lat' dir='ltr'>nunc</span> <span class='ocrx_word' id='word_1_19' title='bbox 414 435 549 469; x_wconf 54' lang='lat' dir='ltr'>lsrael.</span> 
     </span>
    </p>
   </div>
   <div class='ocr_carea' id='block_1_5' title="bbox 698 77 1524 119">
    <p class='ocr_par' dir='ltr' id='par_1_5' title="bbox 698 77 1524 119">
     <span class='ocr_line' id='line_1_8' title="bbox 698 77 1524 119; baseline -0.007 0"><span class='ocrx_word' id='word_1_20' title='bbox 698 84 760 119; x_wconf 90' lang='lat' dir='ltr'>lX.</span> <span class='ocrx_word' id='word_1_21' title='bbox 812 79 1178 118; x_wconf 77' lang='lat' dir='ltr'><strong>COMMENTARH</strong></span> <span class='ocrx_word' id='word_1_22' title='bbox 1205 79 1255 113; x_wconf 78' lang='lat' dir='ltr'>IN</span> <span class='ocrx_word' id='word_1_23' title='bbox 1282 77 1524 114; x_wconf 77' lang='lat' dir='ltr'>PSALMOS.</span> 
     </span>
    </p>
   </div>
   <div class='ocr_carea' id='block_1_6' title="bbox 1125 209 1129 279">
    <p class='ocr_par' dir='ltr' id='par_1_6' title="bbox 1125 209 1129 279">
     <span class='ocr_line' id='line_1_9' title="bbox 1125 209 1129 279; baseline 0 0"><span class='ocrx_word' id='word_1_24' title='bbox 1125 209 1129 279; x_wconf 73' lang='grc' dir='ltr'><strong><em>ἰ</em></strong></span> 
     </span>
    </p>
   </div>
   <div class='ocr_carea' id='block_1_7' title="bbox 2047 78 2145 114">
    <p class='ocr_par' dir='ltr' id='par_1_7' title="bbox 2047 78 2145 114">
     <span class='ocr_line' id='line_1_10' title="bbox 2047 78 2145 114; baseline 0.01 -2"><span class='ocrx_word' id='word_1_25' title='bbox 2047 78 2145 114; x_wconf 71' lang='lat'>1214</span> 
     </span>
    </p>
   </div>
   <div class='ocr_carea' id='block_1_8' title="bbox 1153 164 2139 261">
    <p class='ocr_par' dir='ltr' id='par_1_8' title="bbox 1153 164 2139 261">
     <span class='ocr_line' id='line_1_11' title="bbox 1153 164 2139 211; baseline -0.001 -13"><span class='ocrx_word' id='word_1_26' title='bbox 1153 164 1254 199; x_wconf 89' lang='lat' dir='ltr'>Hanc</span> <span class='ocrx_word' id='word_1_27' title='bbox 1271 165 1569 205; x_wconf 72' lang='lat' dir='ltr'>consolationem,</span> <span class='ocrx_word' id='word_1_28' title='bbox 1587 165 1723 211; x_wconf 82' lang='lat' dir='ltr'>inquit,</span> <span class='ocrx_word' id='word_1_29' title='bbox 1741 176 1883 209; x_wconf 88' lang='lat' dir='ltr'>oppono</span> <span class='ocrx_word' id='word_1_30' title='bbox 1902 165 2139 208; x_wconf 76' lang='lat' dir='ltr'>magnitudini</span> 
     </span>
     <span class='ocr_line' id='line_1_12' title="bbox 1154 217 2138 261; baseline 0.001 -13"><span class='ocrx_word' id='word_1_31' title='bbox 1154 228 1313 250; x_wconf 87' lang='lat' dir='ltr'>meorum</span> <span class='ocrx_word' id='word_1_32' title='bbox 1331 223 1551 260; x_wconf 87' lang='lat' dir='ltr'>peccatorum</span> <span class='ocrx_word' id='word_1_33' title='bbox 1564 245 1572 257; x_wconf 90' lang='lat'>‚</span> <span class='ocrx_word' id='word_1_34' title='bbox 1601 219 1695 261; x_wconf 86' lang='lat' dir='ltr'>quod</span> <span class='ocrx_word' id='word_1_35' title='bbox 1715 217 1825 260; x_wconf 78' lang='lat' dir='ltr'>gratia</span> <span class='ocrx_word' id='word_1_36' title='bbox 1841 217 2007 249; x_wconf 76' lang='lat' dir='ltr'>exuberat</span> <span class='ocrx_word' id='word_1_37' title='bbox 2033 228 2138 260; x_wconf 87' lang='lat' dir='ltr'>supra</span> 
     </span>
    </p>
   </div>
   <div class='ocr_carea' id='block_1_9' title="bbox 1124 267 2137 362">
    <p class='ocr_par' dir='ltr' id='par_1_9' title="bbox 1124 267 2137 362">
     <span class='ocr_line' id='line_1_13' title="bbox 1124 267 2137 312; baseline 0 -13"><span class='ocrx_word' id='word_1_38' title='bbox 1124 281 1127 312; x_wconf 61' lang='lat'>3</span> <span class='ocrx_word' id='word_1_39' title='bbox 1151 268 1338 308; x_wconf 83' lang='lat' dir='ltr'>delictum,</span> <span class='ocrx_word' id='word_1_40' title='bbox 1372 269 1466 312; x_wconf 86' lang='lat' dir='ltr'>quod</span> <span class='ocrx_word' id='word_1_41' title='bbox 1491 269 1561 300; x_wconf 88' lang='lat' dir='ltr'>scio</span> <span class='ocrx_word' id='word_1_42' title='bbox 1588 281 1642 300; x_wconf 85' lang='lat' dir='ltr'>me</span> <span class='ocrx_word' id='word_1_43' title='bbox 1668 268 1776 311; x_wconf 83' lang='lat' dir='ltr'>recipi</span> <span class='ocrx_word' id='word_1_44' title='bbox 1802 276 1833 301; x_wconf 87' lang='lat' dir='ltr'>et</span> <span class='ocrx_word' id='word_1_45' title='bbox 1860 267 1996 311; x_wconf 84' lang='lat' dir='ltr'>placere</span> <span class='ocrx_word' id='word_1_46' title='bbox 2025 274 2057 299; x_wconf 90' lang='lat' dir='ltr'>te</span> <span class='ocrx_word' id='word_1_47' title='bbox 2081 279 2137 299; x_wconf 90' lang='lat' dir='ltr'>re—</span> 
     </span>
     <span class='ocr_line' id='line_1_14' title="bbox 1124 317 2137 362; baseline -0.001 -12"><span class='ocrx_word' id='word_1_48' title='bbox 1124 338 1125 356; x_wconf 50' lang='lat'>2</span> <span class='ocrx_word' id='word_1_49' title='bbox 1151 319 1310 352; x_wconf 83' lang='lat' dir='ltr'>mittente</span> <span class='ocrx_word' id='word_1_50' title='bbox 1330 325 1485 361; x_wconf 83' lang='lat' dir='ltr'>peccata,</span> <span class='ocrx_word' id='word_1_51' title='bbox 1511 326 1542 352; x_wconf 88' lang='lat' dir='ltr'>et</span> <span class='ocrx_word' id='word_1_52' title='bbox 1560 319 1750 362; x_wconf 74' lang='lat' dir='ltr'>recipiente</span> <span class='ocrx_word' id='word_1_53' title='bbox 1771 330 1825 351; x_wconf 89' lang='lat' dir='ltr'>me</span> <span class='ocrx_word' id='word_1_54' title='bbox 1844 325 1989 362; x_wconf 88' lang='lat' dir='ltr'>propter</span> <span class='ocrx_word' id='word_1_55' title='bbox 1999 317 2137 350; x_wconf 80' lang='lat' dir='ltr'>Media-</span> 
     </span>
    </p>
   </div>
   <div class='ocr_carea' id='block_1_10' title="bbox 1150 368 2137 414">
    <p class='ocr_par' dir='ltr' id='par_1_10' title="bbox 1150 368 2137 414">
     <span class='ocr_line' id='line_1_15' title="bbox 1150 368 2137 414; baseline -0.002 -12"><span class='ocrx_word' id='word_1_56' title='bbox 1150 377 1282 409; x_wconf 84' lang='lat' dir='ltr'>torem,</span> <span class='ocrx_word' id='word_1_57' title='bbox 1321 369 1408 401; x_wconf 88' lang='lat' dir='ltr'>sicut</span> <span class='ocrx_word' id='word_1_58' title='bbox 1432 369 1517 401; x_wconf 87' lang='lat' dir='ltr'>alibi</span> <span class='ocrx_word' id='word_1_59' title='bbox 1544 370 1675 414; x_wconf 78' lang='lat' dir='ltr'>inquit:</span> <span class='ocrx_word' id='word_1_60' title='bbox 1712 369 1809 402; x_wconf 82' lang='lat' dir='ltr'>Beati</span> <span class='ocrx_word' id='word_1_61' title='bbox 1838 381 1988 414; x_wconf 88' lang='lat' dir='ltr'>quorum</span> <span class='ocrx_word' id='word_1_62' title='bbox 2013 368 2137 401; x_wconf 86' lang='lat' dir='ltr'>remis—</span> 
     </span>
    </p>
   </div>
   <div class='ocr_carea' id='block_1_11' title="bbox 1122 419 2136 470">
    <p class='ocr_par' dir='ltr' id='par_1_11' title="bbox 1122 419 2136 470">
     <span class='ocr_line' id='line_1_16' title="bbox 1122 419 2136 470; baseline 0 -17"><span class='ocrx_word' id='word_1_63' title='bbox 1122 462 1124 470; x_wconf 25' lang='lat'><em>!</em></span> <span class='ocrx_word' id='word_1_64' title='bbox 1149 432 1206 453; x_wconf 89' lang='lat' dir='ltr'>sae</span> <span class='ocrx_word' id='word_1_65' title='bbox 1223 427 1303 453; x_wconf 89' lang='lat' dir='ltr'>sunt</span> <span class='ocrx_word' id='word_1_66' title='bbox 1321 419 1544 465; x_wconf 72' lang='lat' dir='ltr'>iniquitates,</span> <span class='ocrx_word' id='word_1_67' title='bbox 1563 428 1594 453; x_wconf 84' lang='lat' dir='ltr'>et</span> <span class='ocrx_word' id='word_1_68' title='bbox 1612 433 1762 465; x_wconf 79' lang='lat' dir='ltr'>quorum</span> <span class='ocrx_word' id='word_1_69' title='bbox 1782 429 1868 453; x_wconf 85' lang='lat' dir='ltr'>tecta</span> <span class='ocrx_word' id='word_1_70' title='bbox 1886 427 1968 453; x_wconf 90' lang='lat' dir='ltr'>sunt</span> <span class='ocrx_word' id='word_1_71' title='bbox 1986 426 2136 464; x_wconf 80' lang='lat' dir='ltr'>peccata.</span> 
     </span>
    </p>
   </div>
   <div class='ocr_carea' id='block_1_12' title="bbox 207 499 1124 544">
    <p class='ocr_par' dir='ltr' id='par_1_12' title="bbox 207 499 1124 544">
     <span class='ocr_line' id='line_1_17' title="bbox 207 499 1124 544; baseline -0.012 -5"><span class='ocrx_word' id='word_1_72' title='bbox 207 503 372 539; x_wconf 78' lang='lat' dir='ltr'>Narratio</span> <span class='ocrx_word' id='word_1_73' title='bbox 390 509 440 535; x_wconf 88' lang='lat' dir='ltr'>est</span> <span class='ocrx_word' id='word_1_74' title='bbox 458 501 608 534; x_wconf 89' lang='lat' dir='ltr'>recitans</span> <span class='ocrx_word' id='word_1_75' title='bbox 625 499 886 544; x_wconf 80' lang='lat' dir='ltr'>persecutiones</span> <span class='ocrx_word' id='word_1_76' title='bbox 909 506 941 533; x_wconf 89' lang='lat' dir='ltr'>et</span> <span class='ocrx_word' id='word_1_77' title='bbox 966 499 1095 532; x_wconf 81' lang='lat' dir='ltr'>libera·</span> <span class='ocrx_word' id='word_1_78' title='bbox 1122 517 1124 528; x_wconf 43' lang='grc' dir='ltr'><strong><em>ς</em></strong></span> 
     </span>
    </p>
   </div>
   <div class='ocr_carea' id='block_1_13' title="bbox 107 550 1095 705">
    <p class='ocr_par' dir='ltr' id='par_1_13' title="bbox 107 550 1095 705">
     <span class='ocr_line' id='line_1_18' title="bbox 108 550 1094 596; baseline -0.008 -5"><span class='ocrx_word' id='word_1_79' title='bbox 108 555 418 594; x_wconf 88' lang='lat' dir='ltr'>tionesEcclesiae,</span> <span class='ocrx_word' id='word_1_80' title='bbox 435 560 473 586; x_wconf 89' lang='lat' dir='ltr'>ut</span> <span class='ocrx_word' id='word_1_81' title='bbox 490 550 576 585; x_wconf 87' lang='lat' dir='ltr'>haec</span> <span class='ocrx_word' id='word_1_82' title='bbox 592 552 666 595; x_wconf 88' lang='lat' dir='ltr'>ipsa</span> <span class='ocrx_word' id='word_1_83' title='bbox 685 552 799 594; x_wconf 84' lang='lat' dir='ltr'>imago</span> <span class='ocrx_word' id='word_1_84' title='bbox 816 552 989 590; x_wconf 82' lang='lat' dir='ltr'>ostendat,</span> <span class='ocrx_word' id='word_1_85' title='bbox 1008 563 1094 596; x_wconf 83' lang='lat' dir='ltr'>qua-</span> 
     </span>
     <span class='ocr_line' id='line_1_19' title="bbox 107 601 1095 645; baseline -0.01 -2"><span class='ocrx_word' id='word_1_86' title='bbox 107 610 157 643; x_wconf 90' lang='lat' dir='ltr'>les</span> <span class='ocrx_word' id='word_1_87' title='bbox 187 608 257 641; x_wconf 92' lang='lat' dir='ltr'>sint</span> <span class='ocrx_word' id='word_1_88' title='bbox 282 616 470 639; x_wconf 88' lang='lat' dir='ltr'>aerumnae</span> <span class='ocrx_word' id='word_1_89' title='bbox 493 601 671 636; x_wconf 70' lang='lat' dir='ltr'>Ecclesiae</span> <span class='ocrx_word' id='word_1_90' title='bbox 697 603 857 635; x_wconf 85' lang='lat' dir='ltr'>omnium</span> <span class='ocrx_word' id='word_1_91' title='bbox 884 609 1095 645; x_wconf 88' lang='lat' dir='ltr'>temporum,</span> 
     </span>
     <span class='ocr_line' id='line_1_20' title="bbox 108 654 1093 705; baseline -0.01 -11"><span class='ocrx_word' id='word_1_92' title='bbox 108 667 142 694; x_wconf 84' lang='lat' dir='ltr'>et</span> <span class='ocrx_word' id='word_1_93' title='bbox 159 659 252 705; x_wconf 89' lang='lat' dir='ltr'>quod</span> <span class='ocrx_word' id='word_1_94' title='bbox 273 657 340 690; x_wconf 86' lang='lat' dir='ltr'>fide</span> <span class='ocrx_word' id='word_1_95' title='bbox 357 663 389 688; x_wconf 91' lang='lat' dir='ltr'>et</span> <span class='ocrx_word' id='word_1_96' title='bbox 406 667 466 699; x_wconf 89' lang='lat' dir='ltr'>spe</span> <span class='ocrx_word' id='word_1_97' title='bbox 485 655 633 699; x_wconf 87' lang='lat' dir='ltr'>petenda</span> <span class='ocrx_word' id='word_1_98' title='bbox 653 661 685 687; x_wconf 90' lang='lat' dir='ltr'>et</span> <span class='ocrx_word' id='word_1_99' title='bbox 702 654 915 697; x_wconf 78' lang='lat' dir='ltr'>expectanda</span> <span class='ocrx_word' id='word_1_100' title='bbox 935 654 978 685; x_wconf 90' lang='lat' dir='ltr'>sit</span> <span class='ocrx_word' id='word_1_101' title='bbox 1004 654 1093 685; x_wconf 79' lang='lat' dir='ltr'>libe-</span> 
     </span>
    </p>
   </div>
   <div class='ocr_carea' id='block_1_14' title="bbox 108 703 1122 750">
    <p class='ocr_par' dir='ltr' id='par_1_14' title="bbox 108 703 1122 750">
     <span class='ocr_line' id='line_1_21' title="bbox 108 703 1122 750; baseline -0.01 -5"><span class='ocrx_word' id='word_1_102' title='bbox 108 712 199 745; x_wconf 83' lang='lat' dir='ltr'>ratio</span> <span class='ocrx_word' id='word_1_103' title='bbox 212 737 220 749; x_wconf 89' lang='lat'>,</span> <span class='ocrx_word' id='word_1_104' title='bbox 248 715 279 742; x_wconf 89' lang='lat' dir='ltr'>et</span> <span class='ocrx_word' id='word_1_105' title='bbox 297 707 505 741; x_wconf 87' lang='lat' dir='ltr'>celebranda</span> <span class='ocrx_word' id='word_1_106' title='bbox 522 705 567 739; x_wconf 91' lang='lat' dir='ltr'>sit</span> <span class='ocrx_word' id='word_1_107' title='bbox 586 706 781 750; x_wconf 84' lang='lat' dir='ltr'>praesentia</span> <span class='ocrx_word' id='word_1_108' title='bbox 802 703 886 745; x_wconf 89' lang='lat' dir='ltr'>Dei,</span> <span class='ocrx_word' id='word_1_109' title='bbox 902 705 1093 747; x_wconf 85' lang='lat' dir='ltr'>gratiarum</span> <span class='ocrx_word' id='word_1_110' title='bbox 1121 719 1122 743; x_wconf 37' lang='grc' dir='ltr'>ᾗ</span> 
     </span>
    </p>
   </div>
   <div class='ocr_carea' id='block_1_15' title="bbox 107 756 1096 1011">
    <p class='ocr_par' dir='ltr' id='par_1_15' title="bbox 107 756 1096 1011">
     <span class='ocr_line' id='line_1_22' title="bbox 107 756 1095 804; baseline -0.009 -8"><span class='ocrx_word' id='word_1_111' title='bbox 107 762 266 803; x_wconf 78' lang='lat' dir='ltr'>actione,</span> <span class='ocrx_word' id='word_1_112' title='bbox 293 758 429 804; x_wconf 89' lang='lat' dir='ltr'>quoties</span> <span class='ocrx_word' id='word_1_113' title='bbox 447 757 636 801; x_wconf 83' lang='lat' dir='ltr'>eripimur,</span> <span class='ocrx_word' id='word_1_114' title='bbox 673 763 704 789; x_wconf 91' lang='lat' dir='ltr'>et</span> <span class='ocrx_word' id='word_1_115' title='bbox 723 757 941 799; x_wconf 86' lang='lat' dir='ltr'>agnoscenda</span> <span class='ocrx_word' id='word_1_116' title='bbox 966 756 1095 788; x_wconf 80' lang='lat' dir='ltr'>volun-</span> 
     </span>
     <span class='ocr_line' id='line_1_23' title="bbox 108 805 1095 855; baseline -0.009 -8"><span class='ocrx_word' id='word_1_117' title='bbox 108 822 160 848; x_wconf 87' lang='lat' dir='ltr'>tas</span> <span class='ocrx_word' id='word_1_118' title='bbox 179 811 264 851; x_wconf 84' lang='lat' dir='ltr'>Dei,</span> <span class='ocrx_word' id='word_1_119' title='bbox 282 809 342 855; x_wconf 92' lang='lat' dir='ltr'>qui</span> <span class='ocrx_word' id='word_1_120' title='bbox 359 809 528 841; x_wconf 85' lang='lat' dir='ltr'>immensa</span> <span class='ocrx_word' id='word_1_121' title='bbox 547 808 706 840; x_wconf 86' lang='lat' dir='ltr'>bonitate</span> <span class='ocrx_word' id='word_1_122' title='bbox 725 814 867 851; x_wconf 85' lang='lat' dir='ltr'>propter</span> <span class='ocrx_word' id='word_1_123' title='bbox 884 805 1016 839; x_wconf 84' lang='lat' dir='ltr'>Filium</span> <span class='ocrx_word' id='word_1_124' title='bbox 1033 818 1095 839; x_wconf 86' lang='lat' dir='ltr'>sua</span> 
     </span>
     <span class='ocr_line' id='line_1_24' title="bbox 107 857 1096 910; baseline -0.008 -13"><span class='ocrx_word' id='word_1_125' title='bbox 107 862 264 910; x_wconf 87' lang='lat' dir='ltr'>potentia</span> <span class='ocrx_word' id='word_1_126' title='bbox 299 866 413 894; x_wconf 86' lang='lat' dir='ltr'>servat</span> <span class='ocrx_word' id='word_1_127' title='bbox 442 857 635 893; x_wconf 83' lang='lat' dir='ltr'>Ecclesiam</span> <span class='ocrx_word' id='word_1_128' title='bbox 669 859 835 891; x_wconf 88' lang='lat' dir='ltr'>omnibus</span> <span class='ocrx_word' id='word_1_129' title='bbox 865 858 1096 900; x_wconf 80' lang='lat' dir='ltr'>temporibus,</span> 
     </span>
     <span class='ocr_line' id='line_1_25' title="bbox 107 909 1096 955; baseline -0.009 -6"><span class='ocrx_word' id='word_1_130' title='bbox 107 917 202 949; x_wconf 91' lang='lat' dir='ltr'>inter</span> <span class='ocrx_word' id='word_1_131' title='bbox 219 923 362 955; x_wconf 85' lang='lat' dir='ltr'>magnas</span> <span class='ocrx_word' id='word_1_132' title='bbox 380 917 412 944; x_wconf 91' lang='lat' dir='ltr'>et</span> <span class='ocrx_word' id='word_1_133' title='bbox 431 911 642 954; x_wconf 84' lang='lat' dir='ltr'>multiplices</span> <span class='ocrx_word' id='word_1_134' title='bbox 666 910 787 943; x_wconf 90' lang='lat' dir='ltr'>ruinas</span> <span class='ocrx_word' id='word_1_135' title='bbox 813 916 844 942; x_wconf 92' lang='lat' dir='ltr'>et</span> <span class='ocrx_word' id='word_1_136' title='bbox 871 909 1096 941; x_wconf 82' lang='lat' dir='ltr'>confusiones</span> 
     </span>
     <span class='ocr_line' id='line_1_26' title="bbox 107 960 980 1011; baseline -0.005 -12"><span class='ocrx_word' id='word_1_137' title='bbox 107 964 339 1011; x_wconf 87' lang='lat' dir='ltr'>imperiorum</span> <span class='ocrx_word' id='word_1_138' title='bbox 352 990 360 1005; x_wconf 88' lang='lat'>‚</span> <span class='ocrx_word' id='word_1_139' title='bbox 385 970 417 996; x_wconf 90' lang='lat' dir='ltr'>et</span> <span class='ocrx_word' id='word_1_140' title='bbox 434 962 528 995; x_wconf 89' lang='lat' dir='ltr'>inter</span> <span class='ocrx_word' id='word_1_141' title='bbox 544 973 687 1006; x_wconf 85' lang='lat' dir='ltr'>magnas</span> <span class='ocrx_word' id='word_1_142' title='bbox 711 960 980 1005; x_wconf 84' lang='lat' dir='ltr'>persecutiones.</span> 
     </span>
    </p>
   </div>
   <div class='ocr_carea' id='block_1_16' title="bbox 248 1062 950 1235">
    <p class='ocr_par' dir='ltr' id='par_1_16' title="bbox 248 1062 950 1235">
     <span class='ocr_line' id='line_1_27' title="bbox 248 1062 950 1113; baseline -0.006 -12"><span class='ocrx_word' id='word_1_143' title='bbox 248 1068 588 1113; x_wconf 69' lang='lat' dir='ltr'>Argumentum</span> <span class='ocrx_word' id='word_1_144' title='bbox 617 1075 668 1098; x_wconf 81' lang='lat' dir='ltr'>uc</span> <span class='ocrx_word' id='word_1_145' title='bbox 697 1062 950 1108; x_wconf 74' lang='lat' dir='ltr'>dispositio</span> 
     </span>
     <span class='ocr_line' id='line_1_28' title="bbox 415 1131 791 1173; baseline -0.011 0"><span class='ocrx_word' id='word_1_146' title='bbox 415 1133 573 1173; x_wconf 83' lang='lat' dir='ltr'>Psalmi</span> <span class='ocrx_word' id='word_1_147' title='bbox 608 1131 791 1173; x_wconf 75' lang='lat' dir='ltr'>CXXX.</span> 
     </span>
     <span class='ocr_line' id='line_1_29' title="bbox 474 1204 744 1235; baseline -0.007 -1"><span class='ocrx_word' id='word_1_148' title='bbox 474 1206 665 1234; x_wconf 84' lang='lat' dir='ltr'>Graduum</span> <span class='ocrx_word' id='word_1_149' title='bbox 690 1204 744 1235; x_wconf 76' lang='lat' dir='ltr'>Xl.</span> 
     </span>
    </p>
   </div>
   <div class='ocr_carea' id='block_1_17' title="bbox 163 1266 978 1315">
    <p class='ocr_par' dir='ltr' id='par_1_17' title="bbox 163 1266 978 1315">
     <span class='ocr_line' id='line_1_30' title="bbox 163 1266 978 1315; baseline -0.004 -10"><span class='ocrx_word' id='word_1_150' title='bbox 163 1272 220 1305; x_wconf 91' lang='lat' dir='ltr'>De</span> <span class='ocrx_word' id='word_1_151' title='bbox 245 1266 448 1315; x_wconf 76' lang='lat' dir='ltr'>profundis</span> <span class='ocrx_word' id='word_1_152' title='bbox 477 1269 638 1302; x_wconf 72' lang='lat' dir='ltr'>clamavi</span> <span class='ocrx_word' id='word_1_153' title='bbox 665 1267 713 1301; x_wconf 78' lang='lat' dir='ltr'>ad</span> <span class='ocrx_word' id='word_1_154' title='bbox 741 1273 778 1302; x_wconf 73' lang='lat' dir='ltr'>te</span> <span class='ocrx_word' id='word_1_155' title='bbox 806 1269 978 1302; x_wconf 80' lang='lat' dir='ltr'>Domine.</span> 
     </span>
    </p>
   </div>
   <div class='ocr_carea' id='block_1_18' title="bbox 110 1336 1105 1840">
    <p class='ocr_par' dir='ltr' id='par_1_18' title="bbox 110 1336 1104 1788">
     <span class='ocr_line' id='line_1_31' title="bbox 213 1336 1101 1379; baseline -0.001 -9"><span class='ocrx_word' id='word_1_156' title='bbox 213 1337 375 1370; x_wconf 85' lang='lat' dir='ltr'>Psalmus</span> <span class='ocrx_word' id='word_1_157' title='bbox 399 1336 502 1369; x_wconf 86' lang='lat' dir='ltr'>valde</span> <span class='ocrx_word' id='word_1_158' title='bbox 525 1336 674 1369; x_wconf 88' lang='lat' dir='ltr'>usitatus</span> <span class='ocrx_word' id='word_1_159' title='bbox 698 1343 748 1369; x_wconf 80' lang='lat' dir='ltr'>est</span> <span class='ocrx_word' id='word_1_160' title='bbox 774 1336 811 1368; x_wconf 91' lang='lat' dir='ltr'>in</span> <span class='ocrx_word' id='word_1_161' title='bbox 839 1337 1101 1379; x_wconf 76' lang='lat' dir='ltr'>precationibus</span> 
     </span>
     <span class='ocr_line' id='line_1_32' title="bbox 110 1386 1102 1431; baseline -0.001 -8"><span class='ocrx_word' id='word_1_162' title='bbox 110 1388 310 1428; x_wconf 85' lang='lat' dir='ltr'>Ecclesiae,</span> <span class='ocrx_word' id='word_1_163' title='bbox 338 1394 371 1421; x_wconf 82' lang='lat' dir='ltr'>et</span> <span class='ocrx_word' id='word_1_164' title='bbox 389 1386 634 1420; x_wconf 84' lang='lat' dir='ltr'>ardentissima</span> <span class='ocrx_word' id='word_1_165' title='bbox 659 1386 783 1431; x_wconf 82' lang='lat' dir='ltr'>petitio</span> <span class='ocrx_word' id='word_1_166' title='bbox 808 1395 858 1420; x_wconf 91' lang='lat' dir='ltr'>est</span> <span class='ocrx_word' id='word_1_167' title='bbox 884 1389 1102 1422; x_wconf 81' lang='lat' dir='ltr'>remissionis</span> 
     </span>
     <span class='ocr_line' id='line_1_33' title="bbox 111 1437 1101 1486; baseline 0 -12"><span class='ocrx_word' id='word_1_168' title='bbox 111 1446 347 1486; x_wconf 85' lang='lat' dir='ltr'>peccatorum,</span> <span class='ocrx_word' id='word_1_169' title='bbox 365 1445 396 1472; x_wconf 86' lang='lat' dir='ltr'>et</span> <span class='ocrx_word' id='word_1_170' title='bbox 414 1438 520 1471; x_wconf 89' lang='lat' dir='ltr'>simul</span> <span class='ocrx_word' id='word_1_171' title='bbox 535 1437 696 1471; x_wconf 85' lang='lat' dir='ltr'>doctrina</span> <span class='ocrx_word' id='word_1_172' title='bbox 709 1451 747 1472; x_wconf 89' lang='lat' dir='ltr'>ac</span> <span class='ocrx_word' id='word_1_173' title='bbox 757 1439 966 1480; x_wconf 85' lang='lat' dir='ltr'>consolatio,</span> <span class='ocrx_word' id='word_1_174' title='bbox 984 1448 1101 1474; x_wconf 87' lang='lat' dir='ltr'>osten-</span> 
     </span>
     <span class='ocr_line' id='line_1_34' title="bbox 112 1490 1101 1533; baseline -0.001 -7"><span class='ocrx_word' id='word_1_175' title='bbox 112 1496 200 1526; x_wconf 84' lang='lat' dir='ltr'>dens</span> <span class='ocrx_word' id='word_1_176' title='bbox 217 1490 460 1524; x_wconf 86' lang='lat' dir='ltr'>remissionem</span> <span class='ocrx_word' id='word_1_177' title='bbox 484 1496 705 1533; x_wconf 87' lang='lat' dir='ltr'>peccatorum</span> <span class='ocrx_word' id='word_1_178' title='bbox 734 1490 907 1523; x_wconf 81' lang='lat' dir='ltr'>iusticiam</span> <span class='ocrx_word' id='word_1_179' title='bbox 934 1498 966 1524; x_wconf 90' lang='lat' dir='ltr'>et</span> <span class='ocrx_word' id='word_1_180' title='bbox 993 1492 1101 1525; x_wconf 70' lang='lat' dir='ltr'>vitam</span> 
     </span>
     <span class='ocr_line' id='line_1_35' title="bbox 113 1539 1104 1585; baseline -0.001 -9"><span class='ocrx_word' id='word_1_181' title='bbox 113 1550 292 1576; x_wconf 85' lang='lat' dir='ltr'>aeternam</span> <span class='ocrx_word' id='word_1_182' title='bbox 310 1552 383 1573; x_wconf 90' lang='lat' dir='ltr'>non</span> <span class='ocrx_word' id='word_1_183' title='bbox 403 1539 498 1580; x_wconf 89' lang='lat' dir='ltr'>dari,</span> <span class='ocrx_word' id='word_1_184' title='bbox 534 1540 603 1572; x_wconf 87' lang='lat' dir='ltr'>nisi</span> <span class='ocrx_word' id='word_1_185' title='bbox 629 1548 774 1585; x_wconf 91' lang='lat' dir='ltr'>propter</span> <span class='ocrx_word' id='word_1_186' title='bbox 788 1541 1024 1575; x_wconf 84' lang='lat' dir='ltr'>Mediatorem</span> <span class='ocrx_word' id='word_1_187' title='bbox 1042 1543 1104 1576; x_wconf 87' lang='lat' dir='ltr'>Fi-</span> 
     </span>
     <span class='ocr_line' id='line_1_36' title="bbox 113 1589 1103 1636; baseline -0.001 -9"><span class='ocrx_word' id='word_1_188' title='bbox 113 1594 202 1627; x_wconf 84' lang='lat' dir='ltr'>lium</span> <span class='ocrx_word' id='word_1_189' title='bbox 230 1592 295 1626; x_wconf 84' lang='lat' dir='ltr'>Dei</span> <span class='ocrx_word' id='word_1_190' title='bbox 323 1589 465 1636; x_wconf 78' lang='lat' dir='ltr'>gratis,</span> <span class='ocrx_word' id='word_1_191' title='bbox 499 1602 573 1622; x_wconf 90' lang='lat' dir='ltr'>non</span> <span class='ocrx_word' id='word_1_192' title='bbox 600 1598 744 1635; x_wconf 89' lang='lat' dir='ltr'>propter</span> <span class='ocrx_word' id='word_1_193' title='bbox 768 1589 953 1624; x_wconf 87' lang='lat' dir='ltr'>hominum</span> <span class='ocrx_word' id='word_1_194' title='bbox 980 1595 1103 1626; x_wconf 84' lang='lat' dir='ltr'>merita</span> 
     </span>
     <span class='ocr_line' id='line_1_37' title="bbox 115 1643 411 1687; baseline -0.007 -8"><span class='ocrx_word' id='word_1_195' title='bbox 115 1652 175 1679; x_wconf 87' lang='lat' dir='ltr'>aut</span> <span class='ocrx_word' id='word_1_196' title='bbox 191 1643 411 1687; x_wconf 84' lang='lat' dir='ltr'>dignitatem.</span> 
     </span>
     <span class='ocr_line' id='line_1_38' title="bbox 116 1692 1104 1738; baseline -0.002 -8"><span class='ocrx_word' id='word_1_197' title='bbox 116 1698 181 1730; x_wconf 83' lang='lat' dir='ltr'>hus</span> <span class='ocrx_word' id='word_1_198' title='bbox 201 1693 406 1738; x_wconf 71' lang='lat' dir='ltr'>magnitudo</span> <span class='ocrx_word' id='word_1_199' title='bbox 426 1692 589 1725; x_wconf 88' lang='lat' dir='ltr'>dolorum</span> <span class='ocrx_word' id='word_1_200' title='bbox 608 1693 645 1725; x_wconf 88' lang='lat' dir='ltr'>in</span> <span class='ocrx_word' id='word_1_201' title='bbox 663 1693 754 1726; x_wconf 88' lang='lat' dir='ltr'>veris</span> <span class='ocrx_word' id='word_1_202' title='bbox 775 1695 970 1726; x_wconf 85' lang='lat' dir='ltr'>terroribus</span> <span class='ocrx_word' id='word_1_203' title='bbox 993 1702 1024 1728; x_wconf 86' lang='lat' dir='ltr'>et</span> <span class='ocrx_word' id='word_1_204' title='bbox 1050 1697 1104 1728; x_wconf 91' lang='lat' dir='ltr'>lu-</span> 
     </span>
     <span class='ocr_line' id='line_1_39' title="bbox 118 1743 786 1788; baseline -0.004 -8"><span class='ocrx_word' id='word_1_205' title='bbox 118 1755 170 1781; x_wconf 90' lang='lat' dir='ltr'>cta</span> <span class='ocrx_word' id='word_1_206' title='bbox 189 1746 271 1779; x_wconf 87' lang='lat' dir='ltr'>fidei</span> <span class='ocrx_word' id='word_1_207' title='bbox 286 1746 322 1778; x_wconf 91' lang='lat' dir='ltr'>in</span> <span class='ocrx_word' id='word_1_208' title='bbox 343 1743 544 1788; x_wconf 70' lang='lat' dir='ltr'>precatione</span> <span class='ocrx_word' id='word_1_209' title='bbox 562 1743 786 1777; x_wconf 83' lang='lat' dir='ltr'>describitur.</span> 
     </span>
    </p>

    <p class='ocr_par' dir='ltr' id='par_1_19' title="bbox 220 1794 1105 1840">
     <span class='ocr_line' id='line_1_40' title="bbox 220 1794 1105 1840; baseline 0.001 -10"><span class='ocrx_word' id='word_1_210' title='bbox 220 1795 422 1840; x_wconf 89' lang='lat' dir='ltr'>Propositio</span> <span class='ocrx_word' id='word_1_211' title='bbox 443 1801 494 1827; x_wconf 90' lang='lat' dir='ltr'>est</span> <span class='ocrx_word' id='word_1_212' title='bbox 510 1794 547 1826; x_wconf 91' lang='lat' dir='ltr'>in</span> <span class='ocrx_word' id='word_1_213' title='bbox 566 1795 678 1837; x_wconf 89' lang='lat' dir='ltr'>primo</span> <span class='ocrx_word' id='word_1_214' title='bbox 697 1803 729 1828; x_wconf 91' lang='lat' dir='ltr'>et</span> <span class='ocrx_word' id='word_1_215' title='bbox 747 1797 901 1828; x_wconf 87' lang='lat' dir='ltr'>secundo</span> <span class='ocrx_word' id='word_1_216' title='bbox 926 1810 1046 1835; x_wconf 77' lang='lat' dir='ltr'>versu,</span> <span class='ocrx_word' id='word_1_217' title='bbox 1074 1806 1105 1831; x_wconf 89' lang='lat' dir='ltr'>et</span> 
     </span>
    </p>
   </div>
   <div class='ocr_carea' id='block_1_19' title="bbox 117 1845 1134 1892">
    <p class='ocr_par' dir='ltr' id='par_1_20' title="bbox 117 1845 1134 1892">
     <span class='ocr_line' id='line_1_41' title="bbox 117 1845 1134 1892; baseline 0 -11"><span class='ocrx_word' id='word_1_218' title='bbox 117 1856 168 1882; x_wconf 87' lang='lat' dir='ltr'>est</span> <span class='ocrx_word' id='word_1_219' title='bbox 186 1848 307 1892; x_wconf 88' lang='lat' dir='ltr'>petitio</span> <span class='ocrx_word' id='word_1_220' title='bbox 325 1845 543 1880; x_wconf 85' lang='lat' dir='ltr'>remissionis</span> <span class='ocrx_word' id='word_1_221' title='bbox 560 1854 780 1888; x_wconf 82' lang='lat' dir='ltr'>peccatorum</span> <span class='ocrx_word' id='word_1_222' title='bbox 800 1854 831 1879; x_wconf 85' lang='lat' dir='ltr'>et</span> <span class='ocrx_word' id='word_1_223' title='bbox 849 1848 991 1889; x_wconf 75' lang='lat' dir='ltr'>gratiae.</span> <span class='ocrx_word' id='word_1_224' title='bbox 1020 1848 1106 1881; x_wconf 80' lang='lat' dir='ltr'>Mox</span> <span class='ocrx_word' id='word_1_225' title='bbox 1131 1855 1134 1867; x_wconf 57' lang='lat'>&#39;¹</span> 
     </span>
    </p>
   </div>
   <div class='ocr_carea' id='block_1_20' title="bbox 116 1897 1112 2498">
    <p class='ocr_par' dir='ltr' id='par_1_21' title="bbox 116 1897 1112 2498">
     <span class='ocr_line' id='line_1_42' title="bbox 116 1897 1106 1941; baseline -0.001 -8"><span class='ocrx_word' id='word_1_226' title='bbox 116 1907 235 1934; x_wconf 85' lang='lat' dir='ltr'>autem</span> <span class='ocrx_word' id='word_1_227' title='bbox 251 1898 371 1932; x_wconf 85' lang='lat' dir='ltr'>addita</span> <span class='ocrx_word' id='word_1_228' title='bbox 396 1904 446 1931; x_wconf 90' lang='lat' dir='ltr'>est</span> <span class='ocrx_word' id='word_1_229' title='bbox 468 1897 504 1929; x_wconf 90' lang='lat' dir='ltr'>in</span> <span class='ocrx_word' id='word_1_230' title='bbox 527 1898 631 1930; x_wconf 83' lang='lat' dir='ltr'>tertio</span> <span class='ocrx_word' id='word_1_231' title='bbox 655 1910 757 1931; x_wconf 82' lang='lat' dir='ltr'>versu</span> <span class='ocrx_word' id='word_1_232' title='bbox 784 1899 915 1941; x_wconf 90' lang='lat' dir='ltr'>peccati</span> <span class='ocrx_word' id='word_1_233' title='bbox 936 1901 1106 1932; x_wconf 85' lang='lat' dir='ltr'>consessio</span> 
     </span>
     <span class='ocr_line' id='line_1_43' title="bbox 119 1948 1108 1992; baseline -0.002 -7"><span class='ocrx_word' id='word_1_234' title='bbox 119 1959 154 1985; x_wconf 88' lang='lat' dir='ltr'>et</span> <span class='ocrx_word' id='word_1_235' title='bbox 170 1948 459 1984; x_wconf 79' lang='lat' dir='ltr'>commemoratio</span> <span class='ocrx_word' id='word_1_236' title='bbox 479 1949 521 1980; x_wconf 88' lang='lat' dir='ltr'>de</span> <span class='ocrx_word' id='word_1_237' title='bbox 539 1949 784 1992; x_wconf 78' lang='lat' dir='ltr'>magnitudine</span> <span class='ocrx_word' id='word_1_238' title='bbox 804 1949 876 1981; x_wconf 87' lang='lat' dir='ltr'>irae</span> <span class='ocrx_word' id='word_1_239' title='bbox 895 1948 960 1982; x_wconf 79' lang='lat' dir='ltr'>Dei</span> <span class='ocrx_word' id='word_1_240' title='bbox 989 1951 1108 1984; x_wconf 85' lang='lat' dir='ltr'>iustis—</span> 
     </span>
     <span class='ocr_line' id='line_1_44' title="bbox 120 1997 1107 2047; baseline 0 -12"><span class='ocrx_word' id='word_1_241' title='bbox 120 2003 243 2036; x_wconf 88' lang='lat' dir='ltr'>simae:</span> <span class='ocrx_word' id='word_1_242' title='bbox 272 1998 318 2034; x_wconf 87' lang='lat' dir='ltr'>Si</span> <span class='ocrx_word' id='word_1_243' title='bbox 334 1998 550 2047; x_wconf 76' lang='lat' dir='ltr'>iniquitates</span> <span class='ocrx_word' id='word_1_244' title='bbox 568 1998 813 2033; x_wconf 58' lang='lat' dir='ltr'>observaveris</span> <span class='ocrx_word' id='word_1_245' title='bbox 828 1997 1006 2040; x_wconf 81' lang='lat' dir='ltr'>Domine,</span> <span class='ocrx_word' id='word_1_246' title='bbox 1024 1999 1107 2035; x_wconf 89' lang='lat' dir='ltr'>Do-</span> 
     </span>
     <span class='ocr_line' id='line_1_45' title="bbox 121 2049 1108 2099; baseline -0.001 -13"><span class='ocrx_word' id='word_1_247' title='bbox 121 2052 218 2086; x_wconf 83' lang='lat' dir='ltr'>mine</span> <span class='ocrx_word' id='word_1_248' title='bbox 247 2050 330 2099; x_wconf 78' lang='lat' dir='ltr'>quis</span> <span class='ocrx_word' id='word_1_249' title='bbox 358 2049 582 2085; x_wconf 73' lang='lat' dir='ltr'>sustinebit?</span> <span class='ocrx_word' id='word_1_250' title='bbox 621 2050 822 2086; x_wconf 78' lang='lat' dir='ltr'>Observare</span> <span class='ocrx_word' id='word_1_251' title='bbox 847 2059 898 2086; x_wconf 88' lang='lat' dir='ltr'>est</span> <span class='ocrx_word' id='word_1_252' title='bbox 923 2054 1108 2086; x_wconf 88' lang='lat' dir='ltr'>ostendere</span> 
     </span>
     <span class='ocr_line' id='line_1_46' title="bbox 121 2102 1108 2148; baseline -0.001 -10"><span class='ocrx_word' id='word_1_253' title='bbox 121 2112 155 2138; x_wconf 90' lang='lat' dir='ltr'>et</span> <span class='ocrx_word' id='word_1_254' title='bbox 179 2103 306 2148; x_wconf 81' lang='lat' dir='ltr'>exequi</span> <span class='ocrx_word' id='word_1_255' title='bbox 329 2102 438 2144; x_wconf 86' lang='lat' dir='ltr'>iram,</span> <span class='ocrx_word' id='word_1_256' title='bbox 473 2102 588 2147; x_wconf 86' lang='lat' dir='ltr'>qualis</span> <span class='ocrx_word' id='word_1_257' title='bbox 614 2103 819 2136; x_wconf 87' lang='lat' dir='ltr'>conveniret</span> <span class='ocrx_word' id='word_1_258' title='bbox 839 2103 1031 2137; x_wconf 81' lang='lat' dir='ltr'>immensae</span> <span class='ocrx_word' id='word_1_259' title='bbox 1053 2105 1108 2137; x_wconf 88' lang='lat' dir='ltr'>iu-</span> 
     </span>
     <span class='ocr_line' id='line_1_47' title="bbox 123 2153 1108 2197; baseline 0.001 -9"><span class='ocrx_word' id='word_1_260' title='bbox 123 2154 243 2190; x_wconf 87' lang='lat' dir='ltr'>sticiae</span> <span class='ocrx_word' id='word_1_261' title='bbox 267 2159 389 2187; x_wconf 91' lang='lat' dir='ltr'>contra</span> <span class='ocrx_word' id='word_1_262' title='bbox 405 2153 687 2197; x_wconf 73' lang='lat' dir='ltr'>magnitudinem</span> <span class='ocrx_word' id='word_1_263' title='bbox 703 2162 734 2188; x_wconf 88' lang='lat' dir='ltr'>et</span> <span class='ocrx_word' id='word_1_264' title='bbox 755 2154 1020 2188; x_wconf 87' lang='lat' dir='ltr'>multitudinem</span> <span class='ocrx_word' id='word_1_265' title='bbox 1042 2168 1108 2189; x_wconf 89' lang='lat' dir='ltr'>no-</span> 
     </span>
     <span class='ocr_line' id='line_1_48' title="bbox 124 2205 1104 2251; baseline -0.001 -11"><span class='ocrx_word' id='word_1_266' title='bbox 124 2213 278 2240; x_wconf 90' lang='lat' dir='ltr'>strorum</span> <span class='ocrx_word' id='word_1_267' title='bbox 304 2211 544 2249; x_wconf 87' lang='lat' dir='ltr'>peccatorum,</span> <span class='ocrx_word' id='word_1_268' title='bbox 582 2218 763 2246; x_wconf 88' lang='lat' dir='ltr'>errorum,</span> <span class='ocrx_word' id='word_1_269' title='bbox 799 2205 962 2251; x_wconf 86' lang='lat' dir='ltr'>lapsuum</span> <span class='ocrx_word' id='word_1_270' title='bbox 988 2215 1021 2241; x_wconf 87' lang='lat' dir='ltr'>et</span> <span class='ocrx_word' id='word_1_271' title='bbox 1044 2219 1104 2239; x_wconf 90' lang='lat' dir='ltr'>no-</span> 
     </span>
     <span class='ocr_line' id='line_1_49' title="bbox 123 2253 1110 2294; baseline -0.001 -3"><span class='ocrx_word' id='word_1_272' title='bbox 123 2265 214 2291; x_wconf 87' lang='lat' dir='ltr'>strae</span> <span class='ocrx_word' id='word_1_273' title='bbox 242 2255 507 2294; x_wconf 85' lang='lat' dir='ltr'>immunditiae,</span> <span class='ocrx_word' id='word_1_274' title='bbox 550 2253 640 2291; x_wconf 85' lang='lat' dir='ltr'>hanc</span> <span class='ocrx_word' id='word_1_275' title='bbox 674 2257 763 2291; x_wconf 86' lang='lat' dir='ltr'>iram</span> <span class='ocrx_word' id='word_1_276' title='bbox 799 2270 902 2291; x_wconf 89' lang='lat' dir='ltr'>nemo</span> <span class='ocrx_word' id='word_1_277' title='bbox 938 2258 1110 2291; x_wconf 88' lang='lat' dir='ltr'>sustinere</span> 
     </span>
     <span class='ocr_line' id='line_1_50' title="bbox 124 2306 1110 2353; baseline 0.001 -12"><span class='ocrx_word' id='word_1_278' title='bbox 124 2313 258 2353; x_wconf 86' lang='lat' dir='ltr'>posset,</span> <span class='ocrx_word' id='word_1_279' title='bbox 285 2307 380 2340; x_wconf 81' lang='lat' dir='ltr'>iuxta</span> <span class='ocrx_word' id='word_1_280' title='bbox 395 2306 455 2339; x_wconf 88' lang='lat' dir='ltr'>illa</span> <span class='ocrx_word' id='word_1_281' title='bbox 473 2307 581 2342; x_wconf 88' lang='lat' dir='ltr'>dicta:</span> <span class='ocrx_word' id='word_1_282' title='bbox 598 2309 695 2343; x_wconf 91' lang='lat' dir='ltr'>Deus</span> <span class='ocrx_word' id='word_1_283' title='bbox 714 2309 804 2352; x_wconf 86' lang='lat' dir='ltr'>ignis</span> <span class='ocrx_word' id='word_1_284' title='bbox 824 2320 1034 2343; x_wconf 84' lang='lat' dir='ltr'>consumens</span> <span class='ocrx_word' id='word_1_285' title='bbox 1050 2315 1110 2342; x_wconf 87' lang='lat' dir='ltr'>est.</span> 
     </span>
     <span class='ocr_line' id='line_1_51' title="bbox 125 2358 1111 2408; baseline 0 -15"><span class='ocrx_word' id='word_1_286' title='bbox 125 2359 230 2393; x_wconf 81' lang='lat' dir='ltr'>Item:</span> <span class='ocrx_word' id='word_1_287' title='bbox 248 2358 328 2393; x_wconf 89' lang='lat' dir='ltr'>Scio</span> <span class='ocrx_word' id='word_1_288' title='bbox 346 2358 442 2403; x_wconf 89' lang='lat' dir='ltr'>quod</span> <span class='ocrx_word' id='word_1_289' title='bbox 460 2369 533 2391; x_wconf 90' lang='lat' dir='ltr'>non</span> <span class='ocrx_word' id='word_1_290' title='bbox 552 2361 664 2403; x_wconf 88' lang='lat' dir='ltr'>parcis</span> <span class='ocrx_word' id='word_1_291' title='bbox 681 2360 917 2408; x_wconf 69' lang='lat' dir='ltr'>delinquenti,</span> <span class='ocrx_word' id='word_1_292' title='bbox 932 2368 964 2395; x_wconf 90' lang='lat' dir='ltr'>et</span> <span class='ocrx_word' id='word_1_293' title='bbox 977 2360 1111 2398; x_wconf 79' lang='lat' dir='ltr'>lob.9,;</span> 
     </span>
     <span class='ocr_line' id='line_1_52' title="bbox 125 2409 1112 2454; baseline 0.008 -12"><span class='ocrx_word' id='word_1_294' title='bbox 125 2409 219 2443; x_wconf 69' lang='lat' dir='ltr'>Vere</span> <span class='ocrx_word' id='word_1_295' title='bbox 237 2409 308 2443; x_wconf 89' lang='lat' dir='ltr'>scio</span> <span class='ocrx_word' id='word_1_296' title='bbox 327 2409 421 2454; x_wconf 92' lang='lat' dir='ltr'>quod</span> <span class='ocrx_word' id='word_1_297' title='bbox 438 2421 513 2442; x_wconf 90' lang='lat' dir='ltr'>non</span> <span class='ocrx_word' id='word_1_298' title='bbox 533 2410 740 2446; x_wconf 83' lang='lat' dir='ltr'>iustificetur</span> <span class='ocrx_word' id='word_1_299' title='bbox 756 2409 863 2445; x_wconf 80' lang='lat' dir='ltr'>homo</span> <span class='ocrx_word' id='word_1_300' title='bbox 890 2424 1005 2446; x_wconf 88' lang='lat' dir='ltr'>coram</span> <span class='ocrx_word' id='word_1_301' title='bbox 1024 2411 1112 2450; x_wconf 87' lang='lat' dir='ltr'>Deo.</span> 
     </span>
     <span class='ocr_line' id='line_1_53' title="bbox 127 2459 1012 2498; baseline 0.003 -4"><span class='ocrx_word' id='word_1_302' title='bbox 127 2460 234 2495; x_wconf 87' lang='lat' dir='ltr'>Item:</span> <span class='ocrx_word' id='word_1_303' title='bbox 262 2460 342 2494; x_wconf 83' lang='lat' dir='ltr'>Non</span> <span class='ocrx_word' id='word_1_304' title='bbox 357 2459 466 2493; x_wconf 86' lang='lat' dir='ltr'>intres</span> <span class='ocrx_word' id='word_1_305' title='bbox 485 2460 522 2493; x_wconf 92' lang='lat' dir='ltr'>in</span> <span class='ocrx_word' id='word_1_306' title='bbox 539 2461 710 2497; x_wconf 89' lang='lat' dir='ltr'>iudicium</span> <span class='ocrx_word' id='word_1_307' title='bbox 726 2475 805 2496; x_wconf 90' lang='lat' dir='ltr'>cum</span> <span class='ocrx_word' id='word_1_308' title='bbox 820 2475 921 2496; x_wconf 71' lang='lat' dir='ltr'>servo</span> <span class='ocrx_word' id='word_1_309' title='bbox 940 2472 1012 2498; x_wconf 81' lang='lat' dir='ltr'>tuo,</span> 
     </span>
    </p>
   </div>
   <div class='ocr_carea' id='block_1_21' title="bbox 233 2511 1114 2561">
    <p class='ocr_par' dir='ltr' id='par_1_22' title="bbox 233 2511 1114 2561">
     <span class='ocr_line' id='line_1_54' title="bbox 233 2511 1114 2561; baseline 0.003 -17"><span class='ocrx_word' id='word_1_310' title='bbox 233 2511 274 2544; x_wconf 89' lang='lat' dir='ltr'>ln</span> <span class='ocrx_word' id='word_1_311' title='bbox 298 2517 424 2556; x_wconf 90' lang='lat' dir='ltr'>quarto</span> <span class='ocrx_word' id='word_1_312' title='bbox 450 2523 552 2545; x_wconf 80' lang='lat' dir='ltr'>versu</span> <span class='ocrx_word' id='word_1_313' title='bbox 576 2513 735 2560; x_wconf 84' lang='lat' dir='ltr'>sequitur</span> <span class='ocrx_word' id='word_1_314' title='bbox 764 2515 976 2548; x_wconf 87' lang='lat' dir='ltr'>consolatio:</span> <span class='ocrx_word' id='word_1_315' title='bbox 1011 2511 1114 2561; x_wconf 76' lang='lat' dir='ltr'>Quia</span> 
     </span>
    </p>
   </div>
   <div class='ocr_carea' id='block_1_22' title="bbox 131 2559 1142 2610">
    <p class='ocr_par' dir='ltr' id='par_1_23' title="bbox 131 2559 1142 2610">
     <span class='ocr_line' id='line_1_55' title="bbox 131 2559 1142 2610; baseline 0.002 -14"><span class='ocrx_word' id='word_1_316' title='bbox 131 2559 235 2609; x_wconf 83' lang='lat' dir='ltr'>apud</span> <span class='ocrx_word' id='word_1_317' title='bbox 256 2567 287 2596; x_wconf 79' lang='lat' dir='ltr'>te</span> <span class='ocrx_word' id='word_1_318' title='bbox 301 2560 524 2610; x_wconf 80' lang='lat' dir='ltr'>propiciatio</span> <span class='ocrx_word' id='word_1_319' title='bbox 540 2567 610 2605; x_wconf 79' lang='lat' dir='ltr'>est,</span> <span class='ocrx_word' id='word_1_320' title='bbox 646 2566 681 2598; x_wconf 85' lang='lat' dir='ltr'>id</span> <span class='ocrx_word' id='word_1_321' title='bbox 706 2570 775 2604; x_wconf 86' lang='lat' dir='ltr'>est,</span> <span class='ocrx_word' id='word_1_322' title='bbox 809 2565 968 2600; x_wconf 78' lang='lat' dir='ltr'>remissio</span> <span class='ocrx_word' id='word_1_323' title='bbox 994 2578 1116 2610; x_wconf 81' lang='lat' dir='ltr'>pecca·</span> <span class='ocrx_word' id='word_1_324' title='bbox 1140 2569 1142 2594; x_wconf 68' lang='grc' dir='ltr'>ἰ</span> 
     </span>
    </p>
   </div>
   <div class='ocr_carea' id='block_1_23' title="bbox 463 1639 1132 1689">
    <p class='ocr_par' dir='ltr' id='par_1_24' title="bbox 463 1639 1132 1689">
     <span class='ocr_line' id='line_1_56' title="bbox 463 1639 1132 1689; baseline 0.003 -15"><span class='ocrx_word' id='word_1_325' title='bbox 463 1639 624 1685; x_wconf 89' lang='lat' dir='ltr'>Suntque</span> <span class='ocrx_word' id='word_1_326' title='bbox 651 1642 834 1675; x_wconf 88' lang='lat' dir='ltr'>interserta</span> <span class='ocrx_word' id='word_1_327' title='bbox 861 1639 988 1687; x_wconf 69' lang='grc' dir='ltr'><em>πάθη,</em></span> <span class='ocrx_word' id='word_1_328' title='bbox 1025 1645 1103 1689; x_wconf 78' lang='lat' dir='ltr'>qui-</span> <span class='ocrx_word' id='word_1_329' title='bbox 1130 1669 1132 1675; x_wconf 86' lang='grc'>.</span> 
     </span>
    </p>
   </div>
   <div class='ocr_carea' id='block_1_24' title="bbox 1124 971 1134 1742">
    <p class='ocr_par' dir='ltr' id='par_1_25' title="bbox 1124 971 1134 1742">
     <span class='ocr_line' id='line_1_57' title="bbox 1124 971 1134 1742; baseline 0 0"><span class='ocrx_word' id='word_1_330' title='bbox 1124 971 1134 1742; x_wconf 95' lang='lat' dir='ltr'> </span> 
     </span>
    </p>
   </div>
   <div class='ocr_carea' id='block_1_25' title="bbox 1135 2303 1140 2459">
    <p class='ocr_par' dir='ltr' id='par_1_26' title="bbox 1135 2303 1140 2459">
     <span class='ocr_line' id='line_1_58' title="bbox 1135 2303 1139 2367; baseline 0 0"><span class='ocrx_word' id='word_1_331' title='bbox 1135 2303 1139 2367; x_wconf 72' lang='grc' dir='ltr'>ἰ</span> 
     </span>
     <span class='ocr_line' id='line_1_59' title="bbox 1136 2385 1140 2459; baseline 0 0"><span class='ocrx_word' id='word_1_332' title='bbox 1136 2385 1140 2459; x_wconf 70' lang='grc' dir='ltr'><strong>ἒ</strong></span> 
     </span>
    </p>
   </div>
   <div class='ocr_carea' id='block_1_26' title="bbox 1139 2518 1141 2563">
    <p class='ocr_par' dir='ltr' id='par_1_27' title="bbox 1139 2518 1141 2563">
     <span class='ocr_line' id='line_1_60' title="bbox 1139 2518 1141 2563; baseline 0 0"><span class='ocrx_word' id='word_1_333' title='bbox 1139 2518 1141 2563; x_wconf 59' lang='grc' dir='ltr'>ἐ</span> 
     </span>
    </p>
   </div>
   <div class='ocr_carea' id='block_1_27' title="bbox 129 2600 1143 2662">
    <p class='ocr_par' dir='ltr' id='par_1_28' title="bbox 129 2600 1143 2662">
     <span class='ocr_line' id='line_1_61' title="bbox 129 2600 1143 2662; baseline 0 -15"><span class='ocrx_word' id='word_1_334' title='bbox 129 2621 258 2648; x_wconf 86' lang='lat' dir='ltr'>torum.</span> <span class='ocrx_word' id='word_1_335' title='bbox 309 2613 357 2648; x_wconf 83' lang='lat' dir='ltr'>Et</span> <span class='ocrx_word' id='word_1_336' title='bbox 377 2611 460 2647; x_wconf 85' lang='lat' dir='ltr'>haec</span> <span class='ocrx_word' id='word_1_337' title='bbox 477 2614 696 2660; x_wconf 82' lang='lat' dir='ltr'>intelligatur</span> <span class='ocrx_word' id='word_1_338' title='bbox 713 2617 862 2658; x_wconf 84' lang='lat' dir='ltr'>gratuita</span> <span class='ocrx_word' id='word_1_339' title='bbox 880 2624 1023 2662; x_wconf 87' lang='lat' dir='ltr'>propter</span> <span class='ocrx_word' id='word_1_340' title='bbox 1038 2616 1116 2650; x_wconf 84' lang='lat' dir='ltr'>Me·</span> <span class='ocrx_word' id='word_1_341' title='bbox 1140 2600 1143 2647; x_wconf 68' lang='grc' dir='ltr'>Ι,</span> 
     </span>
    </p>
   </div>
   <div class='ocr_carea' id='block_1_28' title="bbox 132 2664 1117 2711">
    <p class='ocr_par' dir='ltr' id='par_1_29' title="bbox 132 2664 1117 2711">
     <span class='ocr_line' id='line_1_62' title="bbox 132 2664 1117 2711; baseline 0.003 -13"><span class='ocrx_word' id='word_1_342' title='bbox 132 2665 302 2699; x_wconf 86' lang='lat' dir='ltr'>diatorem</span> <span class='ocrx_word' id='word_1_343' title='bbox 313 2692 323 2706; x_wconf 92' lang='lat'>,</span> <span class='ocrx_word' id='word_1_344' title='bbox 349 2677 422 2698; x_wconf 91' lang='lat' dir='ltr'>non</span> <span class='ocrx_word' id='word_1_345' title='bbox 439 2672 582 2710; x_wconf 89' lang='lat' dir='ltr'>propter</span> <span class='ocrx_word' id='word_1_346' title='bbox 598 2667 707 2701; x_wconf 89' lang='lat' dir='ltr'>ullam</span> <span class='ocrx_word' id='word_1_347' title='bbox 715 2664 881 2711; x_wconf 62' lang='lat' dir='ltr'>{nostram</span> <span class='ocrx_word' id='word_1_348' title='bbox 897 2668 1117 2711; x_wconf 80' lang='lat' dir='ltr'>dignitatem.</span> 
     </span>
    </p>
   </div>
   <div class='ocr_carea' id='block_1_29' title="bbox 1141 2649 1143 2670">
    <p class='ocr_par' dir='ltr' id='par_1_30' title="bbox 1141 2649 1143 2670">
     <span class='ocr_line' id='line_1_63' title="bbox 1141 2649 1143 2670; baseline 0 0"><span class='ocrx_word' id='word_1_349' title='bbox 1141 2649 1143 2670; x_wconf 70' lang='lat' dir='ltr'>l</span> 
     </span>
    </p>
   </div>
   <div class='ocr_carea' id='block_1_30' title="bbox 1150 469 1894 515">
    <p class='ocr_par' dir='ltr' id='par_1_31' title="bbox 1150 469 1894 515">
     <span class='ocr_line' id='line_1_64' title="bbox 1150 469 1894 515; baseline -0.001 -11"><span class='ocrx_word' id='word_1_350' title='bbox 1150 470 1254 505; x_wconf 87' lang='lat' dir='ltr'>ltem:</span> <span class='ocrx_word' id='word_1_351' title='bbox 1285 470 1467 504; x_wconf 79' lang='lat' dir='ltr'>[ustificati</span> <span class='ocrx_word' id='word_1_352' title='bbox 1487 472 1554 503; x_wconf 76' lang='lat' dir='ltr'>fide</span> <span class='ocrx_word' id='word_1_353' title='bbox 1574 484 1692 515; x_wconf 87' lang='lat' dir='ltr'>pacem</span> <span class='ocrx_word' id='word_1_354' title='bbox 1712 469 1894 506; x_wconf 84' lang='lat' dir='ltr'>habemus.</span> 
     </span>
    </p>
   </div>
   <div class='ocr_carea' id='block_1_31' title="bbox 1148 535 2137 787">
    <p class='ocr_par' dir='ltr' id='par_1_32' title="bbox 1148 535 2137 787">
     <span class='ocr_line' id='line_1_65' title="bbox 1250 535 2136 577; baseline -0.003 -6"><span class='ocrx_word' id='word_1_355' title='bbox 1250 538 1364 572; x_wconf 76' lang='lat' dir='ltr'>Addit</span> <span class='ocrx_word' id='word_1_356' title='bbox 1382 546 1515 571; x_wconf 87' lang='lat' dir='ltr'>autem:</span> <span class='ocrx_word' id='word_1_357' title='bbox 1546 535 1636 571; x_wconf 86' lang='lat' dir='ltr'>Ideo</span> <span class='ocrx_word' id='word_1_358' title='bbox 1653 536 1852 575; x_wconf 76' lang='lat' dir='ltr'>timeberis,</span> <span class='ocrx_word' id='word_1_359' title='bbox 1870 538 1906 570; x_wconf 86' lang='lat' dir='ltr'>id</span> <span class='ocrx_word' id='word_1_360' title='bbox 1925 545 1991 577; x_wconf 81' lang='lat' dir='ltr'>est,</span> <span class='ocrx_word' id='word_1_361' title='bbox 2016 547 2136 569; x_wconf 83' lang='lat' dir='ltr'>omnes</span> 
     </span>
     <span class='ocr_line' id='line_1_66' title="bbox 1148 589 2137 633; baseline -0.003 -11"><span class='ocrx_word' id='word_1_362' title='bbox 1148 597 1337 633; x_wconf 79' lang='lat' dir='ltr'>agnoscant</span> <span class='ocrx_word' id='word_1_363' title='bbox 1356 601 1391 622; x_wconf 88' lang='lat' dir='ltr'>se</span> <span class='ocrx_word' id='word_1_364' title='bbox 1414 589 1579 630; x_wconf 79' lang='lat' dir='ltr'>indiguos</span> <span class='ocrx_word' id='word_1_365' title='bbox 1605 596 1636 622; x_wconf 90' lang='lat' dir='ltr'>et</span> <span class='ocrx_word' id='word_1_366' title='bbox 1664 590 1868 621; x_wconf 84' lang='lat' dir='ltr'>immundos</span> <span class='ocrx_word' id='word_1_367' title='bbox 1896 601 1985 630; x_wconf 82' lang='lat' dir='ltr'>esse,</span> <span class='ocrx_word' id='word_1_368' title='bbox 2022 595 2053 620; x_wconf 87' lang='lat' dir='ltr'>et</span> <span class='ocrx_word' id='word_1_369' title='bbox 2079 599 2137 619; x_wconf 79' lang='lat' dir='ltr'>ex-</span> 
     </span>
     <span class='ocr_line' id='line_1_67' title="bbox 1150 640 2136 685; baseline -0.005 -11"><span class='ocrx_word' id='word_1_370' title='bbox 1150 648 1336 685; x_wconf 81' lang='lat' dir='ltr'>pavescant</span> <span class='ocrx_word' id='word_1_371' title='bbox 1367 652 1484 673; x_wconf 82' lang='lat' dir='ltr'>coram</span> <span class='ocrx_word' id='word_1_372' title='bbox 1510 647 1561 679; x_wconf 89' lang='lat' dir='ltr'>te,</span> <span class='ocrx_word' id='word_1_373' title='bbox 1607 652 1678 672; x_wconf 87' lang='lat' dir='ltr'>non</span> <span class='ocrx_word' id='word_1_374' title='bbox 1705 640 1776 673; x_wconf 89' lang='lat' dir='ltr'>sint</span> <span class='ocrx_word' id='word_1_375' title='bbox 1799 647 2021 682; x_wconf 72' lang='lat' dir='ltr'>arrogantes,</span> <span class='ocrx_word' id='word_1_376' title='bbox 2064 650 2136 670; x_wconf 90' lang='lat' dir='ltr'>non</span> 
     </span>
     <span class='ocr_line' id='line_1_68' title="bbox 1149 690 2136 734; baseline -0.005 -9"><span class='ocrx_word' id='word_1_377' title='bbox 1149 692 1327 725; x_wconf 74' lang='lat' dir='ltr'>confidant</span> <span class='ocrx_word' id='word_1_378' title='bbox 1346 703 1407 724; x_wconf 88' lang='lat' dir='ltr'>sua</span> <span class='ocrx_word' id='word_1_379' title='bbox 1426 691 1615 733; x_wconf 74' lang='lat' dir='ltr'>dignitate,</span> <span class='ocrx_word' id='word_1_380' title='bbox 1634 691 1704 723; x_wconf 89' lang='lat' dir='ltr'>suis</span> <span class='ocrx_word' id='word_1_381' title='bbox 1721 691 1912 724; x_wconf 69' lang='lat' dir='ltr'>virtutibus</span> <span class='ocrx_word' id='word_1_382' title='bbox 1925 717 1933 730; x_wconf 83' lang='lat'>,</span> <span class='ocrx_word' id='word_1_383' title='bbox 1961 690 2042 734; x_wconf 85' lang='lat' dir='ltr'>quia</span> <span class='ocrx_word' id='word_1_384' title='bbox 2058 695 2136 721; x_wconf 89' lang='lat' dir='ltr'>tan-</span> 
     </span>
     <span class='ocr_line' id='line_1_69' title="bbox 1149 742 1832 787; baseline -0.003 -11"><span class='ocrx_word' id='word_1_385' title='bbox 1149 750 1223 777; x_wconf 90' lang='lat' dir='ltr'>tum</span> <span class='ocrx_word' id='word_1_386' title='bbox 1240 743 1365 787; x_wconf 87' lang='lat' dir='ltr'>recipis</span> <span class='ocrx_word' id='word_1_387' title='bbox 1383 749 1527 786; x_wconf 84' lang='lat' dir='ltr'>propter</span> <span class='ocrx_word' id='word_1_388' title='bbox 1547 742 1832 786; x_wconf 66' lang='lat' dir='ltr'>propiciatorem.</span> 
     </span>
    </p>
   </div>
   <div class='ocr_carea' id='block_1_32' title="bbox 1150 807 2141 1304">
    <p class='ocr_par' dir='ltr' id='par_1_33' title="bbox 1150 807 2141 1304">
     <span class='ocr_line' id='line_1_70' title="bbox 1250 807 2138 855; baseline -0.006 -11"><span class='ocrx_word' id='word_1_389' title='bbox 1250 810 1291 844; x_wconf 91' lang='lat' dir='ltr'>In</span> <span class='ocrx_word' id='word_1_390' title='bbox 1312 810 1437 855; x_wconf 89' lang='lat' dir='ltr'>quinto</span> <span class='ocrx_word' id='word_1_391' title='bbox 1456 821 1559 841; x_wconf 77' lang='lat' dir='ltr'>versu</span> <span class='ocrx_word' id='word_1_392' title='bbox 1581 810 1708 841; x_wconf 88' lang='lat' dir='ltr'>modus</span> <span class='ocrx_word' id='word_1_393' title='bbox 1735 807 1988 841; x_wconf 87' lang='lat' dir='ltr'>consolationis</span> <span class='ocrx_word' id='word_1_394' title='bbox 2013 807 2138 839; x_wconf 86' lang='lat' dir='ltr'>recita-</span> 
     </span>
     <span class='ocr_line' id='line_1_71' title="bbox 1150 856 2135 906; baseline -0.006 -11"><span class='ocrx_word' id='word_1_395' title='bbox 1150 870 1223 896; x_wconf 89' lang='lat' dir='ltr'>tur:</span> <span class='ocrx_word' id='word_1_396' title='bbox 1267 860 1430 906; x_wconf 73' lang='lat' dir='ltr'>Expecto</span> <span class='ocrx_word' id='word_1_397' title='bbox 1461 858 1692 903; x_wconf 80' lang='lat' dir='ltr'>Dominum,</span> <span class='ocrx_word' id='word_1_398' title='bbox 1735 863 1879 905; x_wconf 62' lang='lat' dir='ltr'>aspecto</span> <span class='ocrx_word' id='word_1_399' title='bbox 1911 861 1962 891; x_wconf 80' lang='lat' dir='ltr'>ad</span> <span class='ocrx_word' id='word_1_400' title='bbox 1993 856 2135 890; x_wconf 63' lang='lat' dir='ltr'>verbum</span> 
     </span>
     <span class='ocr_line' id='line_1_72' title="bbox 1150 910 2138 955; baseline -0.007 -9"><span class='ocrx_word' id='word_1_401' title='bbox 1150 913 1238 947; x_wconf 81' lang='lat' dir='ltr'>eius.</span> <span class='ocrx_word' id='word_1_402' title='bbox 1293 911 1362 945; x_wconf 90' lang='lat' dir='ltr'>Hic</span> <span class='ocrx_word' id='word_1_403' title='bbox 1379 923 1537 955; x_wconf 81' lang='lat' dir='ltr'>expresse</span> <span class='ocrx_word' id='word_1_404' title='bbox 1555 912 1785 944; x_wconf 70' lang='lat' dir='ltr'>concionatur</span> <span class='ocrx_word' id='word_1_405' title='bbox 1805 914 1847 943; x_wconf 88' lang='lat' dir='ltr'>de</span> <span class='ocrx_word' id='word_1_406' title='bbox 1875 911 1942 942; x_wconf 86' lang='lat' dir='ltr'>fide</span> <span class='ocrx_word' id='word_1_407' title='bbox 1959 917 1989 942; x_wconf 88' lang='lat' dir='ltr'>et</span> <span class='ocrx_word' id='word_1_408' title='bbox 2008 910 2050 941; x_wconf 89' lang='lat' dir='ltr'>de</span> <span class='ocrx_word' id='word_1_409' title='bbox 2067 919 2138 952; x_wconf 82' lang='lat' dir='ltr'>spe,</span> 
     </span>
     <span class='ocr_line' id='line_1_73' title="bbox 1151 960 2139 998; baseline -0.008 0"><span class='ocrx_word' id='word_1_410' title='bbox 1151 972 1183 998; x_wconf 88' lang='lat' dir='ltr'>et</span> <span class='ocrx_word' id='word_1_411' title='bbox 1199 965 1236 997; x_wconf 83' lang='lat' dir='ltr'>fit</span> <span class='ocrx_word' id='word_1_412' title='bbox 1254 964 1385 996; x_wconf 86' lang='lat' dir='ltr'>mentio</span> <span class='ocrx_word' id='word_1_413' title='bbox 1404 963 1500 995; x_wconf 84' lang='lat' dir='ltr'>verbi</span> <span class='ocrx_word' id='word_1_414' title='bbox 1520 970 1551 994; x_wconf 89' lang='lat' dir='ltr'>et</span> <span class='ocrx_word' id='word_1_415' title='bbox 1571 962 1729 994; x_wconf 78' lang='lat' dir='ltr'>Domini.</span> <span class='ocrx_word' id='word_1_416' title='bbox 1782 961 1877 993; x_wconf 84' lang='lat' dir='ltr'>Haec</span> <span class='ocrx_word' id='word_1_417' title='bbox 1897 968 1945 993; x_wconf 83' lang='lat' dir='ltr'>est</span> <span class='ocrx_word' id='word_1_418' title='bbox 1964 972 2027 991; x_wconf 78' lang='lat' dir='ltr'>vox</span> <span class='ocrx_word' id='word_1_419' title='bbox 2047 960 2139 998; x_wconf 75' lang='lat' dir='ltr'>fidei,</span> 
     </span>
     <span class='ocr_line' id='line_1_74' title="bbox 1152 1010 2139 1061; baseline -0.007 -13"><span class='ocrx_word' id='word_1_420' title='bbox 1152 1027 1240 1061; x_wconf 87' lang='lat' dir='ltr'>quae</span> <span class='ocrx_word' id='word_1_421' title='bbox 1260 1013 1705 1057; x_wconf 84' lang='lat' dir='ltr'>intueturpromissionem</span> <span class='ocrx_word' id='word_1_422' title='bbox 1726 1019 1758 1045; x_wconf 89' lang='lat' dir='ltr'>et</span> <span class='ocrx_word' id='word_1_423' title='bbox 1787 1012 2054 1056; x_wconf 77' lang='lat' dir='ltr'>patefactionem</span> <span class='ocrx_word' id='word_1_424' title='bbox 2084 1010 2139 1042; x_wconf 91' lang='lat' dir='ltr'>di-</span> 
     </span>
     <span class='ocr_line' id='line_1_75' title="bbox 1152 1061 2141 1108; baseline -0.008 -8"><span class='ocrx_word' id='word_1_425' title='bbox 1152 1069 1286 1106; x_wconf 79' lang='lat' dir='ltr'>vinam,</span> <span class='ocrx_word' id='word_1_426' title='bbox 1323 1072 1357 1099; x_wconf 89' lang='lat' dir='ltr'>et</span> <span class='ocrx_word' id='word_1_427' title='bbox 1380 1065 1482 1098; x_wconf 90' lang='lat' dir='ltr'>illum</span> <span class='ocrx_word' id='word_1_428' title='bbox 1507 1065 1621 1108; x_wconf 88' lang='lat' dir='ltr'>ipsum</span> <span class='ocrx_word' id='word_1_429' title='bbox 1649 1063 1779 1096; x_wconf 67' lang='lat' dir='ltr'>Filium</span> <span class='ocrx_word' id='word_1_430' title='bbox 1804 1063 1869 1096; x_wconf 89' lang='lat' dir='ltr'>Dei</span> <span class='ocrx_word' id='word_1_431' title='bbox 1895 1061 2141 1100; x_wconf 77' lang='lat' dir='ltr'>Mediatorem‚</span> 
     </span>
     <span class='ocr_line' id='line_1_76' title="bbox 1153 1110 2139 1160; baseline -0.005 -10"><span class='ocrx_word' id='word_1_432' title='bbox 1153 1126 1330 1151; x_wconf 82' lang='lat' dir='ltr'>ostensum</span> <span class='ocrx_word' id='word_1_433' title='bbox 1351 1117 1387 1148; x_wconf 88' lang='lat' dir='ltr'>in</span> <span class='ocrx_word' id='word_1_434' title='bbox 1403 1116 1636 1160; x_wconf 86' lang='lat' dir='ltr'>promissione</span> <span class='ocrx_word' id='word_1_435' title='bbox 1655 1114 1811 1157; x_wconf 83' lang='lat' dir='ltr'>agnoscit</span> <span class='ocrx_word' id='word_1_436' title='bbox 1835 1121 1867 1147; x_wconf 88' lang='lat' dir='ltr'>et</span> <span class='ocrx_word' id='word_1_437' title='bbox 1892 1110 2139 1156; x_wconf 73' lang='lat' dir='ltr'>adprehendit.</span> 
     </span>
     <span class='ocr_line' id='line_1_77' title="bbox 1153 1165 2141 1209; baseline -0.007 -7"><span class='ocrx_word' id='word_1_438' title='bbox 1153 1168 1228 1202; x_wconf 88' lang='lat' dir='ltr'>Hac</span> <span class='ocrx_word' id='word_1_439' title='bbox 1248 1169 1316 1201; x_wconf 80' lang='lat' dir='ltr'>fide</span> <span class='ocrx_word' id='word_1_440' title='bbox 1340 1179 1478 1200; x_wconf 86' lang='lat' dir='ltr'>necesse</span> <span class='ocrx_word' id='word_1_441' title='bbox 1505 1173 1555 1199; x_wconf 84' lang='lat' dir='ltr'>est</span> <span class='ocrx_word' id='word_1_442' title='bbox 1577 1166 1687 1209; x_wconf 84' lang='lat' dir='ltr'>accipi</span> <span class='ocrx_word' id='word_1_443' title='bbox 1714 1165 1956 1198; x_wconf 87' lang='lat' dir='ltr'>remissionem</span> <span class='ocrx_word' id='word_1_444' title='bbox 1982 1170 2141 1206; x_wconf 78' lang='lat' dir='ltr'>peccato-</span> 
     </span>
     <span class='ocr_line' id='line_1_78' title="bbox 1153 1211 2140 1261; baseline -0.007 -8"><span class='ocrx_word' id='word_1_445' title='bbox 1153 1233 1255 1260; x_wconf 87' lang='lat' dir='ltr'>rum,</span> <span class='ocrx_word' id='word_1_446' title='bbox 1289 1219 1376 1252; x_wconf 90' lang='lat' dir='ltr'>etin</span> <span class='ocrx_word' id='word_1_447' title='bbox 1402 1216 1466 1251; x_wconf 83' lang='lat' dir='ltr'>hac</span> <span class='ocrx_word' id='word_1_448' title='bbox 1490 1218 1562 1261; x_wconf 88' lang='lat' dir='ltr'>ipsa</span> <span class='ocrx_word' id='word_1_449' title='bbox 1590 1217 1830 1250; x_wconf 85' lang='lat' dir='ltr'>consolatione</span> <span class='ocrx_word' id='word_1_450' title='bbox 1853 1215 1959 1248; x_wconf 88' lang='lat' dir='ltr'>simul</span> <span class='ocrx_word' id='word_1_451' title='bbox 1985 1211 2042 1247; x_wconf 81' lang='lat' dir='ltr'>hic</span> <span class='ocrx_word' id='word_1_452' title='bbox 2068 1215 2140 1258; x_wconf 87' lang='lat' dir='ltr'>ipse</span> 
     </span>
     <span class='ocr_line' id='line_1_79' title="bbox 1155 1268 1986 1304; baseline -0.006 0"><span class='ocrx_word' id='word_1_453' title='bbox 1155 1271 1267 1304; x_wconf 74' lang='lat' dir='ltr'>filius</span> <span class='ocrx_word' id='word_1_454' title='bbox 1288 1269 1353 1303; x_wconf 86' lang='lat' dir='ltr'>Dei</span> <span class='ocrx_word' id='word_1_455' title='bbox 1373 1276 1543 1303; x_wconf 83' lang='lat' dir='ltr'>sustentat</span> <span class='ocrx_word' id='word_1_456' title='bbox 1563 1276 1595 1302; x_wconf 92' lang='lat' dir='ltr'>et</span> <span class='ocrx_word' id='word_1_457' title='bbox 1612 1268 1765 1300; x_wconf 79' lang='lat' dir='ltr'>vivificat</span> <span class='ocrx_word' id='word_1_458' title='bbox 1781 1268 1986 1300; x_wconf 81' lang='lat' dir='ltr'>luctantem.</span> 
     </span>
    </p>
   </div>
   <div class='ocr_carea' id='block_1_33' title="bbox 1155 1324 2149 2386">
    <p class='ocr_par' dir='ltr' id='par_1_34' title="bbox 1155 1324 2149 2386">
     <span class='ocr_line' id='line_1_80' title="bbox 1258 1324 2140 1365; baseline -0.009 -2"><span class='ocrx_word' id='word_1_459' title='bbox 1258 1329 1300 1363; x_wconf 92' lang='lat' dir='ltr'>In</span> <span class='ocrx_word' id='word_1_460' title='bbox 1316 1336 1410 1362; x_wconf 77' lang='lat' dir='ltr'>sexto</span> <span class='ocrx_word' id='word_1_461' title='bbox 1429 1340 1533 1361; x_wconf 69' lang='lat' dir='ltr'>versu</span> <span class='ocrx_word' id='word_1_462' title='bbox 1549 1324 1673 1365; x_wconf 70' lang='grc' dir='ltr'><em>πάθος</em></span> <span class='ocrx_word' id='word_1_463' title='bbox 1690 1328 1860 1360; x_wconf 86' lang='lat' dir='ltr'>insertum</span> <span class='ocrx_word' id='word_1_464' title='bbox 1885 1332 1935 1358; x_wconf 85' lang='lat' dir='ltr'>est</span> <span class='ocrx_word' id='word_1_465' title='bbox 1959 1326 2001 1357; x_wconf 88' lang='lat' dir='ltr'>de</span> <span class='ocrx_word' id='word_1_466' title='bbox 2027 1334 2140 1356; x_wconf 84' lang='lat' dir='ltr'>mora:</span> 
     </span>
     <span class='ocr_line' id='line_1_81' title="bbox 1155 1378 2141 1419; baseline -0.009 -4"><span class='ocrx_word' id='word_1_467' title='bbox 1155 1382 1319 1416; x_wconf 83' lang='lat' dir='ltr'>differtur</span> <span class='ocrx_word' id='word_1_468' title='bbox 1338 1381 1432 1412; x_wconf 88' lang='lat' dir='ltr'>enim</span> <span class='ocrx_word' id='word_1_469' title='bbox 1449 1379 1612 1411; x_wconf 84' lang='lat' dir='ltr'>liberatio</span> <span class='ocrx_word' id='word_1_470' title='bbox 1624 1406 1632 1419; x_wconf 86' lang='lat'>,</span> <span class='ocrx_word' id='word_1_471' title='bbox 1649 1385 1687 1411; x_wconf 87' lang='lat' dir='ltr'>ut</span> <span class='ocrx_word' id='word_1_472' title='bbox 1703 1378 1787 1410; x_wconf 82' lang='lat' dir='ltr'>fides</span> <span class='ocrx_word' id='word_1_473' title='bbox 1805 1383 2004 1409; x_wconf 75' lang='lat' dir='ltr'>exerceatur</span> <span class='ocrx_word' id='word_1_474' title='bbox 2018 1381 2049 1407; x_wconf 86' lang='lat' dir='ltr'>et</span> <span class='ocrx_word' id='word_1_475' title='bbox 2068 1386 2141 1406; x_wconf 80' lang='lat' dir='ltr'>cre-</span> 
     </span>
     <span class='ocr_line' id='line_1_82' title="bbox 1156 1425 2144 1473; baseline -0.011 -6"><span class='ocrx_word' id='word_1_476' title='bbox 1156 1440 1244 1473; x_wconf 86' lang='lat' dir='ltr'>scat,</span> <span class='ocrx_word' id='word_1_477' title='bbox 1280 1432 1369 1464; x_wconf 90' lang='lat' dir='ltr'>sicut</span> <span class='ocrx_word' id='word_1_478' title='bbox 1386 1430 1528 1464; x_wconf 72' lang='lat' dir='ltr'>Abacuc</span> <span class='ocrx_word' id='word_1_479' title='bbox 1552 1432 1589 1464; x_wconf 73' lang='grc'>2,</span> <span class='ocrx_word' id='word_1_480' title='bbox 1616 1429 1761 1462; x_wconf 84' lang='lat' dir='ltr'>dicitur:</span> <span class='ocrx_word' id='word_1_481' title='bbox 1801 1428 1839 1461; x_wconf 84' lang='lat' dir='ltr'>Si</span> <span class='ocrx_word' id='word_1_482' title='bbox 1865 1438 2000 1459; x_wconf 85' lang='lat' dir='ltr'>moram</span> <span class='ocrx_word' id='word_1_483' title='bbox 2023 1425 2144 1457; x_wconf 84' lang='lat' dir='ltr'>fecerit</span> 
     </span>
     <span class='ocr_line' id='line_1_83' title="bbox 1158 1477 2144 1526; baseline -0.009 -9"><span class='ocrx_word' id='word_1_484' title='bbox 1158 1484 1354 1523; x_wconf 84' lang='lat' dir='ltr'>Dominus,</span> <span class='ocrx_word' id='word_1_485' title='bbox 1391 1489 1531 1526; x_wconf 80' lang='lat' dir='ltr'>expecta</span> <span class='ocrx_word' id='word_1_486' title='bbox 1558 1493 1659 1520; x_wconf 85' lang='lat' dir='ltr'>eum,</span> <span class='ocrx_word' id='word_1_487' title='bbox 1695 1479 1775 1524; x_wconf 85' lang='lat' dir='ltr'>quia</span> <span class='ocrx_word' id='word_1_488' title='bbox 1802 1479 1947 1511; x_wconf 75' lang='lat' dir='ltr'>veniens</span> <span class='ocrx_word' id='word_1_489' title='bbox 1972 1477 2087 1509; x_wconf 70' lang='lat' dir='ltr'>veniet</span> <span class='ocrx_word' id='word_1_490' title='bbox 2112 1483 2144 1508; x_wconf 91' lang='lat' dir='ltr'>et</span> 
     </span>
     <span class='ocr_line' id='line_1_84' title="bbox 1157 1527 2143 1573; baseline -0.01 -5"><span class='ocrx_word' id='word_1_491' title='bbox 1157 1547 1229 1568; x_wconf 90' lang='lat' dir='ltr'>non</span> <span class='ocrx_word' id='word_1_492' title='bbox 1252 1534 1416 1567; x_wconf 83' lang='lat' dir='ltr'>tardabit.</span> <span class='ocrx_word' id='word_1_493' title='bbox 1477 1531 1523 1565; x_wconf 87' lang='lat' dir='ltr'>Et</span> <span class='ocrx_word' id='word_1_494' title='bbox 1547 1529 1668 1564; x_wconf 85' lang='lat' dir='ltr'>Iudith</span> <span class='ocrx_word' id='word_1_495' title='bbox 1693 1530 1746 1563; x_wconf 82' lang='grc'><strong>8..·</strong></span> <span class='ocrx_word' id='word_1_496' title='bbox 1783 1529 1855 1572; x_wconf 84' lang='lat' dir='ltr'>Qui</span> <span class='ocrx_word' id='word_1_497' title='bbox 1884 1530 1964 1562; x_wconf 86' lang='lat' dir='ltr'>estis</span> <span class='ocrx_word' id='word_1_498' title='bbox 1995 1539 2057 1560; x_wconf 73' lang='lat' dir='ltr'>vos</span> <span class='ocrx_word' id='word_1_499' title='bbox 2080 1527 2143 1573; x_wconf 77' lang='lat' dir='ltr'>qui</span> 
     </span>
     <span class='ocr_line' id='line_1_85' title="bbox 1158 1577 2145 1624; baseline -0.01 -5"><span class='ocrx_word' id='word_1_500' title='bbox 1158 1586 1299 1620; x_wconf 86' lang='lat' dir='ltr'>tentatis</span> <span class='ocrx_word' id='word_1_501' title='bbox 1317 1583 1533 1623; x_wconf 90' lang='lat' dir='ltr'>Dominum,</span> <span class='ocrx_word' id='word_1_502' title='bbox 1562 1594 1635 1614; x_wconf 90' lang='lat' dir='ltr'>non</span> <span class='ocrx_word' id='word_1_503' title='bbox 1653 1588 1702 1614; x_wconf 89' lang='lat' dir='ltr'>est</span> <span class='ocrx_word' id='word_1_504' title='bbox 1721 1579 1777 1613; x_wconf 82' lang='lat' dir='ltr'>hic</span> <span class='ocrx_word' id='word_1_505' title='bbox 1793 1593 1907 1613; x_wconf 91' lang='lat' dir='ltr'>sermo</span> <span class='ocrx_word' id='word_1_506' title='bbox 1924 1579 1984 1624; x_wconf 89' lang='lat' dir='ltr'>qui</span> <span class='ocrx_word' id='word_1_507' title='bbox 2007 1577 2145 1610; x_wconf 84' lang='lat' dir='ltr'>miseri-</span> 
     </span>
     <span class='ocr_line' id='line_1_86' title="bbox 1158 1628 2145 1678; baseline -0.01 -8"><span class='ocrx_word' id='word_1_508' title='bbox 1158 1636 1313 1670; x_wconf 86' lang='lat' dir='ltr'>cordiam</span> <span class='ocrx_word' id='word_1_509' title='bbox 1335 1641 1517 1678; x_wconf 68' lang='lat' dir='ltr'>provocet,</span> <span class='ocrx_word' id='word_1_510' title='bbox 1554 1635 1612 1666; x_wconf 87' lang='lat' dir='ltr'>sed</span> <span class='ocrx_word' id='word_1_511' title='bbox 1632 1632 1746 1676; x_wconf 86' lang='lat' dir='ltr'>potius</span> <span class='ocrx_word' id='word_1_512' title='bbox 1770 1632 1876 1669; x_wconf 83' lang='lat' dir='ltr'>iram,</span> <span class='ocrx_word' id='word_1_513' title='bbox 1912 1628 2145 1664; x_wconf 81' lang='lat' dir='ltr'>constituistis</span> 
     </span>
     <span class='ocr_line' id='line_1_87' title="bbox 1159 1680 2144 1730; baseline -0.009 -10"><span class='ocrx_word' id='word_1_514' title='bbox 1159 1696 1296 1730; x_wconf 86' lang='lat' dir='ltr'>tempus</span> <span class='ocrx_word' id='word_1_515' title='bbox 1314 1685 1550 1718; x_wconf 84' lang='lat' dir='ltr'>miserationis</span> <span class='ocrx_word' id='word_1_516' title='bbox 1570 1683 1738 1717; x_wconf 85' lang='lat' dir='ltr'>Domino.</span> <span class='ocrx_word' id='word_1_517' title='bbox 1777 1681 1821 1715; x_wconf 86' lang='lat' dir='ltr'>Et</span> <span class='ocrx_word' id='word_1_518' title='bbox 1848 1681 1953 1715; x_wconf 80' lang='lat' dir='ltr'>Rom.</span> <span class='ocrx_word' id='word_1_519' title='bbox 1979 1681 2012 1715; x_wconf 85' lang='lat'>8.</span> <span class='ocrx_word' id='word_1_520' title='bbox 2038 1680 2144 1719; x_wconf 73' lang='lat' dir='ltr'>longa</span> 
     </span>
     <span class='ocr_line' id='line_1_88' title="bbox 1160 1731 2143 1779; baseline -0.011 -7"><span class='ocrx_word' id='word_1_521' title='bbox 1160 1738 1282 1772; x_wconf 85' lang='lat' dir='ltr'>concio</span> <span class='ocrx_word' id='word_1_522' title='bbox 1300 1743 1351 1769; x_wconf 91' lang='lat' dir='ltr'>est</span> <span class='ocrx_word' id='word_1_523' title='bbox 1369 1738 1411 1768; x_wconf 89' lang='lat' dir='ltr'>de</span> <span class='ocrx_word' id='word_1_524' title='bbox 1429 1733 1493 1768; x_wconf 80' lang='lat' dir='ltr'>liae</span> <span class='ocrx_word' id='word_1_525' title='bbox 1513 1748 1571 1779; x_wconf 91' lang='lat' dir='ltr'>spe</span> <span class='ocrx_word' id='word_1_526' title='bbox 1591 1742 1622 1768; x_wconf 90' lang='lat' dir='ltr'>et</span> <span class='ocrx_word' id='word_1_527' title='bbox 1641 1734 1898 1778; x_wconf 78' lang='lat' dir='ltr'>expectatione,</span> <span class='ocrx_word' id='word_1_528' title='bbox 1927 1731 1987 1765; x_wconf 84' lang='lat' dir='ltr'>ubi</span> <span class='ocrx_word' id='word_1_529' title='bbox 2010 1731 2143 1774; x_wconf 77' lang='lat' dir='ltr'>inquit:</span> 
     </span>
     <span class='ocr_line' id='line_1_89' title="bbox 1159 1781 2145 1833; baseline -0.009 -10"><span class='ocrx_word' id='word_1_530' title='bbox 1159 1790 1227 1833; x_wconf 86' lang='lat' dir='ltr'>Spe</span> <span class='ocrx_word' id='word_1_531' title='bbox 1246 1788 1335 1821; x_wconf 82' lang='lat' dir='ltr'>salvi</span> <span class='ocrx_word' id='word_1_532' title='bbox 1350 1787 1436 1820; x_wconf 85' lang='lat' dir='ltr'>facti</span> <span class='ocrx_word' id='word_1_533' title='bbox 1462 1798 1594 1820; x_wconf 87' lang='lat' dir='ltr'>smnus.</span> <span class='ocrx_word' id='word_1_534' title='bbox 1652 1785 1754 1817; x_wconf 88' lang='lat' dir='ltr'>ltem:</span> <span class='ocrx_word' id='word_1_535' title='bbox 1778 1783 1931 1827; x_wconf 82' lang='lat' dir='ltr'>Spiritus</span> <span class='ocrx_word' id='word_1_536' title='bbox 1954 1794 2017 1825; x_wconf 90' lang='lat' dir='ltr'>pro</span> <span class='ocrx_word' id='word_1_537' title='bbox 2040 1781 2145 1814; x_wconf 85' lang='lat' dir='ltr'>nobis</span> 
     </span>
     <span class='ocr_line' id='line_1_90' title="bbox 1161 1832 2145 1883; baseline -0.011 -10"><span class='ocrx_word' id='word_1_538' title='bbox 1161 1839 1359 1883; x_wconf 88' lang='lat' dir='ltr'>interpellat</span> <span class='ocrx_word' id='word_1_539' title='bbox 1383 1838 1541 1880; x_wconf 78' lang='lat' dir='ltr'>gemitib.</span> <span class='ocrx_word' id='word_1_540' title='bbox 1571 1835 1882 1870; x_wconf 82' lang='lat' dir='ltr'>inenarrabilibus.</span> <span class='ocrx_word' id='word_1_541' title='bbox 1941 1832 2009 1866; x_wconf 84' lang='lat' dir='ltr'>Hic</span> <span class='ocrx_word' id='word_1_542' title='bbox 2035 1832 2145 1874; x_wconf 83' lang='lat' dir='ltr'>gemi-</span> 
     </span>
     <span class='ocr_line' id='line_1_91' title="bbox 1161 1881 2146 1933; baseline -0.01 -9"><span class='ocrx_word' id='word_1_543' title='bbox 1161 1899 1214 1925; x_wconf 87' lang='lat' dir='ltr'>tus</span> <span class='ocrx_word' id='word_1_544' title='bbox 1232 1890 1448 1933; x_wconf 82' lang='lat' dir='ltr'>significatur</span> <span class='ocrx_word' id='word_1_545' title='bbox 1467 1886 1534 1921; x_wconf 84' lang='lat' dir='ltr'>hoc</span> <span class='ocrx_word' id='word_1_546' title='bbox 1552 1888 1646 1920; x_wconf 79' lang='lat' dir='ltr'>loco:</span> <span class='ocrx_word' id='word_1_547' title='bbox 1678 1885 1814 1918; x_wconf 74' lang='lat' dir='ltr'>Anima</span> <span class='ocrx_word' id='word_1_548' title='bbox 1838 1896 1917 1918; x_wconf 81' lang='lat' dir='ltr'>mea</span> <span class='ocrx_word' id='word_1_549' title='bbox 1943 1881 1997 1916; x_wconf 78' lang='lat' dir='ltr'>ad</span> <span class='ocrx_word' id='word_1_550' title='bbox 2012 1881 2146 1916; x_wconf 83' lang='lat' dir='ltr'>Domi-</span> 
     </span>
     <span class='ocr_line' id='line_1_92' title="bbox 1162 1934 2147 1980; baseline -0.009 -5"><span class='ocrx_word' id='word_1_551' title='bbox 1162 1954 1268 1980; x_wconf 78' lang='lat' dir='ltr'>num,</span> <span class='ocrx_word' id='word_1_552' title='bbox 1304 1942 1338 1973; x_wconf 93' lang='lat' dir='ltr'>id</span> <span class='ocrx_word' id='word_1_553' title='bbox 1368 1946 1438 1979; x_wconf 87' lang='lat' dir='ltr'>est,</span> <span class='ocrx_word' id='word_1_554' title='bbox 1474 1939 1591 1971; x_wconf 89' lang='lat' dir='ltr'>intimi</span> <span class='ocrx_word' id='word_1_555' title='bbox 1615 1938 1730 1971; x_wconf 92' lang='lat' dir='ltr'>cordis</span> <span class='ocrx_word' id='word_1_556' title='bbox 1755 1936 1929 1969; x_wconf 75' lang='lat' dir='ltr'>desiderio</span> <span class='ocrx_word' id='word_1_557' title='bbox 1957 1942 1989 1968; x_wconf 88' lang='lat' dir='ltr'>et</span> <span class='ocrx_word' id='word_1_558' title='bbox 2015 1934 2147 1977; x_wconf 79' lang='lat' dir='ltr'>gemitu</span> 
     </span>
     <span class='ocr_line' id='line_1_93' title="bbox 1161 1984 2147 2035; baseline -0.009 -9"><span class='ocrx_word' id='word_1_559' title='bbox 1161 1992 1326 2035; x_wconf 83' lang='lat' dir='ltr'>confugio</span> <span class='ocrx_word' id='word_1_560' title='bbox 1346 1992 1387 2024; x_wconf 85' lang='lat' dir='ltr'>ad</span> <span class='ocrx_word' id='word_1_561' title='bbox 1408 1989 1627 2031; x_wconf 82' lang='lat' dir='ltr'>Dominum,</span> <span class='ocrx_word' id='word_1_562' title='bbox 1657 1989 1819 2021; x_wconf 82' lang='lat' dir='ltr'>videlicet</span> <span class='ocrx_word' id='word_1_563' title='bbox 1839 1988 1882 2020; x_wconf 84' lang='lat' dir='ltr'>ad</span> <span class='ocrx_word' id='word_1_564' title='bbox 1900 1998 2021 2020; x_wconf 84' lang='lat' dir='ltr'>verum</span> <span class='ocrx_word' id='word_1_565' title='bbox 2034 1984 2147 2018; x_wconf 83' lang='lat' dir='ltr'>Deum</span> 
     </span>
     <span class='ocr_line' id='line_1_94' title="bbox 1164 2038 2147 2089; baseline -0.011 -11"><span class='ocrx_word' id='word_1_566' title='bbox 1164 2044 1372 2089; x_wconf 82' lang='lat' dir='ltr'>patefactum</span> <span class='ocrx_word' id='word_1_567' title='bbox 1392 2041 1427 2073; x_wconf 86' lang='lat' dir='ltr'>in</span> <span class='ocrx_word' id='word_1_568' title='bbox 1446 2038 1513 2074; x_wconf 78' lang='lat' dir='ltr'>lioc</span> <span class='ocrx_word' id='word_1_569' title='bbox 1532 2040 1663 2084; x_wconf 88' lang='lat' dir='ltr'>populo</span> <span class='ocrx_word' id='word_1_570' title='bbox 1680 2052 1742 2083; x_wconf 88' lang='lat' dir='ltr'>per</span> <span class='ocrx_word' id='word_1_571' title='bbox 1756 2038 2023 2082; x_wconf 85' lang='lat' dir='ltr'>promissionem</span> <span class='ocrx_word' id='word_1_572' title='bbox 2036 2048 2147 2073; x_wconf 87' lang='lat' dir='ltr'>suam,</span> 
     </span>
     <span class='ocr_line' id='line_1_95' title="bbox 1163 2087 2149 2141; baseline -0.01 -13"><span class='ocrx_word' id='word_1_573' title='bbox 1163 2095 1224 2141; x_wconf 90' lang='lat' dir='ltr'>qui</span> <span class='ocrx_word' id='word_1_574' title='bbox 1249 2106 1304 2127; x_wconf 90' lang='lat' dir='ltr'>me</span> <span class='ocrx_word' id='word_1_575' title='bbox 1329 2099 1499 2126; x_wconf 80' lang='lat' dir='ltr'>sustentat</span> <span class='ocrx_word' id='word_1_576' title='bbox 1523 2103 1585 2124; x_wconf 90' lang='lat' dir='ltr'>suo</span> <span class='ocrx_word' id='word_1_577' title='bbox 1606 2091 1697 2123; x_wconf 84' lang='lat' dir='ltr'>Filio</span> <span class='ocrx_word' id='word_1_578' title='bbox 1715 2089 1930 2128; x_wconf 79' lang='lat' dir='ltr'>Mediatore,</span> <span class='ocrx_word' id='word_1_579' title='bbox 1965 2094 1997 2120; x_wconf 87' lang='lat' dir='ltr'>et</span> <span class='ocrx_word' id='word_1_580' title='bbox 2022 2087 2149 2119; x_wconf 85' lang='lat' dir='ltr'>liberat</span> 
     </span>
     <span class='ocr_line' id='line_1_96' title="bbox 1164 2141 2148 2186; baseline -0.012 -6"><span class='ocrx_word' id='word_1_581' title='bbox 1164 2159 1217 2180; x_wconf 87' lang='lat' dir='ltr'>me</span> <span class='ocrx_word' id='word_1_582' title='bbox 1235 2158 1276 2179; x_wconf 84' lang='lat' dir='ltr'>ex</span> <span class='ocrx_word' id='word_1_583' title='bbox 1294 2152 1425 2184; x_wconf 87' lang='lat' dir='ltr'>morte,</span> <span class='ocrx_word' id='word_1_584' title='bbox 1462 2150 1551 2176; x_wconf 78' lang='lat' dir='ltr'>etex</span> <span class='ocrx_word' id='word_1_585' title='bbox 1578 2142 1687 2186; x_wconf 90' lang='lat' dir='ltr'>portis</span> <span class='ocrx_word' id='word_1_586' title='bbox 1715 2141 1929 2176; x_wconf 88' lang='lat' dir='ltr'>inferorum,</span> <span class='ocrx_word' id='word_1_587' title='bbox 1966 2145 1998 2171; x_wconf 86' lang='lat' dir='ltr'>et</span> <span class='ocrx_word' id='word_1_588' title='bbox 2025 2150 2148 2170; x_wconf 81' lang='lat' dir='ltr'>accen-</span> 
     </span>
     <span class='ocr_line' id='line_1_97' title="bbox 1163 2188 2147 2232; baseline -0.012 -1"><span class='ocrx_word' id='word_1_589' title='bbox 1163 2199 1215 2232; x_wconf 88' lang='lat' dir='ltr'>dit</span> <span class='ocrx_word' id='word_1_590' title='bbox 1250 2194 1341 2229; x_wconf 88' lang='lat' dir='ltr'>hanc</span> <span class='ocrx_word' id='word_1_591' title='bbox 1373 2193 1635 2228; x_wconf 84' lang='lat' dir='ltr'>invocationem</span> <span class='ocrx_word' id='word_1_592' title='bbox 1668 2199 1702 2225; x_wconf 90' lang='lat' dir='ltr'>et</span> <span class='ocrx_word' id='word_1_593' title='bbox 1724 2190 1895 2224; x_wconf 87' lang='lat' dir='ltr'>laeticiam</span> <span class='ocrx_word' id='word_1_594' title='bbox 1922 2188 2057 2232; x_wconf 84' lang='lat' dir='ltr'>Spiritu</span> <span class='ocrx_word' id='word_1_595' title='bbox 2084 2200 2147 2220; x_wconf 90' lang='lat' dir='ltr'>suo</span> 
     </span>
     <span class='ocr_line' id='line_1_98' title="bbox 1163 2239 2147 2286; baseline -0.013 -3"><span class='ocrx_word' id='word_1_596' title='bbox 1163 2255 1304 2286; x_wconf 88' lang='lat' dir='ltr'>sancto,</span> <span class='ocrx_word' id='word_1_597' title='bbox 1334 2247 1381 2280; x_wconf 88' lang='lat' dir='ltr'>ita</span> <span class='ocrx_word' id='word_1_598' title='bbox 1399 2251 1576 2278; x_wconf 87' lang='lat' dir='ltr'>sustentor</span> <span class='ocrx_word' id='word_1_599' title='bbox 1594 2242 1773 2286; x_wconf 82' lang='lat' dir='ltr'>agnitione</span> <span class='ocrx_word' id='word_1_600' title='bbox 1792 2239 2037 2285; x_wconf 87' lang='lat' dir='ltr'>promissionis</span> <span class='ocrx_word' id='word_1_601' title='bbox 2055 2239 2147 2271; x_wconf 85' lang='lat' dir='ltr'>divi-</span> 
     </span>
     <span class='ocr_line' id='line_1_99' title="bbox 1164 2289 2148 2341; baseline -0.012 -7"><span class='ocrx_word' id='word_1_602' title='bbox 1164 2312 1248 2341; x_wconf 82' lang='lat' dir='ltr'>nae,</span> <span class='ocrx_word' id='word_1_603' title='bbox 1275 2311 1338 2333; x_wconf 83' lang='lat' dir='ltr'>nec</span> <span class='ocrx_word' id='word_1_604' title='bbox 1363 2298 1508 2340; x_wconf 84' lang='lat' dir='ltr'>frangor</span> <span class='ocrx_word' id='word_1_605' title='bbox 1530 2306 1630 2328; x_wconf 86' lang='lat' dir='ltr'>mora</span> <span class='ocrx_word' id='word_1_606' title='bbox 1657 2301 1691 2327; x_wconf 90' lang='lat' dir='ltr'>et</span> <span class='ocrx_word' id='word_1_607' title='bbox 1714 2292 1948 2326; x_wconf 84' lang='lat' dir='ltr'>diotumitate</span> <span class='ocrx_word' id='word_1_608' title='bbox 1973 2289 2148 2323; x_wconf 83' lang='lat' dir='ltr'>adflictio-</span> 
     </span>
     <span class='ocr_line' id='line_1_100' title="bbox 1167 2363 1267 2386; baseline 0.01 -1"><span class='ocrx_word' id='word_1_609' title='bbox 1167 2363 1267 2386; x_wconf 90' lang='lat' dir='ltr'>num.</span> 
     </span>
    </p>
   </div>
   <div class='ocr_carea' id='block_1_34' title="bbox 1266 2400 2150 2447">
    <p class='ocr_par' dir='ltr' id='par_1_35' title="bbox 1266 2400 2150 2447">
     <span class='ocr_line' id='line_1_101' title="bbox 1266 2400 2150 2447; baseline -0.012 -4"><span class='ocrx_word' id='word_1_610' title='bbox 1266 2409 1347 2444; x_wconf 90' lang='lat' dir='ltr'>Duo</span> <span class='ocrx_word' id='word_1_611' title='bbox 1378 2407 1494 2441; x_wconf 87' lang='lat' dir='ltr'>ultimi</span> <span class='ocrx_word' id='word_1_612' title='bbox 1519 2416 1638 2438; x_wconf 83' lang='lat' dir='ltr'>versus</span> <span class='ocrx_word' id='word_1_613' title='bbox 1661 2410 1742 2437; x_wconf 89' lang='lat' dir='ltr'>sunt</span> <span class='ocrx_word' id='word_1_614' title='bbox 1767 2402 1938 2447; x_wconf 84' lang='lat' dir='ltr'>generalis</span> <span class='ocrx_word' id='word_1_615' title='bbox 1966 2400 2150 2444; x_wconf 84' lang='lat' dir='ltr'>promissio</span> 
     </span>
    </p>
   </div>
   <div class='ocr_carea' id='block_1_35' title="bbox 1138 2452 2150 2506">
    <p class='ocr_par' dir='ltr' id='par_1_36' title="bbox 1138 2452 2150 2506">
     <span class='ocr_line' id='line_1_102' title="bbox 1138 2452 2150 2506; baseline -0.013 -9"><span class='ocrx_word' id='word_1_616' title='bbox 1138 2483 1140 2489; x_wconf 46' lang='grc' dir='ltr'><strong><em>ι</em></strong></span> <span class='ocrx_word' id='word_1_617' title='bbox 1168 2470 1201 2497; x_wconf 84' lang='lat' dir='ltr'>et</span> <span class='ocrx_word' id='word_1_618' title='bbox 1224 2466 1447 2506; x_wconf 83' lang='lat' dir='ltr'>praeceptum</span> <span class='ocrx_word' id='word_1_619' title='bbox 1473 2458 1517 2490; x_wconf 86' lang='lat' dir='ltr'>de</span> <span class='ocrx_word' id='word_1_620' title='bbox 1541 2457 1608 2488; x_wconf 83' lang='lat' dir='ltr'>fide</span> <span class='ocrx_word' id='word_1_621' title='bbox 1634 2462 1665 2488; x_wconf 90' lang='lat' dir='ltr'>et</span> <span class='ocrx_word' id='word_1_622' title='bbox 1694 2467 1771 2498; x_wconf 85' lang='lat' dir='ltr'>spe,</span> <span class='ocrx_word' id='word_1_623' title='bbox 1812 2461 1931 2498; x_wconf 87' lang='lat' dir='ltr'>estque</span> <span class='ocrx_word' id='word_1_624' title='bbox 1957 2452 2150 2485; x_wconf 77' lang='lat' dir='ltr'>necessaria</span> 
     </span>
    </p>
   </div>
   <div class='ocr_carea' id='block_1_36' title="bbox 1168 2503 2155 2703">
    <p class='ocr_par' dir='ltr' id='par_1_37' title="bbox 1168 2503 2155 2703">
     <span class='ocr_line' id='line_1_103' title="bbox 1168 2503 2150 2554; baseline -0.012 -7"><span class='ocrx_word' id='word_1_625' title='bbox 1168 2512 1347 2548; x_wconf 87' lang='lat' dir='ltr'>doctrina,</span> <span class='ocrx_word' id='word_1_626' title='bbox 1376 2521 1480 2554; x_wconf 84' lang='lat' dir='ltr'>quam</span> <span class='ocrx_word' id='word_1_627' title='bbox 1497 2519 1598 2550; x_wconf 87' lang='lat' dir='ltr'>saepe</span> <span class='ocrx_word' id='word_1_628' title='bbox 1617 2506 1828 2550; x_wconf 85' lang='lat' dir='ltr'>repetimus,</span> <span class='ocrx_word' id='word_1_629' title='bbox 1863 2503 2041 2547; x_wconf 84' lang='lat' dir='ltr'>Oporte1·e</span> <span class='ocrx_word' id='word_1_630' title='bbox 2069 2514 2150 2546; x_wconf 88' lang='lat' dir='ltr'>pro-</span> 
     </span>
     <span class='ocr_line' id='line_1_104' title="bbox 1168 2553 2152 2601; baseline -0.013 -3"><span class='ocrx_word' id='word_1_631' title='bbox 1168 2564 1352 2597; x_wconf 89' lang='lat' dir='ltr'>missiones</span> <span class='ocrx_word' id='word_1_632' title='bbox 1369 2561 1437 2593; x_wconf 80' lang='lat' dir='ltr'>fide</span> <span class='ocrx_word' id='word_1_633' title='bbox 1453 2558 1583 2601; x_wconf 85' lang='lat' dir='ltr'>accipi,</span> <span class='ocrx_word' id='word_1_634' title='bbox 1609 2557 1698 2590; x_wconf 84' lang='lat' dir='ltr'>sicut</span> <span class='ocrx_word' id='word_1_635' title='bbox 1714 2555 1822 2590; x_wconf 85' lang='lat' dir='ltr'>Rom.</span> <span class='ocrx_word' id='word_1_636' title='bbox 1842 2555 1876 2590; x_wconf 84' lang='lat'>4.</span> <span class='ocrx_word' id='word_1_637' title='bbox 1892 2555 2038 2588; x_wconf 87' lang='lat' dir='ltr'>dicitur:</span> <span class='ocrx_word' id='word_1_638' title='bbox 2068 2553 2152 2586; x_wconf 90' lang='lat' dir='ltr'>Ideo</span> 
     </span>
     <span class='ocr_line' id='line_1_105' title="bbox 1170 2604 2153 2656; baseline -0.013 -7"><span class='ocrx_word' id='word_1_639' title='bbox 1170 2628 1210 2649; x_wconf 86' lang='lat' dir='ltr'>ex</span> <span class='ocrx_word' id='word_1_640' title='bbox 1227 2615 1294 2647; x_wconf 87' lang='lat' dir='ltr'>fide</span> <span class='ocrx_word' id='word_1_641' title='bbox 1312 2611 1419 2656; x_wconf 81' lang='lat' dir='ltr'>gratis</span> <span class='ocrx_word' id='word_1_642' title='bbox 1443 2617 1481 2644; x_wconf 92' lang='lat' dir='ltr'>ut</span> <span class='ocrx_word' id='word_1_643' title='bbox 1504 2609 1604 2641; x_wconf 89' lang='lat' dir='ltr'>firma</span> <span class='ocrx_word' id='word_1_644' title='bbox 1630 2608 1672 2641; x_wconf 84' lang='lat' dir='ltr'>sit</span> <span class='ocrx_word' id='word_1_645' title='bbox 1699 2607 1897 2651; x_wconf 87' lang='lat' dir='ltr'>promissio.</span> <span class='ocrx_word' id='word_1_646' title='bbox 1950 2604 2062 2639; x_wconf 89' lang='lat' dir='ltr'>Simul</span> <span class='ocrx_word' id='word_1_647' title='bbox 2090 2615 2153 2637; x_wconf 82' lang='lat' dir='ltr'>au-</span> 
     </span>
     <span class='ocr_line' id='line_1_106' title="bbox 1170 2654 2155 2703; baseline -0.013 -3"><span class='ocrx_word' id='word_1_648' title='bbox 1170 2674 1239 2700; x_wconf 89' lang='lat' dir='ltr'>tem</span> <span class='ocrx_word' id='word_1_649' title='bbox 1256 2663 1314 2698; x_wconf 91' lang='lat' dir='ltr'>hic</span> <span class='ocrx_word' id='word_1_650' title='bbox 1328 2668 1454 2697; x_wconf 88' lang='lat' dir='ltr'>notum</span> <span class='ocrx_word' id='word_1_651' title='bbox 1473 2660 1517 2695; x_wconf 89' lang='lat' dir='ltr'>sit</span> <span class='ocrx_word' id='word_1_652' title='bbox 1543 2659 1732 2693; x_wconf 89' lang='lat' dir='ltr'>discrimen</span> <span class='ocrx_word' id='word_1_653' title='bbox 1757 2656 2000 2703; x_wconf 86' lang='lat' dir='ltr'>promissionis</span> <span class='ocrx_word' id='word_1_654' title='bbox 2024 2654 2155 2699; x_wconf 87' lang='lat' dir='ltr'>gratiae</span> 
     </span>
    </p>
   </div>
  </div>
 </body>
</html>
