2379 2948
150 112 222 150 235
397 106 605 145 SCRIPTA
631 106 706 142 PH.
732 104 848 143 MEL.
873 103 940 141 AD
966 105 1093 144 HIST.
1123 105 1269 145 PROF.
1295 105 1361 143 ET
1389 105 1579 144 PHILOS.
1606 105 1927 147 SPECTANT1A;
2094 110 2168 147 236

150 209 227 231 rum
247 195 285 229 in
307 194 419 240 globis
435 192 667 239 aspiciantur,
694 197 728 225 et
745 197 862 226 mente
877 191 1069 236 pingantur
1092 192 1131 225 in

151 248 247 281 coelo
261 274 272 289 ,
297 253 337 281 ut
360 246 428 279 iter
446 251 479 278 et
495 245 569 276 loca
586 242 679 276 Solis
701 242 818 276 notari
837 243 982 287 possint.

252 313 356 346 Nunc
382 312 425 344 de
444 310 499 343 die
518 308 672 352 primum
690 308 838 344 dicatur.
891 307 976 343 Dies
995 310 1057 343 alii
1081 308 1137 343 di-

154 371 283 399 cuntur
298 361 492 397 naturales,
520 359 581 391 alii
599 359 808 395 artificiales.
859 357 943 394 Dies
967 359 1138 394 naturalis

155 422 205 448 est
229 421 363 455 tempus
384 408 615 442 revolutionis
641 408 752 450 Solis,
786 421 849 454 per
871 417 1006 444 motum
1031 409 1139 455 primi

156 463 317 501 mobilis,
343 460 386 493 ab
404 457 606 499 horizonte,
633 466 692 493 aut
707 461 923 501 meridiano,
949 462 1060 494 donec
1077 459 1139 494 Sot

156 514 199 546 ad
217 512 367 545 eundem
385 510 504 542 locum
520 506 733 550 horizontis,
759 517 818 544 aut
834 511 1020 544 meridiani
1038 510 1141 543 redit.

155 562 204 597 Et
227 560 292 595 hoc
318 567 367 594 est
391 566 545 603 tempus,
581 571 650 604 quo
672 560 868 594 revolvitur
898 567 991 595 totus
1020 560 1141 605 aequi-

157 611 339 654 noctialis,
373 617 405 643 et
428 610 519 642 ultra
548 606 614 642 hoc
635 610 853 654 aliquantula
881 612 997 654 portio
1021 610 1141 655 aequi-

158 661 331 700 noctialis,
356 666 484 704 quanta
502 661 689 702 respondet
705 661 802 693 arcui
820 659 1021 705 Eclipticae,
1039 671 1141 705 quem

158 712 301 745 interim
319 710 380 744 Sol
398 710 605 754 peragravit.
642 709 692 743 Ita
710 711 969 754 copulationem
988 712 1142 743 duorum

160 769 320 795 motuum
347 760 384 792 in
409 759 643 802 descriptione
660 761 730 793 diei
756 761 925 794 naturalis
949 761 1144 795 considera.

162 811 301 845 Interea
319 810 411 843 enim
430 810 513 842 dum
534 809 594 842 Sol
612 811 654 843 ab
675 816 755 843 ortu
775 822 895 844 versus
912 822 1071 844 occasum
1088 822 1144 843 ra-

160 862 257 906 pitur
279 872 298 893 a
319 861 434 903 primo
458 859 601 899 mobili,
631 861 703 903 ipse
727 866 843 893 tamen
875 861 1019 905 proprio
1046 867 1145 894 motu

162 909 305 944 vehitur
322 911 365 943 ab
379 920 502 942 occasu
518 921 636 942 versus
657 916 785 945 ortum.
835 909 926 945 Cum
950 911 1057 954 igitur
1080 911 1145 944 ali-

165 961 374 1007 quantulum
394 960 455 993 Sol
473 970 647 1001 regressus
663 960 727 999 sit,
756 961 832 993 dies
851 973 924 994 non
941 968 991 995 est
1008 968 1146 995 tantum

165 1010 389 1045 circumactio
425 1010 689 1054 aequinoctialis
724 1011 768 1043 ab
803 1023 842 1044 eo
878 1019 1006 1055 puncto
1019 1036 1028 1050 ,
1076 1023 1146 1055 quo

165 1059 430 1106 aequinoctialis
464 1059 553 1102 cepit
587 1071 662 1092 eam
698 1061 935 1104 gyrationem,
977 1062 1020 1094 ad
1054 1061 1147 1092 idem

165 1118 355 1155 punctum,
382 1110 440 1141 sed
458 1109 540 1140 addi
559 1119 695 1141 necesse
713 1115 763 1142 est
781 1110 935 1153 spacium
947 1137 955 1150 ,
982 1112 1076 1155 quod
1094 1110 1149 1142 in-

165 1169 257 1194 terea
281 1159 342 1193 Sol
366 1158 566 1201 regrediens
590 1159 756 1200 confecit,
781 1166 822 1194 ut
844 1160 889 1193 sit
909 1160 983 1194 dies
1014 1167 1150 1205 tempus

167 1209 398 1244 revolutionis
408 1208 512 1243 Solis.

267 1267 318 1301 Ita
335 1267 430 1299 enim
447 1266 609 1299 conditus
626 1273 677 1300 est
695 1266 769 1306 Sol,
797 1275 837 1302 ut
852 1275 1047 1308 moveatur,
1068 1279 1151 1311 pro-

168 1327 246 1365 pter
269 1329 323 1351 res
353 1322 534 1350 nascentes
561 1323 593 1350 et
624 1318 859 1352 animantium
880 1319 1001 1354 vitam.
1053 1316 1100 1351 Et
1124 1317 1151 1350 si

169 1374 326 1403 maneret
341 1367 463 1399 eodem
480 1367 568 1407 loco,
592 1377 728 1410 semper
745 1369 865 1401 eadem
883 1369 996 1401 sidera
1013 1369 1152 1401 oriren—

170 1427 228 1454 tur
253 1425 285 1451 et
310 1417 528 1455 occiderent,
561 1426 625 1447 nec
650 1421 764 1448 essent
788 1418 992 1448 discrimina
1015 1418 1153 1447 dierum

171 1467 416 1503 artificialium.
477 1464 516 1498 Si
539 1476 621 1497 vero
651 1466 921 1508 progrederetur
947 1471 1046 1498 motu
1071 1477 1154 1509 pro—

171 1519 269 1564 prio,
295 1520 535 1550 attenuaretur
552 1514 701 1547 subinde
717 1515 792 1549 dies
807 1515 987 1548 naturalis.
1023 1513 1070 1548 Et
1087 1514 1155 1547 nisi

172 1570 290 1613 aliqua
307 1573 468 1599 motuum
491 1571 579 1598 esset
596 1565 810 1604 adversatio,
837 1565 943 1599 nimis
959 1576 1084 1608 magna
1103 1576 1155 1598 es-

173 1626 222 1652 set
244 1617 385 1661 agitatio
410 1615 498 1649 aeris
523 1616 566 1648 ab
590 1622 669 1648 ortu
689 1627 808 1648 versus
835 1627 1007 1651 occasum.
1060 1614 1156 1648 Haec

174 1675 289 1703 autem
324 1666 518 1700 adversatio
550 1671 709 1698 motuum
746 1673 918 1710 temperat
956 1666 1155 1699 universam

173 1717 266 1752 lianc
284 1729 400 1750 rernm
419 1722 591 1749 naturam.

275 1774 362 1810 Cum
380 1780 495 1807 autem
513 1773 714 1818 quindecim
730 1774 903 1817 graduum
920 1774 1158 1819 aequinoctia-

177 1828 219 1859 lis
236 1826 356 1859 circuli
373 1824 528 1857 ascensio
544 1836 649 1856 unam
667 1821 790 1856 horam
810 1825 1018 1865 constituat,
1047 1831 1080 1858 et
1101 1823 1158 1858 hic

180 1887 346 1909 numerus
373 1875 408 1906 in
435 1880 508 1907 toto
525 1874 773 1917 aequinoctiali
791 1874 897 1907 vicies
914 1882 1036 1919 quater
1061 1875 1160 1907 inve-

178 1927 313 1963 niatur,
342 1925 476 1965 integra
494 1924 666 1956 revolutio
682 1924 947 1969 aequinoctialis
966 1925 1159 1958 necessario

179 1975 376 2010 continebit
391 1973 440 2007 24
456 1971 561 2005 horas
577 1985 711 2017 semper
728 1981 760 2008 et
778 1975 910 2020 ubique
927 1976 1098 2021 aequales.

281 2033 350 2067 Sed
375 2029 430 2064 his
453 2029 501 2064 24
527 2028 624 2064 horis
654 2032 912 2077 aliquantulum
936 2034 1044 2078 spacii
1067 2045 1162 2067 acce-

179 2085 250 2123 dit,
279 2083 360 2127 qnia
385 2081 447 2115 Sol
475 2081 607 2113 interea
631 2081 787 2115 discessit
811 2095 828 2115 a
853 2091 1005 2127 puncto,
1031 2084 1068 2116 in
1092 2097 1162 2129 quo

180 2135 248 2168 fuit
280 2144 358 2166 cum
391 2130 657 2176 aequinoctialis
685 2131 831 2175 cepisset
863 2133 1060 2176 circumagi.
1124 2134 1163 2169 ld

182 2191 301 2218 autern
316 2183 471 2226 spacium
488 2180 573 2213 alias
589 2181 701 2213 maius
719 2188 781 2221 est,
807 2182 891 2215 alias
908 2183 1035 2217 minus.
1066 2183 1164 2227 Qua-

183 2246 220 2268 re
237 2234 310 2267 dies
336 2231 531 2271 naturales,
559 2236 592 2263 et
609 2237 690 2265 sunt
714 2237 747 2264 et
763 2231 931 2265 dicuntur
954 2233 1165 2279 inaequales,

184 2284 318 2318 etiamsi
336 2281 535 2315 differentia
552 2292 626 2313 non
640 2281 833 2325 percipitur
847 2292 961 2316 sensu.
992 2281 1057 2318 Est
1071 2287 1165 2320 enim

186 2334 324 2367 circiter
342 2333 478 2365 minuta
497 2337 660 2376 quatuor.

288 2391 387 2424 Duae
404 2396 486 2423 sunt
502 2395 618 2423 autem
641 2390 847 2434 praecipuae
865 2402 984 2424 causae
1000 2391 1167 2439 inaequa-

190 2440 297 2480 litatis
316 2441 452 2473 dierum
473 2439 700 2476 naturalium.
750 2440 854 2474 Prior
874 2448 923 2475 est
945 2449 1061 2476 motus
1075 2443 1168 2478 Solis

192 2490 411 2533 irregularis,
442 2497 480 2523 ut
501 2496 657 2526 vocatur.
707 2488 785 2524 Etsi
811 2491 904 2524 enim
928 2493 1096 2536 regularis
1120 2502 1170 2529 est

192 2547 232 2579 in
249 2552 311 2573 suo
327 2539 533 2579 eccentrico,
561 2545 676 2573 tamen
693 2541 821 2575 dicitur
838 2541 971 2576 tardior
985 2543 1022 2575 in
1039 2545 1169 2579 aestivo

194 2589 434 2631 semicirculo,
465 2596 503 2622 ut
523 2600 627 2633 supra
644 2590 774 2624 dictum
795 2598 863 2633 est,
889 2604 927 2625 ac
950 2593 1067 2626 minor
1088 2606 1171 2638 por-

193 2642 245 2681 tio
269 2638 536 2685 aequinoctialis
552 2641 737 2684 respondet
758 2642 889 2677 aestivo
905 2643 1034 2686 motui,
1060 2645 1172 2679 maior

1188 206 1272 228 vero
1289 194 1405 239 portio
1422 194 1687 239 aequinoctialis
1707 196 1897 239 respondet
1919 193 2070 230 hiberno
2094 207 2173 229 mo-

1190 246 1260 285 tui,
1293 252 1333 279 ut
1363 245 1453 279 circa
1478 245 1683 289 Apogaeum
1713 245 1835 278 diurni
1864 253 1979 280 motus
2009 258 2108 280 arcus
2135 247 2174 278 in

1189 293 1360 339 Ecliptica
1378 302 1428 328 est
1451 295 1523 328 sere
1544 301 1682 329 tantum
1705 294 1754 329 57
1778 295 2018 337 minutorum,
2044 297 2174 342 quibus

1190 345 1228 378 in
1264 346 1513 390 aequinoctiali
1548 346 1752 379 ascensione
1794 352 1905 386 recta,
1957 348 2175 389 respondent

1194 397 1211 430 1
1230 397 1377 439 gradus,
1402 398 1425 430 2
1443 396 1597 436 minuta,
1623 395 1672 431 42
1690 398 1851 429 secunda.
1905 393 2060 429 Econtra
2085 396 2176 429 circa

1191 446 1392 490 perigaeum
1419 457 1520 479 arcus
1543 446 1665 479 diurni
1689 454 1804 480 motus
1827 446 1920 480 Solis
1946 446 1983 479 in
2007 445 2179 490 Ecliptica

1193 502 1245 529 est
1263 496 1483 529 minutorum
1506 497 1656 539 amplius
1679 497 1873 539 sexaginta,
1903 497 2032 541 quibus
2056 497 2095 528 in
2121 507 2179 528 ae—

1193 545 1400 590 quinoctiali
1417 547 1606 589 respondet
1627 547 1644 579 1
1664 548 1802 589 gradus,
1830 549 1852 581 7
1869 547 1956 579 min.
1977 559 2055 579 cum
2071 547 2181 581 besse.

1195 595 1304 628 Vides
1322 596 1428 637 igitur
1453 596 1689 628 differentiam
1708 608 1780 629 esse
1805 596 1827 629 5
1854 598 1926 629 fere
1949 597 2181 630 minutorum.

1195 643 1241 679 Et
1258 657 1298 678 ex
1322 643 1386 677 hac
1411 646 1549 678 ratione
1570 647 1728 690 sequitur
1751 647 1826 679 dies
1852 647 2029 680 naturales
2054 652 2180 681 aestate

1196 695 1350 728 minores
1368 707 1438 728 esse
1450 722 1459 736 ,
1483 707 1588 739 quam
1606 693 1742 741 hyeme.

1300 752 1422 787 Altera
1447 765 1548 787 causa
1572 754 1834 799 inaequalitatis
1858 754 1994 787 dierum
2015 761 2065 788 est
2089 753 2182 787 obli·

1198 803 1313 849 quitas
1329 803 1486 839 Zodiaci.
1538 803 1629 837 Nam
1652 804 1788 838 etiarnsi
1809 803 1871 838 Sol
1893 805 2084 849 aequaliter
2105 816 2183 837 mo-

1198 861 1338 888 veretur
1353 855 1390 887 in
1403 854 1568 895 Zodiaco,
1590 861 1707 888 tamen
1724 854 1807 899 quia
1822 854 1967 887 Zodiaci
1981 860 2095 898 partes
2108 865 2183 887 non

1199 905 1392 949 aequaliter
1409 906 1624 946 ascendunt,
1649 905 1779 938 variari
1798 908 1963 948 temporaJ
1975 915 2112 938 necesse
2129 915 2184 937 es-

1200 961 1269 994 set,
1292 961 1332 988 ut
1357 955 1395 987 in
1419 955 1578 988 doctrina
1598 956 1640 988 de
1664 955 1868 988 ascensione
1891 955 2072 998 signorum
2097 954 2185 988 dici-

1200 1011 1276 1045 tur,
1299 1016 1404 1048 quam
1417 1002 1475 1037 hic
1492 1016 1670 1038 recensere
1693 1006 1798 1038 nimis
1815 1006 1960 1049 longum
1974 1011 2073 1040 esset.

1303 1068 1387 1103 Dies
1404 1070 1596 1103 artificialis
1610 1078 1660 1104 est
1683 1078 1840 1115 tempus,
1868 1084 1937 1116 qno
1956 1070 2018 1105 Sol
2037 1071 2188 1103 circum-

1203 1117 1343 1153 vehitur
1369 1131 1473 1163 supra
1508 1118 1726 1154 horizontem
1759 1128 1939 1162 nostrum,
1970 1122 2014 1154 ab
2046 1128 2127 1154 ortu
2150 1119 2188 1151 in

1204 1181 1374 1204 occasum.
1427 1168 1472 1203 Et
1495 1176 1534 1203 ut
1557 1171 1626 1204 sint
1650 1169 1777 1203 horum
1798 1172 1936 1204 dierum
1954 1170 2188 1204 artificialium

1204 1220 1427 1260 discrimina,
1460 1217 1518 1253 hic
1550 1232 1690 1265 quoque
1715 1221 1785 1253 duo
1819 1226 1934 1253 motus
1964 1219 2188 1263 copulantur.

1205 1270 1294 1304 Nam
1308 1271 1456 1303 vectatio
1475 1271 1518 1303 ab
1534 1277 1614 1303 ortu
1631 1272 1673 1303 ad
1688 1283 1847 1304 occasum
1858 1297 1867 1311 ,
1893 1270 1930 1303 fit
1946 1281 1963 1302 a
1980 1269 2095 1314 primo
2111 1280 2190 1301 mo—

1206 1321 1288 1361 bili,
1315 1321 1375 1353 sed
1395 1321 1487 1365 quod
1504 1320 1566 1353 Sol
1583 1321 1669 1353 alias
1687 1321 1728 1353 ad
1748 1320 1912 1350 verticem
1930 1326 2089 1352 nostrum
2107 1330 2189 1362 pro-

1207 1371 1285 1415 pius
1314 1371 1462 1406 accedit,
1495 1371 1580 1399 alias
1609 1367 1760 1406 recedit,
1799 1367 1884 1400 alias
1915 1368 2020 1401 efficit
2052 1368 2191 1411 longius

1207 1416 1421 1450 curriculum
1438 1428 1542 1460 supra
1558 1423 1718 1449 nostrum
1737 1415 1957 1450 horizontem
1971 1444 1980 1458 ‚
2007 1417 2093 1451 alias
2112 1419 2192 1451 bre-

1207 1468 1303 1508 vius,
1330 1466 1484 1511 denique
1501 1467 1594 1511 quod
1619 1467 1702 1500 facit
1718 1468 1809 1500 vices
1835 1468 1974 1501 aestatis
1991 1474 2024 1501 et
2045 1465 2193 1513 hyemis,

1208 1518 1246 1551 fit
1276 1523 1420 1561 propter
1447 1524 1580 1550 motum
1610 1518 1796 1561 proprium
1821 1517 1934 1559 Solis,
1968 1530 2038 1563 quo
2062 1518 2193 1551 Zodia-

1209 1580 1289 1601 cum
1309 1574 1478 1612 peragrat.

1311 1625 1588 1670 Conspiciuntur
1604 1633 1719 1660 autem
1736 1626 1939 1660 discrimina
1957 1625 2094 1659 dierum
2108 1625 2194 1659 arti-

1211 1675 1376 1709 ficialium
1395 1677 1432 1708 in
1448 1674 1594 1720 sphaera
1611 1678 1758 1718 declivi,
1785 1677 1919 1719 magnis
1944 1683 1978 1710 et
1996 1675 2195 1719 insignibus

1212 1726 1426 1767 intervallis,
1449 1734 1487 1760 nt
1509 1727 1583 1759 dies
1608 1728 1753 1760 solsticii
1775 1727 1897 1760 aestivi
1923 1727 1961 1758 in
1985 1733 2105 1759 nostro
2130 1726 2193 1759 cli-

1213 1784 1302 1810 mate
1321 1783 1371 1809 est
1389 1775 1554 1809 horarum
1576 1777 1633 1817 16,
1660 1779 1879 1811 minutorum
1899 1778 1957 1812 30.
2012 1776 2095 1810 Dies
2110 1777 2196 1809 bru-

1212 1839 1288 1860 mae
1311 1825 1476 1859 horarum
1502 1826 1543 1867 7,
1576 1828 1794 1861 minutorum
1819 1828 1878 1861 30.
1940 1826 2077 1859 Horum
2104 1826 2193 1860 insi-

1213 1878 1334 1921 gnium
1358 1877 1602 1910 discriminum
1624 1890 1724 1910 causa
1753 1885 1801 1911 est
1824 1877 2013 1921 obliquitas
2029 1874 2195 1909 horizon-

1214 1928 1270 1961 tis.
1301 1926 1375 1960 Etsi
1394 1927 1487 1959 enim
1503 1940 1639 1971 semper
1655 1939 1758 1971 supra
1775 1934 1903 1961 terram
1921 1933 2002 1960 sunt
2018 1938 2073 1959 sex
2089 1927 2198 1970 signa,

1216 1985 1249 2011 et
1265 1989 1401 2021 semper
1418 1984 1499 2010 sunt
1514 1989 1571 2010 sex
1586 1978 1682 2019 signa
1700 1978 1789 2010 infra
1807 1984 1954 2017 terram,
1981 1984 2096 2010 tamen
2116 1989 2195 2010 cum

1216 2028 1277 2062 Sol
1304 2028 1347 2060 ad
1370 2028 1534 2060 verticem
1564 2035 1723 2060 nostruin
1755 2028 1904 2067 accedit,
1941 2028 2105 2060 medietas
2137 2027 2198 2060 illa

1216 2078 1379 2116 Zodiaci,
1406 2078 1443 2110 in
1460 2090 1526 2122 qua
1544 2084 1627 2111 tunc
1646 2077 1707 2112 Sol
1725 2078 1865 2118 incedit,
1893 2077 1998 2110 altius
2013 2077 2198 2113 attollitur.

1218 2128 1298 2171 Quo
1315 2128 1370 2166 fit,
1398 2134 1437 2161 ut
1453 2127 1514 2162 Sol
1534 2128 1666 2161 diutius
1682 2135 1765 2162 tunc
1784 2140 1887 2172 supra
1911 2126 2129 2161 horizontem
2144 2128 2197 2160 se-

1216 2185 1329 2217 ratur,
1357 2179 1510 2223 fiantque
1524 2179 1598 2211 dies
1617 2178 1810 2212 artificiales
1835 2179 2010 2221 longiores
2025 2178 2200 2212 noctibus.

1319 2235 1367 2270 Et
1390 2237 1557 2282 quoniam
1581 2234 1648 2270 hoc
1676 2237 1742 2270 iter
1761 2237 1853 2271 Solis
1877 2237 1914 2269 in
1932 2237 2084 2271 Zodiaco
2107 2243 2199 2271 meta

1219 2294 1271 2322 est
1286 2288 1390 2326 anni,
1419 2287 1523 2320 etiam
1555 2284 1612 2320 hic
1634 2288 1719 2320 anni
1743 2288 1929 2331 descriptio
1953 2288 2114 2321 addenda
2137 2293 2197 2321 est.

1219 2336 1346 2372 Annus
1369 2343 1419 2370 est
1441 2343 1598 2381 tempus,
1625 2350 1694 2382 quo
1714 2338 1775 2372 Sol
1802 2338 1908 2371 semel
1932 2345 2043 2372 totum
2068 2337 2199 2370 Zodia-

1220 2400 1299 2422 cum
1315 2393 1494 2432 peragrat,
1519 2388 1613 2432 quod
1630 2388 1668 2421 fit
1685 2389 1808 2422 diebus
1824 2387 1918 2429 565,
1944 2385 2040 2421 horis
2062 2386 2104 2427 5,
2129 2387 2199 2420 mi-

1220 2438 1316 2471 nutis
1332 2437 1399 2481 49,
1425 2438 1588 2471 secundis
1610 2438 1664 2472 16.

1323 2494 1370 2530 Et
1385 2496 1551 2541 quoniam
1567 2496 1668 2530 Luna
1686 2496 1826 2530 interim
1846 2497 1882 2529 in
1906 2493 1973 2529 hoc
1992 2495 2108 2539 spacio
2129 2494 2199 2529 Zo-

1223 2546 1364 2580 diacum
1387 2547 1572 2580 duodecies
1595 2554 1772 2591 peragrat,
1799 2547 1910 2590 prima
1932 2553 2082 2579 vetustas
2105 2543 2200 2578 haud

1224 2597 1331 2630 dubie
1348 2595 1413 2630 hac
1426 2597 1585 2632 doctrina
1601 2609 1621 2630 a
1637 2598 1759 2641 primis
1780 2597 1938 2640 patribus
1955 2602 2110 2640 accepta,
2144 2595 2199 2628 lu-

1225 2658 1326 2681 nares
1344 2658 1479 2682 menses
1493 2647 1768 2681 accommodavit
1786 2647 1830 2681 ad
1844 2658 1990 2687 annum,
2017 2646 2064 2680 ita
2081 2652 2122 2680 ut
2135 2656 2201 2678 an-
