2379 2948
119 104 192 139 299

124 188 291 227 sormam,
320 196 351 221 et
370 187 522 221 naturali
537 187 611 228 lege
633 190 739 228 atque
763 194 936 216 consensu
959 182 1107 215 mirabi-

125 238 205 272 liter
221 251 258 272 ea
277 241 488 277 delectetur,
515 235 622 269 semel
645 234 804 277 amplexa
825 233 969 267 materia
986 233 1107 267 Plato-

126 289 181 322 nis
201 296 330 332 gratam
347 290 506 325 formam,
532 296 715 329 nunquam
735 296 809 317 eam
827 284 991 317 abiiceret
1005 309 1012 321 ‚
1038 284 1107 316 nisi

126 340 232 373 simul
258 340 294 371 in
320 337 462 370 materia
486 342 574 369 esset
595 335 766 380 privatio,
799 335 835 367 id
860 342 927 375 est,
955 336 1109 367 defectus

127 390 275 422 aliarum
294 389 506 427 formarum,
533 392 565 419 et
582 386 707 429 ingens
724 385 892 430 adpetitio
911 397 1015 418 ruens
1034 384 1108 417 sine

128 439 197 471 fine
213 440 255 472 ad
275 438 359 470 alias
375 437 514 470 formas.

230 495 276 530 Ut
293 496 400 538 igitur
419 507 556 528 cansam
574 502 771 540 exponeret,
795 506 868 527 non
885 495 997 527 solum
1015 493 1109 525 unde

127 547 196 579 sint
221 558 387 590 corpora,
413 547 473 578 sed
498 546 599 579 etiam
631 547 727 578 unde
754 546 799 578 sit
825 546 885 577 illa
912 544 1109 587 corruptio-

126 609 213 629 num
238 602 271 629 et
297 596 563 639 generationum
590 596 801 638 adsiduitas,
834 595 947 638 pinxit
974 594 1010 626 in
1034 605 1108 625 ma-

125 647 213 680 teria
250 646 346 679 illam
377 647 549 679 infinitam
579 647 830 690 adpetitionem
869 651 1028 678 ruentem
1066 643 1109 676 ad

127 698 213 730 alias
229 695 369 730 formas.
422 696 469 730 Et
487 694 576 729 banc
592 697 824 741 privationem
851 695 999 728 vocavit.

231 753 409 787 Illustrior
432 761 501 788 tota
527 752 612 787 haec
641 754 799 787 doctrina
824 752 878 793 fit,
919 752 1044 785 collata
1067 751 1110 783 ad

129 811 277 838 mortem
309 803 484 843 hominis,
520 805 582 837 ubi
611 804 819 848 privationis
850 803 996 836 saevicia
1027 813 1112 834 con-

129 855 280 898 spectior
304 862 364 889 est.
419 854 457 888 Si
483 855 576 887 enim
604 853 709 887 bomo
737 866 809 887 non
833 860 919 886 esset
944 852 1112 891 mortalis,

131 905 390 947 seiungeremus
415 905 489 938 eius
512 906 691 938 materiam
718 917 734 937 a
758 904 888 947 plantis
913 910 944 935 et
967 902 1113 946 pecudi-

129 956 195 987 bus
223 962 256 988 et
285 956 490 999 corporibus
514 955 736 992 inanimatis,
764 966 827 986 nec
850 954 1050 986 videremus
1074 952 1111 984 in

130 1005 308 1039 infinitum
335 1006 408 1038 fieri
440 1005 606 1038 materiae
635 1005 910 1040 vicissitudines,
945 1016 985 1036 ex
1009 1014 1113 1046 pomo

131 1067 290 1094 caruem,
328 1068 366 1088 ex
382 1067 484 1087 carne
504 1053 701 1094 hominem,
726 1062 760 1088 et
777 1065 897 1087 rursus
914 1065 953 1086 ex
971 1051 1113 1085 bomine

131 1107 286 1139 resoluto
304 1106 338 1137 in
358 1106 545 1145 elementa,
573 1117 730 1148 pomum.

233 1164 301 1198 Sed
324 1163 530 1197 Aristoteles
550 1164 703 1196 sentiens
728 1164 902 1196 infinitam
925 1162 1115 1196 aeternita—

133 1222 201 1249 tem
225 1226 297 1248 esse
322 1214 587 1257 generationum
614 1221 646 1247 et
670 1215 957 1256 corruptionum,
993 1213 1116 1253 imagi-

135 1272 240 1298 natur
263 1263 353 1297 banc
378 1265 617 1297 aeternitatem
645 1265 898 1308 impossibilem
924 1276 1012 1303 esse,
1048 1263 1116 1295 nisi

134 1316 259 1349 similis
283 1315 326 1348 sit
349 1315 494 1348 materia
523 1311 707 1347 bominum
743 1321 777 1347 et
809 1315 960 1346 aliorum
991 1325 1117 1356 corpo-

136 1378 227 1400 rum.
255 1364 338 1398 ldeo
355 1371 504 1397 mortem
522 1365 695 1396 existimat
712 1371 857 1396 naturae
877 1364 1002 1396 ordine
1020 1376 1117 1395 com—

136 1423 252 1460 petere
267 1413 406 1447 homini
435 1421 467 1447 et
493 1415 728 1457 privationem
746 1414 855 1453 illam,
880 1414 912 1445 id
935 1420 994 1452 est,
1012 1425 1119 1445 ruen-

135 1467 179 1499 tis
196 1466 360 1498 materiae
381 1465 631 1508 adpetitionem
650 1465 723 1497 sine
740 1464 819 1503 fine,
847 1464 976 1506 pariter
994 1463 1117 1496 tribuit

138 1515 326 1549 hominum
360 1522 392 1548 et
419 1515 568 1547 aliorum
598 1527 785 1559 corporum
811 1514 1016 1546 inferiorum
1043 1524 1119 1544 ma-

137 1567 258 1600 teriae.
310 1564 511 1608 Cogitemus
526 1565 651 1607 igitur,
678 1571 845 1610 quantam
869 1563 1117 1608 praestantiam

137 1616 292 1651 amiserit
308 1613 434 1654 boum,
462 1622 645 1659 postquam
672 1615 777 1648 morti
797 1615 973 1647 subiectus
992 1620 1058 1651 est,
1087 1620 1120 1646 et

136 1668 181 1701 ad
197 1665 288 1700 hanc
303 1667 498 1699 doctrinam
516 1667 557 1698 de
574 1666 771 1710 privatione
788 1665 998 1698 collocemus
1009 1664 1119 1695 filium

135 1717 214 1751 Dei.
269 1715 336 1749 Hic
354 1717 444 1750 tollit
463 1727 583 1749 rursus
608 1729 646 1748 ex
665 1714 819 1749 hominis
840 1722 965 1748 natura
981 1714 1121 1747 Aristo-

138 1768 277 1802 telicam
297 1767 549 1810 privationem,
570 1766 650 1811 quia
677 1766 840 1799 mirando
871 1772 905 1799 et
937 1766 1120 1797 inenarra-

136 1819 202 1851 bili
228 1818 332 1850 modo
364 1817 490 1850 millies
513 1816 719 1860 dissipatum
745 1828 871 1859 corpus
901 1815 1052 1858 colligit,
1089 1821 1122 1848 et

139 1869 266 1901 liberat
283 1869 325 1900 ab
343 1868 498 1900 interitu.
551 1867 632 1901 Non
652 1874 701 1901 est
717 1867 785 1900 iam
804 1867 841 1899 in
858 1864 958 1900 Eliae
974 1876 1121 1910 corpore

141 1918 364 1951 Aristotelica
383 1917 545 1961 privatio.

242 1974 390 2018 Quoties
414 1975 522 2016 igitur
548 1975 590 2007 de
608 1974 804 2017 privatione
831 1975 867 2007 in
892 1972 946 2007 bis
968 1972 1122 2020 physicis

141 2026 298 2061 materiis
314 2026 536 2063 disserimus,
563 2022 739 2057 humanae
754 2025 914 2058 miseriae
940 2032 974 2058 et
990 2033 1122 2058 morta-

140 2077 247 2112 litatis
270 2088 400 2109 nomen
432 2075 552 2108 audire
578 2086 642 2107 nos
666 2086 909 2117 agnoscamus,
943 2082 975 2108 et
1000 2086 1122 2108 rursus

140 2130 185 2162 ab
214 2125 279 2160 bac
311 2126 507 2170 privatione
547 2125 689 2158 liberari
728 2137 792 2158 nos
818 2137 879 2169 per
915 2125 1027 2158 silium
1056 2125 1123 2159 Dei

141 2189 300 2213 sciamus.

242 2235 432 2279 Postquam
457 2232 541 2267 baec
567 2232 728 2277 exposui,

143 2287 274 2321 stotelis
298 2286 406 2328 magis
431 2284 585 2328 conspici
609 2290 643 2317 et
667 2284 816 2327 intelligi
841 2284 970 2327 possit,
998 2285 1123 2316 addam

143 2337 382 2372 definitionem
406 2335 581 2368 usitatam.

244 2394 398 2427 Privatio
417 2400 466 2427 est
485 2393 639 2426 defectus
663 2393 857 2425 formarum
872 2419 881 2432 ,
909 2404 994 2436 quas
1017 2393 1124 2436 adpe-

143 2446 184 2480 tit
209 2445 371 2484 materia,
407 2450 550 2487 propter
577 2454 681 2488 quem
712 2443 858 2476 materia
883 2443 1034 2475 obnoxia
1073 2449 1124 2475 est
1149 2479 1151 2500 ¹

144 2494 407 2528 mutationibus.
459 2493 550 2526 Nam
579 2499 721 2537 propter
744 2493 916 2526 defectum
943 2499 976 2526 et
999 2494 1124 2525 idonea
1149 2504 1151 2534 ;

144 2553 194 2579 est
210 2545 252 2578 ad
269 2544 353 2576 alias
371 2544 500 2576 formas
525 2543 762 2586 recipiendas,
790 2550 823 2577 et
838 2543 929 2584 ruit,
957 2550 996 2576 ut
1019 2543 1122 2576 aliam
1149 2562 1151 2593 Ι

142 2596 293 2630 formam
306 2593 461 2636 recipiat.
514 2592 631 2635 Quare
649 2594 852 2628 Aristoteles
872 2593 978 2634 dixit,
1005 2593 1124 2637 priva-
1149 2599 1151 2625 Ι

143 2647 278 2682 tionem
292 2655 430 2678 causam
448 2654 520 2677 esse
535 2645 787 2688 corruptionis.
815 2642 856 2679 τὸ
873 2641 947 2692 γὰρ
970 2640 1125 2691 φθειρό-
1148 2666 1151 2682 .

347 100 556 138 SCRIPTA
583 100 657 134 PH.
685 96 798 133 MEL.
826 94 893 131 AD
919 95 1046 132 HlST.
1074 93 1218 132 PROF.
1248 93 1315 129 ET
1343 92 1536 132 PHILOS.
1569 91 1892 134 SPECTANTIA:

759 2240 797 2265 ut
823 2233 1010 2266 consilium
1039 2234 1122 2266 Ari·
1160 2229 1163 2230 ⁷

2066 99 2143 134 300

1160 192 1274 225 μενον
1291 179 1330 216 ἐν
1344 175 1464 226 τούτῳ
1483 177 1558 214 ἐστὶ
1575 178 1750 225 στέρησις,
1778 193 1866 226 quae
1880 183 1955 227 ipsa
1970 183 2144 218 sententia

1161 231 1294 265 indicat
1311 229 1377 264 hoc
1394 232 1501 264 fuisse
1519 231 1706 264 consilium
1722 229 1942 277 Aristotelis,
1967 236 2063 278 quod
2086 246 2143 268 re-

1162 283 1374 322 censuimus,
1402 282 1577 322 videlicet,
1604 288 1643 315 ut
1660 292 1763 315 causa
1779 284 1917 316 ostendi
1934 286 2054 327 possit,
2081 296 2143 318 cur

1162 333 1232 365 sint
1257 339 1417 365 aeternae
1441 332 1700 365 vicissitudines
1719 334 1987 374 generationum
2010 342 2043 368 et
2065 346 2144 368 cor-

1161 383 1385 425 ruptionum,
1413 383 1562 426 positam
1579 394 1650 415 esse
1672 383 1710 415 in
1726 383 1871 417 materia
1895 381 1986 416 banc
2010 384 2145 429 adpeti-

1162 433 1296 466 tionem
1311 439 1471 466 ruentem
1487 433 1563 466 sine
1579 434 1647 466 fine
1665 433 1710 467 ad
1725 434 1812 467 alias
1829 434 1971 467 formas.

1162 545 1224 576 Ita
1241 552 1288 576 ne
1302 543 1553 586 privationem
1569 547 1606 577 et
1618 540 1784 587 formam
1796 544 1901 586 ponit
1909 542 2147 585 Aristoteles,

1189 596 1231 626 ut
1248 592 1488 636 Empedocles
1511 594 1617 627 litem
1641 595 1912 667 et.“,mi⁰it²“m
1932 595 2124 639 principia

1585 649 1724 687 posuit.

1266 717 1347 752 Non
1373 718 1465 751 idem
1488 718 1675 751 consilium
1706 718 1789 758 suit,
1823 720 1882 752 sed
1907 717 2151 764 Empedocles,

1164 776 1204 803 ut
1228 768 1378 809 Medici,
1414 780 1557 802 exorsus
1582 775 1632 802 est
1656 781 1673 801 a
1702 769 1928 813 qualitatibus
1959 771 2151 804 elemento-

1165 832 1243 852 rum
1262 819 1510 863 pugnantibus.
1564 818 1612 852 Ut
1630 831 1732 852 sensu
1747 819 1957 863 percipimus
1972 821 2047 853 fieri
2064 821 2151 854 alte-

1166 870 1336 910 rationes,
1362 870 1442 914 quia
1468 870 1562 902 calor
1585 876 1615 903 ct
1641 870 1750 912 frigus
1774 870 1865 902 inter
1888 881 1960 902 sese
1982 877 2152 913 pugnant,

1166 920 1249 953 item
1271 918 1463 953 humiditas
1479 927 1511 954 et
1530 920 1675 953 siccitas.
1728 919 1780 952 Ex
1803 920 2071 954 alterationibus
2089 932 2154 954 au-

1167 978 1235 1004 tem
1253 977 1527 1012 temperamenta
1544 970 1836 1003 labefactantibus
1853 971 1941 1004 fiunt
1953 971 2152 1015 corruptio-

1168 1033 1240 1056 nes.
1300 1019 1397 1052 Haec
1428 1021 1599 1054 sententia
1630 1021 1735 1064 plana
1759 1027 1830 1064 est,
1871 1033 1935 1054 nec
1966 1027 2037 1054 tam
2068 1033 2152 1066 pro-

1168 1071 1225 1105 cul
1240 1070 1377 1116 quaerit
1393 1082 1512 1103 causas
1529 1071 1778 1112 mutationum,
1798 1078 1837 1104 ut
1851 1069 2085 1106 Aristotelica.

1272 1128 1422 1161 Vocavit
1453 1135 1569 1162 autem
1600 1127 1830 1172 Empedocles
1863 1129 1979 1171 litem,

1170 1181 1296 1214 tientes
1315 1186 1347 1212 et
1362 1186 1558 1223 pugnantes
1572 1180 1664 1212 inter
1687 1191 1722 1211 se
1741 1179 1934 1224 qualitates.
1987 1178 2034 1213 Et
2055 1180 2155 1213 litem

1170 1242 1307 1264 causam
1325 1241 1397 1263 esse
1414 1230 1681 1273 corruptionum
1700 1229 1762 1263 ait.
1808 1228 1948 1265 Rursus
1966 1230 2156 1264 amicitiam

1171 1282 1219 1314 ait
1243 1291 1380 1313 causam
1403 1291 1475 1312 esse
1500 1280 1786 1323 generationum,
1813 1286 1847 1313 et
1863 1280 1911 1313 sic
1927 1287 2027 1314 vocat
2043 1280 2157 1325 quali-

1171 1338 1258 1365 tates
1276 1331 1369 1364 inter
1386 1342 1420 1363 se
1435 1331 1706 1363 consentientes:
1735 1328 1898 1362 Calidum
1918 1338 2080 1374 procreat
2097 1343 2156 1364 ca-

1172 1382 1255 1420 lida,
1273 1379 1458 1412 humidum
1473 1378 1629 1414 humida.
1657 1378 1732 1411 Hae
1749 1380 1942 1413 sententiae
1957 1388 2157 1424 congruunt

1173 1443 1251 1464 cum
1285 1427 1437 1475 physicis
1471 1430 1669 1473 principiis:
1713 1428 1896 1462 Contraria
1926 1442 1944 1463 a
1971 1431 2158 1464 contrariis

1173 1481 1363 1523 corrumpi.
1408 1480 1547 1513 Similia
1567 1492 1585 1512 a
1605 1479 1779 1512 similibus
1799 1480 1885 1512 oriri
1903 1487 1936 1514 et
1953 1481 2010 1516 ali.
2050 1480 2156 1515 Item:

1174 1531 1366 1565 Generatio
1399 1530 1505 1563 unius
1547 1537 1596 1563 est
1634 1531 1812 1573 corruptio
1854 1531 2008 1566 alterius.
2068 1530 2158 1564 Nam

1174 1594 1251 1615 cum
1277 1581 1367 1624 ignis
1387 1581 1543 1623 gignitur
1566 1593 1605 1613 cx
1628 1583 1725 1620 aere,
1752 1592 1889 1614 necesse
1914 1588 1964 1615 est
1981 1582 2071 1615 aeris
2086 1581 2159 1615 sor-

1174 1645 1265 1665 mam
1283 1632 1465 1675 expulsam
1484 1643 1566 1665 csse.

2016 1130 2154 1163 dissen-

1274 1689 1365 1723 Cum
1399 1696 1514 1722 autem
1550 1690 1722 1723 elementa
1757 1690 1950 1724 contrarias
1977 1691 2160 1735 qualitates

1176 1740 1340 1778 babeant,
1368 1747 1525 1784 pugnant
1545 1740 1635 1772 inter
1651 1751 1698 1780 se,
1719 1747 1751 1773 et
1768 1740 1905 1774 facilior
1921 1748 1971 1775 est
1984 1747 2161 1776 transmu-

1175 1792 1259 1825 tatio
1285 1802 1427 1830 eorum,
1456 1802 1543 1834 quae
1571 1788 1702 1823 habent
1727 1791 1880 1835 aliquam
1905 1792 2161 1835 cognationem,

1175 1841 1241 1875 boc
1258 1849 1324 1881 est,
1352 1853 1500 1886 quarum
1519 1841 1636 1885 aliqua
1652 1848 1701 1874 est
1717 1841 1841 1874 similis
1859 1843 2027 1886 qualitas,
2054 1849 2093 1876 ut
2109 1843 2161 1876 fa-

1175 1893 1276 1926 cilius
1302 1904 1341 1925 ex
1367 1894 1446 1924 aere
1470 1891 1509 1924 fit
1535 1903 1643 1935 aqua,
1676 1898 1715 1924 ut
1740 1903 1779 1924 ex
1804 1892 1996 1935 vaporibus
2019 1893 2161 1936 pluviae

1176 1945 1282 1983 fiunt,
1309 1954 1414 1986 quam
1440 1953 1478 1974 ex
1502 1953 1590 1985 aqua
1617 1941 1717 1984 ignis.
1771 1940 1814 1974 In
1837 1939 1927 1975 hanc
1951 1943 2161 1977 sententiam

1176 1994 1291 2039 iuquit
1309 1991 1555 2036 Empedocles:

1226 2054 1330 2093 Iungit
1347 2065 1429 2083 amor
1447 2054 1626 2093 quandoque
1643 2055 1805 2091 elementa,
1832 2060 1861 2083 et
1881 2056 1992 2084 semina
2008 2067 2119 2094 rerum,

1226 2105 1386 2136 Dissiliunt
1403 2105 1478 2133 odiis
1495 2105 1597 2133 eadem
1613 2107 1751 2133 certantia
1770 2116 1879 2143 rursus,

1226 2155 1277 2186 Sic
1295 2167 1339 2185 res
1356 2157 1452 2194 gignit
1469 2166 1573 2190 amor,
1602 2156 1652 2184 sed
1669 2166 1731 2184 non
1748 2156 1881 2185 durabile
1897 2156 2060 2196 quidquam

1226 2206 1380 2244 Nascitur,
1409 2209 1500 2247 inque
1515 2208 1594 2235 vices
1613 2212 1765 2235 mutantur
1782 2214 1887 2236 cuncta
1904 2207 2041 2238 subinde.

1234 2260 1368 2292 Amore
1389 2262 1457 2313 μὲι
1471 2259 1613 2313 φιλόἿτι
1639 2271 1707 2291 tritt
1698 2260 1841 2300 ερχόιιει’
1865 2260 1910 2297 εἷς
1931 2261 1965 2292 ἓν
1987 2260 2121 2300 ἅπαιτα,

1238 2303 1350 2334 &Mors
1375 2304 1402 2333 δ’
1419 2316 1455 2333 av
1481 2303 1574 2342 ὁιχ)τ
1565 2303 1680 2334 ἕκαστα
1705 2315 1784 2343 φορε
1790 2315 1884 2343 tuem
1908 2306 2026 2340 νἐικεος
2047 2304 2148 2344 ἔχθει,

1240 2348 1276 2388 τῇ
1298 2348 1356 2385 μὲι
1378 2348 1556 2384 γίὶιόνται,
1580 2347 1633 2375 καὶ
1658 2345 1696 2376 ου’
1719 2358 1830 2386 σφισιν
1853 2346 1988 2386 ἔμπεδος
2010 2345 2098 2384 alah,

1241 2390 1279 2431 τῇ
1301 2390 1334 2419 ὸε
1357 2386 1653 2419 τάδ’ἆλλάσσονται
1676 2388 1864 2429 ὁιάαπεοες,
1887 2386 1923 2419 οὗ
1943 2389 1970 2418 δ’
1985 2387 2049 2428 ἁμα
2066 2388 2115 2428 λνῗὶ
2107 2400 2162 2420 ·’.ει

1177 2440 1297 2487 Inquit
1315 2448 1349 2475 et
1365 2441 1435 2474 alio
1453 2441 1547 2474 loco:

1240 2497 1334 2538 γλυκὺ
1361 2498 1419 2536 μὲν
1450 2497 1543 2536 γλυκυ
1578 2498 1720 2539 μάρπτε,

1347 2539 1473 2580 ὅοοισε.

1278 2589 1332 2624 Ex
1349 2589 1404 2625 his
1422 2591 1580 2624 versibus
1601 2592 1683 2626 satis
1699 2597 1862 2635 apparet,
1889 2590 1975 2635 qnid
2004 2591 2100 2624 litem
2129 2598 2162 2625 et

1179 2642 1372 2676 amicitiam
1395 2642 1653 2680 nominaverit,
1679 2648 1712 2675 et
1735 2652 1798 2674 cur
1820 2653 1859 2674 ea
1875 2641 1960 2675 velit
1977 2653 2049 2675 esse
2065 2641 2163 2686 prin-

1765 2496 1879 2538 πικρὸν
1909 2498 1936 2528 δ’
1966 2497 2016 2529 ἐπὶ
2048 2498 2163 2539 πικρὸν
