2379 2948
175 101 243 134 471

173 182 325 216 traditur
340 193 473 214 summa
495 179 674 213 doctrinae
692 174 935 213 Christianae,
964 174 1044 208 Non
1070 175 1155 208 alle-

175 233 292 276 goriae
323 230 568 274 intempestive
598 225 779 260 adhibitae
815 226 1028 270 perniciosos
1060 237 1159 258 erro-

176 294 230 315 res
245 283 397 327 pariunt.

277 338 340 372 Est
364 344 478 370 autem
502 336 570 369 alia
595 336 764 381 quaedam
788 336 878 368 ratio
904 348 943 368 ex
967 334 1160 378 scripturis,

177 388 410 423 ratiocinandi
439 387 594 430 aliquid,
636 393 674 420 ut
705 398 782 419 cum
807 398 846 418 ex
870 386 986 418 verbis
1011 384 1159 418 Genesis

178 440 280 473 tertio
298 437 569 477 ratiocinamur,
596 434 777 470 Christum
792 443 981 470 venturum
1000 447 1082 475 esse,
1099 434 1160 478 qui

178 489 358 522 diabolum
373 494 600 531 superaturus
617 487 672 528 sit,
699 494 731 520 et
749 498 894 529 regnum
912 486 1043 519 diaboli
1061 497 1160 517 ever-

178 551 298 579 surus,
333 538 464 570 abolito
495 544 635 581 peccato
667 544 701 570 et
727 543 850 569 morte.
909 536 1040 569 Textus
1064 535 1158 567 enirn

178 596 295 633 aperte
315 588 399 621 (licit
417 589 459 620 de
475 598 584 629 regno
607 587 759 627 diaboli,
786 587 880 631 quod
905 586 949 619 sit
972 585 1160 618 insidiatu-

179 651 238 673 rus
263 637 409 672 humani
434 637 552 680 generi
580 636 767 675 universo,
800 636 869 669 Sed
894 642 1082 668 venturum
1108 646 1159 667 se-

179 701 282 728 men,
306 696 345 722 ut
369 695 470 731 caput
496 687 628 719 diaboli
657 687 859 725 conculcet,
894 697 975 728 ergo
1001 683 1161 718 Christus

179 751 325 782 regnum
343 738 494 776 diaboli,
524 744 703 780 peccatum
723 743 755 769 et
772 743 921 768 mortem
939 736 1106 768 abolebit.

281 804 380 842 Item,
407 801 570 836 Christus
587 810 637 836 est
653 814 755 835 verns
771 803 942 842 sacerdos,
960 802 1066 845 igitur
1083 813 1162 834 vere
1188 821 1189 827 κ
1399 834 1407 841 ,
1489 834 1496 840 ,
1537 834 1544 841 ,
1674 834 1680 840 ,
1869 834 1877 841 ,
2090 838 2112 844 ,,

1188 857 1189 864 ,
1215 835 1300 866 dum
1324 840 1374 867 est
1397 846 1434 865 in
1461 834 1565 867 d1ct1s
1590 834 1835 877 explicandas,
1868 847 1903 866 m
1933 834 2131 880 prophetiis
2161 848 2201 870 ac

179 855 331 899 placabit
348 861 492 897 patrem.
529 851 607 885 Hoc
623 865 662 885 ex
679 853 884 885 definitione
900 852 1089 885 sacerdotis
1102 864 1162 884 su-

179 907 304 945 mitur,
332 916 412 936 nam
436 901 502 936 hoc
518 903 672 936 officium
691 904 847 936 continet
865 903 1024 936 definitio
1048 914 1159 935 sacer-

179 955 289 995 dotis,
314 954 497 993 videlicet,
524 954 663 997 placare
678 952 806 989 Deum.

280 1011 366 1045 Item
381 1039 389 1052 ,
417 1011 545 1045 Davi-di
562 1011 784 1054 promittitur
800 1022 945 1054 regnum
970 1017 1162 1049 aeternum,

178 1074 258 1105 ergo
277 1060 411 1096 Christi
429 1073 575 1104 regnum
601 1061 667 1094 erit
687 1072 834 1103 regnum
859 1061 1062 1104 spirituale,
1088 1072 1162 1092 non

177 1114 299 1151 civile,
326 1113 408 1157 quia
433 1123 487 1144 res
512 1111 674 1155 publicae
696 1111 897 1154 corporales
923 1122 995 1144 non
1014 1117 1163 1154 possunt

176 1174 248 1196 esse
267 1169 441 1196 aeternae.

276 1219 400 1254 Esaiae
427 1218 486 1253 53.
511 1220 699 1260 scribitur,
740 1217 921 1254 Christum
949 1220 1161 1252 moriturum

175 1283 265 1312 esse,
291 1278 324 1304 et
351 1272 473 1304 eodem
497 1271 574 1304 loco
600 1271 813 1303 vaticinatur
835 1267 1030 1314 Propheta,
1065 1271 1162 1303 sutu-

174 1334 252 1355 rum
278 1328 316 1355 ut
342 1322 511 1364 eripiatur
535 1334 553 1354 a
586 1328 709 1355 morte.
770 1320 865 1353 Hinc
896 1321 1161 1359 ratiocinamur,

174 1370 357 1405 Christum
374 1378 654 1404 resurrecturum
671 1371 778 1404 fuisse
796 1383 814 1403 a
833 1378 960 1404 morte.

275 1427 437 1462 Christus
474 1430 645 1472 approbat
671 1429 932 1470 magistratum,
967 1429 1074 1469 igitur
1099 1441 1162 1470 ap-

174 1480 301 1523 probat
321 1479 470 1519 iudicia,
495 1479 679 1518 militiam,
707 1485 740 1511 et
756 1477 874 1510 omnia
895 1477 1010 1510 civilia
1036 1478 1160 1509 officia.

174 1528 270 1562 Haec
288 1529 376 1562 ratio
394 1529 665 1571 argumentandi
684 1528 786 1571 longe
802 1534 953 1572 praestat
973 1528 1160 1569 allegoriis,

175 1587 208 1612 et
234 1580 274 1611 ad
301 1580 498 1612 docendum
531 1579 796 1612 accommodata
825 1585 893 1618 est,
936 1578 1016 1622 quia
1049 1578 1161 1620 gignit

174 1630 378 1674 plaerasque
408 1630 524 1661 firmas
555 1629 798 1671 probationes,
832 1628 911 1660 ideo
944 1635 976 1660 et
998 1626 1161 1661 Christus

176 1691 277 1723 saepe
296 1691 334 1712 ea
355 1680 485 1719 utitur,
513 1680 686 1722 disputat,
712 1690 747 1711 se
764 1691 780 1711 a
799 1677 935 1711 Davide
951 1678 1020 1711 dici
1035 1678 1160 1711 Domi-

174 1742 280 1769 num,
321 1727 404 1762 hinc
431 1729 672 1772 gravissimam
702 1729 912 1762 sententiam
948 1729 1025 1762 vult
1057 1728 1157 1762 effici.

174 1779 264 1812 Nam
288 1780 316 1812 si
339 1777 499 1814 Christus
522 1786 658 1813 tantum
681 1791 828 1821 regnum
854 1780 1035 1822 corporale
1048 1777 1160 1811 *habi-

175 1837 275 1862 turus
299 1830 438 1869 fuisset,
466 1841 542 1861 non
564 1830 685 1862 suisset
711 1828 887 1862 Dominus
906 1828 1071 1869 Davidis,
1099 1830 1158 1862 sed

176 1881 294 1912 minor
309 1880 413 1912 etiam
433 1880 518 1919 isto,
546 1880 628 1923 quia
645 1880 738 1912 filius
755 1886 836 1912 erat.
877 1878 980 1911 Nunc
1004 1891 1076 1912 non
1100 1890 1159 1912 so—

176 1930 250 1961 lum
275 1929 388 1961 maior
413 1936 445 1962 et
474 1929 602 1961 clarior
634 1941 691 1962 rex
719 1930 867 1969 dicitur,
902 1930 962 1962 sed
982 1929 1160 1962 Dominus

179 1979 350 2012 divinitus
363 1979 507 2017 missus,
534 1980 734 2022 placaturus
754 1987 907 2023 patrem,
935 1986 967 2012 et
989 1980 1159 2013 liberatu-

178 2041 239 2062 rus
262 2041 325 2062 nos
349 2041 365 2062 a
389 2035 529 2073 peccato
547 2036 580 2062 et
594 2041 611 2061 a
632 2037 755 2063 morte.
807 2028 901 2072 Ergo
918 2028 1080 2063 Christus
1097 2028 1160 2062 ha—

180 2080 278 2113 bebit
313 2091 384 2112 non
420 2090 566 2121 regnum
597 2080 836 2118 mundanum,
879 2080 937 2112 sed
969 2080 1160 2123 spirituale,

180 2131 301 2162 reddet
317 2129 419 2162 nobis
436 2129 541 2161 vitam
560 2136 745 2161 aeternam.
772 2127 931 2172 Epistola
952 2131 993 2161 ad
1007 2128 1161 2163 Ebraeos

181 2181 281 2222 plena
299 2187 347 2212 est
364 2180 487 2212 talium
507 2186 808 2222 argumentorum,
827 2185 863 2211 ut
878 2177 1038 2211 Pontifex
1058 2188 1161 2224 quot-

182 2230 284 2262 annis
309 2230 521 2263 sacrificabat
552 2242 615 2273 pro
646 2236 805 2273 peccato,
848 2228 957 2271 igitur
981 2237 1160 2272 peccatum

182 2292 255 2312 non
273 2287 323 2313 est
337 2280 509 2313 abolitum
526 2280 706 2313 oblatione
723 2278 921 2320 Pontificis,
951 2280 1031 2323 quia
1057 2287 1160 2325 quot-

184 2330 285 2362 annis
315 2330 526 2364 recurrebat.
587 2329 691 2363 Tales
730 2330 1050 2373 argumentationes
1088 2342 1160 2363 non

186 2387 267 2412 sunt
283 2380 485 2422 allegoriae,
510 2392 584 2413 non
608 2381 702 2412 enim
719 2381 884 2414 abiicitur
901 2392 1020 2412 sensus
1047 2391 1161 2422 gram-

187 2430 332 2462 maticus
354 2437 519 2474 tanquam
542 2431 686 2471 umbra,
720 2438 779 2464 aut
800 2431 908 2473 figura
933 2431 1075 2463 alterius
1099 2431 1162 2471 rei,

189 2479 245 2510 sed
265 2480 393 2521 pariter
410 2482 644 2514 antecedentis
663 2488 694 2514 et
714 2481 958 2526 consequentis
974 2481 1162 2514 sententias

189 2528 339 2560 retinere
356 2541 491 2561 necesse
508 2538 574 2568 est,
603 2539 636 2564 et
663 2531 966 2574 argumentatione
985 2532 1081 2576 quasi
1100 2543 1162 2574 per

189 2579 316 2620 gradus
335 2590 352 2610 a
371 2578 485 2621 priore
500 2581 541 2611 ad
564 2583 788 2623 posteriorem
808 2582 1042 2626 pervenimus.
1090 2581 1161 2614 Ne-

189 2640 255 2672 que
273 2626 329 2660 hic
346 2628 459 2661 simile
479 2632 658 2664 confertur
672 2634 712 2664 ad
733 2634 862 2673 simile,
897 2634 955 2665 sed
982 2634 1162 2666 ducuntur

412 95 618 133 SCRIPTA
652 94 727 129 PH.
755 91 870 129 MEL.
899 90 965 126 AD
991 90 1116 126 HlST.
1145 89 1287 126 PROF.
1316 89 1382 123 ET
1408 87 1600 123 PHtLOS.
1632 88 1953 127 SPECTANTIA.

2119 95 2194 131 472

1214 180 1418 217 argumenta
1447 185 1486 205 ex
1503 173 1634 213 causis,
1661 184 1701 204 ex
1726 173 1924 216 effectibus,
1951 188 1991 209 ex
2016 178 2194 211 definitio-

1214 225 1336 264 nibus,
1363 236 1403 256 ex
1420 223 1604 257 contrariis
1623 229 1656 256 et
1671 222 1750 255 aliis
1765 223 1852 256 locis
1869 225 2070 260 dialecticis.
2126 227 2195 261 Ve-

1213 286 1292 308 rum
1308 274 1566 307 observandum
1588 279 1658 314 est,
1685 273 1818 318 nequid
1838 274 1929 307 mala
1945 278 2194 322 consequentia

1213 331 1387 358 attexatur
1417 323 1619 367 scripturis,
1653 335 1740 356 neve
1764 323 2018 367 coniungamus
2039 329 2195 361 membra

1215 371 1468 412 ἀνακόλουθα,
1497 381 1530 407 et
1545 386 1618 406 non
1636 373 1829 407 necessario
1846 372 2080 410 cohaerentia.
2107 376 2195 410 Nam

1215 424 1336 457 Iudaei
1355 431 1387 458 et
1408 422 1595 465 haeretici,
1622 427 1706 457 dum
1734 425 1926 458 sententias
1942 437 2015 458 non
2038 439 2196 460 necessa-

1213 475 1266 507 rio
1292 472 1518 507 cohaerentes
1550 475 1641 507 mala
1669 475 1917 519 consequentia
1942 477 2198 519 conglutinant,

1213 525 1343 557 multas
1360 525 1486 568 impias
1507 525 1694 568 opiniones
1719 525 1887 568 gignunt,
1921 526 2010 560 sicut
2033 525 2198 560 Irenaeus

1214 575 1351 618 inquit,
1379 572 1572 607 haereticos
1591 575 1710 608 restim
1733 582 1873 608 nectere
1896 576 1939 609 de
1963 589 2088 618 arena,
2116 577 2198 622 quia

1213 625 1305 656 male
1324 622 1547 657 cohaerentia
1565 625 1724 658 membra
1749 626 1786 657 in
1811 629 2092 669 argumentando
2113 639 2199 660 con-

1214 681 1372 709 nectunt.

1315 731 1428 766 Porro
1446 733 1612 776 allegoria
1631 733 1739 775 magis
1766 733 1883 767 locum
1908 732 2013 769 habet
2039 736 2076 768 in
2101 736 2199 770 factis

1216 784 1444 821 enarrandis,
1483 790 1519 816 at
1555 781 1619 816 hac
1642 784 1778 817 ratione
1802 787 2072 826 argumentandi
2096 793 2200 820 uten-

1216 884 1525 927 promissionibus.

1319 941 1451 974 Verum
1471 948 1503 974 et
1524 942 1560 973 in
1578 941 1678 974 factis
1702 941 1794 974 valet
1819 942 2094 984 argumentatio,
2121 955 2202 976 cum

1215 991 1365 1034 exempli
1378 1003 1480 1024 causa
1497 992 1626 1024 factum
1643 992 1874 1048 poeponimus
1889 1004 1967 1024 cum
1981 992 2095 1037 aliqua
2111 993 2201 1036 figu-

1214 1054 1272 1080 ra,
1300 1049 1356 1082 ut,
1386 1041 1513 1074 Daniel
1534 1042 1690 1075 obiectus
1710 1049 1759 1075 est
1777 1042 1941 1075 leonibus
1959 1051 2101 1085 propter
2121 1055 2201 1076 ver-

1215 1093 1298 1125 bum
1317 1090 1401 1132 Dei,
1428 1092 1475 1124 ita
1502 1099 1534 1124 et
1558 1104 1623 1125 nos
1645 1099 1781 1136 oportet
1803 1099 1947 1136 propter
1967 1094 2112 1126 verbum
2133 1092 2201 1126 Dei

1217 1142 1351 1186 perpeti
1370 1142 1595 1175 acerbissima
1613 1143 1694 1176 odia
1715 1140 1883 1176 hostium.
1935 1141 2004 1175 Hic
2028 1145 2199 1185 quaedam

1215 1193 1412 1226 similitudo
1429 1193 1645 1233 ostenditur,
1673 1199 1897 1236 comparatur
1915 1193 2030 1226 rabies
2045 1191 2200 1227 hostium

1214 1241 1400 1286 Evangelii
1428 1244 1471 1275 ad
1506 1243 1647 1275 leonum
1673 1243 1934 1277 truculentiam.
1988 1243 2066 1277 Hoc
2091 1255 2201 1287 genus

1216 1300 1505 1336 argumentorum
1538 1295 1711 1326 vocabant
1743 1294 1829 1326 olim
1860 1291 2109 1341 τροπολογιάν
2137 1295 2202 1328 ab-

1215 1350 1352 1377 utentes
1369 1345 1552 1377 vocabulo.
1607 1344 1678 1377 Nos
1695 1344 1731 1375 in
1749 1344 1812 1376 tali
1831 1344 2020 1377 collatione
2046 1357 2119 1377 non
2145 1345 2200 1377 di-

1214 1394 1325 1427 cimus
1343 1406 1475 1426 novum
1499 1406 1570 1427 esse
1594 1406 1734 1427 sensum
1763 1394 1930 1437 exempli,
1960 1395 2021 1427 sed
2050 1395 2201 1428 dicimus

1214 1444 1555 1485 argumentationem
1583 1456 1672 1482 esse,
1713 1444 1750 1475 in
1780 1453 1849 1485 qua
1871 1441 1968 1475 iuxta
1995 1443 2199 1477 dialecticae

1214 1500 1395 1536 praecepta
1412 1503 1467 1524 res
1485 1493 1578 1524 inter
1594 1504 1629 1524 se
1654 1499 1820 1534 cognatae
1843 1498 1903 1524 aut
1928 1492 2058 1526 similes
2081 1495 2200 1527 conse-

1214 1549 1355 1576 runtur.
1415 1541 1493 1574 Hoc
1516 1544 1621 1574 modo
1647 1542 1758 1574 multa
1785 1541 2016 1576 ratiocinatur
2038 1541 2200 1578 Christus

1214 1593 1252 1624 in
1269 1591 1464 1634 Evangelio
1487 1604 1526 1624 ex
1544 1592 1734 1636 parabolis.

1317 1650 1414 1684 Haec
1431 1651 1514 1683 duxi
1533 1648 1599 1684 hoc
1619 1651 1656 1683 in
1675 1651 1771 1693 loco,
1799 1652 1842 1684 de
1866 1657 2017 1696 quatuor
2040 1653 2200 1687 sensibus

1214 1702 1364 1734 dicenda
1388 1713 1478 1741 esse,
1506 1708 1544 1734 ut
1571 1702 1797 1734 admonerem
1823 1714 1931 1735 unam
1953 1703 2126 1747 aliquam,
2159 1715 2200 1737 ac

1214 1752 1430 1796 simplicem,
1459 1758 1492 1785 et
1511 1758 1638 1785 certam
1658 1753 1867 1786 sententiam
1883 1753 1920 1785 in
1943 1753 2091 1796 singulis
2114 1754 2201 1787 locis

1214 1803 1451 1847 quaerendam
1480 1814 1571 1843 esse,
1611 1814 1699 1846 quae
1730 1815 1808 1836 cum
1838 1811 2006 1847 perpetuo
2033 1810 2199 1838 contextu

1213 1853 1397 1892 orationis,
1423 1858 1456 1885 et
1473 1864 1551 1885 cum
1569 1853 1841 1887 circumstantiis
1860 1854 1993 1897 negocii
2012 1854 2197 1887 consentit.

1213 1902 1284 1936 Nec
1300 1903 1431 1947 ubique
1454 1902 1536 1935 licet
1563 1902 1748 1945 allegorias
1774 1916 1957 1948 quaerere,
1984 1916 2046 1937 nec
2070 1912 2198 1938 temere

1213 1953 1309 1986 aliud
1328 1965 1367 1985 ex
1383 1953 1607 1995 grammatica
1628 1954 1799 1986 sententia
1827 1953 2109 1988 ratiocinandum
2134 1963 2197 1995 est,

1215 2005 1274 2036 sed
1300 2004 1511 2043 videndum,
1555 2004 1639 2048 quid
1665 2004 1701 2035 in
1726 2016 1941 2048 unoquoque
1967 2005 2043 2037 loco
2069 2006 2199 2047 deceat,

1214 2066 1277 2087 nec
1293 2053 1487 2097 pugnantia
1503 2054 1667 2096 fingenda
1685 2060 1765 2087 sunt
1783 2066 1861 2086 cum
1879 2055 2035 2087 articulis
2054 2055 2147 2091 fidei.

1316 2111 1559 2145 Numerantur
1574 2112 1760 2155 allegoriae
1776 2113 1905 2155 species
1923 2114 2088 2160 αἴνιγμα,
2104 2117 2198 2160 quod

1215 2163 1297 2207 quia
1314 2169 1363 2195 est
1377 2163 1579 2203 obscurius,
1604 2175 1676 2195 non
1694 2164 1793 2196 decet
1809 2164 1845 2195 in
1865 2164 2041 2206 oratione,
2069 2164 2197 2199 Poetae

1215 2213 1344 2246 alicubi
1361 2220 1522 2254 utuntur,
1547 2220 1586 2246 ut
1596 2212 1783 2254 Hesiodus,
1811 2215 1998 2247 dimidium
2016 2216 2095 2259 plus
2111 2223 2197 2252 toto.

1319 2279 1404 2312 ltem
1425 2276 1609 2324 εἰρωνεία,
1644 2291 1732 2323 quae
1755 2288 1803 2312 est
1830 2281 2063 2314 dissimulatio
2088 2294 2195 2326 quae-

1215 2331 1314 2369 dam,
1338 2342 1415 2361 cum
1441 2330 1499 2370 id,
1535 2330 1628 2373 quod
1655 2330 1767 2373 reipsa
1791 2329 2024 2371 detrahimus,
2061 2333 2195 2374 prolixe

1215 2380 1440 2413 concedimus
1458 2380 1495 2411 in
1515 2381 1681 2423 speciem,
1707 2387 1761 2413 ut:
1791 2380 1917 2413 Verres
1935 2379 2038 2414 homo
2055 2389 2194 2416 sanctus

1215 2437 1247 2463 et
1264 2430 1423 2472 diligens.
1477 2429 1606 2473 Magna
1623 2437 1672 2463 est
1688 2438 1802 2464 antem
1820 2432 1967 2464 varietas
1985 2431 2193 2472 ironiarnm,

1214 2492 1302 2525 quae
1326 2480 1451 2512 melius
1475 2491 1514 2512 ex
1545 2481 1772 2525 quotidianae
1806 2482 1895 2514 vitae
1927 2483 2193 2525 consuetudine,

1214 2542 1317 2574 quam
1341 2542 1380 2562 ex
1405 2531 1596 2573 praeceptis
1619 2532 1779 2573 cognosci
1802 2538 1956 2575 possunt.
2011 2531 2193 2567 Interdum

1214 2580 1420 2620 admiratio,
1448 2581 1625 2614 interdum
1646 2582 1804 2626 querela,
1830 2581 1960 2614 alicubi
1983 2583 2192 2627 deprecatio,

1214 2631 1343 2664 alicubi
1362 2638 1599 2675 contemptus,
1623 2638 1679 2672 ut,
1705 2633 1787 2676 quid
1813 2638 1862 2665 est
1882 2633 2032 2665 veritas?
2083 2632 2191 2666 Deni-
