2379 2948
0 672 3 683 Α
0 635 4 653 Α..
0 564 7 605 unffi

101 93 175 131 825
500 90 543 125 V.

600 91 652 126 IN
680 89 944 126 DANIELEM
971 88 1291 126 PROPHETAM
1323 87 1745 127 COMMENTARIUS.

2067 91 2140 127 726

101 179 285 214 Christum
304 177 508 211 nasciDeus
524 179 655 220 voluit,
683 185 715 212 et
731 178 986 221 significaretur
1001 183 1092 210 tem·
1117 179 1121 223 f
1146 177 1208 217 sit,
1242 176 1305 209 ubi
1336 176 1380 211 sit
1412 180 1629 222 quaerenda,
1665 178 1829 211 videlicet
1861 184 1996 211 tantum
2029 179 2064 211 in
2094 191 2133 213 eo

99 242 164 276 pus
182 229 453 263 resurrectionis
471 237 694 264 mortuorum
713 241 752 263 ac
768 228 902 262 iudicii.

201 280 338 324 Quarto
371 281 582 314 observandi
613 288 696 314 sunt
726 280 794 312 loci
829 278 1012 312 doctrinae
1047 280 1090 312 de
1115 295 1118 326 J

97 332 335 378 poenitentia,
363 333 405 365 de
421 332 508 372 fide,
535 333 578 365 de
597 330 855 364 iustificatione.

200 382 337 426 Quinto
371 383 527 426 exempla
558 383 736 415 honorum
772 381 1005 415 etmalorum
1033 394 1088 414 re-

93 447 175 479 gum
192 435 406 479 excerpenda
426 439 517 468 sunt.

1116 229 1119 271 Ι

1145 233 1266 267 coetu,
1301 228 1362 272 qui
1388 229 1634 273 complectitur
1660 230 1858 263 doctrinam
1885 229 2049 262 traditam
2074 242 2135 274 per

1143 275 1358 322 Prophetas,
1393 277 1575 313 Christum
1599 288 1631 314 et
1655 281 1857 325 Apostolos,
1916 279 1998 314 Non
2022 280 2135 324 impe-

1114 344 1116 366 ‹;
1144 329 1213 369 ria,
1248 341 1322 362 non
1353 341 1456 373 opes,
1490 343 1564 363 non
1590 332 1804 373 multitudo,
1837 343 1911 365 non
1932 338 2132 375 temporum

1142 380 1358 414 diuturnitas
1382 388 1539 421 moveat,
1570 389 1607 416 ut
1635 383 1805 426 populum
1830 395 1902 416 esse
1923 381 1991 415 Dei
2013 382 2134 416 existi-

1114 470 1115 473 *
1143 443 1232 473 mes,
1261 442 1319 465 eos
1342 431 1403 476 qui
1426 439 1486 465 aut
1507 433 1708 465 universam
1732 434 1929 467 doctrinam
1949 431 2132 478 propheti-

199 486 304 519 Sexto
332 484 532 519 testimonia
565 484 608 516 de
640 483 898 517 resurrectione
925 491 1087 518 mortuo·
1113 478 1115 517 ἶ

1113 526 1115 537 ¹
1140 533 1304 567 tinaciter
1320 534 1413 567 idola
1433 535 1641 569 defendunt.

94 550 173 571 rum
193 537 469 570 considerentur.

197 588 354 632 Septimo
381 585 615 630 praemonitio
643 585 797 618 traditur
822 586 863 618 de
882 586 1000 629 regnis
1017 586 1085 619 im-
1113 587 1115 625 3

1112 641 1114 644 ⁴
1139 636 1250 669 lector
1280 636 1318 668 in
1354 637 1530 670 vestibulo
1562 637 1677 671 statim
1711 638 1830 671 videat
1854 649 1907 669 res
1934 649 2074 680 magnas
2100 646 2131 671 et

92 639 179 683 piis,
214 651 302 684 quae
332 637 423 670 circa
455 637 560 669 finem
595 637 721 670 mundi
751 634 989 680 Evangelium
1020 636 1086 671 Dei

93 691 209 724 delere
233 689 466 723 conabuntur.
520 686 566 722 Et
589 688 748 721 luctuosa
774 689 945 732 dispersio
961 687 1086 722 Eccle-

91 743 163 775 siae
190 739 419 779 describitur,
449 747 485 773 ut
513 751 608 772 nunc
633 740 699 772 sub
723 738 850 772 Turcis
874 747 906 773 et
928 740 1005 772 aliis
1031 752 1085 773 re-

92 793 213 836 gibus,
247 790 309 835 qui
341 801 466 833 magna
499 790 707 824 crudelitate
744 790 839 823 idola
874 791 1083 832 defendunt,

91 842 237 887 dispersi
268 847 351 875 sunt
382 842 452 886 pii,
504 842 702 875 doctrinam
737 839 927 884 Evangelii
959 854 1083 886 puram

90 893 349 938 amplectentes.
407 892 446 925 ln
471 900 567 926 tanta
587 893 745 936 gentium
764 893 973 926 confusione
990 894 1083 926 mul-

89 952 143 979 tae
166 951 249 978 sunt
272 942 450 977 humanae
475 944 623 978 rationis
646 944 920 988 disputationes:
954 945 1012 977 An
1036 945 1081 978 sit

89 996 278 1030 discrimen
309 995 467 1037 gentium
502 1008 563 1029 seu
594 993 783 1028 hominum
814 995 974 1029 futurum
1007 1003 1083 1039 post

86 1045 179 1080 hanc
203 1046 335 1080 vitam?
388 1045 446 1080 An
463 1045 558 1080 Deus
575 1047 619 1080 sit
635 1046 790 1091 praemia
809 1053 841 1079 et
862 1058 994 1091 poenas
1011 1047 1082 1079 dis—

86 1098 287 1133 tributurus
311 1096 541 1131 hominibus‘?
601 1097 659 1131 An
682 1097 726 1131 sit
750 1104 864 1131 certus
892 1095 1081 1131 hominum

87 1157 226 1190 coetus,
260 1161 364 1193 quem
391 1147 487 1182 Deus
511 1156 602 1183 amet
629 1148 766 1182 reiectis
793 1149 938 1182 caeteris
965 1146 1082 1182 homi-

86 1201 218 1234 nibus?
271 1197 448 1245 Epicurus
481 1207 582 1243 negat
614 1200 816 1244 superstites
844 1212 915 1233 esse
943 1200 1082 1233 animus

85 1249 287 1286 hominum.
342 1250 415 1284 Alii
434 1249 645 1295 Philosophi
670 1251 825 1294 cogitant
848 1252 984 1284 animas
1009 1263 1082 1284 esse

85 1303 245 1336 flammas
270 1299 468 1342 aethereas,
497 1302 525 1334 si
551 1302 637 1346 quid
662 1309 744 1335 sunt
761 1302 916 1334 alienum
935 1314 953 1334 a
971 1309 1080 1335 mate-

84 1355 136 1388 ria
172 1352 461 1390 Elementorum,
495 1353 674 1386 evolantes
706 1352 744 1385 in
777 1352 929 1385 sublime
962 1353 1079 1386 nescio

109 1417 167 1441 uo.

84 1418 106 1451 q
185 1453 367 1489 Adversus
399 1452 462 1488 has
492 1452 696 1499 prophanas
722 1454 996 1497 imaginationes
1024 1454 1078 1487 di—

53 1534 55 1536 -
84 1518 221 1542 scamus
245 1518 286 1539 ex
305 1505 522 1549 Evangelio,
552 1518 633 1539 vere
649 1505 780 1539 Filium
799 1504 867 1539 Dei
891 1506 1078 1539 resuscita—

82 1567 204 1594 turum
229 1569 302 1590 esse
327 1564 505 1598 mortuos,
533 1564 572 1591 ut
591 1557 668 1601 pios
686 1564 788 1590 ornet
806 1557 957 1591 aeternis
979 1569 1079 1600 prae-

82 1611 185 1651 miis,
213 1615 247 1642 et
271 1608 400 1652 impios
423 1608 546 1652 poenis
564 1608 716 1644 adficiat.
769 1606 817 1642 Et
833 1608 1076 1642 testimonium

81 1661 191 1696 huius
214 1659 395 1693 doctrinae
421 1659 556 1692 editum
578 1666 629 1693 est
655 1659 811 1699 illustre,
838 1658 1076 1693 Resuscitatio

82 1720 327 1750 mortuorum,
355 1711 390 1743 id
417 1710 557 1753 signum
575 1710 752 1754 peculiare
770 1717 803 1743 et
823 1710 1007 1754 proprium
1028 1717 1077 1743 est

83 1765 157 1799 eius
188 1769 323 1802 coetus,
365 1761 424 1806 qui
457 1762 642 1805 profitetur
677 1761 877 1795 doctrinam
910 1762 1075 1794 traditam

81 1828 143 1861 per
154 1811 367 1857 Prophetas,
392 1810 574 1846 Christum
592 1810 837 1856 etApostolos.
891 1811 963 1845 Nec
979 1813 1076 1857 quis-

81 1878 185 1913 quam
209 1865 299 1898 alius
323 1871 482 1897 mortuos
504 1864 542 1896 in
560 1864 666 1897 vitam
687 1863 884 1904 revocavit,
913 1862 982 1896 nisi
1002 1864 1076 1896 eius

82 1917 264 1953 doctrinae
296 1915 522 1960 professores.
592 1913 737 1948 Certum
771 1922 820 1948 est
850 1914 958 1957 igitur
985 1911 1076 1947 hanc

82 1968 279 2003 doctrinam
299 1978 371 2000 esse
388 1966 567 2006 divinam,
595 1979 684 2011 quae
705 1966 847 2011 quidem
867 1966 940 1999 sola
961 1966 1075 2009 prima

82 2027 133 2054 est
155 2019 315 2053 omnium
340 2017 378 2050 in
401 2018 548 2052 mundo.
602 2015 648 2051 Et
672 2015 758 2050 haec
777 2017 991 2061 pronunciat
1006 2015 1075 2049 Ec-

82 2070 223 2106 clesiam
253 2081 312 2102 seu
338 2069 511 2113 populum
537 2066 603 2102 Dei
629 2080 701 2102 esse
725 2080 783 2102 eos
805 2068 866 2114 qui
894 2066 984 2101 hanc
1011 2069 1075 2101 do-

81 2123 231 2157 ctrinam
251 2121 531 2164 amplectuntur,
559 2127 713 2154 caeteros
731 2132 805 2153 non
825 2131 909 2154 esse.

81 2176 164 2209 item
177 2170 370 2205 Ecclesiam
387 2182 462 2204 non
480 2182 552 2204 esse
568 2172 755 2205 maximam
774 2169 961 2204 hominum
980 2170 1074 2203 mul-

81 2223 289 2263 titudinem,
324 2222 394 2254 imo
424 2234 524 2266 saepe
550 2223 715 2267 exiguum
740 2229 773 2256 et
799 2223 968 2256 miserum
993 2233 1072 2255 coe-

78 2285 154 2312 tum
174 2283 247 2307 Esse
273 2284 478 2317 oppressum
503 2274 672 2308 servitute
692 2281 724 2308 et
743 2274 822 2308 aliis
839 2273 962 2307 multis
979 2273 1071 2306 cala-
1098 2282 1100 2296 ’-

79 2326 283 2365 mitatibus,
308 2335 409 2368 saepe
434 2335 539 2368 penes
565 2325 694 2370 impios
720 2333 754 2360 et
778 2322 895 2359 hostes
912 2323 979 2358 Dei
999 2335 1071 2358 esse

78 2378 226 2424 imperia
247 2383 280 2409 et
297 2387 392 2419 opes.

180 2427 272 2463 Cum
296 2434 412 2460 autem
437 2423 523 2459 haec
547 2428 677 2468 species
703 2428 860 2461 offendat
877 2425 1068 2461 humanam

78 2481 271 2517 rationem,
308 2490 398 2524 quae
423 2477 542 2520 ignara
567 2478 639 2511 irae
665 2477 730 2512 Dei
755 2480 921 2513 adversus
949 2491 1068 2521 pecca-

78 2541 153 2568 tum
178 2530 326 2565 haerens
352 2530 390 2562 in
415 2535 541 2562 natura
566 2526 781 2573 hominum‚·
809 2531 963 2564 somniat
987 2530 1068 2563 illos
1095 2545 1097 2550 ⁸

76 2585 193 2630 potius
211 2581 287 2615 Deo
313 2592 411 2614 caros
436 2591 527 2620 esse,
555 2581 686 2625 quibus
709 2581 768 2614 dat
795 2593 878 2625 opes
901 2589 933 2614 et
954 2581 1067 2625 impe-

77 2637 145 2677 ria,
171 2635 252 2668 ideo
275 2633 378 2666 valde
395 2643 482 2676 opus
500 2638 551 2665 est
570 2631 674 2664 nobis
690 2629 754 2664 hac
772 2633 1068 2674 praemonitione,

962 2118 1075 2153 Docet
1100 2154 1102 2157 ,

1111 655 1117 706 1

1141 494 1215 515 cam
1242 490 1274 516 et
1300 483 1527 527 apostolicam
1554 484 1744 524 abiiciunt⁷
1780 492 1838 518 aut
1864 485 1977 528 palam
2004 491 2035 518 et
2053 496 2133 529 per-

1243 584 1339 618 Haec
1360 584 1484 628 Capita
1509 586 1663 619 breviter
1685 586 1862 625 recensui,
1890 594 1928 619 ut
1954 588 2131 621 studiosus

1139 687 1244 720 utiles
1270 687 1308 720 in
1335 685 1399 720 hac
1420 685 1566 720 historia
1592 688 1697 722 tradi.
1751 688 1935 722 Accedunt
1959 688 2073 721 obiter
2098 696 2130 721 et

1139 738 1200 770 alii
1217 739 1320 772 multi
1338 738 1406 771 loci
1422 739 1603 773 doctrinae
1615 737 1849 774 Christianae.
1898 738 2032 784 Estque
2047 751 2129 783 pru-

1139 789 1258 821 dentia
1284 787 1488 823 adhibenda
1512 791 1549 822 in
1576 791 1832 824 distribuendis
1857 791 1962 823 rebus
1977 797 2010 823 et
2028 802 2130 823 usur-

1138 840 1282 884 pandis,
1328 841 1521 873 videndum
1562 853 1652 887 quae
1690 853 1771 886 pars
1810 842 1990 875 contineat
2026 842 2130 885 leges,

1139 903 1226 936 quae
1251 892 1482 925 concionetur
1507 894 1548 925 de
1572 893 1870 937 promissionibus
1896 900 1928 926 et
1949 894 1990 925 de
2006 890 2128 925 Evan-

1137 942 1241 986 gelio.
1297 942 1385 975 Nam
1411 945 1453 976 ad
1473 940 1557 977 haec
1577 944 1691 987 prima
1708 944 1832 988 Capita
1849 944 1936 977 utile
1956 951 2006 977 est
2022 951 2131 977 mate-

1136 994 1206 1026 rias
1229 1005 1352 1027 omnes
1375 995 1518 1035 referri,
1546 994 1753 1029 Videndum
1778 1007 1866 1040 quae
1882 1007 1960 1038 pars
1978 994 2130 1027 illustret

1136 1046 1312 1087 dogmata.
1377 1044 1445 1086 Ut,
1482 1046 1567 1091 quid
1599 1053 1713 1090 potest
1736 1046 1911 1080 illustrius
1935 1043 1997 1079 καὶ
2023 1044 2129 1090 ἔναρ-

1135 1094 1309 1143 γέστερον
1333 1097 1402 1129 dici
1426 1104 1547 1130 contra
1569 1096 1734 1137 Iudaeos,
1761 1109 1866 1143 quam
1886 1098 1982 1142 quod
2000 1095 2128 1130 Daniel

1135 1148 1265 1181 diserte
1289 1148 1450 1181 adfirmat
1467 1146 1648 1182 Christum
1674 1149 1771 1182 nasci
1798 1156 1961 1192 oportere
1979 1149 2129 1181 durante

1136 1199 1257 1243 politia
1288 1198 1458 1235 Mosaica.
1537 1198 1632 1242 Ergo
1664 1200 1754 1233 illud
1785 1197 2003 1233 horrendum
2037 1198 2128 1231 exci—

1135 1251 1235 1283 dium
1254 1251 1352 1283 urbis
1372 1249 1623 1295 lerosolymae,
1654 1258 1687 1284 et
1704 1251 1829 1284 ruinae
1844 1250 1951 1284 totius
1969 1249 2128 1289 Iudaeae,

1135 1302 1204 1333 iam
1235 1301 1339 1334 annis
1365 1300 1461 1334 1470
1493 1301 1736 1335 testimonium
1764 1301 1906 1341 dicunt,
1944 1298 2126 1334 Christum

1134 1359 1257 1385 natum
1284 1364 1373 1393 esse,
1409 1360 1441 1386 et
1464 1353 1620 1386 refutant
1643 1351 1856 1385 Iudaeorum
1880 1352 2068 1385 amentiam
2097 1358 2129 1384 et

1134 1404 1366 1436 execrandam
1385 1403 1626 1447 pertinaciam.
1684 1403 1887 1436 Videndum
1912 1402 2017 1435 etiam
2038 1413 2128 1446 quae

1133 1455 1176 1488 ad
1196 1466 1298 1488 usum
1315 1454 1352 1486 in
1370 1454 1596 1489 invocatione
1615 1455 1804 1488 transferre
1820 1454 2006 1498 possimus.
2050 1453 2129 1486 Da-

1132 1505 1204 1538 niel
1229 1506 1278 1538 sie
1300 1513 1480 1549 precatur,
1507 1506 1665 1549 agnoscit
1681 1512 1837 1550 peccata,
1865 1512 1897 1539 et
1915 1505 2001 1550 petit
2018 1516 2035 1537 a
2050 1503 2126 1537 Deo

1132 1557 1379 1591 liberationem
1403 1557 1531 1590 fiducia
1551 1557 1832 1598 misericordiae,
1861 1563 1894 1589 et
1914 1555 2127 1590 nominatim

1132 1609 1247 1642 addit:
1289 1605 1485 1655 Propter
1519 1606 1788 1649 Dominum,
1825 1607 2006 1648 videlicet,
2042 1619 2127 1652 pro-

1130 1666 1209 1704 pter
1225 1660 1437 1703 promissum
1458 1658 1636 1692 Messiam.

1233 1710 1329 1744 Haec
1353 1718 1404 1744 est
1429 1723 1509 1744 vera
1538 1710 1748 1754 precationis
1773 1711 1884 1744 forma
1910 1710 1946 1742 in
1965 1707 2123 1742 Ecclesia

1130 1760 1215 1802 Dei,
1243 1763 1406 1795 accedere
1425 1763 1468 1795 ad
1486 1760 1601 1795 Deum
1619 1762 1746 1795 fiducia
1763 1760 2024 1795 misericordiae
2042 1772 2125 1804 pro-

1131 1813 1255 1846 missae
1288 1820 1432 1858 propter
1449 1813 1581 1846 Filium
1608 1813 1837 1846 mediatorem
1857 1825 1894 1846 ac
1921 1813 2124 1855 deprecato-

1129 1876 1213 1897 rem.
1268 1865 1407 1897 Arcana
1434 1876 1486 1897 res
1514 1870 1582 1904 est,
1612 1871 1645 1897 et
1668 1864 1786 1907 ignota
1811 1864 1947 1897 mundo
1967 1861 2050 1896 haec
2068 1863 2124 1895 ih-

1130 1915 1289 1953 vocatio,
1319 1917 1376 1948 sed
1404 1916 1469 1959 piis
1492 1915 1551 1960 qui
1575 1927 1655 1947 vere
1674 1913 1788 1948 Deum
1806 1916 1952 1955 timent,
1981 1914 2018 1946 in
2035 1926 2124 1959 quo-

1130 1966 1274 1999 tidianis
1291 1967 1465 2001 exercitiis
1483 1967 1648 1999 discenda
1669 1973 1737 2004 est,
1765 1978 1802 1999 ac
1821 1967 1964 2010 prodest
1981 1965 2019 1997 in
2038 1977 2123 1998 con-

1129 2026 1249 2061 spectu
1282 2014 1413 2051 habere
1437 2016 1528 2051 lianc
1552 2017 1702 2050 formam
1729 2017 1765 2050 in
1788 2016 1937 2050 Daniele
1961 2016 2123 2061 proposi-

1129 2075 1218 2108 tam,
1264 2076 1302 2102 ut
1335 2080 1397 2102 sno
1431 2070 1508 2103 loco
1542 2069 1718 2113 copiosius
1752 2069 1901 2102 dicetur.
1978 2067 2123 2101 Habent

1127 2132 1230 2153 usum
1255 2119 1292 2152 in
1319 2117 1448 2154 horum
1467 2127 1666 2163 temporum
1685 2120 1852 2164 periculis
1870 2128 1902 2152 et
1921 2118 2123 2163 praemoni-

1128 2172 1259 2211 tiones,
1288 2184 1377 2216 quae
1402 2173 1595 2206 ostendunt
1621 2183 1710 2216 quae
1734 2172 1777 2204 sit
1802 2169 1979 2208 Ecclesia,
2008 2177 2042 2203 et
2066 2169 2123 2202 iu-

1127 2223 1212 2256 bent
1235 2223 1346 2256 vitare
1365 2225 1567 2258 societatem
1588 2234 1730 2263 eorum,
1759 2222 1819 2267 qui
1838 2233 1968 2254 nomen
1988 2218 2120 2255 Christi

1126 2275 1243 2307 delere
1276 2283 1468 2316 conentur,
1515 2280 1575 2308 aut
1605 2273 1700 2307 idola
1732 2280 1854 2307 contra
1885 2270 2119 2316 Evangelium

1125 2326 1335 2362 defendunt,

1189 2429 1297 2469 Loci
1322 2426 1833 2525 praecipueCobservandi
1857 2425 1898 2465 in
1923 2424 2052 2477 primo

1579 2484 1702 2536 apite.

1603 2566 1630 2603 Ι.

1226 2630 1342 2663 Poena
1366 2628 1577 2672 impietatis,
1613 2628 1796 2667 videlicet,
1814 2628 1949 2672 -ingens
1971 2626 2115 2660 calami-

77 2698 165 2732 quae
187 2687 287 2719 docet
308 2683 488 2729 quomodo
514 2683 557 2716 de
573 2680 730 2717 Ecclesia
748 2681 815 2715 Dei
842 2683 1065 2718 sentiendum
1092 2711 1096 2724 Δ
1121 2689 1173 2716 tas
1188 2681 1313 2726 populi
1334 2680 1481 2715 Iudaici.
