2379 2948
44 122 90 157 81
780 117 834 155 11.

152 205 304 251 Sanguis
321 213 371 241 est
390 203 519 240 humor
539 204 674 239 calidus
700 211 733 239 et
757 202 948 246 humidus,
976 203 1035 237 sed

889 115 1040 154 LIBER
1066 114 1133 153 DE
1161 116 1338 158 ANIMA.

2033 135 2080 171 82

1198 203 1359 240 Iuniores
1370 214 1402 241 et
1411 208 1453 241 de
1462 207 1606 242 nomine
1621 210 1837 246 admonendi
1849 222 1940 252 sunt.
1968 218 2078 252 Aliud

45 265 280 302 temperatus,
316 257 450 298 dulcis,
484 256 625 296 ae'reus,
659 255 819 299 pinguis,
846 256 980 300 optima
1003 261 1036 288 et
1091 259 1141 287 est
1154 252 1260 299 χολὴ,
1288 256 1384 289 aliud
1398 257 1534 304 χολερά
1551 261 1643 304 apud
1663 269 1806 304 veteres,
1833 266 1893 309 qui
1913 270 2075 302 morbum

43 309 231 354 praecipua
268 321 347 353 pars
378 306 598 341 nutrimenti.

44 371 124 392 cum
142 361 313 403 sanguine
329 356 509 391 vehuntur
525 356 653 401 reliqui
674 354 850 398 immores,
879 365 911 391 et
928 356 1034 390 simul

41 409 132 444 fiunt
160 411 397 448 nutrimenta,
432 414 470 440 ut
502 407 645 450 sanguis
677 408 811 442 dilutus
834 406 1033 452 phlegmate

41 461 151 504 magis
180 462 243 494 alit
271 459 399 502 frigida
426 465 459 492 et
485 455 632 491 humida
657 460 834 500 membra,
874 467 912 493 ut
936 472 1032 493 cere-

42 512 162 545 brum.
216 510 373 543 Biliosus
397 508 509 552 magia
533 509 594 542 alit
617 510 836 554 pulmonem.
889 510 1030 543 Melan-

40 559 198 595 cholicus
216 561 326 603 magis
353 558 416 593 alit
441 571 537 601 ossa,
563 566 680 593 tamen
704 561 892 606 praecipua
915 562 1030 596 nutri-

39 613 148 645 menti
167 623 248 655 pars
269 619 319 645 est
340 611 388 651 id,
417 612 511 656 quod
531 612 674 655 proprie
692 619 742 645 est
758 614 912 655 sanguis.
938 612 1026 646 Nam

40 663 298 696 nutrimentum
316 669 454 706 oportet
477 673 549 695 esse
575 663 694 703 dulce,
722 670 782 697 aut
806 664 900 697 dulci
926 675 1027 696 succo

36 713 199 746 dilutum.
251 712 346 746 Haec
369 715 411 746 de
435 713 617 756 sanguinis
643 714 796 748 utilitate
819 715 1026 749 brevissime

35 763 194 798 recitasse
209 764 292 798 satis
315 764 371 799 sit.

135 820 306 866 Phlegma
337 830 386 857 est
410 821 541 858 humor
567 825 805 869 sulmquosus,
841 823 904 869 qui
935 823 1024 868 cepit

34 873 158 919 coqui,
186 881 224 907 ut
241 875 298 907 fiat
317 875 477 918 sanguis,
505 876 564 907 sed
584 877 742 908 nondum
761 881 944 919 percoctus
961 882 1023 909 est.

35 923 118 958 Ideo
142 931 192 958 est
216 925 401 966 subalbus,
437 925 630 969 insipidus,
666 926 798 967 tenuis,
833 938 906 958 non
943 926 1022 970 pin-

34 976 130 1019 guis,
159 987 222 1008 nec
251 976 366 1009 calore
391 988 546 1022 aequans
572 977 790 1020 sanguinem.
845 976 1023 1010 [tilitates

32 1027 107 1060 eius
125 1034 219 1067 sunt,
247 1028 430 1060 materiam
451 1039 534 1069 esse,
562 1040 602 1061 ex
621 1040 688 1073 qua
705 1027 743 1061 fit
762 1028 914 1072 sanguis,
943 1039 1021 1060 cum

32 1077 201 1121 paulatim
220 1078 329 1121 magis
344 1079 518 1124 coquitur.
571 1078 658 1112 Item
690 1080 852 1111 ardorem
879 1078 1022 1121 sangui-

31 1128 87 1161 nis
104 1129 275 1172 mitigare.
304 1128 390 1162 Item
411 1127 611 1173 prohibere,
641 1142 684 1162 ne
700 1130 841 1173 sanguis
859 1130 915 1162 fiat
933 1131 1022 1161 den-

32 1180 103 1212 sior
127 1187 160 1213 et
178 1180 323 1214 aridior.
382 1179 485 1220 ltem,
509 1193 587 1213 cum
612 1181 782 1223 sanguine
806 1181 899 1213 alere
927 1192 1022 1212 cere-

31 1230 133 1263 hrum
154 1237 187 1263 et
204 1231 270 1263 alia
290 1230 522 1274 phlegmatica
543 1232 713 1266 membra.

132 1287 186 1322 De
202 1289 346 1321 nomine
365 1287 574 1333 phlegmatis
594 1291 695 1323 rixati
715 1297 796 1323 sunt
815 1297 847 1323 et
873 1296 1020 1322 veteres.

31 1337 76 1372 Et
94 1340 238 1382 adparet
261 1338 366 1371 initio
390 1339 438 1371 sic
464 1347 626 1371 vocatum
654 1353 724 1373 esse
752 1341 923 1374 viciosum
951 1337 1019 1372 liu-

32 1400 164 1422 morem
182 1390 358 1422 adustum.
412 1387 576 1421 Notiores
600 1389 693 1421 enim
712 1396 794 1422 sunt
815 1391 946 1434 populo
965 1390 1019 1420 vi-

30 1439 114 1473 ciosi
130 1437 309 1473 humores.
360 1437 406 1473 Et
425 1452 441 1471 a
461 1440 591 1483 populo
619 1440 789 1473 vocabula
816 1439 1019 1482 accipimus,

28 1490 200 1524 Prodicus
216 1490 340 1524 maluit
358 1487 453 1523 hunc
474 1487 658 1523 humorem
677 1488 1020 1535 nominarep‘lae'l'cu',

29 1542 64 1575 id
84 1548 144 1580 est,
172 1542 347 1585 pituitam.
403 1539 547 1585 Opinor
561 1549 678 1575 autem
697 1549 730 1575 et
746 1542 780 1574 id
802 1553 930 1574 nomen
949 1541 1018 1573 iui-

29 1593 78 1626 tio
94 1593 217 1626 viciosi
248 1590 406 1626 humoris
432 1592 548 1624 fuisse.
611 1591 895 1636 interpretantur
921 1592 1016 1624 enim

27 1642 186 1688 βλέιάν,
211 1640 347 1688 μύξαν.
400 1642 524 1677 Postea
548 1643 642 1676 docti
668 1644 925 1678 transtulerunt
951 1654 1017 1675 no-

29 1707 109 1728 men
130 1697 173 1728 ad
192 1692 378 1728 humorem
404 1706 476 1727 non
500 1694 683 1727 viciosum.

131 1753 239 1787 Flava
261 1753 362 1793 bilis,
387 1750 508 1796 ξανθὴ
539 1751 649 1798 χολὴ,
684 1765 758 1786 non
783 1753 932 1793 viciosa,
968 1760 1018 1787 est

30 1816 154 1850 spuma
181 1803 363 1847 sanguinis
388 1803 503 1836 calida
530 1810 561 1836 et
589 1804 697 1841 sicca,
732 1815 821 1848 quae
845 1804 902 1842 fit,
937 1816 1016 1837 cum

29 1855 216 1889 calidiores
235 1862 267 1888 et
285 1855 447 1888 sicciores
470 1860 584 1898 partes
602 1852 697 1900 chyli
724 1861 867 1898 propter
891 1854 1015 1888 sortem

29 1907 181 1941 calorem
215 1906 263 1939 sic
291 1905 480 1939 ebulliunt.
543 1904 689 1948 Saporis
705 1913 755 1939 est
789 1904 917 1945 amari,
954 1905 1015 1949 qui

30 1957 173 2002 proprie
191 1957 323 1990 dicitur
346 1954 494 2001 πικρὸς,
521 1962 560 1989 ut
579 1954 740 1989 Galenus
761 1967 920 1999 expresse
944 1956 1016 1988 dis-

29 2008 143 2042 cernit
157 2014 346 2053 utramque
361 2007 470 2040 bilem
495 2007 697 2050 saporibus,
723 2007 905 2051 inquiens:
942 2004 1017 2040 Καί

28 2072 85 2094 τοι
103 2061 182 2094 τῶν
202 2060 347 2103 χολῶν,
373 2055 395 2103 ἦ
415 2056 486 2102 μὲν
507 2055 563 2091 ἀεὶ
585 2056 697 2103 πικρὰ
725 2054 915 2105 φαίνεται,
945 2056 1016 2092 κᾶν

28 2113 150 2157 μικρῷ
173 2107 297 2156 μυρίῳ
319 2111 449 2156 ψαῦσῃ
468 2110 532 2154 τῆς
551 2105 727 2157 γλώττης,
756 2106 775 2154 ἡ
793 2106 948 2153 μέλαινα
974 2106 1013 2143 δὲ

32 2158 141 2201 ὀξεία.
193 2160 337 2195 Colores
367 2161 472 2194 etiam
496 2161 534 2193 in
563 2172 637 2194 non
664 2160 794 2194 viciosa
818 2160 890 2194 bile
913 2160 1016 2194 diffe-

29 2219 125 2246 runt.
176 2210 274 2245 Alias
301 2211 429 2255 magis,
457 2212 542 2244 alias
562 2211 681 2245 minns
705 2212 826 2253 rubet,
850 2223 959 2257 quare
983 2218 1017 2246 et

31 2263 177 2297 mbram
197 2269 230 2296 et
247 2262 375 2296 flavam
399 2262 598 2296 nominant.

132 2328 312 2364 Utilitates
337 2329 411 2363 eius
435 2337 536 2370 sunt,
570 2328 741 2374 dissipare
763 2336 797 2363 et
820 2336 1016 2373 penetrare,

32 2380 169 2426 aperire
184 2386 319 2412 meatus
339 2380 403 2413 ubi
427 2392 506 2414 cum
532 2381 704 2424 sanguine
727 2378 892 2422 vehitur,
919 2388 952 2416 et
968 2382 1017 2414 si-

32 2431 107 2466 mul
122 2431 214 2464 alere
237 2431 393 2463 membra
418 2438 582 2474 cognata,
610 2438 650 2465 ut
675 2432 892 2475 pulmonem.
944 2431 1016 2466 Nec

32 2489 103 2516 tota
121 2480 262 2516 vehitur
279 2493 357 2514 cum
376 2481 555 2523 sanguine.
608 2481 678 2517 Sed
697 2482 811 2516 maior
825 2494 906 2526 pars
920 2483 1017 2516 deri-

34 2540 136 2567 vatur
159 2533 197 2566 in
218 2531 418 2566 folliculum
441 2532 552 2570 fellis,
587 2545 676 2578 quae
700 2541 734 2568 et
757 2533 832 2577 ipsa
857 2540 908 2568 est
933 2534 1017 2567 bilis

33 2595 106 2617 non
132 2583 274 2619 viciosa.
333 2582 424 2617 Sunt
447 2588 563 2615 autem
594 2595 634 2616 ex
661 2584 743 2618 felle
765 2591 919 2623 meatus,
954 2584 1017 2630 qui

34 2632 169 2668 vehunt
189 2634 318 2668 flavam
348 2633 456 2668 bilem
479 2633 523 2665 ad
544 2632 728 2676 intestina,
761 2641 803 2669 ut
830 2635 914 2670 inde
939 2636 1017 2680 pel-

35 2685 83 2718 lat
98 2685 199 2719 feces.

87 2737 264 2768 Menan-u.
294 2736 397 2769 Orth.
423 2736 506 2767 Vot..
535 2734 629 2767 XIII.

667 304 742 339 Etsi
776 306 871 339 enim
898 317 1036 352 semper

1090 305 1275 338 nominant
1288 306 1449 351 χολερᾶν
1468 321 1485 341 a
1498 311 1568 344 bile
1588 312 1730 355 largiter
1746 314 1916 350 influente
1935 318 1971 350 in
1992 332 2077 352 ven-

1089 355 1276 395 triculum,
1305 363 1338 390 et
1356 368 1561 401 erumpente
1589 373 1650 404 per
1667 365 1821 399 vomitus
1838 374 1870 400 et
1898 380 1960 411 per
1985 370 2076 402 infe-

1087 406 1193 439 riora.
1244 405 1309 441 Est
1332 414 1448 441 autem
1467 409 1649 452 diligentia
1672 414 1778 458 digna
1796 418 1964 452 studiosis
1981 427 2073 454 recte

1087 456 1198 501 loqui.

1187 506 1274 541 Atra
1292 507 1374 541 bilis
1391 520 1465 541 non
1483 508 1623 551 viciosa‚
1640 518 1689 543 est
1707 510 1836 549 humor
1853 521 1961 563 magis
1978 533 2072 555 cras*

1083 569 1141 591 sus
1160 565 1193 592 et
1209 559 1401 599 terrestris,
1430 560 1489 604 qui
1507 560 1543 593 in
1561 562 1732 604 sanguine
1748 566 1916 608 subsidit,
1943 584 2072 616 prope-

1083 610 1227 642 modum
1249 610 1349 653 nigro
1367 617 1400 643 et
1418 610 1577 654 spissiori
1593 612 1676 644 vino
1694 613 1837 655 similis,
1865 621 1923 651 sed
1941 629 1991 655 est
2006 624 2070 656 fri-

1053 674 1055 682 *
1081 660 1183 703 gidus
1202 667 1233 694 et
1251 661 1373 696 siccus.
1407 660 1494 694 Pars
1513 659 1654 696 vehitur
1668 675 1747 696 cum
1765 668 1953 709 sanguine,
1981 684 2070 716 quae

1081 717 1199 744 tamen
1218 712 1299 757 quia
1317 712 1468 745 diluitur
1487 713 1669 756 sanguine,
1692 715 1827 757 pontici
1845 720 1979 762 saporis
1996 734 2070 756 ma-

1079 762 1130 804 gis
1155 769 1224 803 est,
1260 774 1365 808 quam
1392 763 1502 803 acidi,
1535 770 1574 797 ut
1599 762 1749 798 Acaciae
1772 777 1832 800 seu
1855 766 2069 814 Cydonium.

1078 811 1232 858 Reliqua
1257 814 1429 847 naturalis
1446 814 1627 848 derivatur
1646 815 1683 848 in
1701 816 1879 860 splenem,
1906 832 1997 866 quae
2018 830 2068 857 est

1078 865 1189 898 acida.

1182 920 1324 956 Utilitas
1343 922 1418 955 eius
1436 929 1505 964 est,
1532 923 1738 967 sanguinem
1758 926 1906 961 reddere
1923 928 2067 972 spissio-

1078 984 1153 1005 rem
1171 980 1205 1006 et
1223 973 1459 1016 adstringere,
1485 981 1517 1007 et
1542 975 1674 1019 ubique
1699 975 1868 1010 adiuvare
1895 980 2067 1012 retentio-

1076 1035 1176 1064 nem,
1206 1030 1240 1057 et
1267 1036 1337 1057 una
1374 1037 1452 1057 cum
1487 1025 1658 1068 sanguine
1691 1027 1829 1060 nutrire
1860 1027 2066 1063 melancho-

1075 1073 1141 1106 lica
1160 1074 1318 1107 membra
1331 1101 1340 1115 ‚
1366 1087 1441 1107 ossa
1459 1081 1491 1108 et
1509 1076 1680 1119 splenem.

1177 1132 1418 1167 Recitavimus
1439 1134 1594 1167 diversas
1614 1132 1804 1169 humorum
1821 1137 1962 1181 species,
1978 1151 2064 1182 quas

1076 1189 1200 1216 natura
1232 1184 1342 1226 gignit
1373 1196 1576 1227 magnarum
1601 1185 1795 1219 utilitatum
1821 1198 1932 1220 causa.
1993 1189 2062 1222 Sed

1076 1231 1202 1266 horum
1235 1234 1414 1277 corruptio
1446 1235 1641 1278 perniciosa
1666 1242 1731 1276 est,
1763 1243 1803 1269 ut
1832 1237 1900 1270 iam
1937 1239 2064 1275 dicam.

1074 1282 1125 1316 Ac
1140 1284 1241 1316 Plato
1259 1284 1463 1327 vituperans
1489 1293 1674 1330 utramque
1699 1286 1827 1327 bilem,
1854 1295 1991 1322 tantum
2019 1291 2062 1323 de

1074 1335 1248 1378 corruptis
1266 1332 1474 1368 humoribus
1494 1335 1663 1379 loquitur.
1690 1335 1794 1369 Nunc
1811 1338 1918 1380 igitur
1934 1347 1967 1372 et
1980 1340 2062 1373 hre-

1074 1396 1133 1415 ves
1158 1385 1406 1416 distinctiones
1434 1385 1561 1417 addam
1588 1385 1631 1417 de
1650 1383 1860 1420 humoribus
1878 1400 1897 1421 a
1916 1396 2062 1424 naturae

1076 1434 1203 1467 ordine
1222 1434 1478 1468 recedentibus.

1177 1492 1357 1526 Humores
1377 1506 1396 1527 a
1415 1502 1561 1528 naturae
1580 1497 1706 1530 ordine
1732 1498 1933 1533 recedentes
1956 1511 1993 1533 ac
2008 1501 2061 1534 vi-

1072 1543 1157 1576 ciosi
1173 1544 1365 1587 dupliciter
1383 1554 1680 1591 corrumpuntur,
1707 1554 1767 1581 aut
1782 1550 1862 1594 quia
1882 1551 1958 1583 sine
1974 1552 2061 1586 alte-

1073 1594 1147 1627 rius
1170 1595 1407 1637 admixtione,
1443 1598 1638 1632 substantia
1666 1599 1739 1642 ipsa
1762 1600 1967 1643 degenerat,
2000 1609 2061 1636 aut

1071 1645 1152 1690 quia
1180 1645 1374 1680 miscentur
1397 1648 1458 1680 alii
1488 1648 1623 1683 viciosi.
1684 1648 1835 1693 Sanguis
1863 1652 2061 1696 degenerat,

1071 1703 1109 1729 ut
1128 1708 1207 1728 cum
1226 1698 1395 1739 putrescit
1412 1699 1538 1732 clausis
1563 1699 1678 1743 poris,
1706 1712 1745 1733 ac
1772 1702 1921 1736 vertitur
1947 1703 1984 1736 in
2001 1704 2060 1737 bi-

1072 1747 1139 1780 lem
1158 1747 1344 1789 viciosam,
1371 1750 1467 1782 unde
1491 1750 1605 1783 oritur
1622 1750 1789 1783 continua
1811 1752 1931 1788 febris,

1173 1805 1429 1851 Corrumpitur
1446 1809 1548 1842 etiam
1570 1808 1712 1851 sanguis
1729 1810 1946 1845 admixtione
1969 1813 2058 1847 alte—

1070 1856 1144 1889 rius
1162 1854 1337 1897 humoris,
1365 1865 1403 1891 ut
1421 1858 1458 1891 in
1483 1857 1642 1905 hydrope
1661 1859 1758 1902 prior
1782 1872 1893 1895 massa
1916 1864 2059 1906 sangui-

1069 1907 1124 1940 nis
1144 1907 1294 1941 viciatur
1310 1908 1488 1943 adfluente
1504 1910 1615 1943 crudo
1641 1907 1791 1944 humore
1806 1924 1879 1946 non
1903 1920 2001 1948 cocto
2019 1915 2056 1947 in

1071 1965 1180 2002 epate.
1237 1957 1277 1991 ln
1301 1959 1450 1993 ictericis
1473 1961 1652 1995 adfluente
1675 1960 1759 1995 bile.

1170 2015 1340 2061 Phlegma
1362 2030 1434 2052 non
1463 2020 1623 2053 naturale
1648 2021 1826 2066 quoddam
1850 2023 2056 2058 nominatur

1069 2069 1231 2109 crudum,
1258 2069 1353 2114 quod
1370 2077 1420 2104 est
1436 2066 1566 2104 humor
1581 2083 1745 2116 aquosus,
1770 2072 1920 2115 frigidus
1937 2081 1969 2108 et
1985 2072 2054 2108 hu-

1068 2119 1205 2161 midus,
1238 2120 1444 2154 redundans
1473 2121 1510 2154 in
1541 2122 1749 2166 corporibus
1779 2130 1923 2168 propter
1954 2125 2055 2159 infir-

1068 2182 1160 2204 mam
1182 2171 1388 2205 coctionem.
1440 2170 1553 2218 quue
1577 2173 1665 2206 alias
1688 2174 1830 2207 tenuius
1857 2180 1929 2215 est,
1955 2177 2052 2220 quod

1067 2228 1170 2266 sputo
1194 2222 1251 2255 vel
1274 2234 1336 2266 per
1365 2234 1468 2256 nares
1499 2223 1657 2265 eiicitur,
1684 2230 1717 2257 et
1744 2224 1923 2258 interdum
1949 2232 1988 2259 ut
2011 2226 2051 2259 in

1068 2285 1192 2319 coryza
1211 2273 1356 2316 largiter
1375 2273 1547 2315 destillat,
1571 2275 1656 2307 alias
1680 2274 1828 2307 crassius
1851 2280 1919 2316 est,
1953 2277 2049 2321 quod

1068 2324 1204 2358 vomitu
1220 2331 1253 2358 et
1273 2324 1513 2368 egestionibus
1531 2325 1708 2358 interdum
1727 2324 1876 2358 eiicitur.

1170 2382 1280 2417 Aliud
1298 2384 1475 2428 quoddam
1492 2382 1653 2428 phlegma
1678 2383 1884 2418 nominatur
1906 2384 2050 2426 salsum¹

1068 2446 1146 2468 cum
1165 2433 1331 2467 videlicet
1348 2432 1539 2478 phlegmati
1556 2434 1722 2467 miscetur
1737 2434 1815 2468 rufa
1832 2435 1924 2476 bilis,
1952 2439 2045 2481 quod

1068 2485 1210 2530 quidem
1231 2497 1272 2518 ex
1295 2496 1419 2530 sapore
1442 2483 1534 2528 sputi
1561 2483 1663 2517 facile
1683 2484 1832 2519 iudicari
1856 2493 1986 2530 potest,
2014 2496 2048 2521 et

1068 2535 1107 2570 in
1138 2535 1346 2580 corporibus
1376 2534 1712 2577 intemperantium,
1746 2536 1808 2581 qui
1832 2536 1931 2570 salsis
1959 2537 2047 2571 cibis

1068 2593 1237 2627 utuntur,
1270 2585 1426 2619 nascitur
1458 2584 1650 2628 copiosius,
1686 2598 1725 2620 ac
1748 2587 1830 2620 inde
1858 2588 2046 2631 perniciosi

1068 2634 1224 2671 catarrhi
1258 2635 1435 2668 oriuntur.
1495 2634 1709 2671 Nominatur
1738 2644 1934 2679 acetosum,
1968 2650 2046 2672 cum

1069 2687 1235 2721 miscetur
1250 2691 1325 2720 atra
1347 2685 1442 2722 bilis.

1537 2737 1562 2772 6
