2379 2948
150 84 247 124 1365

145 179 179 206 et
205 177 426 216 praestentur
453 170 525 205 veri
551 170 675 204 cultus.
728 169 810 204 Non
830 177 913 203 sunt
929 177 1045 203 autem
1067 170 1133 203 ob-

145 223 238 256 scuri
256 234 394 263 versus,
423 235 486 256 nec
504 220 634 255 habent
651 234 739 266 opus
756 222 890 265 prolixa
919 221 1131 264 interpreta-

143 274 252 308 tione.
305 272 408 306 Clare
432 274 664 307 concionatur
687 275 730 305 de
755 273 817 306 tali
843 283 972 315 regno,
998 273 1033 305 in
1060 284 1130 317 quo

143 325 276 368 agnitio
311 331 342 356 et
377 325 452 357 laus
475 324 541 356 Dei
578 324 710 368 ubique
738 325 774 356 in
812 323 897 355 orbe
930 331 1124 366 spargatur.

144 374 263 418 Quare
290 375 461 417 significat
482 374 669 417 Evangelii
695 374 892 407 doctrinam
916 375 958 406 de
978 372 1130 413 Christo,

142 425 414 469 praedicandam
439 436 510 458 esse
529 425 566 457 in
582 431 655 457 toto
673 426 769 459 orbe.
824 424 904 457 Non
930 424 1023 456 enim
1051 435 1129 468 pos-

141 483 219 509 sent
237 475 382 508 existere
399 476 494 516 laus,
521 482 553 508 et
569 475 641 507 veri
659 476 773 508 cultus
791 474 857 507 Dei
881 476 973 518 apud
1001 482 1129 516 genteS,

141 527 210 560 nisi
229 525 462 568 Evangelium
482 527 621 559 doceret
639 538 702 558 nos
718 527 760 558 de
779 526 960 559 voluntate
971 524 1049 565 Dei,
1077 526 1129 557 vi-

142 578 270 610 delicet
294 577 338 610 de
363 576 603 610 misericordia
631 577 802 620 gratuita,
828 577 920 621 quod
945 577 1029 609 velit
1057 588 1129 608 esse

140 628 341 672 propicius,
368 640 433 661 nos
457 628 628 671 respicere
653 634 685 661 et
709 628 843 660 salvare
865 634 1008 671 propter
1024 624 1130 661 Chri-

141 686 246 714 stum.

141 731 236 775 qnod
262 729 305 763 sit
327 728 440 768 Deus,
470 731 565 775 quod
591 730 635 763 sit
653 730 840 769 colendus,
868 729 963 773 quod
981 729 1128 762 benefa-

141 781 209 814 ciat
226 779 326 813 iustis
344 787 423 821 etc.,
447 787 564 814 tamen
581 792 655 814 non
674 787 819 824 possunt
834 787 1006 820 statuere,
1034 780 1128 824 quod

139 831 262 876 gratis
289 831 444 865 remittat
469 838 627 876 peccata,
664 833 757 876 quod
790 843 869 864 vere
903 830 1066 873 respiciat
1097 837 1129 863 et

141 881 302 915 exaudiat
337 882 521 925 indignos,
573 895 646 915 non
682 882 932 915 satisfacientes
967 882 1032 924 legi
1068 888 1128 914 etc.

141 932 261 975 Quare
278 944 349 965 non
370 946 450 966 vere
477 935 626 966 credunt
642 932 735 972 Deo,
758 945 829 965 non
858 939 1004 976 possunt
1028 932 1130 964 invo-

140 995 235 1024 care,
263 984 426 1023 laudare,
462 992 494 1018 et
519 996 621 1027 agere
650 984 794 1027 gratias:
829 984 888 1016 sed
918 981 1064 1015 haerent
1093 983 1130 1015 in

139 1042 307 1078 perpetua
334 1035 575 1076 dubitatione,
610 1047 699 1080 quae
724 1042 855 1078 pugnat
880 1046 957 1067 cum
984 1034 1071 1074 fide,
1098 1040 1130 1066 et

139 1085 288 1129 impedit
304 1085 564 1119 invocationem
583 1093 616 1120 et
635 1097 734 1118 veros
752 1086 877 1120 cultus,

241 1150 337 1195 Ergo
357 1164 435 1185 cum
455 1153 539 1186 dicit
556 1152 727 1193 Psalmus,
744 1151 859 1185 Deum
878 1152 1030 1195 agnosci,
1053 1151 1129 1184 lau-

139 1203 215 1237 dari
237 1210 267 1236 et
284 1203 472 1246 glorificari
489 1205 582 1247 apud
602 1216 723 1236 omnes
748 1210 884 1246 gentes,
911 1203 994 1236 satis
1011 1209 1128 1235 osten-

139 1255 193 1288 dit
210 1266 246 1287 se
266 1254 363 1299 loqui
382 1253 629 1298 deEvangelio
647 1255 843 1298 spargendo
862 1255 899 1286 in
917 1254 1040 1286 orbem
1059 1260 1129 1286 ter-
1154 1273 1156 1283 r

139 1317 281 1345 rarum,
309 1317 398 1350 quae
424 1313 473 1338 est
497 1318 589 1338 nova
605 1306 787 1345 doctrina,
813 1306 943 1338 docens
960 1306 1003 1337 de
1023 1304 1129 1336 mise-

139 1356 292 1389 ricordia
311 1363 344 1389 et
363 1356 558 1396 beneficiis,
586 1368 673 1401 quae
692 1356 794 1388 nobis
809 1356 991 1388 donantur
1004 1355 1129 1399 gratis

138 1419 211 1439 non
232 1412 375 1450 propter
394 1406 520 1449 legem,
546 1408 605 1439 sed
627 1413 770 1451 propter
787 1403 982 1439 Christum.

242 1473 342 1506 Haec
366 1479 416 1506 est
435 1484 570 1506 summa
591 1472 805 1513 sententiae,
834 1484 923 1517 quae
946 1472 1029 1505 satis
1047 1483 1127 1515 per-

139 1524 259 1567 spicua
285 1531 345 1558 est.
408 1522 564 1557 Tantum
587 1521 655 1557 hoc
678 1524 938 1563 consideretur,
973 1520 1127 1567 prophe-

139 1582 209 1608 tam
240 1574 423 1607 vaticinari
454 1578 497 1606 de
514 1573 708 1617 Evangelio
733 1581 766 1607 et
788 1574 966 1607 beneficiis
985 1571 1127 1614 Christi,
1151 1605 1153 1611 ,

138 1633 176 1659 ut
189 1623 273 1659 haec
285 1626 707 1669 opponanturdoctrinae
724 1632 756 1659 et
767 1625 922 1658 cultibus
939 1625 1033 1667 legis.
1063 1623 1127 1657 Di-
1151 1615 1154 1654 ἷ
1178 1629 1250 1649 δῦὸῑ
1281 1614 1465 1649 Ε-ῖϊεῖδαδ
1482 1627 1590 1661 Super
1608 1628 1730 1649 omnes
1744 1621 1868 1662 gentes
1883 1617 2085 1661 Dominus,
2105 1631 2168 1657 etc.

138 1677 292 1720 ligenter
313 1676 408 1709 enim
431 1676 664 1709 discernenda
691 1683 791 1715 sunt,
820 1687 967 1718 regnum
995 1673 1126 1709 Christi

138 1735 173 1762 et
198 1728 311 1761 cultus
335 1726 427 1760 Novi
445 1725 685 1767 Testamenti,
712 1739 730 1759 a
756 1726 916 1761 doctrina
945 1738 1005 1759 seu
1023 1726 1128 1758 culti-

138 1780 204 1813 bus
230 1778 335 1821 legis,
363 1789 424 1810 seu
443 1777 626 1818 Mosaicis,
651 1778 739 1811 sicut
761 1790 862 1821 saepe
880 1778 964 1809 alias
984 1777 1125 1812 dicitur.

139 1829 264 1863 Iudaei
288 1829 514 1863 somniabant
537 1826 718 1862 Christum
752 1828 1027 1862 constituturum
1056 1839 1126 1860 esse
1151 1854 1153 1864 ,

138 1881 321 1926 quoddam
351 1886 536 1913 externum
567 1891 606 1912 ac
630 1880 850 1913 mundanum
883 1890 1052 1921 regnum,
1090 1891 1125 1910 1n

138 2033 293 2078 populo,
320 2043 379 2065 seu
405 2029 488 2066 huic
513 2032 654 2076 politiae
669 2032 857 2066 Mosaicae.
912 2031 960 2065 lta
977 2031 1128 2064 carnali-

138 2091 192 2117 ter
211 2083 496 2126 imaginabantur
513 2084 554 2116 de
572 2094 680 2126 regno
700 2080 849 2121 Christi,
878 2094 940 2115 nec
957 2082 1127 2125 putabant

138 2135 235 2168 aliud
254 2134 348 2175 fore,
375 2135 443 2167 nisi
463 2135 752 2178 propagationem
779 2133 923 2178 politiae
950 2132 1128 2166 Mosaicae

139 2193 172 2219 et
192 2185 354 2219 cultuum
374 2185 457 2228 legis
486 2185 522 2218 in
539 2192 653 2219 toturn
671 2185 805 2219 orbem.

243 2251 311 2285 Sed
337 2251 510 2296 scriptura
541 2251 632 2285 clare
661 2252 781 2292 docet,
817 2262 964 2294 regnum
990 2248 1125 2285 Christi

140 2314 212 2336 non
231 2314 303 2336 esse
321 2302 495 2335 eiusmodi
515 2304 732 2336 mundanam
751 2302 930 2347 politiam,
957 2309 988 2335 et
1006 2302 1128 2334 obser-

140 2354 319 2387 vationem
339 2353 470 2386 rituum
489 2360 523 2386 et
539 2353 696 2388 cultuum
708 2353 959 2387 Mosaicorum:
986 2354 1043 2385 sed
1056 2364 1128 2386 esse

141 2405 324 2448 spirituale
348 2416 515 2447 regnum,
543 2404 579 2436 in
606 2416 675 2449 quo
697 2405 874 2449 spargitur
901 2416 1032 2436 novum
1050 2415 1128 2436 ver·
1154 2435 1155 2438 ,

138 2456 246 2495 hum,
274 2455 455 2493 videlicet,
484 2456 527 2487 de
554 2467 646 2488 nova
671 2462 704 2489 et
727 2463 866 2490 aeterna
894 2454 1052 2493 iusticia,
1086 2455 1129 2487 de
1154 2448 1155 2486 ἶ

140 2506 352 2540 liberatione
370 2518 387 2539 a
407 2512 544 2550 peccato
570 2512 602 2539 et
620 2517 638 2539 a
655 2513 768 2540 morte
784 2514 923 2540 aeterna
941 2518 1004 2549 per
1022 2502 1129 2538 Chri-

141 2564 254 2598 stum,
282 2565 315 2591 et
338 2558 433 2602 quod
460 2557 573 2600 gignit
595 2557 632 2589 in
657 2558 823 2591 cordibus
850 2569 977 2590 novam
1003 2557 1129 2596 lucem,
1154 2586 1156 2589 ,

142 2615 174 2641 et
193 2620 309 2641 veram
327 2609 543 2652 agnitionem
560 2606 643 2640 Dei:
671 2608 764 2651 parit
789 2620 899 2641 novos
918 2608 1033 2640 cultus
1058 2607 1129 2650 spi·
1154 2619 1156 2642 ;

142 2659 305 2701 rituales,
334 2659 457 2700 fidem,
484 2659 766 2700 invocationem,
792 2658 1046 2692 consessionem
1064 2664 1128 2692 etc.

744 83 807 120 IX.
857 81 1224 119 COMMENTARII
1254 81 1305 117 IN
1332 81 1575 119 PSALMOS.

300 677 388 712 Nam
413 680 476 712 etsi
501 676 663 712 homines
687 675 818 711 habent
841 678 1007 711 noticiam
1033 678 1129 721 legis,
1154 702 1155 706 ,

2080 92 2178 127 1366

1289 167 1362 201 Has
1387 180 1441 202 res
1459 169 1571 202 adfert
1590 169 1692 203 nobis
1710 166 1964 215 Evangelium‚
1992 187 2070 209 cum
2088 189 2174 211 con-

1186 219 1348 253 cionatur
1363 220 1406 252 de
1425 232 1531 262 regno
1546 217 1700 261 Christi,
1729 233 1801 254 non
1826 225 2008 258 constituit
2027 228 2171 273 aliquod

1185 278 1384 309 externum,
1413 272 1634 304 mundanum
1658 284 1826 315 regnum,
1852 286 1925 307 non
1942 277 2086 312 subiicit
2108 292 2170 314 nos

1184 321 1326 364 politiae
1352 320 1545 361 Mosaicae,
1581 334 1643 355 nec
1671 324 1819 367 requirit
1851 326 1939 359 ritus
1970 336 2028 362 aut
2055 329 2170 364 cultus

1183 373 1288 415 legis,
1317 372 1387 403 imo
1412 379 1579 417 exaequat
1607 381 1793 418 utrosque,
1820 383 1939 418 gentes
1957 384 1990 412 et
2009 378 2169 420 Iudaeos,

1183 422 1365 464 coniungit
1376 429 1554 468 utrunque
1570 424 1754 467 populum,
1772 425 1867 460 iubet
1878 434 2048 475 utrosque
2062 442 2171 474 agno-

1183 486 1276 506 scere
1294 471 1388 505 hunc
1405 471 1607 514 Christum,
1636 482 1668 507 et
1685 482 1857 517 statuere,
1884 480 1977 523 quod
1998 493 2069 513 non
2089 494 2172 526 pro-

1182 531 1258 568 pter
1284 524 1414 566 legem,
1443 536 1505 556 nec
1531 525 1812 559 observationem
1835 528 1967 562 rituum
1993 530 2172 566 Mosaico-

1182 588 1277 616 rum,
1305 587 1368 608 nec
1383 581 1527 618 propter
1552 577 1729 619 propriam
1750 578 1974 620 dignitatem,
2003 584 2060 614 sed
2088 596 2171 626 pro-

1182 634 1258 670 pter
1277 625 1487 670 promissum
1514 637 1632 658 semen
1656 628 1873 671 recipiantur
1889 630 1926 663 in
1944 633 2107 674 gratiam,
2137 642 2171 669 et

1182 683 1443 721 consequantur
1461 677 1702 709 remissionem
1722 686 1956 722 peccatorum,
1981 685 2171 718 exaudian-

1182 735 1241 761 tur
1266 735 1298 761 et
1321 728 1520 768 salventur,
1548 734 1580 760 et
1608 729 1760 771 postulat
1784 741 1896 764 novos
1922 732 2053 775 cultus,
2081 735 2170 771 sicut

1182 779 1315 811 dictum
1334 785 1395 811 est.

1283 838 1334 871 Ita
1351 835 1624 881 etEvangelium
1641 838 1734 871 tollit
1753 839 1941 874 discrimen
1954 840 2166 877 Iudaeorum

1155 921 1156 929 ἶ
1182 896 1213 922 et
1230 889 1406 932 gentium,
1433 900 1505 921 non
1530 889 1677 933 requirit
1700 901 1827 922 novam
1854 892 2014 934 politiam
2039 902 2099 928 aut
2122 896 2170 928 ri—

1182 947 1252 972 tus:
1295 941 1352 972 sed
1389 940 1530 972 subiicit
1561 952 1681 972 omnes
1716 941 1779 972 uni
1805 939 1966 984 Christo,
2003 947 2171 990 proponit

1154 993 1157 1030 ξ
1184 993 1322 1023 eosdem
1340 990 1454 1023 cultus
1473 991 1691 1034 spirituales,
1720 998 1781 1023 etc.

1281 1048 1377 1082 Haec
1401 1049 1643 1092 significantur
1668 1050 1702 1082 in
1730 1048 1784 1083 his
1808 1053 1984 1087 versibus:
2012 1052 2069 1088 Ab
2090 1060 2169 1089 orlu

1182 1097 1283 1133 Solis
1302 1098 1357 1132 ad
1369 1111 1533 1132 occasum
1553 1097 1747 1133 laudabile
1763 1113 1892 1135 nomen
1906 1102 2085 1144 Domini,
2116 1108 2170 1140 vi-

1181 1151 1319 1191 delicet,
1349 1163 1481 1184 novum
1498 1151 1644 1184 verbum
1665 1154 1899 1195 spargendum
1923 1167 1994 1188 esse
2011 1157 2053 1189 de
2063 1155 2171 1191 Chri-

1181 1209 1252 1241 sto,
1280 1214 1342 1246 per
1359 1203 1452 1247 quod
1471 1214 1551 1234 vere
1567 1210 1774 1244 agnoscatur
1788 1202 1903 1245 Deus,
1933 1213 1966 1239 et
1987 1215 2168 1250 praesten-

1181 1260 1239 1286 tur
1263 1253 1336 1286 veri
1362 1254 1494 1291 cultus,
1524 1265 1595 1285 non
1623 1260 1758 1286 tantum
1787 1256 1879 1298 apud
1907 1255 2072 1297 Iudaeos,
2110 1262 2169 1293 sed

1181 1304 1313 1348 ubique
1338 1304 1375 1336 in
1400 1311 1471 1337 toto
1491 1305 1576 1337 orbe
1592 1311 1784 1345 terrarum,
1812 1318 1876 1339 nec
1894 1309 2027 1352 requiri
2048 1310 2169 1343 obser-

1154 1363 1156 1382 ῐ
1182 1355 1358 1388 vationem
1385 1355 1518 1388 rituum
1541 1355 1684 1397 politiae
1702 1353 1898 1398 Mosaicae,
1926 1359 1986 1392 sed
2013 1356 2076 1393 hos
2098 1361 2171 1405 spi—

1181 1406 1324 1438 rituales
1339 1405 1472 1443 cultus‚
1501 1405 1659 1445 laudem,
1688 1407 1961 1449 confessionem,
1988 1412 2170 1453 praedica-

1179 1455 1310 1489 tionem
1331 1455 1593 1488 misericordiae
1616 1462 1649 1489 et
1674 1456 1944 1498 beneficiorum,
1975 1473 2062 1505 quae
2087 1474 2171 1506 pro-

1180 1507 1280 1551 ponit
1296 1504 1543 1549 Evangelium.

1284 1565 1380 1598 Idem
1399 1566 1519 1605 docet,
1548 1566 1602 1598 vel
1618 1567 1734 1609 potius
1752 1567 1905 1602 declarat
1922 1580 2073 1615 sequens
2091 1584 2171 1606 ver-

1178 1667 1359 1710 Significat
1377 1679 1457 1699 vere
1476 1678 1620 1710 regnum
1632 1668 1694 1701 Dei
1714 1669 1828 1712 spargi
1846 1670 1882 1702 in
1901 1683 2022 1705 omnes
2038 1681 2168 1716 gentes,

1178 1719 1273 1762 quod
1293 1730 1364 1751 non
1381 1725 1431 1751 est
1449 1724 1589 1751 externa
1612 1719 1732 1761 politia
1752 1719 1926 1753 Mosaica:
1942 1724 2000 1755 sed
2019 1735 2168 1767 regnum

1177 1769 1378 1813 spirituale,
1407 1769 1444 1801 in
1470 1781 1539 1813 quo
1567 1768 1662 1801 Deus
1687 1782 1750 1813 per
1774 1771 1920 1804 verbum
1938 1774 2025 1816 regit
2049 1781 2083 1808 et
2104 1787 2169 1818 gn-

1178 1821 1302 1853 bernat
1334 1826 1485 1859 mentes,
1523 1819 1682 1854 infundit
1716 1821 1765 1853 eis
1798 1833 1926 1855 novam
1961 1824 2093 1866 lucem,
2129 1833 2169 1860 ut

1179 1871 1292 1914 ipsum
1319 1876 1526 1913 agnoscant,
1554 1877 1587 1903 et
1613 1877 1661 1903 est
1685 1871 1804 1904 efficax
1828 1873 1908 1906 dato
1932 1873 2069 1918 Spiritu
2086 1888 2168 1910 san—

139 1943 211 1979 quo
230 1932 283 1964 lex
303 1937 335 1963 et
352 1931 473 1974 politia
492 1930 660 1971 Mosaica,
690 1937 941 1974 propagaretur
960 1930 993 1962 in
1014 1936 1126 1962 totum
1152 1939 1154 1968 ξ
1178 1930 1231 1954 0ῐο
1251 1922 1286 1953 ῗΠ
1306 1921 1490 1961 cordibus,
1517 1927 1556 1954 Ut
1579 1928 1672 1955 cerlo
1695 1923 1838 1956 credant
1855 1925 1949 1968 quod
1974 1926 2018 1959 sit
2044 1928 2167 1971 propi—

139 1983 283 2023 orbem,
320 1988 352 2014 et
376 1981 618 2014 subiecturum
652 1993 724 2015 esse
750 1992 871 2014 omnes
894 1987 1013 2023 gentes
1045 1977 1128 2013 huic
1178 1973 1270 2011 Cius,
1307 1972 1401 2017 quod
1431 1971 1586 2005 remittat
1625 1980 1763 2016 peccata
1798 1981 1942 2018 propter
1973 1973 2167 2018 Christum,

1152 2027 1155 2078 j
1180 2024 1273 2068 quod
1302 2035 1382 2056 vere
1407 2029 1555 2066 praestet
1588 2023 1776 2066 promissa,
1812 2025 1974 2059 exaudiat
2000 2035 2032 2061 et
2056 2029 2167 2063 salvet

1153 2082 1154 2085 ’
1180 2085 1253 2114 nos,
1273 2081 1336 2109 etc.
1388 2072 1484 2106 Haec
1505 2080 1679 2107 testantur
1696 2076 1789 2119 quod
1809 2088 1889 2108 vere
1906 2086 2045 2119 regnet,
2074 2086 2106 2112 et
2121 2080 2166 2113 sit

1153 2108 1155 2154 i
1179 2125 1297 2158 efficax
1312 2125 1349 2157 in
1367 2124 1611 2165 credentibus,
1641 2125 1723 2169 quia
1741 2127 1784 2159 ab
1803 2123 1856 2158 his
1874 2126 2106 2170 glorificatur,
2127 2130 2164 2163 id

1153 2161 1156 2222 l
1178 2183 1246 2216 est,
1271 2187 1352 2208 vere
1371 2176 1573 2218 agnoscitur
1593 2177 1687 2220 quod
1706 2176 1749 2208 sit
1769 2177 1864 2217 talis,
1893 2178 2008 2222 qualis
2024 2181 2164 2223 praedi-

1154 2225 1156 2261 ἷ
1178 2234 1275 2260 catur
1299 2227 1335 2259 in
1366 2227 1495 2267 verbo,
1527 2232 1559 2258 et
1582 2233 1803 2268 praestantur
1828 2227 1913 2260 tales
1936 2229 2067 2270 cultus,
2103 2231 2165 2276 qui

1154 2268 1155 2321 l
1178 2278 1294 2321 ipsum
1318 2277 1474 2310 afficiunt
1498 2274 1652 2317 honore,
1688 2285 1719 2310 et
1745 2289 1823 2310 vere
1847 2278 1877 2310 ei
1903 2279 2066 2313 tribuunt
2088 2282 2164 2324 glo-

1154 2323 1155 2327 *
1178 2329 1285 2366 riam,
1314 2329 1408 2373 quod
1436 2328 1480 2361 sit
1503 2326 1616 2365 Deus,
1644 2329 1737 2372 quod
1761 2328 1938 2372 impertiat
1958 2326 2043 2364 haec
2060 2331 2165 2374 hona,

1154 2400 1156 2423 ³.
1178 2380 1220 2412 de
1240 2379 1368 2424 quibus
1386 2379 1617 2412 concionatur
1634 2376 1880 2422 Evangelium.

1154 2494 1156 2519 ;
1228 2478 1323 2563 Quhis
1334 2479 1432 2562 Σὶειιί
1453 2477 1641 2514 Dominus
1656 2477 1760 2513 Deus
1779 2485 1911 2519 noster,
1935 2481 2002 2529 qui
2017 2482 2055 2516 in
2073 2482 2164 2519 altis

1154 2541 1156 2565 ‘y
1306 2544 1328 2563 a
1357 2530 1449 2571 ital,
1478 2535 1537 2563 etc.

1279 2604 1379 2639 Dixit
1395 2605 1558 2638 Psalmus
1575 2605 1618 2638 de
1640 2618 1719 2638 vera
1740 2606 1869 2639 noticia
1888 2605 1973 2647 Dei,
2002 2620 2167 2652 spargen-

1154 2665 1158 2693 ὲ
1179 2658 1222 2691 da
1243 2658 1280 2690 in
1299 2663 1412 2690 totum
1431 2658 1552 2690 orbem
1575 2668 1637 2700 per
1658 2655 1907 2701 Evangelium:
1938 2671 2031 2693 nunc
2050 2672 2170 2694 recen-

1608 2704 1689 2741 86⁹
