<?xml version="1.0" encoding="UTF-8"?>
<!DOCTYPE html PUBLIC "-//W3C//DTD XHTML 1.0 Transitional//EN"
    "http://www.w3.org/TR/xhtml1/DTD/xhtml1-transitional.dtd">
<html xmlns="http://www.w3.org/1999/xhtml" xml:lang="en" lang="en">
 <head>
  <title>
</title>
<meta http-equiv="Content-Type" content="text/html;charset=utf-8" />
  <meta name='ocr-system' content='tesseract 3.04.00' />
  <meta name='ocr-capabilities' content='ocr_page ocr_carea ocr_par ocr_line ocrx_word'/>
</head>
<body>
  <div class='ocr_page' id='page_1' title='image "./operaquaesupersu13melauoft_0664.png"; bbox 0 0 2379 2948; ppageno 0'>
   <div class='ocr_carea' id='block_1_1' title="bbox 248 100 343 138">
    <p class='ocr_par' dir='ltr' id='par_1_1' title="bbox 248 100 343 138">
     <span class='ocr_line' id='line_1_1' title="bbox 248 100 343 138; baseline -0.032 -1"><span class='ocrx_word' id='word_1_1' title='bbox 248 100 343 138; x_wconf 81' lang='lat'>1307</span> 
     </span>
    </p>
   </div>
   <div class='ocr_carea' id='block_1_2' title="bbox 249 173 1238 530">
    <p class='ocr_par' dir='ltr' id='par_1_2' title="bbox 249 173 1238 530">
     <span class='ocr_line' id='line_1_2' title="bbox 249 173 1234 221; baseline -0.012 -3"><span class='ocrx_word' id='word_1_2' title='bbox 249 196 338 220; x_wconf 80' lang='lat' dir='ltr'>esse,</span> <span class='ocrx_word' id='word_1_3' title='bbox 373 182 552 221; x_wconf 85' lang='lat' dir='ltr'>inutilem,</span> <span class='ocrx_word' id='word_1_4' title='bbox 587 180 819 213; x_wconf 86' lang='lat' dir='ltr'>interituram.</span> <span class='ocrx_word' id='word_1_5' title='bbox 875 175 1006 210; x_wconf 87' lang='lat' dir='ltr'>Contra</span> <span class='ocrx_word' id='word_1_6' title='bbox 1033 173 1116 209; x_wconf 90' lang='lat' dir='ltr'>baec</span> <span class='ocrx_word' id='word_1_7' title='bbox 1141 174 1234 209; x_wconf 89' lang='lat' dir='ltr'>iudi-</span> 
     </span>
     <span class='ocr_line' id='line_1_3' title="bbox 251 226 1234 269; baseline -0.012 0"><span class='ocrx_word' id='word_1_8' title='bbox 251 237 303 269; x_wconf 84' lang='lat' dir='ltr'>cia</span> <span class='ocrx_word' id='word_1_9' title='bbox 329 234 509 267; x_wconf 82' lang='lat' dir='ltr'>confirmat</span> <span class='ocrx_word' id='word_1_10' title='bbox 533 243 596 264; x_wconf 81' lang='lat' dir='ltr'>nos</span> <span class='ocrx_word' id='word_1_11' title='bbox 615 230 794 268; x_wconf 87' lang='lat' dir='ltr'>Psalmus,</span> <span class='ocrx_word' id='word_1_12' title='bbox 821 235 854 262; x_wconf 90' lang='lat' dir='ltr'>et</span> <span class='ocrx_word' id='word_1_13' title='bbox 876 228 971 261; x_wconf 90' lang='lat' dir='ltr'>iubet</span> <span class='ocrx_word' id='word_1_14' title='bbox 989 233 1026 260; x_wconf 90' lang='lat' dir='ltr'>ut</span> <span class='ocrx_word' id='word_1_15' title='bbox 1044 226 1234 259; x_wconf 77' lang='lat' dir='ltr'><strong>sentiamus</strong></span> 
     </span>
     <span class='ocr_line' id='line_1_4' title="bbox 253 276 1234 323; baseline -0.012 -3"><span class='ocrx_word' id='word_1_16' title='bbox 253 285 318 320; x_wconf 90' lang='lat' dir='ltr'>hoc</span> <span class='ocrx_word' id='word_1_17' title='bbox 337 285 482 317; x_wconf 79' lang='lat' dir='ltr'>verbum</span> <span class='ocrx_word' id='word_1_18' title='bbox 501 293 639 321; x_wconf 86' lang='lat' dir='ltr'>verum,</span> <span class='ocrx_word' id='word_1_19' title='bbox 667 288 699 314; x_wconf 80' lang='lat' dir='ltr'>et</span> <span class='ocrx_word' id='word_1_20' title='bbox 717 279 966 323; x_wconf 82' lang='lat' dir='ltr'>promissiones</span> <span class='ocrx_word' id='word_1_21' title='bbox 983 285 1093 317; x_wconf 86' lang='lat' dir='ltr'>ratas,</span> <span class='ocrx_word' id='word_1_22' title='bbox 1122 276 1234 309; x_wconf 86' lang='lat' dir='ltr'>effica-</span> 
     </span>
     <span class='ocr_line' id='line_1_5' title="bbox 254 325 1236 377; baseline -0.01 -8"><span class='ocrx_word' id='word_1_23' title='bbox 254 349 326 377; x_wconf 78' lang='lat' dir='ltr'>ces,</span> <span class='ocrx_word' id='word_1_24' title='bbox 369 336 534 367; x_wconf 87' lang='lat' dir='ltr'>salutares</span> <span class='ocrx_word' id='word_1_25' title='bbox 566 343 653 364; x_wconf 87' lang='lat' dir='ltr'>esse:</span> <span class='ocrx_word' id='word_1_26' title='bbox 689 329 803 364; x_wconf 88' lang='lat' dir='ltr'>Deum</span> <span class='ocrx_word' id='word_1_27' title='bbox 837 336 994 363; x_wconf 83' lang='lat' dir='ltr'>autorem</span> <span class='ocrx_word' id='word_1_28' title='bbox 1027 339 1098 361; x_wconf 88' lang='lat' dir='ltr'>esse</span> <span class='ocrx_word' id='word_1_29' title='bbox 1131 325 1236 360; x_wconf 91' lang='lat' dir='ltr'>buius</span> 
     </span>
     <span class='ocr_line' id='line_1_6' title="bbox 255 377 1236 427; baseline -0.012 -6"><span class='ocrx_word' id='word_1_30' title='bbox 255 388 372 426; x_wconf 80' lang='lat' dir='ltr'>verbi,</span> <span class='ocrx_word' id='word_1_31' title='bbox 408 397 486 417; x_wconf 72' lang='lat' dir='ltr'>vere</span> <span class='ocrx_word' id='word_1_32' title='bbox 513 382 707 427; x_wconf 89' lang='lat' dir='ltr'>approbare</span> <span class='ocrx_word' id='word_1_33' title='bbox 735 379 798 413; x_wconf 89' lang='lat' dir='ltr'>hos</span> <span class='ocrx_word' id='word_1_34' title='bbox 823 381 955 420; x_wconf 86' lang='lat' dir='ltr'>cultus,</span> <span class='ocrx_word' id='word_1_35' title='bbox 990 391 1070 412; x_wconf 85' lang='lat' dir='ltr'>vere</span> <span class='ocrx_word' id='word_1_36' title='bbox 1093 377 1236 411; x_wconf 81' lang='lat' dir='ltr'>exaudi-</span> 
     </span>
     <span class='ocr_line' id='line_1_7' title="bbox 254 430 1238 475; baseline -0.012 -3"><span class='ocrx_word' id='word_1_37' title='bbox 254 446 370 472; x_wconf 89' lang='lat' dir='ltr'>turum</span> <span class='ocrx_word' id='word_1_38' title='bbox 399 446 486 474; x_wconf 89' lang='lat' dir='ltr'>esse,</span> <span class='ocrx_word' id='word_1_39' title='bbox 514 441 547 467; x_wconf 88' lang='lat' dir='ltr'>et</span> <span class='ocrx_word' id='word_1_40' title='bbox 571 445 650 466; x_wconf 81' lang='lat' dir='ltr'>vere</span> <span class='ocrx_word' id='word_1_41' title='bbox 669 430 909 465; x_wconf 76' lang='lat' dir='ltr'>exhibiturum</span> <span class='ocrx_word' id='word_1_42' title='bbox 929 430 1098 475; x_wconf 86' lang='lat' dir='ltr'>promissa</span> <span class='ocrx_word' id='word_1_43' title='bbox 1113 440 1238 472; x_wconf 90' lang='lat' dir='ltr'>corpo-</span> 
     </span>
     <span class='ocr_line' id='line_1_8' title="bbox 255 480 1187 530; baseline -0.011 -8"><span class='ocrx_word' id='word_1_44' title='bbox 255 489 338 522; x_wconf 86' lang='lat' dir='ltr'>ralia</span> <span class='ocrx_word' id='word_1_45' title='bbox 358 495 389 521; x_wconf 90' lang='lat' dir='ltr'>et</span> <span class='ocrx_word' id='word_1_46' title='bbox 407 484 620 530; x_wconf 78' lang='lat' dir='ltr'>spiritualia:</span> <span class='ocrx_word' id='word_1_47' title='bbox 650 482 744 516; x_wconf 83' lang='lat' dir='ltr'>Haec</span> <span class='ocrx_word' id='word_1_48' title='bbox 762 490 811 517; x_wconf 82' lang='lat' dir='ltr'>est</span> <span class='ocrx_word' id='word_1_49' title='bbox 832 494 966 515; x_wconf 90' lang='lat' dir='ltr'>summa</span> <span class='ocrx_word' id='word_1_50' title='bbox 985 480 1187 514; x_wconf 85' lang='lat' dir='ltr'>sententiae.</span> 
     </span>
    </p>
   </div>
   <div class='ocr_carea' id='block_1_3' title="bbox 256 548 1244 1306">
    <p class='ocr_par' dir='ltr' id='par_1_3' title="bbox 256 548 1244 1306">
     <span class='ocr_line' id='line_1_9' title="bbox 359 548 1239 594; baseline -0.01 -6"><span class='ocrx_word' id='word_1_51' title='bbox 359 554 427 589; x_wconf 88' lang='lat' dir='ltr'>Sed</span> <span class='ocrx_word' id='word_1_52' title='bbox 458 551 516 586; x_wconf 90' lang='lat' dir='ltr'>hic</span> <span class='ocrx_word' id='word_1_53' title='bbox 548 551 773 594; x_wconf 83' lang='lat' dir='ltr'>cogitandum</span> <span class='ocrx_word' id='word_1_54' title='bbox 803 557 835 583; x_wconf 91' lang='lat' dir='ltr'>et</span> <span class='ocrx_word' id='word_1_55' title='bbox 862 548 1155 582; x_wconf 85' lang='lat' dir='ltr'>considerandum</span> <span class='ocrx_word' id='word_1_56' title='bbox 1178 552 1239 585; x_wconf 86' lang='lat' dir='ltr'>est,</span> 
     </span>
     <span class='ocr_line' id='line_1_10' title="bbox 256 597 1238 644; baseline -0.012 -3"><span class='ocrx_word' id='word_1_57' title='bbox 256 607 318 642; x_wconf 86' lang='lat' dir='ltr'>has</span> <span class='ocrx_word' id='word_1_58' title='bbox 343 617 414 639; x_wconf 86' lang='lat' dir='ltr'>esse</span> <span class='ocrx_word' id='word_1_59' title='bbox 439 615 540 637; x_wconf 73' lang='lat' dir='ltr'>voces</span> <span class='ocrx_word' id='word_1_60' title='bbox 563 602 655 635; x_wconf 82' lang='lat' dir='ltr'>fidei.</span> <span class='ocrx_word' id='word_1_61' title='bbox 696 600 777 634; x_wconf 88' lang='lat' dir='ltr'>Non</span> <span class='ocrx_word' id='word_1_62' title='bbox 796 601 888 633; x_wconf 87' lang='lat' dir='ltr'>enim</span> <span class='ocrx_word' id='word_1_63' title='bbox 907 610 1090 644; x_wconf 87' lang='lat' dir='ltr'>possumus</span> <span class='ocrx_word' id='word_1_64' title='bbox 1107 609 1145 630; x_wconf 83' lang='lat' dir='ltr'>ex</span> <span class='ocrx_word' id='word_1_65' title='bbox 1165 597 1238 639; x_wconf 81' lang='lat' dir='ltr'>lege</span> 
     </span>
     <span class='ocr_line' id='line_1_11' title="bbox 257 649 1239 700; baseline -0.011 -9"><span class='ocrx_word' id='word_1_66' title='bbox 257 666 425 696; x_wconf 83' lang='lat' dir='ltr'>statuere,</span> <span class='ocrx_word' id='word_1_67' title='bbox 462 655 557 700; x_wconf 87' lang='lat' dir='ltr'>quod</span> <span class='ocrx_word' id='word_1_68' title='bbox 581 659 698 686; x_wconf 89' lang='lat' dir='ltr'>nostra</span> <span class='ocrx_word' id='word_1_69' title='bbox 726 664 829 696; x_wconf 82' lang='lat' dir='ltr'>opera</span> <span class='ocrx_word' id='word_1_70' title='bbox 852 651 1009 695; x_wconf 77' lang='lat' dir='ltr'>placeant</span> <span class='ocrx_word' id='word_1_71' title='bbox 1033 649 1126 689; x_wconf 90' lang='lat' dir='ltr'>Deo,</span> <span class='ocrx_word' id='word_1_72' title='bbox 1160 659 1239 680; x_wconf 88' lang='lat' dir='ltr'>cum</span> 
     </span>
     <span class='ocr_line' id='line_1_12' title="bbox 257 705 1239 748; baseline -0.011 -7"><span class='ocrx_word' id='word_1_73' title='bbox 257 721 327 742; x_wconf 91' lang='lat' dir='ltr'>non</span> <span class='ocrx_word' id='word_1_74' title='bbox 355 708 464 740; x_wconf 86' lang='lat' dir='ltr'>simus</span> <span class='ocrx_word' id='word_1_75' title='bbox 489 705 562 738; x_wconf 88' lang='lat' dir='ltr'>sine</span> <span class='ocrx_word' id='word_1_76' title='bbox 589 710 744 748; x_wconf 83' lang='lat' dir='ltr'>peccato:</span> <span class='ocrx_word' id='word_1_77' title='bbox 780 714 841 735; x_wconf 84' lang='lat' dir='ltr'>nec</span> <span class='ocrx_word' id='word_1_78' title='bbox 868 712 1051 745; x_wconf 89' lang='lat' dir='ltr'>possumus</span> <span class='ocrx_word' id='word_1_79' title='bbox 1078 705 1239 736; x_wconf 80' lang='lat' dir='ltr'>statuere,</span> 
     </span>
     <span class='ocr_line' id='line_1_13' title="bbox 258 749 1240 802; baseline -0.011 -10"><span class='ocrx_word' id='word_1_80' title='bbox 258 771 322 792; x_wconf 88' lang='lat' dir='ltr'>nos</span> <span class='ocrx_word' id='word_1_81' title='bbox 343 757 616 802; x_wconf 81' lang='lat' dir='ltr'>promissionum</span> <span class='ocrx_word' id='word_1_82' title='bbox 639 753 823 798; x_wconf 71' lang='lat' dir='ltr'>participes</span> <span class='ocrx_word' id='word_1_83' title='bbox 842 753 915 785; x_wconf 88' lang='lat' dir='ltr'>fore</span> <span class='ocrx_word' id='word_1_84' title='bbox 929 779 936 791; x_wconf 88' lang='lat'>,</span> <span class='ocrx_word' id='word_1_85' title='bbox 965 764 1041 784; x_wconf 88' lang='lat' dir='ltr'>cum</span> <span class='ocrx_word' id='word_1_86' title='bbox 1061 752 1168 783; x_wconf 85' lang='lat' dir='ltr'>simus</span> <span class='ocrx_word' id='word_1_87' title='bbox 1186 749 1240 781; x_wconf 94' lang='lat' dir='ltr'>in-</span> 
     </span>
     <span class='ocr_line' id='line_1_14' title="bbox 258 802 1241 853; baseline -0.012 -10"><span class='ocrx_word' id='word_1_88' title='bbox 258 810 368 853; x_wconf 84' lang='lat' dir='ltr'>digni.</span> <span class='ocrx_word' id='word_1_89' title='bbox 424 807 504 840; x_wconf 89' lang='lat' dir='ltr'>ldeo</span> <span class='ocrx_word' id='word_1_90' title='bbox 531 818 609 839; x_wconf 90' lang='lat' dir='ltr'>cum</span> <span class='ocrx_word' id='word_1_91' title='bbox 629 805 787 838; x_wconf 88' lang='lat' dir='ltr'>Psalmus</span> <span class='ocrx_word' id='word_1_92' title='bbox 808 804 871 843; x_wconf 88' lang='lat' dir='ltr'>ait,</span> <span class='ocrx_word' id='word_1_93' title='bbox 899 802 1152 836; x_wconf 90' lang='lat' dir='ltr'>Promissiones</span> <span class='ocrx_word' id='word_1_94' title='bbox 1170 811 1241 832; x_wconf 88' lang='lat' dir='ltr'>esse</span> 
     </span>
     <span class='ocr_line' id='line_1_15' title="bbox 257 853 1242 898; baseline -0.012 -4"><span class='ocrx_word' id='word_1_95' title='bbox 257 868 364 896; x_wconf 79' lang='lat' dir='ltr'>ratas,</span> <span class='ocrx_word' id='word_1_96' title='bbox 393 859 527 895; x_wconf 87' lang='lat' dir='ltr'>firmas,</span> <span class='ocrx_word' id='word_1_97' title='bbox 554 867 670 895; x_wconf 63' lang='grc' dir='ltr'>νει-35,</span> <span class='ocrx_word' id='word_1_98' title='bbox 696 855 863 887; x_wconf 86' lang='lat' dir='ltr'>efficaces:</span> <span class='ocrx_word' id='word_1_99' title='bbox 894 853 1157 898; x_wconf 84' lang='lat' dir='ltr'>requiritfidem</span> <span class='ocrx_word' id='word_1_100' title='bbox 1174 862 1242 895; x_wconf 87' lang='lat' dir='ltr'>qua</span> 
     </span>
     <span class='ocr_line' id='line_1_16' title="bbox 258 902 1243 947; baseline -0.011 -3"><span class='ocrx_word' id='word_1_101' title='bbox 258 919 449 945; x_wconf 73' lang='lat' dir='ltr'>statuamus</span> <span class='ocrx_word' id='word_1_102' title='bbox 488 907 592 939; x_wconf 91' lang='lat' dir='ltr'>nobis</span> <span class='ocrx_word' id='word_1_103' title='bbox 630 918 710 938; x_wconf 85' lang='lat' dir='ltr'>vere</span> <span class='ocrx_word' id='word_1_104' title='bbox 747 912 837 937; x_wconf 88' lang='lat' dir='ltr'>ratas</span> <span class='ocrx_word' id='word_1_105' title='bbox 874 916 944 937; x_wconf 84' lang='lat' dir='ltr'>esse</span> <span class='ocrx_word' id='word_1_106' title='bbox 983 902 1243 947; x_wconf 82' lang='lat' dir='ltr'>promissiones,</span> 
     </span>
     <span class='ocr_line' id='line_1_17' title="bbox 257 953 1244 999; baseline -0.01 -5"><span class='ocrx_word' id='word_1_107' title='bbox 257 960 392 995; x_wconf 87' lang='lat' dir='ltr'>etiamsi</span> <span class='ocrx_word' id='word_1_108' title='bbox 410 969 530 992; x_wconf 87' lang='lat' dir='ltr'>sumus</span> <span class='ocrx_word' id='word_1_109' title='bbox 548 956 695 999; x_wconf 85' lang='lat' dir='ltr'>indigni.</span> <span class='ocrx_word' id='word_1_110' title='bbox 751 954 890 988; x_wconf 83' lang='lat' dir='ltr'>Scilicet</span> <span class='ocrx_word' id='word_1_111' title='bbox 907 954 992 999; x_wconf 81' lang='lat' dir='ltr'>quia</span> <span class='ocrx_word' id='word_1_112' title='bbox 1007 953 1101 987; x_wconf 88' lang='lat' dir='ltr'>Deus</span> <span class='ocrx_word' id='word_1_113' title='bbox 1117 959 1166 985; x_wconf 88' lang='lat' dir='ltr'>est</span> <span class='ocrx_word' id='word_1_114' title='bbox 1185 964 1244 984; x_wconf 86' lang='lat' dir='ltr'>ve-</span> 
     </span>
     <span class='ocr_line' id='line_1_18' title="bbox 258 1003 1241 1051; baseline -0.012 -5"><span class='ocrx_word' id='word_1_115' title='bbox 258 1025 317 1046; x_wconf 80' lang='lat' dir='ltr'>rax</span> <span class='ocrx_word' id='word_1_116' title='bbox 333 1039 341 1051; x_wconf 83' lang='lat'>,</span> <span class='ocrx_word' id='word_1_117' title='bbox 379 1018 410 1043; x_wconf 87' lang='lat' dir='ltr'>et</span> <span class='ocrx_word' id='word_1_118' title='bbox 434 1009 509 1042; x_wconf 84' lang='lat' dir='ltr'>vult</span> <span class='ocrx_word' id='word_1_119' title='bbox 535 1007 690 1041; x_wconf 89' lang='lat' dir='ltr'>misereri</span> <span class='ocrx_word' id='word_1_120' title='bbox 715 1018 753 1038; x_wconf 87' lang='lat' dir='ltr'>ac</span> <span class='ocrx_word' id='word_1_121' title='bbox 779 1006 957 1048; x_wconf 85' lang='lat' dir='ltr'>ignoscere</span> <span class='ocrx_word' id='word_1_122' title='bbox 981 1011 1123 1048; x_wconf 89' lang='lat' dir='ltr'>propter</span> <span class='ocrx_word' id='word_1_123' title='bbox 1147 1003 1241 1035; x_wconf 89' lang='lat' dir='ltr'>illam</span> 
     </span>
     <span class='ocr_line' id='line_1_19' title="bbox 258 1054 1242 1102; baseline -0.01 -7"><span class='ocrx_word' id='word_1_124' title='bbox 258 1062 530 1099; x_wconf 82' lang='lat' dir='ltr'>redemtionem,</span> <span class='ocrx_word' id='word_1_125' title='bbox 565 1070 669 1102; x_wconf 87' lang='lat' dir='ltr'>quam</span> <span class='ocrx_word' id='word_1_126' title='bbox 694 1056 871 1100; x_wconf 85' lang='lat' dir='ltr'>pollicitus</span> <span class='ocrx_word' id='word_1_127' title='bbox 896 1062 955 1089; x_wconf 90' lang='lat' dir='ltr'>est.</span> <span class='ocrx_word' id='word_1_128' title='bbox 1014 1054 1113 1087; x_wconf 84' lang='lat' dir='ltr'>Hanc</span> <span class='ocrx_word' id='word_1_129' title='bbox 1140 1054 1242 1086; x_wconf 84' lang='lat' dir='ltr'>fidem</span> 
     </span>
     <span class='ocr_line' id='line_1_20' title="bbox 261 1104 1243 1150; baseline -0.01 -4"><span class='ocrx_word' id='word_1_130' title='bbox 261 1114 298 1146; x_wconf 89' lang='lat' dir='ltr'>in</span> <span class='ocrx_word' id='word_1_131' title='bbox 313 1111 492 1146; x_wconf 85' lang='lat' dir='ltr'>Christum</span> <span class='ocrx_word' id='word_1_132' title='bbox 514 1110 647 1142; x_wconf 84' lang='lat' dir='ltr'>includi</span> <span class='ocrx_word' id='word_1_133' title='bbox 669 1108 738 1141; x_wconf 90' lang='lat' dir='ltr'>iam</span> <span class='ocrx_word' id='word_1_134' title='bbox 760 1108 795 1139; x_wconf 92' lang='lat' dir='ltr'>in</span> <span class='ocrx_word' id='word_1_135' title='bbox 815 1107 923 1150; x_wconf 87' lang='lat' dir='ltr'>legem</span> <span class='ocrx_word' id='word_1_136' title='bbox 943 1113 975 1139; x_wconf 92' lang='lat' dir='ltr'>et</span> <span class='ocrx_word' id='word_1_137' title='bbox 996 1104 1243 1150; x_wconf 86' lang='lat' dir='ltr'>promissiones</span> 
     </span>
     <span class='ocr_line' id='line_1_21' title="bbox 259 1155 1244 1208; baseline -0.011 -11"><span class='ocrx_word' id='word_1_138' title='bbox 259 1163 453 1208; x_wconf 86' lang='lat' dir='ltr'>oportebat.</span> <span class='ocrx_word' id='word_1_139' title='bbox 519 1160 567 1193; x_wconf 81' lang='lat' dir='ltr'>lta</span> <span class='ocrx_word' id='word_1_140' title='bbox 601 1160 654 1192; x_wconf 78' lang='lat' dir='ltr'>lex</span> <span class='ocrx_word' id='word_1_141' title='bbox 689 1159 846 1202; x_wconf 81' lang='lat' dir='ltr'>placebat</span> <span class='ocrx_word' id='word_1_142' title='bbox 876 1158 958 1190; x_wconf 84' lang='lat' dir='ltr'>fide:</span> <span class='ocrx_word' id='word_1_143' title='bbox 997 1155 1244 1200; x_wconf 81' lang='lat' dir='ltr'>promissiones</span> 
     </span>
     <span class='ocr_line' id='line_1_22' title="bbox 261 1206 1243 1251; baseline -0.011 -3"><span class='ocrx_word' id='word_1_144' title='bbox 261 1221 358 1248; x_wconf 88' lang='lat' dir='ltr'>erant</span> <span class='ocrx_word' id='word_1_145' title='bbox 383 1220 492 1251; x_wconf 84' lang='lat' dir='ltr'>ratae,</span> <span class='ocrx_word' id='word_1_146' title='bbox 519 1212 653 1250; x_wconf 81' lang='lat' dir='ltr'>firmae,</span> <span class='ocrx_word' id='word_1_147' title='bbox 681 1209 848 1243; x_wconf 88' lang='lat' dir='ltr'>salutares</span> <span class='ocrx_word' id='word_1_148' title='bbox 872 1209 957 1249; x_wconf 81' lang='lat' dir='ltr'>fide,</span> <span class='ocrx_word' id='word_1_149' title='bbox 985 1206 1121 1241; x_wconf 89' lang='lat' dir='ltr'>etiamsi</span> <span class='ocrx_word' id='word_1_150' title='bbox 1139 1217 1243 1238; x_wconf 91' lang='lat' dir='ltr'>nemo</span> 
     </span>
     <span class='ocr_line' id='line_1_23' title="bbox 260 1265 586 1306; baseline -0.012 -8"><span class='ocrx_word' id='word_1_151' title='bbox 260 1272 331 1298; x_wconf 91' lang='lat' dir='ltr'>erat</span> <span class='ocrx_word' id='word_1_152' title='bbox 348 1265 421 1297; x_wconf 77' lang='lat' dir='ltr'>sine</span> <span class='ocrx_word' id='word_1_153' title='bbox 438 1268 586 1306; x_wconf 81' lang='lat' dir='ltr'>peccato.</span> 
     </span>
    </p>
   </div>
   <div class='ocr_carea' id='block_1_4' title="bbox 261 1324 1247 2027">
    <p class='ocr_par' dir='ltr' id='par_1_4' title="bbox 261 1324 1247 2027">
     <span class='ocr_line' id='line_1_24' title="bbox 363 1324 1244 1372; baseline -0.01 -8"><span class='ocrx_word' id='word_1_154' title='bbox 363 1329 457 1372; x_wconf 82' lang='lat' dir='ltr'>Ergo</span> <span class='ocrx_word' id='word_1_155' title='bbox 489 1327 552 1361; x_wconf 87' lang='lat' dir='ltr'>hae</span> <span class='ocrx_word' id='word_1_156' title='bbox 578 1327 707 1360; x_wconf 82' lang='lat' dir='ltr'>Psalmi</span> <span class='ocrx_word' id='word_1_157' title='bbox 740 1338 841 1359; x_wconf 83' lang='lat' dir='ltr'>voces</span> <span class='ocrx_word' id='word_1_158' title='bbox 872 1332 969 1358; x_wconf 85' lang='lat' dir='ltr'>erant</span> <span class='ocrx_word' id='word_1_159' title='bbox 993 1324 1179 1357; x_wconf 83' lang='lat' dir='ltr'>conciones</span> <span class='ocrx_word' id='word_1_160' title='bbox 1202 1324 1244 1355; x_wconf 89' lang='lat' dir='ltr'>de</span> 
     </span>
     <span class='ocr_line' id='line_1_25' title="bbox 261 1376 1244 1423; baseline -0.01 -7"><span class='ocrx_word' id='word_1_161' title='bbox 261 1384 346 1423; x_wconf 83' lang='lat' dir='ltr'>fide,</span> <span class='ocrx_word' id='word_1_162' title='bbox 380 1389 414 1414; x_wconf 87' lang='lat' dir='ltr'>et</span> <span class='ocrx_word' id='word_1_163' title='bbox 438 1379 715 1422; x_wconf 87' lang='lat' dir='ltr'>praecipiebant,</span> <span class='ocrx_word' id='word_1_164' title='bbox 749 1384 786 1410; x_wconf 88' lang='lat' dir='ltr'>ut</span> <span class='ocrx_word' id='word_1_165' title='bbox 810 1376 963 1420; x_wconf 91' lang='lat' dir='ltr'>populus</span> <span class='ocrx_word' id='word_1_166' title='bbox 985 1376 1140 1408; x_wconf 88' lang='lat' dir='ltr'>crederet</span> <span class='ocrx_word' id='word_1_167' title='bbox 1165 1385 1244 1406; x_wconf 74' lang='lat' dir='ltr'>vere</span> 
     </span>
     <span class='ocr_line' id='line_1_26' title="bbox 262 1424 1245 1472; baseline -0.01 -6"><span class='ocrx_word' id='word_1_168' title='bbox 262 1441 353 1467; x_wconf 89' lang='lat' dir='ltr'>ratas</span> <span class='ocrx_word' id='word_1_169' title='bbox 385 1443 455 1464; x_wconf 91' lang='lat' dir='ltr'>esse</span> <span class='ocrx_word' id='word_1_170' title='bbox 484 1429 750 1472; x_wconf 86' lang='lat' dir='ltr'>promissiones,</span> <span class='ocrx_word' id='word_1_171' title='bbox 787 1434 820 1460; x_wconf 92' lang='lat' dir='ltr'>et</span> <span class='ocrx_word' id='word_1_172' title='bbox 845 1427 977 1460; x_wconf 85' lang='lat' dir='ltr'>cultum</span> <span class='ocrx_word' id='word_1_173' title='bbox 1000 1424 1074 1458; x_wconf 91' lang='lat' dir='ltr'>Deo</span> <span class='ocrx_word' id='word_1_174' title='bbox 1099 1425 1245 1468; x_wconf 89' lang='lat' dir='ltr'>placere,</span> 
     </span>
     <span class='ocr_line' id='line_1_27' title="bbox 262 1473 1245 1527; baseline -0.009 -11"><span class='ocrx_word' id='word_1_175' title='bbox 262 1496 334 1516; x_wconf 89' lang='lat' dir='ltr'>non</span> <span class='ocrx_word' id='word_1_176' title='bbox 353 1482 431 1527; x_wconf 86' lang='lat' dir='ltr'>quia</span> <span class='ocrx_word' id='word_1_177' title='bbox 449 1480 598 1525; x_wconf 91' lang='lat' dir='ltr'>populus</span> <span class='ocrx_word' id='word_1_178' title='bbox 615 1486 701 1512; x_wconf 88' lang='lat' dir='ltr'>esset</span> <span class='ocrx_word' id='word_1_179' title='bbox 716 1478 790 1511; x_wconf 88' lang='lat' dir='ltr'>sine</span> <span class='ocrx_word' id='word_1_180' title='bbox 803 1483 958 1521; x_wconf 85' lang='lat' dir='ltr'>peccato:</span> <span class='ocrx_word' id='word_1_181' title='bbox 987 1477 1044 1508; x_wconf 89' lang='lat' dir='ltr'>sed</span> <span class='ocrx_word' id='word_1_182' title='bbox 1060 1476 1141 1520; x_wconf 86' lang='lat' dir='ltr'>quia</span> <span class='ocrx_word' id='word_1_183' title='bbox 1151 1473 1245 1507; x_wconf 90' lang='lat' dir='ltr'>Deus</span> 
     </span>
     <span class='ocr_line' id='line_1_28' title="bbox 262 1526 1246 1573; baseline -0.01 -6"><span class='ocrx_word' id='word_1_184' title='bbox 262 1542 349 1567; x_wconf 85' lang='lat' dir='ltr'>esset</span> <span class='ocrx_word' id='word_1_185' title='bbox 374 1544 495 1571; x_wconf 74' lang='lat' dir='ltr'>verax,</span> <span class='ocrx_word' id='word_1_186' title='bbox 522 1537 554 1563; x_wconf 92' lang='lat' dir='ltr'>et</span> <span class='ocrx_word' id='word_1_187' title='bbox 573 1536 714 1573; x_wconf 91' lang='lat' dir='ltr'>propter</span> <span class='ocrx_word' id='word_1_188' title='bbox 730 1540 827 1561; x_wconf 90' lang='lat' dir='ltr'>suam</span> <span class='ocrx_word' id='word_1_189' title='bbox 846 1527 1121 1560; x_wconf 78' lang='lat' dir='ltr'>misericordiam</span> <span class='ocrx_word' id='word_1_190' title='bbox 1141 1526 1246 1558; x_wconf 88' lang='lat' dir='ltr'>vellet</span> 
     </span>
     <span class='ocr_line' id='line_1_29' title="bbox 264 1574 1245 1626; baseline -0.009 -9"><span class='ocrx_word' id='word_1_191' title='bbox 264 1584 345 1618; x_wconf 87' lang='lat' dir='ltr'>huic</span> <span class='ocrx_word' id='word_1_192' title='bbox 376 1583 523 1626; x_wconf 85' lang='lat' dir='ltr'>populo,</span> <span class='ocrx_word' id='word_1_193' title='bbox 557 1592 660 1624; x_wconf 84' lang='lat' dir='ltr'>quem</span> <span class='ocrx_word' id='word_1_194' title='bbox 692 1585 892 1617; x_wconf 86' lang='lat' dir='ltr'>vocaverat,</span> <span class='ocrx_word' id='word_1_195' title='bbox 926 1578 1138 1610; x_wconf 83' lang='lat' dir='ltr'>benefacere.</span> <span class='ocrx_word' id='word_1_196' title='bbox 1199 1574 1245 1608; x_wconf 88' lang='lat' dir='ltr'>Et</span> 
     </span>
     <span class='ocr_line' id='line_1_30' title="bbox 263 1627 1246 1672; baseline -0.01 -4"><span class='ocrx_word' id='word_1_197' title='bbox 263 1634 327 1668; x_wconf 90' lang='lat' dir='ltr'>hae</span> <span class='ocrx_word' id='word_1_198' title='bbox 361 1632 552 1666; x_wconf 90' lang='lat' dir='ltr'>sententiae</span> <span class='ocrx_word' id='word_1_199' title='bbox 586 1637 684 1663; x_wconf 88' lang='lat' dir='ltr'>erant</span> <span class='ocrx_word' id='word_1_200' title='bbox 707 1629 773 1672; x_wconf 88' lang='lat' dir='ltr'>piis</span> <span class='ocrx_word' id='word_1_201' title='bbox 799 1629 835 1660; x_wconf 94' lang='lat' dir='ltr'>in</span> <span class='ocrx_word' id='word_1_202' title='bbox 861 1628 990 1671; x_wconf 92' lang='lat' dir='ltr'>populo</span> <span class='ocrx_word' id='word_1_203' title='bbox 1017 1627 1246 1669; x_wconf 83' lang='lat' dir='ltr'>evangelicae,</span> 
     </span>
     <span class='ocr_line' id='line_1_31' title="bbox 263 1677 1246 1731; baseline -0.009 -13"><span class='ocrx_word' id='word_1_204' title='bbox 263 1697 349 1731; x_wconf 88' lang='lat' dir='ltr'>quae</span> <span class='ocrx_word' id='word_1_205' title='bbox 373 1683 647 1717; x_wconf 86' lang='lat' dir='ltr'>consolabantur</span> <span class='ocrx_word' id='word_1_206' title='bbox 662 1692 719 1713; x_wconf 86' lang='lat' dir='ltr'>eos</span> <span class='ocrx_word' id='word_1_207' title='bbox 736 1692 810 1712; x_wconf 86' lang='lat' dir='ltr'>non</span> <span class='ocrx_word' id='word_1_208' title='bbox 826 1680 932 1712; x_wconf 89' lang='lat' dir='ltr'>modo</span> <span class='ocrx_word' id='word_1_209' title='bbox 951 1679 988 1710; x_wconf 91' lang='lat' dir='ltr'>in</span> <span class='ocrx_word' id='word_1_210' title='bbox 1003 1677 1246 1721; x_wconf 88' lang='lat' dir='ltr'>corporalibus</span> 
     </span>
     <span class='ocr_line' id='line_1_32' title="bbox 262 1728 1247 1776; baseline -0.01 -7"><span class='ocrx_word' id='word_1_211' title='bbox 262 1735 542 1776; x_wconf 76' lang='lat' dir='ltr'>adflictionibus,</span> <span class='ocrx_word' id='word_1_212' title='bbox 579 1733 638 1764; x_wconf 87' lang='lat' dir='ltr'>sed</span> <span class='ocrx_word' id='word_1_213' title='bbox 669 1731 772 1764; x_wconf 91' lang='lat' dir='ltr'>etiam</span> <span class='ocrx_word' id='word_1_214' title='bbox 805 1731 840 1762; x_wconf 91' lang='lat' dir='ltr'>in</span> <span class='ocrx_word' id='word_1_215' title='bbox 873 1741 983 1772; x_wconf 85' lang='lat' dir='ltr'>agone</span> <span class='ocrx_word' id='word_1_216' title='bbox 1014 1728 1247 1761; x_wconf 89' lang='lat' dir='ltr'>conscientiae</span> 
     </span>
     <span class='ocr_line' id='line_1_33' title="bbox 264 1780 1245 1827; baseline -0.01 -7"><span class='ocrx_word' id='word_1_217' title='bbox 264 1786 427 1820; x_wconf 89' lang='lat' dir='ltr'>luctantis</span> <span class='ocrx_word' id='word_1_218' title='bbox 447 1796 524 1817; x_wconf 91' lang='lat' dir='ltr'>cum</span> <span class='ocrx_word' id='word_1_219' title='bbox 546 1789 694 1827; x_wconf 90' lang='lat' dir='ltr'>peccato.</span> <span class='ocrx_word' id='word_1_220' title='bbox 751 1781 917 1814; x_wconf 80' lang='lat' dir='ltr'>Sciebant</span> <span class='ocrx_word' id='word_1_221' title='bbox 934 1780 1059 1813; x_wconf 85' lang='lat' dir='ltr'>factam</span> <span class='ocrx_word' id='word_1_222' title='bbox 1078 1790 1148 1811; x_wconf 89' lang='lat' dir='ltr'>esse</span> <span class='ocrx_word' id='word_1_223' title='bbox 1165 1790 1245 1822; x_wconf 91' lang='lat' dir='ltr'>pro-</span> 
     </span>
     <span class='ocr_line' id='line_1_34' title="bbox 262 1829 1247 1873; baseline -0.01 -3"><span class='ocrx_word' id='word_1_224' title='bbox 262 1838 464 1870; x_wconf 84' lang='lat' dir='ltr'>missionem</span> <span class='ocrx_word' id='word_1_225' title='bbox 489 1836 532 1867; x_wconf 89' lang='lat' dir='ltr'>de</span> <span class='ocrx_word' id='word_1_226' title='bbox 549 1833 730 1867; x_wconf 83' lang='lat' dir='ltr'>Salvatore</span> <span class='ocrx_word' id='word_1_227' title='bbox 755 1830 900 1864; x_wconf 89' lang='lat' dir='ltr'>humani</span> <span class='ocrx_word' id='word_1_228' title='bbox 924 1830 1059 1873; x_wconf 89' lang='lat' dir='ltr'>generis</span> <span class='ocrx_word' id='word_1_229' title='bbox 1082 1829 1247 1862; x_wconf 86' lang='lat' dir='ltr'>immuta-</span> 
     </span>
     <span class='ocr_line' id='line_1_35' title="bbox 264 1879 1245 1928; baseline -0.009 -8"><span class='ocrx_word' id='word_1_230' title='bbox 264 1889 384 1921; x_wconf 87' lang='lat' dir='ltr'>bilem:</span> <span class='ocrx_word' id='word_1_231' title='bbox 436 1886 602 1919; x_wconf 85' lang='lat' dir='ltr'>Sciebant</span> <span class='ocrx_word' id='word_1_232' title='bbox 635 1896 670 1916; x_wconf 91' lang='lat' dir='ltr'>se</span> <span class='ocrx_word' id='word_1_233' title='bbox 703 1889 845 1928; x_wconf 90' lang='lat' dir='ltr'>propter</span> <span class='ocrx_word' id='word_1_234' title='bbox 883 1879 977 1914; x_wconf 92' lang='lat' dir='ltr'>hunc</span> <span class='ocrx_word' id='word_1_235' title='bbox 1013 1882 1245 1914; x_wconf 84' lang='lat' dir='ltr'>redemtorem</span> 
     </span>
     <span class='ocr_line' id='line_1_36' title="bbox 265 1928 1246 1983; baseline -0.008 -12"><span class='ocrx_word' id='word_1_236' title='bbox 265 1938 497 1983; x_wconf 83' lang='lat' dir='ltr'>promissum,</span> <span class='ocrx_word' id='word_1_237' title='bbox 527 1942 666 1968; x_wconf 81' lang='lat' dir='ltr'>vocatos</span> <span class='ocrx_word' id='word_1_238' title='bbox 692 1946 763 1967; x_wconf 85' lang='lat' dir='ltr'>esse</span> <span class='ocrx_word' id='word_1_239' title='bbox 785 1940 817 1966; x_wconf 89' lang='lat' dir='ltr'>et</span> <span class='ocrx_word' id='word_1_240' title='bbox 845 1933 979 1976; x_wconf 84' lang='lat' dir='ltr'>placere</span> <span class='ocrx_word' id='word_1_241' title='bbox 1004 1931 1099 1971; x_wconf 81' lang='lat' dir='ltr'>Deo,</span> <span class='ocrx_word' id='word_1_242' title='bbox 1128 1937 1160 1964; x_wconf 92' lang='lat' dir='ltr'>et</span> <span class='ocrx_word' id='word_1_243' title='bbox 1184 1928 1246 1963; x_wconf 87' lang='lat' dir='ltr'>ba-</span> 
     </span>
     <span class='ocr_line' id='line_1_37' title="bbox 265 1985 1241 2027; baseline -0.009 -5"><span class='ocrx_word' id='word_1_244' title='bbox 265 1992 346 2022; x_wconf 87' lang='lat' dir='ltr'>bere</span> <span class='ocrx_word' id='word_1_245' title='bbox 364 1986 425 2020; x_wconf 85' lang='lat' dir='ltr'>hac</span> <span class='ocrx_word' id='word_1_246' title='bbox 443 1988 510 2019; x_wconf 87' lang='lat' dir='ltr'>fide</span> <span class='ocrx_word' id='word_1_247' title='bbox 526 1985 765 2018; x_wconf 87' lang='lat' dir='ltr'>remissionem</span> <span class='ocrx_word' id='word_1_248' title='bbox 784 1990 1014 2027; x_wconf 90' lang='lat' dir='ltr'>peccatorum.</span> <span class='ocrx_word' id='word_1_249' title='bbox 1229 1995 1241 2003; x_wconf 62' lang='grc'><em>”</em></span> 
     </span>
    </p>
   </div>
   <div class='ocr_carea' id='block_1_5' title="bbox 265 2049 1249 2656">
    <p class='ocr_par' dir='ltr' id='par_1_5' title="bbox 265 2049 1249 2656">
     <span class='ocr_line' id='line_1_38' title="bbox 366 2049 1246 2098; baseline -0.008 -10"><span class='ocrx_word' id='word_1_250' title='bbox 366 2053 459 2098; x_wconf 84' lang='lat' dir='ltr'>Ergo</span> <span class='ocrx_word' id='word_1_251' title='bbox 477 2054 524 2098; x_wconf 90' lang='lat' dir='ltr'>pii</span> <span class='ocrx_word' id='word_1_252' title='bbox 543 2051 627 2086; x_wconf 87' lang='lat' dir='ltr'>haec</span> <span class='ocrx_word' id='word_1_253' title='bbox 645 2052 734 2085; x_wconf 90' lang='lat' dir='ltr'>dicta</span> <span class='ocrx_word' id='word_1_254' title='bbox 751 2051 978 2095; x_wconf 90' lang='lat' dir='ltr'>opponebant</span> <span class='ocrx_word' id='word_1_255' title='bbox 996 2050 1142 2093; x_wconf 86' lang='lat' dir='ltr'>peccatis</span> <span class='ocrx_word' id='word_1_256' title='bbox 1160 2049 1246 2082; x_wconf 88' lang='lat' dir='ltr'>suis:</span> 
     </span>
     <span class='ocr_line' id='line_1_39' title="bbox 265 2099 1247 2146; baseline -0.009 -5"><span class='ocrx_word' id='word_1_257' title='bbox 265 2107 302 2142; x_wconf 86' lang='lat' dir='ltr'>Si</span> <span class='ocrx_word' id='word_1_258' title='bbox 321 2105 530 2140; x_wconf 86' lang='lat' dir='ltr'>conscientia</span> <span class='ocrx_word' id='word_1_259' title='bbox 550 2104 743 2146; x_wconf 82' lang='lat' dir='ltr'>angebatur</span> <span class='ocrx_word' id='word_1_260' title='bbox 756 2130 764 2142; x_wconf 85' lang='lat'>,</span> <span class='ocrx_word' id='word_1_261' title='bbox 792 2109 865 2134; x_wconf 87' lang='lat' dir='ltr'>erat</span> <span class='ocrx_word' id='word_1_262' title='bbox 881 2102 1049 2135; x_wconf 86' lang='lat' dir='ltr'>intuenda</span> <span class='ocrx_word' id='word_1_263' title='bbox 1068 2099 1151 2134; x_wconf 88' lang='lat' dir='ltr'>baec</span> <span class='ocrx_word' id='word_1_264' title='bbox 1169 2112 1247 2133; x_wconf 88' lang='lat' dir='ltr'>sen-</span> 
     </span>
     <span class='ocr_line' id='line_1_40' title="bbox 266 2150 1248 2200; baseline -0.008 -9"><span class='ocrx_word' id='word_1_265' title='bbox 266 2158 391 2193; x_wconf 84' lang='lat' dir='ltr'>tentia,</span> <span class='ocrx_word' id='word_1_266' title='bbox 434 2155 682 2200; x_wconf 85' lang='lat' dir='ltr'>promissiones</span> <span class='ocrx_word' id='word_1_267' title='bbox 713 2159 795 2186; x_wconf 90' lang='lat' dir='ltr'>sunt</span> <span class='ocrx_word' id='word_1_268' title='bbox 826 2159 937 2189; x_wconf 89' lang='lat' dir='ltr'>ratae,</span> <span class='ocrx_word' id='word_1_269' title='bbox 980 2152 1115 2183; x_wconf 82' lang='lat' dir='ltr'>firmae:</span> <span class='ocrx_word' id='word_1_270' title='bbox 1153 2150 1248 2184; x_wconf 91' lang='lat' dir='ltr'>Deus</span> 
     </span>
     <span class='ocr_line' id='line_1_41' title="bbox 266 2199 1248 2247; baseline -0.007 -6"><span class='ocrx_word' id='word_1_271' title='bbox 266 2209 341 2241; x_wconf 79' lang='lat' dir='ltr'>vult</span> <span class='ocrx_word' id='word_1_272' title='bbox 374 2214 466 2240; x_wconf 88' lang='lat' dir='ltr'>certo</span> <span class='ocrx_word' id='word_1_273' title='bbox 498 2205 673 2244; x_wconf 89' lang='lat' dir='ltr'>misereri,</span> <span class='ocrx_word' id='word_1_274' title='bbox 707 2205 794 2236; x_wconf 87' lang='lat' dir='ltr'>sicut</span> <span class='ocrx_word' id='word_1_275' title='bbox 820 2202 981 2247; x_wconf 86' lang='lat' dir='ltr'>promisit</span> <span class='ocrx_word' id='word_1_276' title='bbox 1003 2209 1034 2234; x_wconf 87' lang='lat' dir='ltr'>et</span> <span class='ocrx_word' id='word_1_277' title='bbox 1062 2202 1157 2235; x_wconf 87' lang='lat' dir='ltr'>iubet</span> <span class='ocrx_word' id='word_1_278' title='bbox 1183 2199 1248 2234; x_wconf 85' lang='lat' dir='ltr'>boc</span> 
     </span>
     <span class='ocr_line' id='line_1_42' title="bbox 265 2253 1248 2301; baseline -0.006 -9"><span class='ocrx_word' id='word_1_279' title='bbox 265 2260 421 2299; x_wconf 87' lang='lat' dir='ltr'>credere,</span> <span class='ocrx_word' id='word_1_280' title='bbox 460 2257 618 2301; x_wconf 88' lang='lat' dir='ltr'>alioquin</span> <span class='ocrx_word' id='word_1_281' title='bbox 651 2256 725 2288; x_wconf 82' lang='lat' dir='ltr'>eius</span> <span class='ocrx_word' id='word_1_282' title='bbox 752 2253 1000 2298; x_wconf 84' lang='lat' dir='ltr'>promissiones</span> <span class='ocrx_word' id='word_1_283' title='bbox 1030 2264 1102 2285; x_wconf 91' lang='lat' dir='ltr'>non</span> <span class='ocrx_word' id='word_1_284' title='bbox 1134 2259 1248 2286; x_wconf 88' lang='lat' dir='ltr'>essent</span> 
     </span>
     <span class='ocr_line' id='line_1_43' title="bbox 266 2301 1246 2344; baseline -0.009 -1"><span class='ocrx_word' id='word_1_285' title='bbox 266 2317 369 2344; x_wconf 87' lang='lat' dir='ltr'>ratae.</span> <span class='ocrx_word' id='word_1_286' title='bbox 423 2307 473 2342; x_wconf 89' lang='lat' dir='ltr'>lta</span> <span class='ocrx_word' id='word_1_287' title='bbox 497 2315 529 2342; x_wconf 85' lang='lat' dir='ltr'>et</span> <span class='ocrx_word' id='word_1_288' title='bbox 552 2319 616 2340; x_wconf 89' lang='lat' dir='ltr'>nos</span> <span class='ocrx_word' id='word_1_289' title='bbox 639 2306 887 2340; x_wconf 85' lang='lat' dir='ltr'>transferamus</span> <span class='ocrx_word' id='word_1_290' title='bbox 910 2301 973 2336; x_wconf 83' lang='lat' dir='ltr'>hos</span> <span class='ocrx_word' id='word_1_291' title='bbox 997 2303 1186 2336; x_wconf 81' lang='lat' dir='ltr'>versiculos</span> <span class='ocrx_word' id='word_1_292' title='bbox 1204 2304 1246 2335; x_wconf 87' lang='lat' dir='ltr'>ad</span> 
     </span>
     <span class='ocr_line' id='line_1_44' title="bbox 267 2355 1247 2398; baseline -0.009 -4"><span class='ocrx_word' id='word_1_293' title='bbox 267 2367 425 2394; x_wconf 87' lang='lat' dir='ltr'>nostrum</span> <span class='ocrx_word' id='word_1_294' title='bbox 450 2370 571 2398; x_wconf 91' lang='lat' dir='ltr'>usum,</span> <span class='ocrx_word' id='word_1_295' title='bbox 599 2365 630 2391; x_wconf 88' lang='lat' dir='ltr'>et</span> <span class='ocrx_word' id='word_1_296' title='bbox 655 2358 691 2389; x_wconf 90' lang='lat' dir='ltr'>in</span> <span class='ocrx_word' id='word_1_297' title='bbox 716 2356 956 2394; x_wconf 84' lang='lat' dir='ltr'>invocatione,</span> <span class='ocrx_word' id='word_1_298' title='bbox 985 2355 1021 2387; x_wconf 93' lang='lat' dir='ltr'>in</span> <span class='ocrx_word' id='word_1_299' title='bbox 1039 2366 1148 2397; x_wconf 84' lang='lat' dir='ltr'>agone</span> <span class='ocrx_word' id='word_1_300' title='bbox 1164 2366 1247 2386; x_wconf 89' lang='lat' dir='ltr'>con-</span> 
     </span>
     <span class='ocr_line' id='line_1_45' title="bbox 267 2406 1248 2452; baseline -0.007 -8"><span class='ocrx_word' id='word_1_301' title='bbox 267 2411 430 2445; x_wconf 84' lang='lat' dir='ltr'>scientiae</span> <span class='ocrx_word' id='word_1_302' title='bbox 454 2410 625 2452; x_wconf 81' lang='lat' dir='ltr'>erigamus</span> <span class='ocrx_word' id='word_1_303' title='bbox 647 2407 837 2440; x_wconf 86' lang='lat' dir='ltr'>imbecilles</span> <span class='ocrx_word' id='word_1_304' title='bbox 855 2406 1009 2445; x_wconf 87' lang='lat' dir='ltr'>animos,</span> <span class='ocrx_word' id='word_1_305' title='bbox 1037 2412 1069 2439; x_wconf 91' lang='lat' dir='ltr'>et</span> <span class='ocrx_word' id='word_1_306' title='bbox 1088 2417 1167 2438; x_wconf 82' lang='lat' dir='ltr'>vere</span> <span class='ocrx_word' id='word_1_307' title='bbox 1185 2416 1248 2437; x_wconf 90' lang='lat' dir='ltr'>nos</span> 
     </span>
     <span class='ocr_line' id='line_1_46' title="bbox 268 2455 1249 2502; baseline -0.007 -8"><span class='ocrx_word' id='word_1_308' title='bbox 268 2462 487 2495; x_wconf 88' lang='lat' dir='ltr'>consolemur</span> <span class='ocrx_word' id='word_1_309' title='bbox 505 2458 569 2493; x_wconf 82' lang='lat' dir='ltr'>bac</span> <span class='ocrx_word' id='word_1_310' title='bbox 586 2472 679 2499; x_wconf 80' lang='lat' dir='ltr'>voce,</span> <span class='ocrx_word' id='word_1_311' title='bbox 707 2457 956 2502; x_wconf 86' lang='lat' dir='ltr'>promissiones</span> <span class='ocrx_word' id='word_1_312' title='bbox 966 2455 1030 2489; x_wconf 82' lang='lat' dir='ltr'>Dei</span> <span class='ocrx_word' id='word_1_313' title='bbox 1047 2463 1140 2489; x_wconf 89' lang='lat' dir='ltr'>ratae</span> <span class='ocrx_word' id='word_1_314' title='bbox 1158 2462 1249 2495; x_wconf 89' lang='lat' dir='ltr'>sunt,</span> 
     </span>
     <span class='ocr_line' id='line_1_47' title="bbox 268 2505 1247 2545; baseline -0.006 0"><span class='ocrx_word' id='word_1_315' title='bbox 268 2519 299 2545; x_wconf 83' lang='lat' dir='ltr'>et</span> <span class='ocrx_word' id='word_1_316' title='bbox 322 2511 355 2543; x_wconf 92' lang='lat' dir='ltr'>in</span> <span class='ocrx_word' id='word_1_317' title='bbox 383 2509 445 2543; x_wconf 87' lang='lat' dir='ltr'>hac</span> <span class='ocrx_word' id='word_1_318' title='bbox 468 2512 534 2543; x_wconf 83' lang='lat' dir='ltr'>fide</span> <span class='ocrx_word' id='word_1_319' title='bbox 560 2512 772 2543; x_wconf 78' lang='lat' dir='ltr'>invocemus,</span> <span class='ocrx_word' id='word_1_320' title='bbox 816 2506 862 2541; x_wconf 88' lang='lat' dir='ltr'>Et</span> <span class='ocrx_word' id='word_1_321' title='bbox 883 2508 971 2540; x_wconf 87' lang='lat' dir='ltr'>sicut</span> <span class='ocrx_word' id='word_1_322' title='bbox 996 2507 1054 2539; x_wconf 89' lang='lat' dir='ltr'>ille</span> <span class='ocrx_word' id='word_1_323' title='bbox 1071 2507 1107 2539; x_wconf 90' lang='lat' dir='ltr'>in</span> <span class='ocrx_word' id='word_1_324' title='bbox 1126 2505 1247 2540; x_wconf 85' lang='lat' dir='ltr'>Marco</span> 
     </span>
     <span class='ocr_line' id='line_1_48' title="bbox 267 2559 1248 2601; baseline -0.006 -6"><span class='ocrx_word' id='word_1_325' title='bbox 267 2563 325 2601; x_wconf 90' lang='lat' dir='ltr'>ait,</span> <span class='ocrx_word' id='word_1_326' title='bbox 354 2562 468 2593; x_wconf 67' lang='lat' dir='ltr'>Credo</span> <span class='ocrx_word' id='word_1_327' title='bbox 478 2561 639 2599; x_wconf 87' lang='lat' dir='ltr'>Domine,</span> <span class='ocrx_word' id='word_1_328' title='bbox 664 2561 723 2593; x_wconf 86' lang='lat' dir='ltr'>sed</span> <span class='ocrx_word' id='word_1_329' title='bbox 738 2560 861 2592; x_wconf 87' lang='lat' dir='ltr'>adiuva</span> <span class='ocrx_word' id='word_1_330' title='bbox 877 2559 1108 2591; x_wconf 82' lang='lat' dir='ltr'>diffidentiam</span> <span class='ocrx_word' id='word_1_331' title='bbox 1121 2569 1248 2590; x_wconf 84' lang='lat' dir='ltr'>meam:</span> 
     </span>
     <span class='ocr_line' id='line_1_49' title="bbox 267 2610 1012 2656; baseline -0.003 -10"><span class='ocrx_word' id='word_1_332' title='bbox 267 2614 312 2646; x_wconf 88' lang='lat' dir='ltr'>ita</span> <span class='ocrx_word' id='word_1_333' title='bbox 331 2624 394 2645; x_wconf 91' lang='lat' dir='ltr'>nos</span> <span class='ocrx_word' id='word_1_334' title='bbox 411 2618 566 2656; x_wconf 88' lang='lat' dir='ltr'>petamus</span> <span class='ocrx_word' id='word_1_335' title='bbox 587 2612 622 2644; x_wconf 88' lang='lat' dir='ltr'>in</span> <span class='ocrx_word' id='word_1_336' title='bbox 641 2612 743 2645; x_wconf 90' lang='lat' dir='ltr'>nobis</span> <span class='ocrx_word' id='word_1_337' title='bbox 761 2610 878 2653; x_wconf 79' lang='lat' dir='ltr'>augeri</span> <span class='ocrx_word' id='word_1_338' title='bbox 897 2610 1012 2644; x_wconf 83' lang='lat' dir='ltr'>fidem.</span> 
     </span>
    </p>
   </div>
   <div class='ocr_carea' id='block_1_6' title="bbox 833 89 1663 130">
    <p class='ocr_par' dir='ltr' id='par_1_6' title="bbox 833 89 1663 130">
     <span class='ocr_line' id='line_1_50' title="bbox 833 89 1663 130; baseline -0.002 -1"><span class='ocrx_word' id='word_1_339' title='bbox 833 94 958 130; x_wconf 89' lang='lat' dir='ltr'>PHlL.</span> <span class='ocrx_word' id='word_1_340' title='bbox 986 91 1101 128; x_wconf 86' lang='lat' dir='ltr'>MEL.</span> <span class='ocrx_word' id='word_1_341' title='bbox 1128 91 1334 128; x_wconf 70' lang='lat' dir='ltr'><strong>SCRIPTA</strong></span> <span class='ocrx_word' id='word_1_342' title='bbox 1362 89 1663 127; x_wconf 83' lang='lat' dir='ltr'><strong>EXEGETICA.</strong></span> 
     </span>
    </p>
   </div>
   <div class='ocr_carea' id='block_1_7' title="bbox 1265 317 1280 1859">
    <p class='ocr_par' dir='ltr' id='par_1_7' title="bbox 1265 317 1280 1859">
     <span class='ocr_line' id='line_1_51' title="bbox 1265 317 1280 1859; baseline 0 0"><span class='ocrx_word' id='word_1_343' title='bbox 1265 317 1280 1859; x_wconf 95' lang='lat' dir='ltr'> </span> 
     </span>
    </p>
   </div>
   <div class='ocr_carea' id='block_1_8' title="bbox 1275 2026 1281 2571">
    <p class='ocr_par' dir='ltr' id='par_1_8' title="bbox 1275 2026 1281 2571">
     <span class='ocr_line' id='line_1_52' title="bbox 1275 2026 1281 2571; baseline 0 0"><span class='ocrx_word' id='word_1_344' title='bbox 1275 2026 1281 2571; x_wconf 95' lang='lat' dir='ltr'> </span> 
     </span>
    </p>
   </div>
   <div class='ocr_carea' id='block_1_9' title="bbox 2172 93 2268 128">
    <p class='ocr_par' dir='ltr' id='par_1_9' title="bbox 2172 93 2268 128">
     <span class='ocr_line' id='line_1_53' title="bbox 2172 93 2268 128; baseline 0.01 -1"><span class='ocrx_word' id='word_1_345' title='bbox 2172 93 2268 128; x_wconf 79' lang='lat'>1308</span> 
     </span>
    </p>
   </div>
   <div class='ocr_carea' id='block_1_10' title="bbox 1338 173 2267 223">
    <p class='ocr_par' dir='ltr' id='par_1_10' title="bbox 1338 173 2267 223">
     <span class='ocr_line' id='line_1_54' title="bbox 1338 173 2267 223; baseline 0.008 -16"><span class='ocrx_word' id='word_1_346' title='bbox 1338 173 1398 208; x_wconf 81' lang='lat' dir='ltr'>lx.</span> <span class='ocrx_word' id='word_1_347' title='bbox 1425 173 1709 209; x_wconf 75' lang='lat' dir='ltr'>Redemtionem</span> <span class='ocrx_word' id='word_1_348' title='bbox 1724 176 1830 209; x_wconf 71' lang='lat' dir='ltr'>misit</span> <span class='ocrx_word' id='word_1_349' title='bbox 1840 175 2024 210; x_wconf 72' lang='lat' dir='ltr'>Dominus</span> <span class='ocrx_word' id='word_1_350' title='bbox 2036 179 2172 223; x_wconf 78' lang='lat' dir='ltr'>populo</span> <span class='ocrx_word' id='word_1_351' title='bbox 2189 190 2267 214; x_wconf 81' lang='lat' dir='ltr'>suo.</span> 
     </span>
    </p>
   </div>
   <div class='ocr_carea' id='block_1_11' title="bbox 1290 250 2274 550">
    <p class='ocr_par' dir='ltr' id='par_1_11' title="bbox 1290 250 2274 550">
     <span class='ocr_line' id='line_1_55' title="bbox 1390 250 2271 296; baseline 0.008 -14"><span class='ocrx_word' id='word_1_352' title='bbox 1390 250 1498 283; x_wconf 76' lang='lat' dir='ltr'>Aliud</span> <span class='ocrx_word' id='word_1_353' title='bbox 1524 250 1730 283; x_wconf 83' lang='lat' dir='ltr'>beneficium</span> <span class='ocrx_word' id='word_1_354' title='bbox 1757 257 1927 292; x_wconf 85' lang='lat' dir='ltr'>recenset,</span> <span class='ocrx_word' id='word_1_355' title='bbox 1955 253 2049 296; x_wconf 90' lang='lat' dir='ltr'>quod</span> <span class='ocrx_word' id='word_1_356' title='bbox 2067 252 2162 288; x_wconf 89' lang='lat' dir='ltr'>Deus</span> <span class='ocrx_word' id='word_1_357' title='bbox 2187 255 2271 288; x_wconf 87' lang='lat' dir='ltr'>sub·</span> 
     </span>
     <span class='ocr_line' id='line_1_56' title="bbox 1290 298 2272 345; baseline 0.005 -12"><span class='ocrx_word' id='word_1_358' title='bbox 1290 300 1372 333; x_wconf 86' lang='lat' dir='ltr'>inde</span> <span class='ocrx_word' id='word_1_359' title='bbox 1404 301 1566 334; x_wconf 86' lang='lat' dir='ltr'>liberavit</span> <span class='ocrx_word' id='word_1_360' title='bbox 1598 301 1766 345; x_wconf 86' lang='lat' dir='ltr'>populum</span> <span class='ocrx_word' id='word_1_361' title='bbox 1796 302 1840 334; x_wconf 89' lang='lat' dir='ltr'>ab</span> <span class='ocrx_word' id='word_1_362' title='bbox 1872 298 2052 344; x_wconf 86' lang='lat' dir='ltr'>hostibus,</span> <span class='ocrx_word' id='word_1_363' title='bbox 2087 315 2131 336; x_wconf 89' lang='lat' dir='ltr'>ne</span> <span class='ocrx_word' id='word_1_364' title='bbox 2163 305 2272 338; x_wconf 90' lang='lat' dir='ltr'>deleri</span> 
     </span>
     <span class='ocr_line' id='line_1_57' title="bbox 1291 351 2272 399; baseline 0.004 -15"><span class='ocrx_word' id='word_1_365' title='bbox 1291 359 1441 396; x_wconf 86' lang='lat' dir='ltr'>possent.</span> <span class='ocrx_word' id='word_1_366' title='bbox 1495 352 1593 385; x_wconf 80' lang='lat' dir='ltr'>Sicut</span> <span class='ocrx_word' id='word_1_367' title='bbox 1616 351 1748 384; x_wconf 86' lang='lat' dir='ltr'>defensi</span> <span class='ocrx_word' id='word_1_368' title='bbox 1775 358 1856 385; x_wconf 77' lang='lat' dir='ltr'>sunt</span> <span class='ocrx_word' id='word_1_369' title='bbox 1879 353 2045 386; x_wconf 86' lang='lat' dir='ltr'>adversus</span> <span class='ocrx_word' id='word_1_370' title='bbox 2070 352 2272 399; x_wconf 84' lang='lat' dir='ltr'>Aegyptios,</span> 
     </span>
     <span class='ocr_line' id='line_1_58' title="bbox 1290 401 2271 449; baseline 0.003 -13"><span class='ocrx_word' id='word_1_371' title='bbox 1290 401 1512 442; x_wconf 82' lang='lat' dir='ltr'>Cananacos,</span> <span class='ocrx_word' id='word_1_372' title='bbox 1562 402 1794 441; x_wconf 87' lang='lat' dir='ltr'>Palaestinos,</span> <span class='ocrx_word' id='word_1_373' title='bbox 1838 402 1963 448; x_wconf 86' lang='lat' dir='ltr'>Syros,</span> <span class='ocrx_word' id='word_1_374' title='bbox 2005 401 2163 448; x_wconf 83' lang='lat' dir='ltr'>Aphros:</span> <span class='ocrx_word' id='word_1_375' title='bbox 2208 417 2271 449; x_wconf 89' lang='lat' dir='ltr'>pro</span> 
     </span>
     <span class='ocr_line' id='line_1_59' title="bbox 1291 451 2274 498; baseline 0.003 -12"><span class='ocrx_word' id='word_1_376' title='bbox 1291 451 1356 486; x_wconf 87' lang='lat' dir='ltr'>hoc</span> <span class='ocrx_word' id='word_1_377' title='bbox 1375 461 1472 487; x_wconf 87' lang='lat' dir='ltr'>tanto</span> <span class='ocrx_word' id='word_1_378' title='bbox 1489 460 1629 498; x_wconf 84' lang='lat' dir='ltr'>tamque</span> <span class='ocrx_word' id='word_1_379' title='bbox 1645 454 1796 497; x_wconf 84' lang='lat' dir='ltr'>glorioso</span> <span class='ocrx_word' id='word_1_380' title='bbox 1809 454 1976 487; x_wconf 83' lang='lat' dir='ltr'>beneficio</span> <span class='ocrx_word' id='word_1_381' title='bbox 1991 454 2038 498; x_wconf 90' lang='lat' dir='ltr'>pii</span> <span class='ocrx_word' id='word_1_382' title='bbox 2050 461 2121 488; x_wconf 88' lang='lat' dir='ltr'>toto</span> <span class='ocrx_word' id='word_1_383' title='bbox 2137 462 2274 498; x_wconf 86' lang='lat' dir='ltr'>pectore</span> 
     </span>
     <span class='ocr_line' id='line_1_60' title="bbox 1291 501 2273 550; baseline 0.002 -14"><span class='ocrx_word' id='word_1_384' title='bbox 1291 503 1417 547; x_wconf 81' lang='lat' dir='ltr'>gratias</span> <span class='ocrx_word' id='word_1_385' title='bbox 1439 504 1605 546; x_wconf 85' lang='lat' dir='ltr'>agebant,</span> <span class='ocrx_word' id='word_1_386' title='bbox 1634 504 1715 549; x_wconf 90' lang='lat' dir='ltr'>quia</span> <span class='ocrx_word' id='word_1_387' title='bbox 1735 505 1770 536; x_wconf 90' lang='lat' dir='ltr'>in</span> <span class='ocrx_word' id='word_1_388' title='bbox 1788 501 1853 537; x_wconf 86' lang='lat' dir='ltr'>boc</span> <span class='ocrx_word' id='word_1_389' title='bbox 1872 505 2079 538; x_wconf 86' lang='lat' dir='ltr'>admirando</span> <span class='ocrx_word' id='word_1_390' title='bbox 2099 518 2203 550; x_wconf 88' lang='lat' dir='ltr'>opere</span> <span class='ocrx_word' id='word_1_391' title='bbox 2219 506 2273 538; x_wconf 83' lang='lat' dir='ltr'>vi-</span> 
     </span>
    </p>
   </div>
   <div class='ocr_carea' id='block_1_12' title="bbox 1292 552 2274 638">
    <p class='ocr_par' dir='ltr' id='par_1_12' title="bbox 1292 552 2274 638">
     <span class='ocr_line' id='line_1_61' title="bbox 1292 552 2274 600; baseline 0.003 -13"><span class='ocrx_word' id='word_1_392' title='bbox 1292 555 1420 588; x_wconf 85' lang='lat' dir='ltr'>debant</span> <span class='ocrx_word' id='word_1_393' title='bbox 1444 552 1601 588; x_wconf 87' lang='lat' dir='ltr'>exhiberi</span> <span class='ocrx_word' id='word_1_394' title='bbox 1628 555 1823 588; x_wconf 87' lang='lat' dir='ltr'>testimonia</span> <span class='ocrx_word' id='word_1_395' title='bbox 1849 556 2032 590; x_wconf 86' lang='lat' dir='ltr'>manifesta</span> <span class='ocrx_word' id='word_1_396' title='bbox 2059 556 2274 600; x_wconf 85' lang='lat' dir='ltr'>praesentiae</span> 
     </span>
     <span class='ocr_line' id='line_1_62' title="bbox 1292 604 1367 638; baseline 0.013 -1"><span class='ocrx_word' id='word_1_397' title='bbox 1292 604 1367 638; x_wconf 81' lang='lat' dir='ltr'>Dei.</span> 
     </span>
    </p>
   </div>
   <div class='ocr_carea' id='block_1_13' title="bbox 1293 664 2281 1318">
    <p class='ocr_par' dir='ltr' id='par_1_13' title="bbox 1293 664 2281 1318">
     <span class='ocr_line' id='line_1_63' title="bbox 1396 664 2275 705; baseline 0.003 -9"><span class='ocrx_word' id='word_1_398' title='bbox 1396 664 1455 697; x_wconf 87' lang='lat' dir='ltr'>Fit</span> <span class='ocrx_word' id='word_1_399' title='bbox 1470 671 1585 697; x_wconf 89' lang='lat' dir='ltr'>autem</span> <span class='ocrx_word' id='word_1_400' title='bbox 1601 664 1739 697; x_wconf 86' lang='lat' dir='ltr'>dulcior</span> <span class='ocrx_word' id='word_1_401' title='bbox 1752 665 1924 705; x_wconf 88' lang='lat' dir='ltr'>liberatio,</span> <span class='ocrx_word' id='word_1_402' title='bbox 1954 677 2031 699; x_wconf 89' lang='lat' dir='ltr'>cum</span> <span class='ocrx_word' id='word_1_403' title='bbox 2048 666 2089 698; x_wconf 91' lang='lat' dir='ltr'>ad</span> <span class='ocrx_word' id='word_1_404' title='bbox 2104 678 2178 699; x_wconf 89' lang='lat' dir='ltr'>eam</span> <span class='ocrx_word' id='word_1_405' title='bbox 2190 678 2275 699; x_wconf 91' lang='lat' dir='ltr'>con-</span> 
     </span>
     <span class='ocr_line' id='line_1_64' title="bbox 1293 715 2276 758; baseline 0.003 -11"><span class='ocrx_word' id='word_1_406' title='bbox 1293 716 1403 748; x_wconf 87' lang='lat' dir='ltr'>fertur</span> <span class='ocrx_word' id='word_1_407' title='bbox 1434 715 1638 758; x_wconf 84' lang='lat' dir='ltr'>magnitudo</span> <span class='ocrx_word' id='word_1_408' title='bbox 1670 715 1928 758; x_wconf 85' lang='lat' dir='ltr'>periculorum,</span> <span class='ocrx_word' id='word_1_409' title='bbox 1969 717 2212 750; x_wconf 79' lang='lat' dir='ltr'>adflictionum</span> <span class='ocrx_word' id='word_1_410' title='bbox 2244 724 2276 750; x_wconf 87' lang='lat' dir='ltr'>et</span> 
     </span>
     <span class='ocr_line' id='line_1_65' title="bbox 1294 764 2276 811; baseline 0.003 -14"><span class='ocrx_word' id='word_1_411' title='bbox 1294 778 1543 798; x_wconf 84' lang='lat' dir='ltr'>aerumnarum</span> <span class='ocrx_word' id='word_1_412' title='bbox 1577 766 1697 810; x_wconf 91' lang='lat' dir='ltr'>populi</span> <span class='ocrx_word' id='word_1_413' title='bbox 1723 764 1808 807; x_wconf 89' lang='lat' dir='ltr'>Dei,</span> <span class='ocrx_word' id='word_1_414' title='bbox 1844 778 1929 811; x_wconf 85' lang='lat' dir='ltr'>quas</span> <span class='ocrx_word' id='word_1_415' title='bbox 1951 779 2073 800; x_wconf 89' lang='lat' dir='ltr'>omnes</span> <span class='ocrx_word' id='word_1_416' title='bbox 2099 779 2276 800; x_wconf 87' lang='lat' dir='ltr'>recensere</span> 
     </span>
     <span class='ocr_line' id='line_1_66' title="bbox 1294 813 2276 863; baseline 0.001 -14"><span class='ocrx_word' id='word_1_417' title='bbox 1294 817 1438 859; x_wconf 85' lang='lat' dir='ltr'>longum</span> <span class='ocrx_word' id='word_1_418' title='bbox 1460 824 1557 851; x_wconf 85' lang='lat' dir='ltr'>esset.</span> <span class='ocrx_word' id='word_1_419' title='bbox 1612 814 1657 849; x_wconf 89' lang='lat' dir='ltr'>Et</span> <span class='ocrx_word' id='word_1_420' title='bbox 1674 813 1839 849; x_wconf 83' lang='lat' dir='ltr'>historiae</span> <span class='ocrx_word' id='word_1_421' title='bbox 1857 824 1959 850; x_wconf 89' lang='lat' dir='ltr'>notae</span> <span class='ocrx_word' id='word_1_422' title='bbox 1976 825 2074 858; x_wconf 89' lang='lat' dir='ltr'>sunt,</span> <span class='ocrx_word' id='word_1_423' title='bbox 2102 829 2191 863; x_wconf 89' lang='lat' dir='ltr'>quae</span> <span class='ocrx_word' id='word_1_424' title='bbox 2206 818 2276 851; x_wconf 90' lang='lat' dir='ltr'>cla-</span> 
     </span>
     <span class='ocr_line' id='line_1_67' title="bbox 1297 867 2277 911; baseline 0 -11"><span class='ocrx_word' id='word_1_425' title='bbox 1297 868 1431 900; x_wconf 88' lang='lat' dir='ltr'>rissime</span> <span class='ocrx_word' id='word_1_426' title='bbox 1464 873 1652 905; x_wconf 84' lang='lat' dir='ltr'>testantur,</span> <span class='ocrx_word' id='word_1_427' title='bbox 1689 868 1782 911; x_wconf 88' lang='lat' dir='ltr'>quod</span> <span class='ocrx_word' id='word_1_428' title='bbox 1812 874 1969 910; x_wconf 86' lang='lat' dir='ltr'>oporteat</span> <span class='ocrx_word' id='word_1_429' title='bbox 1997 867 2187 902; x_wconf 84' lang='lat' dir='ltr'>Ecclesiam</span> <span class='ocrx_word' id='word_1_430' title='bbox 2212 868 2277 902; x_wconf 91' lang='lat' dir='ltr'>Dei</span> 
     </span>
     <span class='ocr_line' id='line_1_68' title="bbox 1296 918 2278 961; baseline 0.001 -11"><span class='ocrx_word' id='word_1_431' title='bbox 1296 918 1487 950; x_wconf 86' lang='lat' dir='ltr'>subiectam</span> <span class='ocrx_word' id='word_1_432' title='bbox 1510 929 1581 950; x_wconf 87' lang='lat' dir='ltr'>esse</span> <span class='ocrx_word' id='word_1_433' title='bbox 1608 918 1810 960; x_wconf 86' lang='lat' dir='ltr'>ingentibus</span> <span class='ocrx_word' id='word_1_434' title='bbox 1835 918 2101 953; x_wconf 89' lang='lat' dir='ltr'>calamitatibus.</span> <span class='ocrx_word' id='word_1_435' title='bbox 2154 918 2278 961; x_wconf 87' lang='lat' dir='ltr'>Quan-</span> 
     </span>
     <span class='ocr_line' id='line_1_69' title="bbox 1297 967 2277 1012; baseline 0.001 -11"><span class='ocrx_word' id='word_1_436' title='bbox 1297 969 1372 1002; x_wconf 88' lang='lat' dir='ltr'>tilla</span> <span class='ocrx_word' id='word_1_437' title='bbox 1398 976 1469 1001; x_wconf 89' lang='lat' dir='ltr'>erat</span> <span class='ocrx_word' id='word_1_438' title='bbox 1493 968 1683 1001; x_wconf 89' lang='lat' dir='ltr'>multitudo</span> <span class='ocrx_word' id='word_1_439' title='bbox 1702 968 1823 1012; x_wconf 85' lang='lat' dir='ltr'>populi</span> <span class='ocrx_word' id='word_1_440' title='bbox 1842 967 1965 1007; x_wconf 71' lang='lat' dir='ltr'>lsrael,</span> <span class='ocrx_word' id='word_1_441' title='bbox 1993 969 2116 1002; x_wconf 83' lang='lat' dir='ltr'>collata</span> <span class='ocrx_word' id='word_1_442' title='bbox 2135 971 2176 1002; x_wconf 90' lang='lat' dir='ltr'>ad</span> <span class='ocrx_word' id='word_1_443' title='bbox 2196 970 2277 1002; x_wconf 88' lang='lat' dir='ltr'>reli-</span> 
     </span>
     <span class='ocr_line' id='line_1_70' title="bbox 1298 1019 2279 1064; baseline 0.002 -13"><span class='ocrx_word' id='word_1_444' title='bbox 1298 1031 1405 1064; x_wconf 88' lang='lat' dir='ltr'>quum</span> <span class='ocrx_word' id='word_1_445' title='bbox 1430 1019 1549 1052; x_wconf 91' lang='lat' dir='ltr'>orbem</span> <span class='ocrx_word' id='word_1_446' title='bbox 1573 1026 1766 1057; x_wconf 86' lang='lat' dir='ltr'>terrarum,</span> <span class='ocrx_word' id='word_1_447' title='bbox 1793 1019 1835 1051; x_wconf 90' lang='lat' dir='ltr'>ad</span> <span class='ocrx_word' id='word_1_448' title='bbox 1860 1019 2119 1063; x_wconf 84' lang='lat' dir='ltr'>potentissimas</span> <span class='ocrx_word' id='word_1_449' title='bbox 2137 1032 2279 1061; x_wconf 86' lang='lat' dir='ltr'>monar-</span> 
     </span>
     <span class='ocr_line' id='line_1_71' title="bbox 1298 1068 2279 1115; baseline 0.002 -13"><span class='ocrx_word' id='word_1_450' title='bbox 1298 1068 1410 1109; x_wconf 86' lang='lat' dir='ltr'>chias,</span> <span class='ocrx_word' id='word_1_451' title='bbox 1451 1068 1649 1115; x_wconf 82' lang='lat' dir='ltr'>Assyriam,</span> <span class='ocrx_word' id='word_1_452' title='bbox 1690 1069 1883 1108; x_wconf 89' lang='lat' dir='ltr'>Persicam,</span> <span class='ocrx_word' id='word_1_453' title='bbox 1920 1069 2111 1110; x_wconf 86' lang='lat' dir='ltr'>Graecam,</span> <span class='ocrx_word' id='word_1_454' title='bbox 2146 1069 2279 1105; x_wconf 79' lang='lat' dir='ltr'>Roma-</span> 
     </span>
     <span class='ocr_line' id='line_1_72' title="bbox 1298 1119 2279 1165; baseline 0.002 -13"><span class='ocrx_word' id='word_1_455' title='bbox 1298 1120 1405 1153; x_wconf 75' lang='lat' dir='ltr'>nam?</span> <span class='ocrx_word' id='word_1_456' title='bbox 1458 1119 1533 1152; x_wconf 90' lang='lat' dir='ltr'>Hae</span> <span class='ocrx_word' id='word_1_457' title='bbox 1563 1132 1764 1165; x_wconf 85' lang='lat' dir='ltr'>quanquam</span> <span class='ocrx_word' id='word_1_458' title='bbox 1796 1132 1896 1164; x_wconf 88' lang='lat' dir='ltr'>saepe</span> <span class='ocrx_word' id='word_1_459' title='bbox 1925 1121 2160 1155; x_wconf 86' lang='lat' dir='ltr'>dilacerarunt</span> <span class='ocrx_word' id='word_1_460' title='bbox 2185 1119 2279 1154; x_wconf 88' lang='lat' dir='ltr'>bunc</span> 
     </span>
     <span class='ocr_line' id='line_1_73' title="bbox 1299 1170 2281 1214; baseline 0.002 -11"><span class='ocrx_word' id='word_1_461' title='bbox 1299 1171 1486 1214; x_wconf 88' lang='lat' dir='ltr'>populum,</span> <span class='ocrx_word' id='word_1_462' title='bbox 1513 1177 1628 1203; x_wconf 89' lang='lat' dir='ltr'>tamen</span> <span class='ocrx_word' id='word_1_463' title='bbox 1644 1170 1738 1204; x_wconf 86' lang='lat' dir='ltr'>Deus</span> <span class='ocrx_word' id='word_1_464' title='bbox 1756 1171 1978 1204; x_wconf 85' lang='lat' dir='ltr'>mirabilibus</span> <span class='ocrx_word' id='word_1_465' title='bbox 1995 1172 2107 1204; x_wconf 90' lang='lat' dir='ltr'>modis</span> <span class='ocrx_word' id='word_1_466' title='bbox 2123 1171 2281 1205; x_wconf 87' lang='lat' dir='ltr'>defendit</span> 
     </span>
     <span class='ocr_line' id='line_1_74' title="bbox 1299 1219 2280 1256; baseline 0 -2"><span class='ocrx_word' id='word_1_467' title='bbox 1299 1228 1358 1254; x_wconf 91' lang='lat' dir='ltr'>aut</span> <span class='ocrx_word' id='word_1_468' title='bbox 1390 1222 1542 1255; x_wconf 87' lang='lat' dir='ltr'>restituit</span> <span class='ocrx_word' id='word_1_469' title='bbox 1572 1233 1668 1254; x_wconf 87' lang='lat' dir='ltr'>suos:</span> <span class='ocrx_word' id='word_1_470' title='bbox 1704 1222 1794 1255; x_wconf 86' lang='lat' dir='ltr'>sicut</span> <span class='ocrx_word' id='word_1_471' title='bbox 1825 1222 1925 1255; x_wconf 89' lang='lat' dir='ltr'>nullo</span> <span class='ocrx_word' id='word_1_472' title='bbox 1953 1219 2107 1256; x_wconf 87' lang='lat' dir='ltr'>humano</span> <span class='ocrx_word' id='word_1_473' title='bbox 2133 1222 2280 1255; x_wconf 90' lang='lat' dir='ltr'>consilio</span> 
     </span>
     <span class='ocr_line' id='line_1_75' title="bbox 1300 1271 2192 1318; baseline 0.003 -14"><span class='ocrx_word' id='word_1_474' title='bbox 1300 1272 1474 1306; x_wconf 85' lang='lat' dir='ltr'>restitutio</span> <span class='ocrx_word' id='word_1_475' title='bbox 1495 1279 1571 1316; x_wconf 91' lang='lat' dir='ltr'>post</span> <span class='ocrx_word' id='word_1_476' title='bbox 1590 1272 1731 1305; x_wconf 86' lang='lat' dir='ltr'>exilium</span> <span class='ocrx_word' id='word_1_477' title='bbox 1750 1271 2008 1318; x_wconf 84' lang='lat' dir='ltr'>Babylonicum</span> <span class='ocrx_word' id='word_1_478' title='bbox 2027 1273 2115 1307; x_wconf 88' lang='lat' dir='ltr'>facta</span> <span class='ocrx_word' id='word_1_479' title='bbox 2132 1279 2192 1307; x_wconf 79' lang='lat' dir='ltr'>est.</span> 
     </span>
    </p>
   </div>
   <div class='ocr_carea' id='block_1_14' title="bbox 1299 1329 2284 2448">
    <p class='ocr_par' dir='ltr' id='par_1_14' title="bbox 1299 1329 2284 1982">
     <span class='ocr_line' id='line_1_76' title="bbox 1405 1329 2282 1376; baseline 0.001 -12"><span class='ocrx_word' id='word_1_480' title='bbox 1405 1331 1453 1364; x_wconf 86' lang='lat' dir='ltr'>lta</span> <span class='ocrx_word' id='word_1_481' title='bbox 1470 1329 1536 1364; x_wconf 90' lang='lat' dir='ltr'>hoc</span> <span class='ocrx_word' id='word_1_482' title='bbox 1553 1338 1709 1375; x_wconf 90' lang='lat' dir='ltr'>tempore</span> <span class='ocrx_word' id='word_1_483' title='bbox 1723 1332 1894 1376; x_wconf 86' lang='lat' dir='ltr'>quantilla</span> <span class='ocrx_word' id='word_1_484' title='bbox 1911 1339 1960 1365; x_wconf 90' lang='lat' dir='ltr'>est</span> <span class='ocrx_word' id='word_1_485' title='bbox 1976 1332 2166 1366; x_wconf 87' lang='lat' dir='ltr'>multitudo</span> <span class='ocrx_word' id='word_1_486' title='bbox 2181 1344 2282 1365; x_wconf 88' lang='lat' dir='ltr'>verae</span> 
     </span>
     <span class='ocr_line' id='line_1_77' title="bbox 1299 1381 2282 1426; baseline 0 -11"><span class='ocrx_word' id='word_1_487' title='bbox 1299 1382 1474 1415; x_wconf 82' lang='lat' dir='ltr'>Ecclesiae</span> <span class='ocrx_word' id='word_1_488' title='bbox 1503 1382 1629 1415; x_wconf 83' lang='lat' dir='ltr'>collata</span> <span class='ocrx_word' id='word_1_489' title='bbox 1659 1383 1700 1414; x_wconf 88' lang='lat' dir='ltr'>ad</span> <span class='ocrx_word' id='word_1_490' title='bbox 1734 1383 1880 1426; x_wconf 89' lang='lat' dir='ltr'>imperia</span> <span class='ocrx_word' id='word_1_491' title='bbox 1902 1382 2046 1420; x_wconf 88' lang='lat' dir='ltr'>mundi,</span> <span class='ocrx_word' id='word_1_492' title='bbox 2080 1381 2282 1423; x_wconf 87' lang='lat' dir='ltr'>Turcicum,</span> 
     </span>
     <span class='ocr_line' id='line_1_78' title="bbox 1299 1431 2280 1476; baseline -0.001 -10"><span class='ocrx_word' id='word_1_493' title='bbox 1299 1433 1478 1466; x_wconf 90' lang='lat' dir='ltr'>Persicum</span> <span class='ocrx_word' id='word_1_494' title='bbox 1491 1459 1499 1472; x_wconf 94' lang='lat'><strong>‚</strong></span> <span class='ocrx_word' id='word_1_495' title='bbox 1526 1431 1755 1466; x_wconf 77' lang='lat' dir='ltr'>Romanum?</span> <span class='ocrx_word' id='word_1_496' title='bbox 1782 1439 1814 1466; x_wconf 90' lang='lat' dir='ltr'>et</span> <span class='ocrx_word' id='word_1_497' title='bbox 1831 1432 2032 1476; x_wconf 89' lang='lat' dir='ltr'>conspirant</span> <span class='ocrx_word' id='word_1_498' title='bbox 2051 1433 2280 1476; x_wconf 89' lang='lat' dir='ltr'>potentissimi</span> 
     </span>
     <span class='ocr_line' id='line_1_79' title="bbox 1300 1482 2283 1526; baseline 0 -10"><span class='ocrx_word' id='word_1_499' title='bbox 1300 1495 1396 1526; x_wconf 82' lang='lat' dir='ltr'>reges</span> <span class='ocrx_word' id='word_1_500' title='bbox 1422 1484 1464 1515; x_wconf 89' lang='lat' dir='ltr'>ad</span> <span class='ocrx_word' id='word_1_501' title='bbox 1490 1483 1675 1516; x_wconf 85' lang='lat' dir='ltr'>delendam</span> <span class='ocrx_word' id='word_1_502' title='bbox 1703 1494 1819 1516; x_wconf 89' lang='lat' dir='ltr'>veram</span> <span class='ocrx_word' id='word_1_503' title='bbox 1845 1483 2051 1517; x_wconf 86' lang='lat' dir='ltr'>doctrinam.</span> <span class='ocrx_word' id='word_1_504' title='bbox 2110 1482 2283 1517; x_wconf 88' lang='lat' dir='ltr'>Exercent</span> 
     </span>
     <span class='ocr_line' id='line_1_80' title="bbox 1300 1533 2283 1579; baseline 0.001 -13"><span class='ocrx_word' id='word_1_505' title='bbox 1300 1533 1541 1567; x_wconf 84' lang='lat' dir='ltr'>crudelitatem</span> <span class='ocrx_word' id='word_1_506' title='bbox 1582 1546 1654 1566; x_wconf 91' lang='lat' dir='ltr'>non</span> <span class='ocrx_word' id='word_1_507' title='bbox 1694 1533 1868 1566; x_wconf 88' lang='lat' dir='ltr'>minorem</span> <span class='ocrx_word' id='word_1_508' title='bbox 1910 1534 2085 1566; x_wconf 87' lang='lat' dir='ltr'>veteribus</span> <span class='ocrx_word' id='word_1_509' title='bbox 2115 1534 2283 1579; x_wconf 86' lang='lat' dir='ltr'>tyrannis,</span> 
     </span>
     <span class='ocr_line' id='line_1_81' title="bbox 1301 1584 2283 1629; baseline 0 -12"><span class='ocrx_word' id='word_1_510' title='bbox 1301 1584 1497 1617; x_wconf 90' lang='lat' dir='ltr'>moliuntur</span> <span class='ocrx_word' id='word_1_511' title='bbox 1519 1584 1610 1617; x_wconf 88' lang='lat' dir='ltr'>bella</span> <span class='ocrx_word' id='word_1_512' title='bbox 1630 1584 1796 1617; x_wconf 89' lang='lat' dir='ltr'>adversus</span> <span class='ocrx_word' id='word_1_513' title='bbox 1816 1596 1872 1617; x_wconf 89' lang='lat' dir='ltr'>eas</span> <span class='ocrx_word' id='word_1_514' title='bbox 1888 1584 2066 1625; x_wconf 90' lang='lat' dir='ltr'>nationes,</span> <span class='ocrx_word' id='word_1_515' title='bbox 2094 1596 2183 1629; x_wconf 90' lang='lat' dir='ltr'>quae</span> <span class='ocrx_word' id='word_1_516' title='bbox 2202 1597 2283 1628; x_wconf 89' lang='lat' dir='ltr'>pro-</span> 
     </span>
     <span class='ocr_line' id='line_1_82' title="bbox 1302 1633 2283 1679; baseline 0.001 -13"><span class='ocrx_word' id='word_1_517' title='bbox 1302 1635 1443 1667; x_wconf 85' lang='lat' dir='ltr'>fitentur</span> <span class='ocrx_word' id='word_1_518' title='bbox 1474 1646 1591 1667; x_wconf 89' lang='lat' dir='ltr'>veram</span> <span class='ocrx_word' id='word_1_519' title='bbox 1624 1635 1832 1670; x_wconf 88' lang='lat' dir='ltr'>doctrinam.</span> <span class='ocrx_word' id='word_1_520' title='bbox 1887 1634 1983 1668; x_wconf 86' lang='lat' dir='ltr'>Inter</span> <span class='ocrx_word' id='word_1_521' title='bbox 2012 1633 2096 1668; x_wconf 86' lang='lat' dir='ltr'>haec</span> <span class='ocrx_word' id='word_1_522' title='bbox 2128 1635 2283 1679; x_wconf 83' lang='lat' dir='ltr'>ingentia</span> 
     </span>
     <span class='ocr_line' id='line_1_83' title="bbox 1303 1683 2284 1729; baseline 0.003 -12"><span class='ocrx_word' id='word_1_523' title='bbox 1303 1685 1470 1729; x_wconf 83' lang='lat' dir='ltr'>pericula,</span> <span class='ocrx_word' id='word_1_524' title='bbox 1499 1692 1531 1718; x_wconf 92' lang='lat' dir='ltr'>et</span> <span class='ocrx_word' id='word_1_525' title='bbox 1547 1685 1639 1719; x_wconf 88' lang='lat' dir='ltr'>inter</span> <span class='ocrx_word' id='word_1_526' title='bbox 1656 1683 1718 1718; x_wconf 88' lang='lat' dir='ltr'>has</span> <span class='ocrx_word' id='word_1_527' title='bbox 1733 1697 1918 1719; x_wconf 87' lang='lat' dir='ltr'>aerumnas</span> <span class='ocrx_word' id='word_1_528' title='bbox 1933 1684 2027 1718; x_wconf 90' lang='lat' dir='ltr'>Deus</span> <span class='ocrx_word' id='word_1_529' title='bbox 2043 1692 2158 1719; x_wconf 88' lang='lat' dir='ltr'>tamen</span> <span class='ocrx_word' id='word_1_530' title='bbox 2176 1686 2284 1720; x_wconf 89' lang='lat' dir='ltr'>mittit</span> 
     </span>
     <span class='ocr_line' id='line_1_84' title="bbox 1303 1734 2284 1780; baseline 0 -11"><span class='ocrx_word' id='word_1_531' title='bbox 1303 1737 1575 1776; x_wconf 86' lang='lat' dir='ltr'>redemtionem,</span> <span class='ocrx_word' id='word_1_532' title='bbox 1605 1748 1676 1769; x_wconf 91' lang='lat' dir='ltr'>non</span> <span class='ocrx_word' id='word_1_533' title='bbox 1695 1736 1778 1770; x_wconf 90' lang='lat' dir='ltr'>sinit</span> <span class='ocrx_word' id='word_1_534' title='bbox 1795 1748 1939 1780; x_wconf 88' lang='lat' dir='ltr'>prorsus</span> <span class='ocrx_word' id='word_1_535' title='bbox 1955 1736 2063 1769; x_wconf 87' lang='lat' dir='ltr'>deleri</span> <span class='ocrx_word' id='word_1_536' title='bbox 2079 1734 2284 1777; x_wconf 87' lang='lat' dir='ltr'>Ecclesiam,</span> 
     </span>
     <span class='ocr_line' id='line_1_85' title="bbox 1301 1787 2283 1821; baseline 0 -2"><span class='ocrx_word' id='word_1_537' title='bbox 1301 1794 1333 1820; x_wconf 89' lang='lat' dir='ltr'>et</span> <span class='ocrx_word' id='word_1_538' title='bbox 1356 1787 1495 1820; x_wconf 87' lang='lat' dir='ltr'>tandem</span> <span class='ocrx_word' id='word_1_539' title='bbox 1521 1787 1557 1819; x_wconf 91' lang='lat' dir='ltr'>in</span> <span class='ocrx_word' id='word_1_540' title='bbox 1582 1793 1734 1819; x_wconf 84' lang='lat' dir='ltr'>extremo</span> <span class='ocrx_word' id='word_1_541' title='bbox 1758 1787 1888 1820; x_wconf 87' lang='lat' dir='ltr'>iudicio</span> <span class='ocrx_word' id='word_1_542' title='bbox 1907 1787 2118 1821; x_wconf 89' lang='lat' dir='ltr'>resuscitatis</span> <span class='ocrx_word' id='word_1_543' title='bbox 2135 1787 2283 1821; x_wconf 87' lang='lat' dir='ltr'>mortuis</span> 
     </span>
     <span class='ocr_line' id='line_1_86' title="bbox 1302 1837 2282 1880; baseline 0.002 -11"><span class='ocrx_word' id='word_1_544' title='bbox 1302 1837 1406 1870; x_wconf 85' lang='lat' dir='ltr'>simul</span> <span class='ocrx_word' id='word_1_545' title='bbox 1430 1837 1638 1880; x_wconf 85' lang='lat' dir='ltr'>glorificabit</span> <span class='ocrx_word' id='word_1_546' title='bbox 1662 1838 1861 1871; x_wconf 89' lang='lat' dir='ltr'>universam</span> <span class='ocrx_word' id='word_1_547' title='bbox 1878 1837 2088 1876; x_wconf 88' lang='lat' dir='ltr'>Ecclesiam,</span> <span class='ocrx_word' id='word_1_548' title='bbox 2116 1844 2149 1871; x_wconf 89' lang='lat' dir='ltr'>et</span> <span class='ocrx_word' id='word_1_549' title='bbox 2172 1839 2282 1871; x_wconf 87' lang='lat' dir='ltr'>dona—</span> 
     </span>
     <span class='ocr_line' id='line_1_87' title="bbox 1302 1888 2283 1933; baseline -0.001 -12"><span class='ocrx_word' id='word_1_550' title='bbox 1302 1888 1353 1921; x_wconf 86' lang='lat' dir='ltr'>bit</span> <span class='ocrx_word' id='word_1_551' title='bbox 1376 1888 1407 1920; x_wconf 90' lang='lat' dir='ltr'>ei</span> <span class='ocrx_word' id='word_1_552' title='bbox 1430 1894 1570 1920; x_wconf 90' lang='lat' dir='ltr'>aeterna</span> <span class='ocrx_word' id='word_1_553' title='bbox 1594 1888 1766 1932; x_wconf 88' lang='lat' dir='ltr'>praemia,</span> <span class='ocrx_word' id='word_1_554' title='bbox 1793 1901 1830 1921; x_wconf 89' lang='lat' dir='ltr'>ac</span> <span class='ocrx_word' id='word_1_555' title='bbox 1850 1894 2016 1933; x_wconf 88' lang='lat' dir='ltr'>tyrannos</span> <span class='ocrx_word' id='word_1_556' title='bbox 2031 1888 2155 1922; x_wconf 84' lang='lat' dir='ltr'>afficiet</span> <span class='ocrx_word' id='word_1_557' title='bbox 2173 1895 2283 1922; x_wconf 80' lang='lat' dir='ltr'>aeter-</span> 
     </span>
     <span class='ocr_line' id='line_1_88' title="bbox 1303 1939 1506 1982; baseline -0.005 -11"><span class='ocrx_word' id='word_1_558' title='bbox 1303 1939 1357 1971; x_wconf 93' lang='lat' dir='ltr'>nis</span> <span class='ocrx_word' id='word_1_559' title='bbox 1376 1939 1506 1982; x_wconf 90' lang='lat' dir='ltr'>poenis.</span> 
     </span>
    </p>

    <p class='ocr_par' dir='ltr' id='par_1_15' title="bbox 1302 1995 2284 2448">
     <span class='ocr_line' id='line_1_89' title="bbox 1407 1995 2283 2042; baseline 0 -12"><span class='ocrx_word' id='word_1_560' title='bbox 1407 1997 1445 2030; x_wconf 83' lang='lat' dir='ltr'>ld</span> <span class='ocrx_word' id='word_1_561' title='bbox 1469 2010 1608 2042; x_wconf 90' lang='lat' dir='ltr'>quoque</span> <span class='ocrx_word' id='word_1_562' title='bbox 1631 1998 1801 2040; x_wconf 82' lang='lat' dir='ltr'>significat</span> <span class='ocrx_word' id='word_1_563' title='bbox 1824 1995 1880 2030; x_wconf 90' lang='lat' dir='ltr'>hic</span> <span class='ocrx_word' id='word_1_564' title='bbox 1905 1997 2105 2030; x_wconf 84' lang='lat' dir='ltr'>versiculus.</span> <span class='ocrx_word' id='word_1_565' title='bbox 2165 1996 2283 2041; x_wconf 89' lang='lat' dir='ltr'>Popu-</span> 
     </span>
     <span class='ocr_line' id='line_1_90' title="bbox 1302 2047 2284 2088; baseline -0.002 -6"><span class='ocrx_word' id='word_1_566' title='bbox 1302 2050 1376 2082; x_wconf 89' lang='lat' dir='ltr'>lum</span> <span class='ocrx_word' id='word_1_567' title='bbox 1392 2049 1457 2082; x_wconf 88' lang='lat' dir='ltr'>Dei</span> <span class='ocrx_word' id='word_1_568' title='bbox 1475 2047 1679 2083; x_wconf 87' lang='lat' dir='ltr'>habiturum</span> <span class='ocrx_word' id='word_1_569' title='bbox 1697 2060 1767 2081; x_wconf 90' lang='lat' dir='ltr'>esse</span> <span class='ocrx_word' id='word_1_570' title='bbox 1784 2048 2040 2086; x_wconf 88' lang='lat' dir='ltr'>liberationem,</span> <span class='ocrx_word' id='word_1_571' title='bbox 2069 2060 2141 2081; x_wconf 92' lang='lat' dir='ltr'>non</span> <span class='ocrx_word' id='word_1_572' title='bbox 2158 2048 2284 2088; x_wconf 83' lang='lat' dir='ltr'>solum,</span> 
     </span>
     <span class='ocr_line' id='line_1_91' title="bbox 1303 2098 2283 2133; baseline 0 -1"><span class='ocrx_word' id='word_1_573' title='bbox 1303 2112 1345 2132; x_wconf 88' lang='lat' dir='ltr'>ne</span> <span class='ocrx_word' id='word_1_574' title='bbox 1362 2100 1399 2132; x_wconf 92' lang='lat' dir='ltr'>in</span> <span class='ocrx_word' id='word_1_575' title='bbox 1417 2098 1479 2132; x_wconf 87' lang='lat' dir='ltr'>bac</span> <span class='ocrx_word' id='word_1_576' title='bbox 1495 2100 1564 2133; x_wconf 83' lang='lat' dir='ltr'>vita</span> <span class='ocrx_word' id='word_1_577' title='bbox 1581 2098 1914 2133; x_wconf 84' lang='lat' dir='ltr'>deleaturEcclesia:</span> <span class='ocrx_word' id='word_1_578' title='bbox 1944 2099 2003 2131; x_wconf 84' lang='lat' dir='ltr'>sed</span> <span class='ocrx_word' id='word_1_579' title='bbox 2021 2098 2123 2131; x_wconf 89' lang='lat' dir='ltr'>etiam</span> <span class='ocrx_word' id='word_1_580' title='bbox 2139 2105 2177 2132; x_wconf 93' lang='lat' dir='ltr'>ut</span> <span class='ocrx_word' id='word_1_581' title='bbox 2189 2111 2283 2132; x_wconf 88' lang='lat' dir='ltr'>mor-</span> 
     </span>
     <span class='ocr_line' id='line_1_92' title="bbox 1302 2150 2283 2194; baseline -0.002 -10"><span class='ocrx_word' id='word_1_582' title='bbox 1302 2151 1353 2184; x_wconf 89' lang='lat' dir='ltr'>tui</span> <span class='ocrx_word' id='word_1_583' title='bbox 1372 2157 1404 2184; x_wconf 88' lang='lat' dir='ltr'>et</span> <span class='ocrx_word' id='word_1_584' title='bbox 1421 2151 1594 2183; x_wconf 85' lang='lat' dir='ltr'>interfecti</span> <span class='ocrx_word' id='word_1_585' title='bbox 1611 2150 1818 2183; x_wconf 86' lang='lat' dir='ltr'>reviviscant</span> <span class='ocrx_word' id='word_1_586' title='bbox 1831 2156 1862 2182; x_wconf 90' lang='lat' dir='ltr'>et</span> <span class='ocrx_word' id='word_1_587' title='bbox 1875 2156 2134 2194; x_wconf 85' lang='lat' dir='ltr'>consequantur</span> <span class='ocrx_word' id='word_1_588' title='bbox 2145 2156 2283 2183; x_wconf 83' lang='lat' dir='ltr'>aeterna</span> 
     </span>
     <span class='ocr_line' id='line_1_93' title="bbox 1303 2197 2283 2236; baseline -0.001 -1"><span class='ocrx_word' id='word_1_589' title='bbox 1303 2203 1406 2236; x_wconf 88' lang='lat' dir='ltr'>bona.</span> <span class='ocrx_word' id='word_1_590' title='bbox 1459 2201 1540 2235; x_wconf 90' lang='lat' dir='ltr'>Ideo</span> <span class='ocrx_word' id='word_1_591' title='bbox 1559 2201 1595 2233; x_wconf 87' lang='lat' dir='ltr'>in</span> <span class='ocrx_word' id='word_1_592' title='bbox 1614 2199 1679 2234; x_wconf 88' lang='lat' dir='ltr'>boc</span> <span class='ocrx_word' id='word_1_593' title='bbox 1697 2200 1869 2233; x_wconf 86' lang='lat' dir='ltr'>versiculo</span> <span class='ocrx_word' id='word_1_594' title='bbox 1888 2201 2047 2234; x_wconf 90' lang='lat' dir='ltr'>additum</span> <span class='ocrx_word' id='word_1_595' title='bbox 2067 2207 2133 2234; x_wconf 89' lang='lat' dir='ltr'>est:</span> <span class='ocrx_word' id='word_1_596' title='bbox 2162 2197 2283 2234; x_wconf 66' lang='lat' dir='ltr'>illan-</span> 
     </span>
     <span class='ocr_line' id='line_1_94' title="bbox 1304 2248 2283 2291; baseline -0.001 -6"><span class='ocrx_word' id='word_1_597' title='bbox 1304 2250 1404 2285; x_wconf 66' lang='lat' dir='ltr'>dacit</span> <span class='ocrx_word' id='word_1_598' title='bbox 1428 2250 1467 2284; x_wconf 82' lang='lat' dir='ltr'>in</span> <span class='ocrx_word' id='word_1_599' title='bbox 1492 2256 1675 2285; x_wconf 81' lang='lat' dir='ltr'>aeternum</span> <span class='ocrx_word' id='word_1_600' title='bbox 1699 2248 1972 2284; x_wconf 77' lang='lat' dir='ltr'>Testamentum</span> <span class='ocrx_word' id='word_1_601' title='bbox 2001 2263 2127 2289; x_wconf 80' lang='lat' dir='ltr'>suum,</span> <span class='ocrx_word' id='word_1_602' title='bbox 2164 2251 2199 2284; x_wconf 87' lang='lat' dir='ltr'>id</span> <span class='ocrx_word' id='word_1_603' title='bbox 2224 2258 2283 2291; x_wconf 81' lang='lat' dir='ltr'>est,</span> 
     </span>
     <span class='ocr_line' id='line_1_95' title="bbox 1302 2299 2282 2345; baseline -0.002 -9"><span class='ocrx_word' id='word_1_604' title='bbox 1302 2303 1397 2336; x_wconf 85' lang='lat' dir='ltr'>Deus</span> <span class='ocrx_word' id='word_1_605' title='bbox 1430 2304 1525 2337; x_wconf 88' lang='lat' dir='ltr'>dedit</span> <span class='ocrx_word' id='word_1_606' title='bbox 1555 2315 1626 2336; x_wconf 90' lang='lat' dir='ltr'>non</span> <span class='ocrx_word' id='word_1_607' title='bbox 1657 2302 1770 2336; x_wconf 89' lang='lat' dir='ltr'>solum</span> <span class='ocrx_word' id='word_1_608' title='bbox 1801 2302 1912 2344; x_wconf 86' lang='lat' dir='ltr'>legem</span> <span class='ocrx_word' id='word_1_609' title='bbox 1943 2308 1975 2335; x_wconf 88' lang='lat' dir='ltr'>et</span> <span class='ocrx_word' id='word_1_610' title='bbox 2005 2299 2093 2335; x_wconf 87' lang='lat' dir='ltr'>banc</span> <span class='ocrx_word' id='word_1_611' title='bbox 2126 2302 2282 2345; x_wconf 86' lang='lat' dir='ltr'>politiam</span> 
     </span>
     <span class='ocr_line' id='line_1_96' title="bbox 1304 2350 2283 2397; baseline -0.004 -10"><span class='ocrx_word' id='word_1_612' title='bbox 1304 2353 1549 2394; x_wconf 70' lang='lat' dir='ltr'>Israeliticam,</span> <span class='ocrx_word' id='word_1_613' title='bbox 1578 2365 1777 2386; x_wconf 87' lang='lat' dir='ltr'>mansuram</span> <span class='ocrx_word' id='word_1_614' title='bbox 1794 2364 1905 2397; x_wconf 89' lang='lat' dir='ltr'>usque</span> <span class='ocrx_word' id='word_1_615' title='bbox 1920 2353 1963 2385; x_wconf 80' lang='lat' dir='ltr'>ad</span> <span class='ocrx_word' id='word_1_616' title='bbox 1979 2353 2167 2386; x_wconf 89' lang='lat' dir='ltr'>adventum</span> <span class='ocrx_word' id='word_1_617' title='bbox 2179 2350 2283 2386; x_wconf 91' lang='lat' dir='ltr'>Chri-</span> 
     </span>
     <span class='ocr_line' id='line_1_97' title="bbox 1302 2401 2282 2448; baseline -0.003 -11"><span class='ocrx_word' id='word_1_618' title='bbox 1302 2405 1361 2438; x_wconf 88' lang='lat' dir='ltr'>sti:</span> <span class='ocrx_word' id='word_1_619' title='bbox 1388 2406 1445 2437; x_wconf 87' lang='lat' dir='ltr'>sed</span> <span class='ocrx_word' id='word_1_620' title='bbox 1465 2406 1568 2438; x_wconf 88' lang='lat' dir='ltr'>etiam</span> <span class='ocrx_word' id='word_1_621' title='bbox 1589 2404 1837 2448; x_wconf 80' lang='lat' dir='ltr'>promissiones</span> <span class='ocrx_word' id='word_1_622' title='bbox 1855 2404 1898 2436; x_wconf 92' lang='lat' dir='ltr'>de</span> <span class='ocrx_word' id='word_1_623' title='bbox 1914 2403 1982 2437; x_wconf 89' lang='lat' dir='ltr'>vita</span> <span class='ocrx_word' id='word_1_624' title='bbox 1999 2410 2146 2437; x_wconf 88' lang='lat' dir='ltr'>aeterna.</span> <span class='ocrx_word' id='word_1_625' title='bbox 2200 2401 2282 2435; x_wconf 86' lang='lat' dir='ltr'>ldeo</span> 
     </span>
    </p>
   </div>
   <div class='ocr_carea' id='block_1_15' title="bbox 1276 2453 2281 2502">
    <p class='ocr_par' dir='ltr' id='par_1_16' title="bbox 1276 2453 2281 2502">
     <span class='ocr_line' id='line_1_98' title="bbox 1276 2453 2281 2502; baseline -0.002 -15"><span class='ocrx_word' id='word_1_626' title='bbox 1276 2467 1278 2502; x_wconf 54' lang='grc' dir='ltr'><strong>ς</strong></span> <span class='ocrx_word' id='word_1_627' title='bbox 1303 2456 1350 2499; x_wconf 85' lang='grc' dir='ltr'>ρίἰ</span> <span class='ocrx_word' id='word_1_628' title='bbox 1379 2453 1509 2489; x_wconf 83' lang='lat' dir='ltr'>liabent</span> <span class='ocrx_word' id='word_1_629' title='bbox 1533 2455 1806 2494; x_wconf 87' lang='lat' dir='ltr'>redemtionem,</span> <span class='ocrx_word' id='word_1_630' title='bbox 1833 2466 1906 2487; x_wconf 87' lang='lat' dir='ltr'>non</span> <span class='ocrx_word' id='word_1_631' title='bbox 1933 2455 2045 2487; x_wconf 87' lang='lat' dir='ltr'>solum</span> <span class='ocrx_word' id='word_1_632' title='bbox 2069 2465 2162 2490; x_wconf 85' lang='lat' dir='ltr'>eam,</span> <span class='ocrx_word' id='word_1_633' title='bbox 2193 2465 2281 2497; x_wconf 89' lang='lat' dir='ltr'>quae</span> 
     </span>
    </p>
   </div>
   <div class='ocr_carea' id='block_1_16' title="bbox 1302 2504 2281 2601">
    <p class='ocr_par' dir='ltr' id='par_1_17' title="bbox 1302 2504 2281 2601">
     <span class='ocr_line' id='line_1_99' title="bbox 1303 2504 2280 2549; baseline -0.004 -10"><span class='ocrx_word' id='word_1_634' title='bbox 1303 2506 1474 2549; x_wconf 84' lang='lat' dir='ltr'>contingit</span> <span class='ocrx_word' id='word_1_635' title='bbox 1498 2507 1534 2539; x_wconf 91' lang='lat' dir='ltr'>in</span> <span class='ocrx_word' id='word_1_636' title='bbox 1558 2504 1621 2539; x_wconf 88' lang='lat' dir='ltr'>bac</span> <span class='ocrx_word' id='word_1_637' title='bbox 1645 2506 1731 2539; x_wconf 84' lang='lat' dir='ltr'>vita:</span> <span class='ocrx_word' id='word_1_638' title='bbox 1759 2505 1817 2538; x_wconf 90' lang='lat' dir='ltr'>sed</span> <span class='ocrx_word' id='word_1_639' title='bbox 1841 2505 1953 2538; x_wconf 87' lang='lat' dir='ltr'>multo</span> <span class='ocrx_word' id='word_1_640' title='bbox 1971 2505 2078 2548; x_wconf 81' lang='lat' dir='ltr'>magis</span> <span class='ocrx_word' id='word_1_641' title='bbox 2093 2509 2280 2541; x_wconf 86' lang='lat' dir='ltr'>aeternam,</span> 
     </span>
     <span class='ocr_line' id='line_1_100' title="bbox 1302 2554 2281 2601; baseline -0.003 -12"><span class='ocrx_word' id='word_1_642' title='bbox 1302 2568 1390 2601; x_wconf 85' lang='lat' dir='ltr'>quae</span> <span class='ocrx_word' id='word_1_643' title='bbox 1416 2557 1586 2600; x_wconf 86' lang='lat' dir='ltr'>contingit</span> <span class='ocrx_word' id='word_1_644' title='bbox 1606 2557 1642 2589; x_wconf 88' lang='lat' dir='ltr'>in</span> <span class='ocrx_word' id='word_1_645' title='bbox 1664 2563 1838 2601; x_wconf 86' lang='lat' dir='ltr'>postremo</span> <span class='ocrx_word' id='word_1_646' title='bbox 1858 2555 2006 2595; x_wconf 87' lang='lat' dir='ltr'>iudicio,</span> <span class='ocrx_word' id='word_1_647' title='bbox 2033 2555 2114 2599; x_wconf 86' lang='lat' dir='ltr'>quia</span> <span class='ocrx_word' id='word_1_648' title='bbox 2132 2554 2281 2597; x_wconf 86' lang='lat' dir='ltr'>promis-</span> 
     </span>
    </p>
   </div>
   <div class='ocr_carea' id='block_1_17' title="bbox 1276 2603 2280 2655">
    <p class='ocr_par' dir='ltr' id='par_1_18' title="bbox 1276 2603 2280 2655">
     <span class='ocr_line' id='line_1_101' title="bbox 1276 2603 2280 2655; baseline -0.002 -15"><span class='ocrx_word' id='word_1_649' title='bbox 1276 2623 1277 2647; x_wconf 61' lang='lat'>]</span> <span class='ocrx_word' id='word_1_650' title='bbox 1302 2608 1417 2640; x_wconf 84' lang='lat' dir='ltr'>siones</span> <span class='ocrx_word' id='word_1_651' title='bbox 1434 2608 1645 2655; x_wconf 85' lang='lat' dir='ltr'>pollicentur</span> <span class='ocrx_word' id='word_1_652' title='bbox 1663 2608 1767 2640; x_wconf 85' lang='lat' dir='ltr'>vitam</span> <span class='ocrx_word' id='word_1_653' title='bbox 1784 2612 1972 2645; x_wconf 82' lang='lat' dir='ltr'>aeternam,</span> <span class='ocrx_word' id='word_1_654' title='bbox 2000 2612 2031 2638; x_wconf 86' lang='lat' dir='ltr'>et</span> <span class='ocrx_word' id='word_1_655' title='bbox 2051 2603 2113 2638; x_wconf 71' lang='lat' dir='ltr'>bae</span> <span class='ocrx_word' id='word_1_656' title='bbox 2131 2605 2280 2648; x_wconf 85' lang='lat' dir='ltr'>promis—</span> 
     </span>
    </p>
   </div>
   <div class='ocr_carea' id='block_1_18' title="bbox 1302 2657 1940 2693">
    <p class='ocr_par' dir='ltr' id='par_1_19' title="bbox 1302 2657 1940 2693">
     <span class='ocr_line' id='line_1_102' title="bbox 1302 2657 1940 2693; baseline -0.005 -2"><span class='ocrx_word' id='word_1_657' title='bbox 1302 2658 1416 2691; x_wconf 82' lang='lat' dir='ltr'>siones</span> <span class='ocrx_word' id='word_1_658' title='bbox 1435 2666 1526 2692; x_wconf 90' lang='lat' dir='ltr'>ratae</span> <span class='ocrx_word' id='word_1_659' title='bbox 1547 2666 1578 2693; x_wconf 88' lang='lat' dir='ltr'>et</span> <span class='ocrx_word' id='word_1_660' title='bbox 1597 2657 1833 2691; x_wconf 86' lang='lat' dir='ltr'>immutabiles</span> <span class='ocrx_word' id='word_1_661' title='bbox 1851 2662 1940 2689; x_wconf 89' lang='lat' dir='ltr'>sunt.</span> 
     </span>
    </p>
   </div>
  </div>
 </body>
</html>
