2379 2948
164 109 235 143 291

165 192 266 225 terris
287 190 412 228 vicini,
438 200 536 232 saepe
555 189 589 219 iu
618 187 764 218 eandem
791 192 923 229 partem
949 185 1073 218 mundi
1094 185 1140 218 si-

164 244 237 274 mul
274 242 534 276 incumberent,
568 238 627 268 sed
652 236 787 268 vicibus
818 236 954 280 partitis
987 237 1142 269 alterna-

166 299 243 324 rent
265 290 484 325 latitudines,
507 293 539 318 et
560 286 665 319 simul
692 293 730 319 ut
755 284 845 329 Regi
871 298 934 319 suo
958 298 977 318 a
995 286 1142 319 diversis

167 343 373 385 plerumque
405 336 571 370 lateribus
602 336 803 369 assisterent
833 343 866 369 et
890 336 1143 371 ministrarent.

167 390 231 425 Est
247 390 337 422 enim
363 387 427 420 hoc
450 393 674 430 perpetuum,
700 387 794 431 quod
812 386 932 419 Venus
953 398 1074 419 omnes
1092 386 1144 418 la-

168 441 334 474 titudines
352 449 430 470 suas
452 437 585 480 perficit
612 437 647 469 in
673 437 883 470 contrariam
908 444 1040 481 partem
1064 436 1145 469 lati-

168 490 329 524 tudinum
349 487 537 527 Mercurii,
564 493 597 520 et
613 494 764 520 econtra.
816 487 905 520 Nam
923 495 956 520 et
975 486 1144 520 eccentri-

168 551 226 572 cus
244 538 392 570 Veneris
409 537 519 570 defert
539 549 640 570 suum
657 537 849 582 epicyclum
868 544 1004 571 tantum
1022 547 1142 569 versus

168 589 456 633 septentrionem,
473 586 643 620 Mercurii
661 588 874 621 eccentricus
892 594 1031 620 econtra
1043 598 1145 619 suum

168 646 304 672 tantum
321 649 440 670 versus
464 638 666 677 meridiem,
694 649 757 670 nec
775 638 812 670 fit
827 638 945 682 aliqua
964 635 1020 669 hic
1042 636 1146 669 vicis-

169 690 298 723 situdo,
336 687 381 721 Et
398 689 433 720 in
450 688 612 732 epicyclis
628 688 753 721 similis
770 694 819 720 est
833 688 942 727 ratio,
969 699 1048 720 cum
1065 692 1148 719 sunt

171 740 228 772 siti
246 739 281 771 in
302 739 424 771 iisdem
444 739 600 781 partibus
617 750 761 771 suorum
780 738 1064 777 eccentricorum,
1081 734 1148 769 hoc

173 796 240 829 cst,
266 789 397 832 pariter
416 789 470 821 vel
486 788 524 820 in
543 800 692 832 apogeo,
719 789 773 820 vel
796 788 834 820 in
849 788 1007 831 perigeo,
1033 787 1088 820 vel
1111 787 1149 819 in

170 851 242 872 nno
275 840 381 871 nodo.
448 838 538 871 Nam
569 839 631 872 ubi
656 838 796 878 Venus,
830 838 884 870 vel
908 838 1150 877 inclinatione,

172 889 227 921 vel
246 889 432 921 reflexione
450 900 510 921 sua
536 896 700 931 evagatur
723 899 840 921 versus
864 888 1151 932 septentrionem,

171 940 222 971 ibi
245 938 442 972 Mercurius
466 939 615 972 discedit
639 940 762 971 iisdem
794 939 1024 971 latitudinum
1049 938 1151 971 diffe-

172 989 295 1022 rentiis
313 990 349 1021 in
374 989 584 1022 contrariam
606 989 741 1032 plagam
759 989 946 1022 australem
959 1014 969 1028 ‚
999 995 1031 1022 et
1046 999 1152 1021 econ-

172 1045 222 1072 tra
233 1063 242 1077 ‚
270 1039 475 1082 permutatis
490 1050 627 1082 semper
643 1039 789 1073 vicibus.

274 1105 339 1138 His
371 1106 483 1138 tribus
514 1106 763 1138 latitudinibus
790 1106 950 1138 conflatis
981 1106 1154 1150 reperitur

171 1155 292 1188 Venus
319 1156 401 1189 citra
419 1154 627 1198 Eclipticam
652 1156 842 1200 aliquando
872 1168 991 1189 versus
1016 1163 1154 1200 septen-

171 1206 323 1238 trionem
343 1206 475 1239 distans
506 1205 529 1238 7
545 1207 716 1248 graduum
736 1212 768 1239 et
790 1205 838 1240 24
854 1207 1071 1241 minutorum
1098 1206 1153 1238 in-

172 1256 339 1293 tervallo,
374 1266 495 1288 versus
520 1256 702 1289 meridiem
727 1268 809 1289 vero
834 1257 927 1289 ultra
942 1255 1153 1301 Eclipticam

173 1305 195 1338 6
217 1307 388 1348 graduum
408 1313 440 1339 et
456 1305 504 1338 46
521 1307 753 1340 minutorum.

276 1363 476 1396 Mercurius
502 1376 584 1396 vero
608 1375 726 1396 versus
752 1365 935 1396 meridiem
963 1366 1154 1409 aliquando

177 1414 249 1446 abit
271 1414 360 1446 ultra
373 1412 579 1455 Eclipticam
598 1414 618 1446 4
639 1426 688 1457 gr.
708 1414 754 1446 33
766 1414 864 1453 min.,
881 1425 999 1447 versus
1018 1421 1155 1458 septen-

179 1464 329 1496 trionem
349 1475 430 1496 vero
450 1464 558 1497 ferme
584 1464 606 1497 4
621 1465 792 1507 graduum
815 1464 1014 1499 intervallo.

370 104 575 140 SCRIPTA
605 103 679 136 PH.
707 100 820 135 MEL.
850 99 918 134 AD
944 99 1072 135 HIST.
1098 98 1242 136 PROF.
1272 99 1338 134 ET
1367 99 1556 136 PHILOS.
1584 98 1903 136 SPECTANTlA.

2092 101 2168 137 292

1295 184 1474 219 Hactenus
1491 185 1643 228 exposita
1662 191 1712 219 est
1732 185 1819 218 ratio
1838 193 2014 226 motuum,
2041 186 2170 230 quibus

1194 237 1356 270 feruntur
1371 237 1441 268 duo
1459 236 1593 269 lumina
1607 262 1616 276 ,
1643 241 1676 268 et
1693 242 1845 269 caeterae
1862 236 2017 279 quinque
2041 236 2171 276 stellae,

1195 299 1282 331 quae
1299 293 1442 329 propter
1457 286 1660 319 varietatem
1683 297 1849 318 cursuum
1875 287 2055 329 πλανῆται
2079 286 2172 319 anti—

1196 337 1314 381 quitus
1337 337 1570 380 appellantur.
1630 335 1760 370 Sumus
1784 341 1899 368 autem
1922 337 2030 369 secuti
2052 336 2089 368 in
2112 337 2175 368 de-

1197 387 1391 420 scribendis
1419 387 1491 418 illis
1525 386 1716 420 Ptolemaei
1749 382 1977 431 hypotheses,
2011 397 2101 429 quae
2122 391 2177 418 tot

1197 437 1393 470 seculorum
1427 436 1628 470 testimonio
1654 437 1918 480 comprobatae,
1951 446 2025 468 non
2048 442 2178 468 temere

1197 487 1349 519 convelli
1367 487 1507 522 debent.
1559 485 1606 521 Et
1628 487 1739 520 sicubi
1765 498 1783 519 a
1799 485 1993 519 Ptolemaei
2023 492 2179 529 tempore

1198 538 1240 569 ad
1258 543 1411 569 nostram
1431 548 1541 581 usque
1557 544 1702 571 aetatem
1720 537 1832 581 (quod
1851 536 2074 570 intervallum
2093 546 2179 568 con-

1200 587 1287 620 tinet
1303 587 1455 629 amplius
1474 588 1570 620 mille
1596 587 1862 631 quadringentis
1885 586 2004 627 annis)
2028 596 2180 628 apogeo-

1199 648 1277 670 rum
1304 643 1337 669 et
1361 636 1587 669 latitudinum
1612 638 1687 670 loca
1715 637 1753 669 in
1781 637 1868 670 alias
1897 643 2011 681 partes
2036 634 2182 668 Zodiaci

1200 686 1366 720 translata
1391 694 1490 727 sunt,
1518 688 1668 720 mutuati
1694 698 1814 720 sumus
1836 698 2003 720 numeros
2024 698 2043 719 a
2061 696 2183 719 recen·

1201 737 1289 771 tium
1306 737 1476 770 artificum
1494 737 1814 771 observationibus.

1304 803 1429 837 Videri
1452 811 1568 838 autem
1593 803 1722 849 poterit
1746 802 1925 848 aliquibus
1942 802 2185 847 intempestiva

1203 853 1270 887 hoc
1289 854 1326 886 in
1343 854 1419 887 loco
1436 862 1596 888 motuum
1616 854 1819 888 coelestium
1836 861 1907 887 tam
1925 853 2062 898 prolixa
2079 864 2185 896 expo-

1205 905 1305 945 sitio,
1330 917 1418 949 quae
1435 905 1521 938 alibi
1537 906 1690 939 traditur
1712 904 1927 942 accuratius,
1954 911 1986 938 et
2004 915 2022 936 a
2041 901 2185 949 physica

1206 954 1367 988 doctrina
1391 963 1551 989 censetur
1573 956 1799 998 seiungenda.
1864 953 1934 988 Sed
1966 965 2032 987 nos
2055 953 2184 986 multas

1206 1016 1325 1038 causas
1342 1003 1549 1046 habuimus,
1581 1019 1644 1040 cur
1669 1004 1758 1038 hanc
1781 1004 2019 1038 narrationem
2040 1005 2083 1036 de
2107 1015 2186 1036 mo-

1206 1063 1306 1089 tuum
1323 1055 1459 1098 legibus
1482 1054 1563 1089 huic
1579 1054 1743 1101 physicae
1759 1055 1851 1099 parti
1872 1055 2090 1089 attexendam
2113 1064 2187 1086 esse

1206 1106 1432 1147 duceremus,
1469 1118 1555 1151 quas
1591 1105 1648 1139 hic
1684 1106 1898 1146 omittimus,
1939 1112 1973 1138 et
2002 1102 2187 1137 hortamur

1206 1156 1455 1197 adolescentes,
1476 1164 1515 1190 ut
1531 1157 1722 1200 pleniorem
1743 1154 1848 1188 huius
1865 1154 2089 1188 suavissimae
2105 1165 2188 1197 par-

1207 1207 1251 1240 tis
1288 1204 1452 1252 physicae
1489 1207 1727 1250 cognitionem
1759 1218 1798 1239 ex
1830 1204 2023 1238 Ptolemaei
2061 1214 2189 1245 magno

1208 1269 1313 1300 opere
1346 1255 1487 1290 haurire
1519 1259 1701 1297 studeant,
1744 1256 1840 1300 quod
1870 1253 1976 1287 huius
2008 1254 2189 1287 doctrinae

1207 1308 1322 1340 fontes
1338 1308 1513 1346 continet,
1540 1314 1572 1340 et
1597 1306 1744 1340 nuncin
1761 1305 1950 1339 Academia
1968 1302 2032 1337 hac
2049 1302 2190 1348 publice

1209 1357 1427 1402 fideliterque
1450 1358 1654 1401 explicatur.

1626 1427 1771 1467 Τέλος.

918 1712 1095 1744 LIBER
1144 1711 1462 1744 SECUNDUS.

180 1803 300 1857 Nunc
324 1821 398 1856 Deo
429 1822 577 1855 ducente
604 1828 635 1855 ct
669 1822 811 1855 iuvante
840 1822 1061 1865 ingredimur
1084 1835 1159 1856 eam

181 1880 314 1918 partem
332 1871 514 1917 Physices,
539 1884 626 1916 quae
643 1872 768 1905 usitate
784 1873 833 1905 sic
853 1874 1063 1917 adpellatur,
1091 1881 1160 1907 est-

183 1936 250 1969 que
277 1922 509 1955 consideratio
539 1923 703 1954 materiae
729 1930 761 1956 et
789 1924 998 1967 qualitatum
1030 1925 1066 1956 in
1088 1936 1162 1957 ma-

183 1973 287 2012 teria,
321 1979 354 2006 et
385 1984 504 2005 earum
536 1972 778 2013 effectionum,
814 1986 902 2017 quae
935 1981 1019 2007 sunt
1040 1986 1162 2008 causae

183 2023 418 2056 mutationum
435 2023 471 2054 in
488 2022 711 2064 corporibus,
739 2030 776 2056 ut
793 2024 1071 2065 generationum,
1095 2037 1163 2058 nu-

183 2073 389 2114 tritionum,
418 2072 683 2112 alterationum,
720 2074 1010 2117 corruptionum,
1036 2075 1164 2108 deinde

184 2130 217 2157 et
237 2123 388 2166 partium
416 2123 455 2155 in
481 2123 710 2165 corporibus,
743 2129 777 2156 et
802 2135 983 2156 causarum
1018 2125 1165 2169 propin·

185 2186 332 2218 quarum
356 2181 388 2207 et
413 2179 648 2210 remotarum,
684 2179 856 2217 quantum
887 2174 960 2206 acie
991 2172 1165 2209 humanae

185 2224 311 2256 mentis
325 2224 362 2255 in
380 2220 443 2256 hac
463 2223 665 2256 infirmitate
682 2223 833 2267 perspici
859 2231 984 2257 natura
1001 2232 1125 2269 potest.

287 2290 499 2335 Quanquam
515 2296 629 2323 autem
645 2302 768 2334 magna
788 2298 838 2325 est
864 2292 974 2335 caligo
992 2290 1166 2327 humanae

186 2342 312 2374 mentis
339 2348 372 2374 et
403 2347 528 2374 natura
560 2341 700 2384 penitus
735 2342 919 2385 introspici
944 2354 1016 2375 non
1042 2350 1167 2386 potest,

187 2398 302 2423 tamen
323 2389 406 2424 haec
425 2391 496 2434 ipsa
516 2391 696 2432 doctrina,
724 2404 828 2436 quam
848 2391 942 2425 Deus
959 2400 1077 2426 notam
1093 2405 1165 2426 esse

187 2440 318 2480 voluit,
352 2442 541 2474 necessaria
568 2449 617 2475 est
645 2439 829 2475 hominum
860 2443 968 2483 vitae,
995 2449 1032 2476 ut
1050 2444 1164 2476 mani-

186 2489 311 2523 festum
329 2497 398 2528 est,
423 2492 465 2523 ad
484 2492 650 2524 tuendam
669 2492 905 2526 valetudinem
933 2494 1164 2527 necessariam

148 2547 153 2553 ·
186 2550 257 2572 esse
280 2540 556 2585 qualemcunque
578 2542 814 2583 cognitionem
838 2543 991 2587 partium
1014 2541 1162 2577 humani

184 2590 358 2633 corporis,
391 2590 517 2623 deinde
544 2592 770 2634 qualitatum,
804 2605 893 2638 quae
923 2605 1002 2627 cum
1032 2594 1161 2639 quibus

181 2640 418 2681 consentiant,
451 2646 512 2674 aut
532 2649 705 2685 pugnent,
739 2654 828 2688 quae
853 2655 974 2679 causae
999 2644 1159 2680 nutriant

1212 1827 1380 1860 corpora,
1413 1825 1503 1860 quae
1533 1815 1663 1850 faciant
1693 1817 1925 1860 mutationes,
1971 1815 2194 1853 alterationes

1213 1874 1245 1900 et
1265 1866 1523 1910 corruptiones-

1315 1924 1410 1958 Haec
1428 1924 1664 1958 consideratio
1683 1926 1835 1970 primum
1853 1926 1964 1960 movit
1986 1926 2122 1972 aliquos
2140 1927 2196 1960 in-

1214 1976 1325 2019 geniis
1348 1982 1579 2019 praestantes,
1620 1982 1659 2009 ut
1691 1977 1850 2009 ordinem
1884 1974 1989 2010 huius
2015 1977 2197 2010 doctrinae

1215 2027 1458 2065 instituerent,
1490 2025 1728 2060 discernerent
1760 2039 1905 2071 corpora
1938 2034 1970 2061 et
2001 2028 2197 2072 qualitates,

1215 2084 1248 2110 et
1271 2087 1389 2110 causas
1417 2075 1653 2109 mutationum
1682 2083 1714 2111 et
1736 2077 1947 2111 mixtionum
1976 2084 2198 2122 quaererent,

1216 2138 1254 2160 ac
1287 2126 1414 2159 deinde
1444 2127 1738 2169 progrederentur
1762 2128 1806 2161 ad
1834 2129 2050 2173 quaerendas
2079 2139 2198 2162 causas

1218 2176 1442 2217 remotiores,
1468 2182 1502 2209 et
1526 2183 1564 2210 ut
1587 2177 1634 2211 ita
1660 2178 1795 2219 dicam,
1825 2178 1977 2222 primam
2006 2189 2195 2223 corporum

1216 2227 1518 2271 compositionem.

1316 2290 1364 2326 Et
1382 2290 1469 2326 haec
1491 2293 1566 2337 ipsa
1586 2293 1750 2326 deductio
1775 2294 1819 2327 ad
1840 2295 1990 2338 primam
2011 2293 2199 2337 originem,

1216 2343 1441 2377 monstratrix
1461 2350 1510 2377 est
1525 2342 1612 2382 Dei,
1640 2350 1674 2377 et
1690 2344 1849 2377 doctrina
1875 2346 1917 2378 de
1936 2344 2060 2378 ordine
2078 2355 2197 2378 causa-

1216 2406 1296 2427 rum
1320 2393 1500 2427 convincit
1525 2400 1676 2434 mentes,
1709 2400 1748 2427 ut
1771 2395 1874 2428 fateri
1904 2401 2090 2438 cogantur,
2124 2405 2197 2428 esse

1215 2443 1329 2478 Deum
1352 2450 1504 2477 mentem
1519 2442 1848 2486 architectatricem,
1874 2457 1953 2478 cum
1970 2444 2126 2489 reliquae
2142 2451 2197 2478 to-

1215 2495 1285 2527 tius
1311 2501 1475 2533 naturae,
1509 2501 1585 2529 tum
1609 2506 1691 2528 vero
1715 2493 1910 2535 humanae,
1936 2494 1992 2528 cui
2017 2494 2194 2539 impressit

1213 2545 1380 2585 noticias,
1413 2556 1504 2589 quae
1533 2546 1725 2579 ostendunt
1748 2545 1866 2590 aliquo
1891 2545 2019 2588 modo,
2053 2551 2086 2579 et
2109 2543 2196 2590 quid

1213 2595 1256 2628 sit
1270 2593 1384 2635 Deus,
1410 2601 1444 2628 et
1463 2595 1577 2641 qualis
1602 2595 1646 2629 sit
1670 2596 1743 2629 eius
1768 2595 1950 2636 voluntas,
1978 2595 2118 2629 scilicet
2139 2606 2196 2628 re-

1211 2646 1330 2689 gulam
1360 2651 1483 2681 tenens
1524 2646 1779 2681 discernentem
1821 2642 1970 2681 honesta
2002 2652 2040 2691 et,
2066 2645 2194 2690 turpia.
