2379 2948
206 128 278 168 355

205 215 335 251 tiones,
358 219 415 246 aut
433 218 545 244 motus
562 207 708 246 locales,
734 204 802 237 alia
820 204 931 243 aliter,
957 203 1118 242 tendunt,
1145 207 1184 234 ut

205 275 350 308 corpora
370 262 529 295 coelestia
546 260 705 290 seruntur
723 255 870 288 assiduis
884 253 1039 287 motibus
1062 251 1185 285 locali-

206 317 284 353 bus,
313 321 342 346 et
361 312 466 344 radiis
483 309 551 341 suis
569 311 762 350 temperant
780 305 948 337 inferiora
966 314 1127 347 corpora,
1155 308 1187 333 et

208 364 431 398 alterationes
456 360 491 390 in
513 358 561 390 eis
588 357 755 390 efficiunt.
808 354 954 388 Plantae
977 355 1013 386 in
1036 361 1127 387 terra
1155 357 1188 384 et

209 412 399 448 animantia
418 409 569 442 tendunt
586 408 626 440 ad
645 406 907 450 generationes,
935 410 967 437 et
983 402 1113 436 liabent
1129 413 1188 434 va-

210 466 278 497 rias
303 460 502 494 oss'ectiones
526 458 622 490 alias.
675 456 732 490 Sic
753 454 859 489 homo
883 462 921 489 ut
937 460 1094 487 servetur
1113 463 1189 495 spe-

210 515 296 552 cies,
332 517 455 543 natura
487 510 529 541 ad
559 508 822 551 generationem
856 512 890 539 et
919 506 962 538 ad
992 502 1190 548 quaerenda

211 564 301 595 xitae
319 560 510 605 praesidia,
537 565 569 591 et
585 559 627 590 ad
645 558 729 590 alias
751 557 904 590 actiones
922 555 1047 598 speciei
1064 564 1192 585 conve-

210 613 348 646 nientes
366 618 398 644 et
415 610 583 642 salutares
600 608 758 645 ducitur,
784 614 822 639 ut
837 607 880 638 ad
899 605 1064 638 tuendam
1083 602 1192 635 socie-

211 670 338 702 tatem,
370 660 472 694 certis
501 658 633 698 modis,
668 669 754 702 quos
784 656 872 690 ratio
901 660 1085 688 monstrat.
1147 650 1192 684 Et

212 712 461 746 universaliter
486 710 570 742 lines
596 714 678 741 sunt
703 717 909 750 corporum,
930 711 1046 737 motus
1070 702 1193 746 aliqui,

215 775 274 796 seu
292 762 461 800 actiones,
486 760 523 791 in
542 759 668 803 quibus
691 769 769 790 cum
793 762 994 795 versantur,
1020 751 1113 786 nihil
1132 753 1194 785 ad-

214 819 337 858 petunt
363 811 532 849 ulterius,
558 815 596 842 ut
618 808 696 840 finis
714 813 762 839 est
786 806 886 846 solis,
913 817 974 838 suo
995 811 1092 838 motu
1114 814 1195 846 per-

215 874 334 905 agrare
348 868 473 899 metas,
500 870 587 904 quae
605 858 636 890 ei
655 857 841 891 attributae
857 862 949 890 sunt.
1003 855 1061 888 Sic
1076 852 1191 886 homi-

216 915 270 946 nis
287 913 371 945 lines
390 917 472 943 sunt
496 909 646 952 cogitare
669 909 712 940 de
729 906 822 945 Deo,
850 908 894 939 de
919 905 1084 949 operibus
1103 904 1195 937 divi-

215 964 289 1003 nis,
316 963 358 994 de
380 961 526 999 virtute,
553 966 584 992 et
610 970 710 1001 agere
733 958 925 989 secundum
950 957 1135 994 virtutem,
1163 960 1195 986 et

215 1014 346 1046 referre
363 1011 516 1044 actiones
532 1010 574 1042 ad
592 1008 839 1042 celebrandum
856 1006 982 1041 Deum.
1017 1005 1195 1038 Tantum-

216 1075 283 1108 que
302 1061 389 1095 lucis
404 1061 516 1094 adfert
533 1066 692 1092 motuum
714 1057 866 1099 cognitio
888 1057 923 1088 in
941 1056 1096 1100 qualibet
1119 1066 1196 1097 spe-

217 1114 286 1153 cie,
312 1119 351 1145 ut
366 1109 572 1144 Aristoteles
591 1109 697 1140 dicat:
727 1107 890 1149 Ignorato
913 1113 1012 1139 motu
1040 1104 1195 1147 ignorari

216 1171 389 1195 naturam.
432 1159 537 1202 Quod
563 1158 655 1191 enim
678 1157 868 1190 discrimen
892 1155 985 1189 Solis
1012 1162 1045 1188 et
1075 1154 1196 1188 Lunae

217 1212 298 1245 sciri
323 1216 455 1254 posset,
482 1208 550 1241 nisi
573 1216 671 1242 motu
690 1206 996 1240 discernerentur?
1048 1205 1105 1238 Sic
1130 1203 1196 1237 ho-

216 1263 329 1295 mines
344 1261 548 1293 discernunt
564 1258 617 1291 sui
633 1264 749 1290 motus
765 1269 782 1289 a
798 1257 921 1296 beluis,
943 1268 1072 1288 marem
1090 1269 1107 1287 a
1125 1255 1197 1287 soe-

217 1313 332 1352 mina,
360 1323 398 1343 ac
423 1311 490 1343 late
515 1315 609 1352 patet
626 1309 775 1341 dictum:
805 1305 1010 1353 ἀναγκαῖοι(
1040 1304 1198 1352 ἀγνοου-

218 1362 328 1407 μένης
343 1357 535 1404 κινήσεως,
561 1357 781 1406 ἀγνοεῖσθαι
799 1355 857 1390 καὶ
877 1355 943 1400 ’τήν
965 1355 1090 1401 φύσιν,

319 1426 549 1460 Manifestum
569 1431 619 1457 est
635 1423 762 1466 igitur,
789 1429 971 1467 postquam
990 1422 1033 1453 de
1054 1433 1199 1465 corpore

221 1478 354 1512 dictum
371 1483 434 1517 est,
461 1482 493 1508 et
510 1476 551 1508 de
569 1481 711 1514 natura,
738 1479 769 1506 et
788 1484 969 1505 causarum
986 1472 1199 1504 discrimini-

219 1530 304 1567 bus,
330 1538 426 1560 nunc
447 1525 677 1570 proprietates
698 1535 883 1566 corporum
912 1522 1090 1554 addendas
1116 1533 1200 1562 esse,

221 1590 368 1623 quarum
394 1576 578 1621 praecipua
601 1581 652 1608 est
669 1580 796 1607 motus.
849 1572 986 1605 Deinde
1011 1579 1201 1616 sequentur

221 1629 319 1661 locus
347 1634 379 1660 et
408 1633 565 1670 tempus,
600 1625 682 1669 quia
700 1635 826 1667 corpus
844 1635 905 1655 nec
922 1622 996 1655 sine
1014 1622 1109 1662 loco,
1136 1633 1200 1655 nec

223 1679 297 1712 sine
314 1685 470 1721 tempore
490 1687 561 1709 esse
578 1681 703 1718 potest.

324 1734 429 1768 Hunc
458 1734 617 1767 ordinem
649 1731 801 1776 capitum
832 1728 938 1764 huius
959 1729 1140 1763 doctrinae
1172 1729 1200 1762 si

224 1785 380 1820 iuniores
395 1783 687 1823 considerabunt,
714 1781 850 1814 facilius
874 1781 1088 1823 intelligent,
1114 1780 1199 1824 quid

224 1843 345 1879 agatur
364 1835 402 1867 in
417 1833 472 1867 his
488 1834 601 1873 libris,
627 1839 659 1866 et
677 1837 819 1865 cernent
838 1843 909 1864 non
927 1842 980 1864 res
996 1831 1117 1874 procul
1137 1842 1199 1873 po-

225 1887 307 1919 sitas
339 1892 433 1918 extra
467 1890 689 1926 conspectum
718 1881 948 1914 mediocrium
977 1879 1199 1924 ingeniorum

224 1935 335 1975 tradi,
365 1936 425 1967 sed
452 1945 556 1977 parva
581 1933 750 1977 quaedam
781 1932 881 1964 initia
905 1930 1198 1975 amplissimarum

225 1985 523 2029 disputationum,
571 1994 659 2026 quae
692 1988 808 2025 postea
844 1982 886 2014 de
917 1981 1201 2021 alterationibus,

224 2035 471 2073 mixtionibus,
514 2032 798 2075 generationibus
841 2038 873 2063 et
913 2031 1201 2075 corruptionibus

225 2091 454 2124 extruuntur,
487 2095 565 2116 cum
591 2094 713 2115 causae
738 2081 944 2114 morborum
972 2088 1004 2114 et
1027 2081 1200 2114 remedio-

226 2147 302 2168 rum
320 2140 551 2179 quaeruntur,
578 2138 638 2165 aut
656 2144 734 2165 cum
753 2132 947 2175 quaeritur,
972 2132 1066 2165 unde
1083 2131 1200 2164 orian-

225 2193 282 2219 tur
296 2182 473 2229 ,ttezf‘wpm
500 2189 559 2216 aut
574 2182 751 2226 quomodo
766 2182 802 2213 in
819 2187 908 2213 terra
925 2188 1112 2215 nascantur
1128 2194 1201 2214 me-

226 2236 331 2277 talla,
354 2241 413 2268 aut
435 2235 520 2267 fiant
545 2233 767 2266 alterationes
785 2231 997 2276 multiplices
1022 2232 1059 2264 in
1076 2244 1200 2276 corpo-

225 2286 323 2319 ribus
340 2285 504 2318 animatis
520 2290 551 2316 et
565 2282 777 2315 inanimatis.

326 2343 428 2376 Nunc
453 2342 559 2385 igitur
580 2341 734 2374 recitabo
757 2341 898 2373 brevem
922 2345 954 2372 et
978 2346 1118 2372 tenuem
1141 2340 1200 2373 de—

228 2394 424 2426 finitionem
440 2399 573 2432 motus,
600 2392 643 2424 ab
661 2389 849 2424 Aristotele
865 2389 1040 2423 traditam.

328 2451 448 2485 Motus
462 2458 512 2484 est
529 2457 626 2484 actus
641 2450 715 2483 eius
731 2450 825 2495 quod
842 2456 889 2482 est
906 2449 942 2481 in
961 2447 1126 2492 potentia,
1144 2448 1200 2481 in-

228 2508 397 2548 quantum
415 2499 632 2534 huiusmodi.

327 2558 456 2601 Figura
479 2557 645 2591 orationis
668 2557 814 2590 obscura
845 2564 896 2591 est
920 2556 1095 2599 ignoranti
1118 2554 1201 2590 Ari-

227 2609 418 2644 stotelicam
436 2608 736 2648 consuetudinem,
756 2619 862 2652 quare
878 2608 1002 2641 ordine
1019 2608 1124 2641 verba
1139 2608 1200 2641 de-

228 2660 390 2695 claranda
406 2665 498 2693 sunt.

439 124 646 161 SCRIPTA
675 121 750 155 PH.
776 116 891 153 MEL.
920 90 989 151 AD
1015 115 1142 152 HIST.
1169 111 1314 150 PROF.
1340 110 1405 147 ET
1432 109 1623 146 PHILOS.
1652 108 1972 150 SPECTANTlA.

2144 112 2218 150 356

1340 196 1413 229 Ens
1448 196 1486 228 in
1525 195 1682 240 potentia
1717 195 1888 239 significat
1917 197 2100 232 Aristoteli
2137 198 2220 231 sub-

1240 248 1386 288 iectum,
1416 247 1509 291 quod
1526 247 1679 291 recipere
1697 247 1850 291 aliquam
1864 247 2010 282 sormam
2027 253 2160 292 potest,
2189 254 2221 280 et

1241 299 1284 331 ad
1302 309 1375 330 eam
1395 297 1517 330 tendit.

1343 347 1451 381 Actus
1469 359 1551 380 vero
1570 347 1740 390 significat
1764 347 1801 380 in
1819 347 1974 380 subiecto
1998 348 2222 390 agitationem

1242 397 1416 442 aliquam,
1460 398 1515 430 vel
1549 398 1829 438 substantialem,
1877 398 1934 430 vel
1966 397 2223 432 accidentalem.

1244 448 1312 481 Sed
1338 445 1394 480 bic
1421 448 1463 480 de
1485 448 1693 482 accidentali
1720 448 1907 491 agitatione
1929 455 2067 481 tantum
2086 447 2225 483 dicitur.

1244 497 1358 537 Ilaec,
1385 504 1422 531 ut
1442 499 1557 532 minus
1573 499 1642 532 sint
1659 499 1826 540 obscura,
1853 499 2021 533 addamus
2043 498 2225 532 manifesta

1245 548 1413 591 exempla.

1346 597 1455 630 Navis
1472 604 1522 630 est
1547 609 1692 641 corpus,
1718 610 1756 631 ac
1774 599 1987 640 subiectum,
2015 599 2110 644 quod
2129 605 2227 633 motu

1246 649 1288 680 ad
1307 654 1435 680 metam
1452 647 1605 690 aliquam
1622 648 1755 691 impelli
1773 656 1894 692 potest.
1934 648 2023 683 Cum
2039 649 2147 692 igitur
2161 649 2229 683 im-

1247 698 1408 742 pellitur,
1435 697 1533 730 navis
1551 703 1600 730 est
1619 698 1788 742 quiddam
1806 700 1843 731 in
1859 700 2026 743 potentia,
2053 699 2135 744 quia
2152 706 2230 733 ten-

1248 749 1301 782 dit
1317 750 1359 781 ad
1378 748 1566 781 terminum
1583 748 1746 792 aliquem.
1798 749 1866 782 Sed
1884 751 1958 793 ipsa
1974 750 2135 792 agitatio,
2161 761 2231 795 qua

1248 811 1282 832 se
1300 798 1399 831 navis
1418 798 1519 832 aliter
1534 795 1639 831 habet
1660 811 1763 843 quam
1782 799 1901 843 prius,
1928 807 1979 834 est
2001 806 2134 841 motus,
2160 812 2230 845 quo

1248 849 1441 894 acquiritur
1458 849 1640 882 terminus.

1350 899 1452 943 Aqua
1471 899 1665 932 subiectum
1684 905 1750 939 est,
1777 899 1813 931 in
1832 912 1901 944 quo
1930 899 2058 932 mutari
2082 899 2230 944 qualitas

1249 949 1366 994 aliqua
1385 956 1509 992 potest.
1562 948 1651 982 Cum
1671 950 1776 992 igitur
1800 951 1941 984 admota
1963 950 2056 992 igni,
2083 949 2231 982 calefieri

1250 1000 1393 1043 incipit,
1420 1000 1488 1032 iam
1507 999 1543 1031 in
1560 1011 1648 1044 aqua
1665 1000 1806 1043 agitatio
1824 1013 1914 1034 nova
1932 1007 2000 1041 est,
2028 1012 2088 1033 seu
2104 999 2170 1033 iter
2186 1000 2230 1032 ad

1249 1050 1353 1082 aliam
1374 1050 1534 1084 sormam.

1352 1098 1444 1133 Usus
1469 1105 1519 1132 est
1542 1106 1657 1133 autem
1680 1100 1887 1134 Aristoteles
1910 1100 2054 1133 nomine
2076 1097 2232 1132 Endele-

1250 1147 1339 1188 chia,
1367 1151 1462 1194 quod
1479 1151 1581 1183 vertit
1597 1149 1741 1183 Boetius
1765 1158 1898 1190 actum,
1925 1151 1960 1183 id
1979 1157 2048 1191 est,
2074 1149 2234 1192 agitatio-

1253 1213 1330 1232 nem
1342 1227 1350 1240 ,
1377 1201 1466 1232 sicut
1482 1206 1612 1233 veteres
1628 1200 1735 1233 locuti
1752 1207 1848 1233 sunt:
1874 1200 2027 1234 Militem
2044 1206 2182 1244 oportet
2196 1199 2233 1232 in

1251 1258 1330 1283 actu
1348 1250 1456 1290 mori,
1483 1250 1518 1282 id
1544 1258 1611 1289 est,
1640 1257 1798 1293 agentem
1817 1262 1854 1283 ac
1871 1251 2111 1294 praeliantem.
2162 1248 2234 1282 Nec

1253 1302 1399 1333 dubium
1420 1308 1469 1333 est
1487 1298 1552 1333 hoc
1572 1301 1648 1333 loco
1671 1298 1894 1344 ἐνδελέχειαν
1911 1301 2107 1343 significare
2124 1300 2234 1343 agita-

1253 1351 1405 1391 tionem,
1430 1362 1489 1383 seu
1514 1351 1764 1383 successionem
1790 1350 1945 1394 aliquam
1968 1350 2005 1382 in
2023 1350 2235 1394 acquirenda

1252 1402 1364 1433 forma
1382 1401 1435 1432 vel
1452 1406 1556 1440 meta,
1582 1412 1689 1444 quare
1706 1407 1738 1432 et
1752 1399 1872 1434 Cicero
1881 1397 2134 1433 Endelechiam
2154 1411 2232 1433 ver-

1253 1451 1296 1484 tit
1328 1451 1531 1483 continuam
1565 1450 1800 1492 agitationem.
1863 1448 1911 1483 Et
1944 1448 2001 1483 hic
2035 1450 2234 1493 promiscue

1254 1507 1399 1544 usurpat
1424 1500 1632 1533 Aristoteles
1657 1498 1741 1533 haec
1763 1501 1833 1533 duo
1857 1500 2046 1540 vocabula,
2079 1498 2234 1534 Endele-

1254 1549 1367 1584 chiam
1398 1557 1431 1584 et
1457 1549 1662 1597 ἐνέργειαν,
1688 1551 1788 1595 quasi
1812 1551 1907 1583 dicas
1925 1550 2120 1584 efficaciam.

1355 1600 1421 1634 His
1440 1601 1621 1634 vocabulis
1638 1601 1822 1634 declaratis
1839 1601 1998 1634 definitio
2025 1607 2143 1634 motus
2159 1612 2233 1634 non

1255 1658 1304 1684 est
1325 1651 1484 1685 obscura.
1539 1651 1607 1684 Sed
1633 1649 1725 1684 hanc
1746 1651 2117 1684 commonefactionem
2136 1651 2234 1695 prius

1254 1702 1450 1734 addendam
1480 1712 1552 1734 esse
1581 1702 1712 1736 iudico.
1763 1700 1853 1734 Cum
1884 1708 1984 1735 antea
2014 1702 2147 1735 dictum
2178 1701 2233 1740 sit,

1254 1758 1387 1784 motum
1406 1763 1476 1784 esse
1501 1752 1746 1795 proprietatem
1773 1751 1947 1795 corporis,
1972 1752 2165 1785 tenendum
2183 1758 2234 1785 est

1254 1801 1443 1834 discrimen
1458 1803 1550 1835 inter
1565 1814 1691 1847 corpus
1709 1808 1742 1835 et
1758 1808 1904 1836 motum.
1944 1801 1996 1836 Ac
2011 1813 2136 1845 corpus
2152 1801 2232 1846 qui-

1253 1853 1332 1884 dem
1349 1852 1543 1886 subiectum
1566 1860 1633 1891 est,
1660 1859 1697 1886 ut
1716 1853 1759 1885 de
1775 1853 1857 1885 navi
1876 1852 1960 1885 dixi.
2011 1851 2132 1885 Motus
2149 1863 2231 1884 vero

1253 1903 1413 1936 accidens
1428 1909 1496 1943 est,
1523 1903 1617 1947 quod
1633 1902 1782 1940 accedit,
1808 1903 1902 1947 quod
1921 1900 1979 1936 hic
1997 1908 2098 1936 vocat
2112 1900 2232 1935 Ende-

1254 1950 1401 1986 lechiam
1415 1979 1424 1993 ‚
1449 1953 1483 1984 id
1501 1960 1568 1992 est,
1593 1953 1829 1995 agitationem.

1354 2001 1417 2036 Est
1436 2003 1541 2045 igitur
1557 2000 1641 2035 haec
1660 2001 1901 2046 interpretatio
1923 2001 2153 2035 definitionis:

1356 2052 1477 2086 Motus
1501 2059 1551 2086 est
1574 2060 1685 2092 actus,
1712 2053 1745 2085 id
1770 2060 1815 2085 est
1846 2052 2003 2095 agitatio,
2035 2052 2070 2084 id
2097 2058 2145 2085 est
2173 2063 2230 2085 ac-

1254 2103 1395 2148 quisitio
1414 2104 1546 2136 formae
1563 2104 1616 2137 vel
1634 2103 1787 2143 termini,
1808 2104 1861 2136 vel
1880 2102 2027 2135 abiectio
2043 2102 2177 2135 formae
2194 2102 2231 2134 in

1254 2154 1427 2194 subiecto,
1456 2154 1548 2198 quod
1569 2161 1619 2187 est
1642 2154 1678 2186 in
1696 2153 1863 2197 potentia,
1890 2153 1926 2185 id
1947 2159 2014 2192 est,
2039 2153 2134 2197 quod
2159 2152 2230 2186 for-

1254 2216 1346 2237 mam
1372 2204 1524 2248 recipere
1542 2211 1673 2248 potest,
1700 2211 1732 2236 et
1756 2204 1798 2236 ad
1820 2215 1893 2236 eam
1910 2203 2037 2237 tendit.
2088 2201 2153 2236 Est
2167 2215 2231 2236 au—

1254 2261 1323 2288 tem
1346 2261 1430 2288 tune
1459 2255 1623 2297 agitatio,
1658 2260 1829 2299 quatenus
1857 2253 2051 2286 subiectum
2081 2254 2126 2286 ad
2155 2264 2229 2286 eam

1254 2306 1402 2338 formam
1423 2305 1547 2340 tendit.

1355 2354 1424 2388 Sed
1447 2354 1539 2387 dicet
1561 2365 1679 2386 recens
1703 2355 1861 2395 auditor,
1898 2355 2055 2387 nondum
2079 2354 2121 2386 ad
2145 2352 2228 2386 Ari-

1254 2405 1450 2438 stotelicum
1482 2416 1677 2437 sermonem
1708 2405 1944 2444 adsuefactus,
1976 2401 2091 2437 adhuc
2117 2403 2228 2436 videri

1253 2455 1436 2488 obscuram
1462 2452 1553 2487 hanc
1576 2454 1825 2487 definitionem.
1885 2454 1977 2487 Huic
1999 2460 2134 2487 tantum
2163 2451 2230 2486 hoc

1253 2506 1462 2549 respondeo:
1489 2503 1655 2537 Exilitate
1672 2505 1783 2537 videri
1801 2506 2000 2544 obscuram,
2026 2503 2062 2536 in
2081 2515 2118 2536 re
2135 2501 2227 2536 nihil

1253 2567 1325 2588 esse
1340 2555 1565 2589 difficultatis.
1609 2554 1689 2587 ldeo
1707 2563 1822 2589 autem
1840 2554 2022 2587 obscurior
2036 2560 2087 2587 est
2102 2553 2226 2586 defini-

1251 2605 1314 2649 tio,
1339 2606 1420 2650 quia
1440 2605 1537 2639 nulla
1554 2605 1590 2638 fit
1608 2605 1739 2638 mentio
1756 2615 1877 2638 causae
1893 2604 2074 2638 efficientis
2090 2610 2123 2636 et
2139 2603 2226 2636 fina-

1251 2656 1313 2698 lis,
1342 2657 1400 2690 sed
1421 2661 1557 2691 tantum
1576 2656 1758 2696 recitatur,
1787 2666 1875 2700 quae
1899 2665 1954 2688 res
1969 2653 2162 2689 formaliter
2181 2653 2225 2688 sit
