2379 2948
255 148 326 185 619

261 234 359 278 piora
381 237 414 264 et
434 228 580 262 certiora
603 230 704 263 sunt,
731 229 763 256 et
788 221 931 255 collecta
953 219 1063 253 multa
1084 219 1162 263 plus
1180 229 1240 251 va-

262 286 354 320 lent,
381 288 419 314 ut
436 280 472 311 in
489 288 591 309 versu
609 274 754 307 dicitur:

348 321 400 364 ¹Et
426 342 499 372 quae
521 340 582 359 non
604 335 729 367 prosunt
754 328 889 365 singula,
908 326 1002 354 multa
1020 325 1141 360 iuvant,

264 393 303 420 ut
319 384 426 417 citant
446 376 689 412 Iurisconsulti
706 377 748 408 de
768 373 956 417 semiplena
974 371 1192 415 probatione.

365 431 518 466 Econtra
536 429 633 471 signa
658 425 852 459 necessaria
875 429 1046 456 vocantur
1073 417 1243 465 τεκμήρια

267 499 284 520 a
308 479 514 527 τεκμαίρω,
550 478 644 523 quod
671 484 719 510 est
743 477 882 509 ordino,
936 472 1023 505 Nam
1047 469 1130 504 haec
1146 471 1243 513 signa

266 542 348 570 sunt
367 533 545 570 ordinata,
573 528 654 573 quia
680 534 761 560 sunt
784 533 841 559 aut
865 535 986 557 :ansae
1011 529 1070 555 aut
1094 522 1245 560 effectus,

267 594 327 621 aut
342 584 470 619 horum
488 579 736 625 proprietates,
762 584 800 610 ut
818 577 907 607 infra
923 574 1046 607 dicam.

371 634 411 668 ln
430 629 630 666 Salomonis
647 628 778 661 iudicio
798 621 993 669 Tf²!‘²iss¹¹⁰¹‘
1011 629 1076 655 est:

421 682 515 716 Haec
533 679 659 712 mulier
677 690 749 711 non
766 677 842 710 vult
858 674 1007 707 interfici
1028 683 1185 716 puerum,

420 732 513 775 Ergo
532 728 616 762 haec
632 736 681 761 est
697 735 817 762 mater.
1174 772 1181 778 .

271 788 436 823 Sumtum
453 790 501 816 est
521 780 613 813 enim
631 792 647 812 a
667 779 878 823 proprietate
896 782 1061 820 perpetua
1080 779 1213 805 matrls:

422 833 539 867 Mater
559 837 627 869 est,

423 884 534 926 Igitur
550 887 599 913 est
616 880 652 912 in
669 891 705 911 ea
724 877 873 925 στοργὴ.

372 935 450 969 Hoc
472 940 588 966 autem
615 929 799 973 praecipue
825 928 1048 962 considerent
1068 925 1250 963 discentes,

271 987 464 1035 plurimum
482 995 553 1016 esse
575 978 874 1025 enthymematum
898 979 934 1010 in
959 977 1057 1010 omni
1082 975 1251 1011 oratione,

272 1039 367 1086 quod
385 1036 466 1081 quia
489 1033 743 1073 observabunt,
772 1030 908 1062 facilius
930 1035 962 1061 et
985 1027 1093 1069 magis
1118 1025 1252 1069 perspi-

274 1103 336 1125 cue
354 1087 506 1122 scribent
521 1083 599 1127 ipsi.
655 1079 828 1114 Usitatum
848 1086 897 1112 est
913 1077 1076 1111 Ciceroni
1095 1077 1132 1108 in
1153 1088 1252 1108 exor-

274 1142 340 1176 diis
372 1147 502 1182 ponere
533 1133 687 1177 aliquam
720 1130 1019 1174 propositionem,
1060 1139 1099 1160 ac
1125 1127 1254 1159 deinde

274 1192 403 1226 addere
418 1187 590 1220 rationem
604 1210 612 1223 ‚
637 1193 697 1214 seu
713 1188 751 1214 ut
766 1179 942 1214 Rhetores
966 1185 1112 1217 vocant,
1141 1177 1254 1211 αἰτιο-

278 1239 417 1289 λογίαν.
478 1235 528 1269 Ita
553 1235 590 1267 fit
613 1229 856 1277 enthymema,
883 1238 922 1263 ut
947 1242 1011 1273 pro
1034 1226 1182 1261 Archia:
1217 1227 1254 1261 Si

276 1303 380 1339 quam
413 1287 525 1321 habeo
558 1283 698 1317 dicendi
727 1282 948 1320 facultatem,
989 1278 1071 1312 huic
1104 1276 1255 1312 Archiae

275 1341 460 1388 praecipue
483 1337 645 1381 prodesse
671 1333 792 1372 dehet,
825 1332 906 1375 quia
929 1329 1014 1363 haec
1038 1342 1114 1362 mea
1141 1330 1255 1362 studia

277 1392 471 1439 plurimum
491 1385 626 1419 adiuvit
640 1384 722 1427 ipse.
751 1380 922 1425 Agnoscis
937 1392 1007 1414 esse
1022 1378 1256 1424 enthymema.

279 1445 338 1478 sed
357 1442 391 1474 id
411 1438 503 1484 quod
520 1445 684 1468 vocamus
694 1433 925 1471 Antecedens‚
942 1431 1036 1475 quod
1059 1437 1108 1463 est
1127 1430 1257 1472 αἴτιον,

279 1494 445 1528 recitatur
465 1486 655 1532 posteriore
669 1484 745 1516 loco
759 1497 764 1515 :

431 1536 579 1573 Archias
596 1534 730 1568 adiuvit
750 1545 823 1566 mea
843 1532 956 1566 studia
970 1559 978 1572 ,

380 1592 608 1633 Consequens
624 1592 688 1618 est:

435 1639 530 1682 Ergo
552 1648 627 1669 mea
645 1634 842 1678 eloquentia
858 1634 1021 1677 prodesse
1039 1632 1069 1663 ei
1086 1631 1199 1663 debet.

380 1691 457 1725 Iloc
474 1688 669 1722 membrum
687 1685 784 1729 prius
800 1685 983 1723 recitatur,
1010 1682 1091 1727 quia
1110 1681 1204 1726 quod
1221 1680 1257 1711 in

281 1752 353 1780 arte
369 1740 546 1776 conclusio
566 1743 728 1773 vocatur,
755 1736 788 1768 id
813 1735 850 1766 in
868 1735 1018 1767 dicendo
1036 1733 1134 1776 prius
1152 1743 1259 1774 expo—

281 1797 395 1835 nitur,
428 1799 596 1836 tanquam
619 1786 829 1831 propositio,
857 1786 899 1817 de
929 1797 995 1829 qua
1021 1790 1180 1816 secutura
1210 1787 1261 1814 est

282 1843 547 1889 argumentatio.
601 1837 737 1872 Similia
757 1837 912 1879 exempla
931 1836 966 1867 in
987 1834 1191 1879 quotidiana
1210 1833 1260 1864 lc-

283 1898 397 1931 ctione
429 1894 671 1925 observentur.
724 1887 812 1919 Nam
844 1887 975 1930 ubique
1000 1897 1033 1918 se
1056 1885 1260 1917 innumera-

282 1947 369 1981 bilia
385 1944 544 1978 offerent.
597 1937 714 1972 Erunt
732 1944 847 1970 autem
870 1937 979 1979 magis
1004 1936 1183 1980 perspicua
1206 1935 1262 1974 iis,

284 1998 346 2043 qui
362 1993 576 2028 dialecticam
595 1991 743 2022 sormam
761 1994 965 2030 agnoscent,
991 1993 1023 2019 et
1046 1986 1151 2018 simul
1178 1997 1263 2018 con-

285 2046 507 2083 siderabunt,
534 2040 647 2086 qualis
668 2045 812 2071 ornatus
835 2037 1031 2077 accesserit,
1059 2044 1097 2069 ut
1120 2035 1176 2069 hic
1202 2048 1261 2067 va-

284 2100 396 2133 riatur
412 2102 628 2136 consequens
644 2089 906 2122 enumeratione
921 2088 1116 2120 vicinarum
1133 2086 1264 2131 specie-

286 2161 363 2183 rum
377 2175 386 2187 ,
420 2143 570 2187 ingenii,
601 2139 874 2178 exercitationis,
909 2138 1100 2171 doctrinae.
1168 2137 1265 2170 Talis

286 2194 543 2233 animadversio
570 2193 608 2224 in
632 2189 835 2223 enarrandis
861 2189 984 2221 alienis
1008 2188 1146 2232 scriptis
1164 2188 1266 2220 valde

286 2249 386 2284 utilis
401 2254 465 2280 est:
494 2252 523 2277 et
544 2242 647 2275 simul
667 2241 756 2273 viam
770 2267 778 2280 ,
805 2246 842 2272 ut
866 2239 912 2272 ita
930 2239 1062 2279 dicam,
1089 2239 1265 2271 scribendi

288 2298 451 2335 studiosis
467 2299 650 2328 monstrat.

352 2382 448 2425 Quid
476 2382 600 2415 Cicero
628 2380 667 2412 in
696 2378 827 2420 topicis
851 2377 1003 2420 proprie
1029 2376 1199 2409 nominat

635 2424 905 2473 Enthymema?

389 2500 512 2534 Cicero
531 2497 651 2530 scribit
671 2494 943 2540 Enthymemata
962 2493 1103 2538 proprie
1118 2492 1186 2524 dici
1213 2504 1266 2523 ar-
1292 2504 1294 2513 ⁴

292 2557 455 2597 gumenta
475 2562 512 2581 ex
531 2547 714 2581 contrariis
730 2547 843 2580 ducta.
888 2544 983 2577 Infra
999 2551 1113 2577 autem
1131 2543 1167 2574 in
1184 2542 1268 2574 locis

292 2602 428 2645 regulas
452 2600 494 2632 de
519 2598 757 2641 pugnantibus
789 2597 984 2636 trademus,
1016 2595 1054 2627 in
1082 2594 1210 2638 quibus
1238 2599 1268 2625 et

292 2652 377 2687 haec
400 2649 519 2693 regula
544 2648 622 2680 erit:
657 2647 775 2680 Posito
799 2659 870 2680 uno
896 2646 1173 2683 contrariorum,
1206 2655 1268 2676 ne-

293 2714 390 2746 cesse⁴
401 2708 452 2735 est
467 2698 545 2734 tolli
563 2698 709 2730 alterum
723 2724 730 2737 ,
758 2705 811 2730 ut:

482 137 688 177 SCRIPTA
718 136 791 171 PH.
818 132 932 169 MEL.
961 132 1026 167 AD
1052 132 1178 168 IllST.
1208 129 1350 169 PROF.
1374 130 1440 166 ET
1467 128 1658 167 PHILOS.
1692 129 2010 166 SPECTANTIA.

2193 130 2266 166 620

1440 215 1559 249 Paries
1576 221 1625 249 est
1641 216 1761 256 albus,

1443 265 1536 309 Ergo
1554 278 1626 299 non
1647 273 1696 299 est
1713 266 1822 309 niger.

1389 315 1484 350 Haec
1500 319 1578 351 ideo
1597 317 1781 361 praecipue
1798 323 1968 350 vocarunt
1993 315 2265 363 enthymemata,

1293 367 1372 412 quia
1393 369 1501 411 magis
1524 367 1674 401 illustria
1699 374 1780 400 sunt
1805 367 1959 401 caeteris.
2012 365 2064 400 Ac
2085 374 2267 411 propterea

1293 418 1434 452 brevior
1466 426 1516 453 est
1545 418 1785 458 ratiocinatio,
1821 419 1903 462 quia
1929 429 2050 450 sensus
2075 418 2269 451 communis

1294 469 1444 509 iudicat,
1480 469 1691 513 pugnantia,
1727 470 1928 511 praesertim
1963 469 2001 500 in
2025 469 2191 511 gradibus
2212 480 2270 501 ex-

1295 519 1522 559 cellentibus,
1554 531 1627 552 non
1652 519 1756 551 simul
1785 520 1821 551 in
1845 531 1914 552 una
1940 531 1976 551 re
1994 530 2077 554 esse.
2130 518 2272 552 Constat

1297 577 1411 602 autem
1442 571 1480 602 in
1514 570 1679 602 omnibus
1705 570 1859 602 materiis
1889 569 2039 613 plurima
2067 569 2148 603 duci
2171 579 2273 611 argu-

1298 626 1413 652 menta
1432 632 1471 652 ex
1490 620 1692 658 contrariis,
1721 627 1772 653 ut:

1449 667 1581 703 Christi
1599 681 1743 712 regnum
1760 677 1809 703 est
1827 677 2005 703 aeternum
2017 698 2025 710 ,

1451 719 1545 763 Ergo
1569 732 1642 752 non
1667 727 1716 752 est
1740 721 1863 765 politia
1889 719 1992 753 liuius
2016 720 2206 754 moriturae
2223 720 2274 752 vi-

1501 778 1573 811 tae,
1601 770 1738 815 qualem
1761 769 1880 802 ludaei
1900 771 2085 805 somniant.

1402 828 1479 862 Hoc
1515 835 1759 872 argumentum
1793 829 1973 862 evidenter
2009 830 2136 863 refutat
2168 830 2277 864 multa

1302 881 1530 914 deliramenta
1551 880 1778 912 ludaeorum:

1455 929 1616 964 Christus
1634 930 1861 963 interficietur
1878 941 1896 962 a
1915 929 2070 970 ludaeis,

1454 979 1548 1024 Ergo
1564 993 1637 1014 non
1657 980 1791 1014 tenebit
1809 980 1990 1023 politicum
2016 992 2162 1023 regnum
2187 981 2279 1014 inter

1509 1031 1668 1066 ludaeos,

1406 1090 1475 1124 Sed
1500 1090 1660 1124 doctrina
1689 1091 1730 1123 de
1756 1090 1995 1134 pugnantibus
2019 1091 2110 1124 infra
2134 1091 2172 1123 in
2193 1091 2280 1124 locis

1305 1141 1522 1175 recitabitur.
1575 1141 1676 1174 Nunc
1693 1148 1829 1173 tantum
1854 1139 1937 1174 haec
1954 1142 2106 1174 breviter
2127 1141 2216 1182 dixi,
2242 1150 2282 1176 ut

1305 1192 1427 1225 lecturi
1449 1190 1674 1232 Ciceronem,
1701 1191 1812 1224 sciant
1835 1203 1913 1224 eum
1939 1192 2119 1235 angustius
2143 1192 2196 1225 uti
2220 1204 2282 1236 ap-

1307 1243 1495 1287 pellatione
1521 1240 1804 1287 enthymematis,
1833 1254 1936 1286 quam
1956 1254 2019 1275 nos
2035 1242 2180 1277 utimur.
2210 1243 2283 1277 Vo-

1308 1294 1431 1328 cabula
1461 1293 1563 1326 etiam
1595 1293 1795 1325 discernant
1826 1293 1993 1326 iuniores.
2053 1292 2283 1338 Syllogismus

1308 1344 1477 1387 significat
1496 1355 1576 1376 vere
1597 1343 1910 1386 computationem,
1937 1344 1985 1377 ein
2001 1343 2190 1388 ffled2nung.
2243 1344 2284 1379 Id

1308 1406 1437 1426 nomen
1454 1394 1563 1435 magis
1581 1392 1745 1425 convenit
1761 1393 1896 1434 integro
1913 1400 2136 1435 argumento,
2163 1403 2195 1428 et
2212 1408 2284 1428 non

1308 1444 1486 1483 mutilato,
1522 1443 1603 1488 quia
1624 1443 1900 1486 computationes
1925 1450 2060 1487 oportet
2093 1455 2165 1477 esse
2191 1446 2284 1479 inte-

1309 1507 1397 1538 gras.
1449 1494 1517 1528 Sed
1536 1491 1756 1538 enthymema
1772 1493 1941 1535 significat
1963 1494 2207 1536 cogitationem
2224 1508 2285 1530 seu

1310 1546 1478 1589 quiddam
1496 1545 1683 1586 cogitatum
1695 1570 1703 1581 ,
1731 1549 1770 1575 ut
1788 1554 1850 1574 nos
1867 1543 2016 1576 dicimus
2036 1544 2085 1578 ein
2110 1543 2284 1581 bebencfen.

1312 1594 1350 1627 ld
1378 1601 1489 1638 potest
1517 1605 1589 1626 esse
1614 1593 1775 1626 brevius:
1801 1592 1951 1626 Moveor
1975 1591 2039 1627 hac
2067 1596 2286 1638 cogitatione,

1310 1657 1354 1678 ne
1370 1645 1600 1689 respondeam
1620 1643 1851 1681 maledicenti,
1868 1644 1949 1687 quia
1965 1656 2059 1677 nunc
2077 1646 2193 1680 ebrius
2209 1655 2267 1683 est.

1625 1763 1690 1804 De
1718 1762 1972 1806 Inductione.

1592 1854 1690 1896 Quid
1716 1860 1772 1889 est
1798 1854 1998 1889 Inductio?

1417 1922 1578 1956 Inductio
1608 1929 1657 1955 est
1696 1934 1737 1955 ex
1767 1923 2005 1965 singularibus
2035 1923 2287 1959 sufficientibus

1313 1974 1526 2008 enumeratis
1543 1974 1754 2006 constituere
1771 1973 2023 2013 universalem,
2050 1980 2105 2006 ut:

1468 2024 1600 2057 Vinum
1618 2024 1794 2058 Creticum
1814 2023 1986 2061 calefacit,

1466 2074 1598 2107 Vinum
1620 2074 1779 2108 Italicum
1799 2074 1970 2114 calefacit,

1467 2125 1598 2158 Vinum
1614 2123 1826 2159 Rhenanam
1846 2125 2018 2162 calefacit,

1316 2177 1387 2211 Nec
1403 2177 1515 2210 ullum
1533 2175 1702 2208 dissimile
1718 2176 1913 2218 exemplum
1931 2177 2117 2210 monstrari
2135 2184 2265 2221 potest,

1468 2226 1562 2270 Ergo
1580 2238 1683 2259 omne
1701 2225 1821 2258 vinnm
1842 2226 2007 2260 calefacit.

1369 2325 1491 2363 Quare
1516 2322 1614 2355 valet
1642 2322 1906 2364 consequentia
1935 2322 1974 2354 in
2001 2319 2242 2354 inductione?

1420 2388 1513 2431 Quia
1529 2388 1621 2420 idem
1639 2397 1779 2431 prorsus
1797 2387 1992 2430 significant
2005 2387 2194 2431 propositio
2212 2390 2292 2421 uni-

1318 2440 1480 2480 versalis,
1504 2446 1535 2471 et
1553 2439 1711 2470 collectio
1728 2437 1885 2470 omnium
1905 2438 2134 2481 singularium
2159 2439 2223 2472 sub
2242 2452 2291 2475 ea.

1319 2489 1478 2534 Cumque
1493 2487 1646 2523 humana
1663 2488 1816 2531 cognitio
1839 2500 1961 2530 magna
1978 2499 2018 2520 ex
2034 2495 2130 2531 parte
2146 2501 2164 2521 a
2187 2501 2291 2523 sensu

1292 2576 1296 2584 ,
1320 2541 1489 2580 ordiatur,
1507 2547 1539 2572 et
1557 2551 1677 2572 sensus
1695 2539 1784 2571 circa
1802 2538 1992 2581 singularia
2009 2545 2177 2580 versetur,
2201 2537 2291 2574 hanc

1319 2592 1592 2635 progressionem
1616 2591 1707 2623 inter
1729 2590 1860 2634 primas
1884 2590 2202 2631 argumentationes
2223 2602 2293 2624 esse

1322 2643 1358 2674 in
1375 2641 1598 2685 experientia,
1627 2641 1709 2673 satis
1722 2646 1879 2683 apparet,
1905 2639 1994 2673 sicut
2012 2651 2114 2683 supra
2131 2640 2293 2682 diximus,

1320 2693 1561 2737 syllogismum
1579 2690 1827 2735 expositorium
1846 2690 1937 2723 inter
1955 2691 2086 2734 primas
2107 2702 2294 2734 argumen-
