2379 2948
223 78 296 112 939
816 65 940 101 PHtL.
968 63 1086 100 ΜΗ.
1115 63 1322 100 SCRH‘TA
1349 64 1651 101 ExEGETICA.
2163 67 2239 103 940

226 169 345 203 vetur,
382 158 463 204 quia
490 158 602 198 imago
629 159 678 186 est
704 151 971 195 gubernationis
999 151 1036 183 in
1054 148 1209 194 Europa,

229 223 354 259 magna
374 223 413 242 ex
430 215 537 252 parte.
926 252 934 259 .

320 260 427 294 Vocat
438 257 531 291 hunc
541 255 724 289 Seleucum
736 253 840 285 vilem
854 264 913 286 seu
925 264 1088 296 ignavum
1103 263 1210 297 quae-

230 320 358 347 storem
375 322 434 343 seu
452 307 691 351 expilatorem.
740 303 835 336 Haec
854 316 933 336 vera
956 311 1005 337 est
1023 304 1209 336 verborum

232 359 492 406 interpretatio,
519 363 551 390 ct
579 355 749 399 significat
773 354 877 387 fuisse
900 354 1054 387 ociosum
1081 352 1212 396 princi-

233 426 322 458 pem,
348 423 420 444 non
437 409 522 441 soris
540 412 818 451 propugnantem
839 405 945 437 armis
962 405 1121 449 patriam,
1150 414 1212 435 nec

233 463 329 498 domi
354 467 528 504 regentem
551 457 698 497 indicia,
725 455 968 499 disciplinam,
997 466 1127 493 mores,
1155 454 1212 486 sed

233 513 369 557 magnis
410 508 682 554 expilationibus
731 505 992 540 exhaurientem
1035 505 1214 538 facultates

235 575 397 603 suorum,
431 568 470 594 ut
494 566 629 593 sumtus
657 563 883 601 suppeterent
906 558 948 589 ad
968 556 1165 599 voluptates
1183 561 1214 587 et

235 616 320 649 alias
345 625 399 646 res
426 612 564 649 inanes,
593 610 628 641 in
653 620 738 653 quas
760 608 859 640 aulae
887 607 1082 651 plerunque
1109 617 1214 649 pecu-

234 666 329 699 niam
347 664 421 697 sine
438 663 543 694 modo
562 660 792 702 profundunt.
846 657 956 690 Porro
973 655 1028 689 hic
1051 655 1216 690 Seleucus

237 716 339 750 etiam
362 713 533 756 templum
559 711 596 743 in
614 711 701 743 urbe
719 708 929 753 ierosolyma
946 707 1091 750 spoliari
1110 707 1217 740 iubet.

338 764 376 798 Si
398 763 554 796 conferas
571 758 660 793 hauc
682 759 869 802 imaginem
888 758 931 790 ad
953 764 1107 800 nostram
1124 764 1214 790 aeta-

237 825 325 856 tem,
349 814 523 856 intelliges
548 811 723 853 Angelum
748 821 818 841 non
844 807 895 840 illi
914 815 1048 840 tantum
1069 807 1217 851 tempori

236 867 483 902 concionatum
508 873 598 901 esse,
625 862 684 893 sed
709 859 918 901 significasse
951 859 1163 892 calamitates
1187 864 1218 890 et

238 918 440 952 servitutem
457 912 633 947 Ecclesiae
661 909 828 955 postremi
853 910 1038 951 temporis,
1064 915 1103 942 ut
1126 908 1219 951 cogi-

238 977 349 1003 temus
367 964 485 1010 puniri
508 969 643 1006 peccata
665 968 782 994 nostra
800 959 934 1001 ignavis
951 966 983 992 et
1000 959 1132 992 acerbis
1155 960 1219 991 im-

237 1019 362 1064 periis,
401 1024 434 1049 et
467 1022 583 1048 tamen
617 1012 689 1046 Deo
729 1010 870 1044 interim
908 1021 1011 1043 curae
1046 1010 1120 1043 sore
1151 1007 1221 1042 Ec-

237 1069 390 1104 clesiam.

339 1118 453 1160 Reges
475 1123 505 1149 et
531 1114 705 1159 principes
731 1111 909 1146 communi
938 1112 1056 1144 animo
1081 1117 1113 1144 et
1138 1122 1221 1144 con-

239 1170 367 1205 iunctis
397 1167 505 1211 copiis
536 1166 723 1198 defendere
750 1162 924 1196 Ecclesias
955 1161 1022 1195 Dei
1057 1162 1222 1194 adversus

239 1221 426 1255 Turcicam
441 1217 639 1251 barbariem
659 1215 844 1253 debebant,
872 1225 960 1258 qnae
977 1224 1107 1245 nomen
1117 1211 1219 1246 Chri-

239 1274 305 1313 sti,
332 1272 451 1304 literas
477 1275 509 1301 et
531 1265 715 1300 honestam
745 1264 968 1308 disciplinam
986 1263 1146 1296 funditus
1162 1264 1223 1296 de-

240 1325 312 1356 lere
335 1327 493 1355 conatur.
546 1317 652 1351 Domi
678 1317 852 1349 debebant
883 1326 1002 1357 regere
1031 1314 1162 1347 iudicia
1192 1320 1224 1346 et

241 1384 368 1407 mores.
420 1369 515 1403 Haec
530 1368 671 1412 propria
689 1378 834 1399 munera
852 1372 982 1410 quotus
1000 1365 1147 1409 quisque
1165 1377 1219 1397 cu-

242 1424 319 1458 tat‘?
370 1421 533 1465 Plerique
556 1417 664 1451 ociosi
694 1417 881 1459 indulgent
908 1415 1167 1458 voluptatibus,
1193 1422 1223 1447 et

243 1473 432 1509 difficulter
456 1476 590 1504 sumtus
608 1468 756 1501 tolerare
780 1473 935 1510 possunt.
991 1464 1073 1498 Ideo
1089 1465 1225 1508 excogi-

243 1532 363 1560 tantur
393 1533 504 1555 uovae
531 1519 760 1563 expilationes
788 1517 863 1549 sine
894 1517 1010 1549 modo.
1066 1515 1144 1549 Vox
1166 1516 1225 1548 illa

243 1574 414 1610 Iohannis
433 1570 685 1605 contemnitur:
714 1567 835 1601 Estote
860 1567 1015 1600 contenti
1042 1566 1226 1609 stipendiis

243 1626 384 1665 vestris,
435 1620 672 1656 contemnitur
705 1617 900 1661 exemplum
939 1614 1080 1656 Achab,
1122 1629 1225 1661 quem

244 1677 339 1710 Deus
353 1681 496 1708 testatus
513 1678 562 1704 est
580 1683 613 1703 se
627 1669 752 1713 punire
766 1675 906 1712 propter
918 1667 1055 1699 vineam
1074 1674 1225 1710 ereptam

245 1729 313 1762 civi
329 1722 481 1759 Naboth.
518 1721 737 1755 Parcendum
755 1726 827 1751 erat
845 1718 1069 1751 facultatibus
1085 1718 1226 1755 civium,

244 1786 283 1813 ut
308 1778 453 1811 educare
478 1774 609 1806 liberos
635 1772 676 1803 ad
701 1771 865 1803 virtutem
893 1776 924 1801 et
951 1766 1113 1801 honestas
1138 1776 1227 1801 artes

245 1835 404 1874 possent,
432 1832 465 1858 et
487 1831 526 1857 ut
549 1821 743 1855 necessario
760 1828 914 1863 tempore
932 1820 992 1851 adx
1003 1831 1098 1851 ersus
1117 1826 1226 1852 exter-

246 1892 310 1913 nos
326 1877 441 1911 hostes
459 1875 616 1908 conferre
640 1872 804 1916 pecunias
823 1870 1010 1913 ampliores
1026 1876 1178 1913 possent.

349 1928 430 1967 Sed,
458 1932 495 1959 ut
512 1924 595 1963 dixi,
619 1933 845 1966 agnoscamus
861 1919 922 1953 has
938 1921 1097 1953 miserias
1112 1920 1228 1964 publi-

246 1993 302 2015 cas
326 1989 474 2024 poenam
503 1987 574 2007 esse
605 1982 804 2006 nostrorum
833 1979 1072 2015 peccatorum,
1107 1979 1139 2004 et
1165 1984 1229 2005 nos

247 2034 340 2077 ipsos
366 2029 408 2062 ad
439 2027 600 2071 pietatem
635 2023 842 2062 excitemus,
876 2029 908 2054 et
931 2022 1004 2055 Deo
1037 2021 1228 2055 Ecclesiam

247 2079 543 2117 commendemus,
570 2087 607 2107 ac
622 2084 773 2109 oremuS,
800 2079 838 2105 ut
855 2072 987 2114 mitiget
1005 2073 1093 2105 mala
1113 2074 1227 2116 publi-

249 2146 306 2173 ca,
342 2132 400 2164 det
430 2128 678 2171 gubernatores
714 2123 907 2165 sapienteS,
941 2123 1068 2163 iustos,
1103 2124 1230 2159 felices,

248 2181 498 2229 prospicientes
526 2175 671 2210 utilitati
697 2185 840 2207 suorum
870 2173 1017 2213 civium,
1053 2175 1230 2218 cupientes

251 2245 377 2268 ornare
395 2228 586 2265 Ecclesias,
614 2233 646 2259 et
663 2225 837 2257 illustrare
854 2223 999 2266 gloriam
1019 2222 1096 2258 Dei,

355 2281 449 2325 Quid
468 2291 562 2312 nunc
579 2283 660 2310 sunt
673 2275 820 2319 Imperia
838 2285 962 2317 magna
979 2286 1018 2306 ex
1035 2281 1143 2317 parte,
1163 2275 1229 2307 nisi

251 2337 333 2369 satis
356 2332 498 2366 acerbae
530 2334 756 2374 quaesturae,
791 2322 857 2357 hoc
892 2332 959 2362 est,
994 2324 1231 2368 expilationes,

252 2388 295 2419 ad
311 2395 393 2431 quas
411 2380 628 2416 decurritur,
655 2384 693 2410 ut
715 2376 856 2410 tolerari
877 2376 1096 2419 profusiones
1122 2376 1230 2409 inuti-

255 2439 302 2469 les
323 2433 475 2479 possint,
504 2430 636 2463 ludicia
664 2440 734 2459 non
769 2427 994 2470 disciplinae,
1026 2438 1098 2459 non
1123 2428 1231 2459 mori-

253 2488 319 2520 bus
337 2487 513 2521 serviunt,
541 2481 596 2513 sed
623 2485 844 2523 quaesturae,
870 2476 968 2509 Bella
991 2477 1179 2510 necessaria
1200 2487 1230 2510 et

255 2537 329 2581 pia,
356 2545 442 2579 quae
464 2530 656 2574 geruntur?

353 2583 400 2618 Et
431 2582 528 2614 aulae
560 2581 802 2623 episcoporum
841 2578 987 2611 vincunt
1018 2578 1104 2611 alias
1139 2578 1234 2611 aulas

255 2636 413 2681 ignavia,
448 2631 710 2677 profusionibus
742 2636 772 2663 et
804 2627 993 2674 βουλιμίᾳ.
1053 2628 1232 2674 Nusquam

1260 151 1354 184 enim
1379 151 1532 195 episcopi
1560 157 1591 184 et
1617 151 1762 194 collegia
1785 151 1918 185 faciunt
1942 151 2054 185 officia
2080 151 2242 185 ecclesia-

1259 202 1362 243 stica,
1390 202 1520 247 ubique
1545 202 1765 245 profundunt
1793 203 1929 236 reditus
1951 202 2163 236 defraudatis
2180 213 2242 246 pa-

1262 253 1414 287 storibus
1437 259 1469 286 et
1495 249 1730 292 scholasticis,
1759 253 1888 298 quibus
1913 253 1955 285 ad
1973 252 2086 285 studia
2109 260 2244 285 sumtus

1263 303 1421 347 praeberi
1444 303 1620 337 debebant
1643 315 1683 336 ex
1704 303 1849 347 opibus,
1875 315 1965 347 quae
1989 303 2138 335 donatae
2164 309 2246 336 sunt

1262 354 1436 388 Ecclesiis.
1495 352 1609 387 Deum
1640 360 1756 387 autem
1781 361 1960 387 aeternum
1992 360 2125 397 patrem
2158 353 2247 384 libe-

1263 405 1389 438 ratoris
1413 404 1524 438 nostri
1550 403 1628 437 lesu
1653 402 1785 438 Christi
1811 416 1968 442 oremus,
1994 411 2033 436 ut
2057 400 2140 435 haec
2157 402 2248 435 mala

1264 455 1416 498 mitiget,
1442 467 1506 488 nec
1530 455 1622 489 sinat
1642 455 1801 489 funditus
1827 455 1974 489 interire
2003 465 2101 487 suam
2125 452 2249 486 Eccle-

1264 505 1350 538 siam
1368 513 1401 539 et
1423 506 1479 549 pia
1498 506 1622 540 studia.

1545 588 1588 612 De
1611 588 1635 612 A
1642 595 1660 612 n
1670 589 1721 613 tio
1728 595 1743 613 c
1750 589 1767 613 Ιι
1775 596 1790 613 ο
1817 589 1976 621 Epiphane.

1368 636 1422 671 Et
1448 637 1563 671 stabit
1590 638 1666 672 loco
1692 640 1768 673 eius
1792 639 1994 687 despectus,
2031 644 2061 673 et
2083 650 2156 672 non
2183 636 2251 671 da—

1269 689 1367 722 bitur
1382 688 1415 722 ei
1435 686 1552 722 honos
1571 689 1693 735 regni,
1719 695 1749 723 et
1772 691 1881 725 veniet
1896 688 2060 738 placide,
2087 694 2117 723 et
2137 689 2252 737 polie-

1270 745 1329 774 tar
1348 751 1457 784 regno
1473 751 1537 786 per
1558 738 1779 774 blanditias.

1372 789 1440 824 Hic
1461 791 1623 826 incoatur
1647 791 1835 836 descriptio
1858 789 2028 825 Antiochi
2042 787 2254 835 Epiphanis,

1271 854 1374 886 quem
1413 848 1513 875 vocat
1552 844 1764 886 despectum.
1826 841 2029 884 Singulares
2072 838 2253 885 emphases

1271 899 1352 926 sunt
1376 892 1413 924 in
1438 890 1642 936 Prophetis,
1679 904 1768 937 quae
1797 905 1869 926 non
1894 895 1936 926 de
1962 893 2165 935 vulgaribus
2194 898 2255 924 aut

1273 943 1388 986 parvis
1410 944 1514 975 rebus
1546 944 1752 988 loquuntur.
1811 943 1965 976 Miretur
1996 944 2089 976 enim
2115 942 2254 986 aliquis,

1273 1006 1334 1027 cur
1351 1001 1448 1027 vocet
1463 996 1662 1037 despectum
1685 992 1921 1034 Antiochum,
1946 1006 2024 1027 cum
2043 994 2148 1026 fuerit
2169 992 2256 1034 legi-

1272 1045 1378 1077 timus
1419 1043 1556 1085 haeres,
1590 1046 1810 1087 ingeniosus,
1849 1051 1964 1088 postea
2005 1044 2110 1078 etiam
2146 1042 2257 1076 multa

1274 1095 1364 1128 bella
1389 1095 1541 1137 gesserit.
1594 1095 1663 1129 Sed
1692 1096 1810 1129 indico
1834 1097 2035 1139 despectum
2061 1095 2148 1134 dici,
2174 1093 2255 1138 quia

1273 1146 1445 1179 divinitus
1467 1158 1539 1178 nou
1562 1146 1627 1179 fuit
1651 1147 1837 1180 autoritate
1861 1153 2017 1181 ornatus.
2071 1145 2258 1188 Singulare

1274 1196 1341 1230 Dei
1358 1198 1490 1229 donum
1516 1204 1564 1230 est
1584 1197 1618 1229 in
1643 1198 1802 1242 principe
1818 1197 1987 1231 autoritas
2008 1209 2066 1230 seu
2087 1196 2259 1234 maiestas,

1275 1260 1363 1293 quae
1391 1248 1504 1280 tribus
1528 1249 1632 1281 rebus
1657 1255 1812 1288 constat,
1847 1248 1994 1289 virtute,
2030 1247 2196 1282 felicitate
2226 1251 2260 1278 et

1275 1298 1506 1332 inclinatione
1521 1299 1721 1331 animorum
1739 1300 1776 1332 in
1794 1299 1938 1343 populo.

1380 1355 1427 1390 Ut
1444 1357 1481 1389 in
1492 1356 1657 1400 Scipione
1673 1369 1874 1402 quanquam
1892 1356 2123 1394 adolescente,
2142 1363 2260 1389 tamen

1277 1415 1349 1441 erat
1371 1409 1538 1440 autoritas
1557 1420 1616 1441 seu
1641 1409 1811 1442 maiestas.
1871 1406 2031 1440 Primum
2056 1407 2197 1439 lucebat
2221 1406 2259 1438 in

1277 1471 1317 1491 eo
1333 1458 1459 1491 eximia
1476 1458 1606 1498 virtus,
1636 1468 1667 1491 et
1685 1459 1872 1502 apparebat
1892 1469 1971 1490 eum
1997 1457 2111 1489 iuvari
2128 1456 2260 1489 divini-

1277 1517 1350 1543 tus:
1386 1509 1626 1542 incenduntur
1658 1516 1774 1542 autem
1800 1508 1909 1541 animi
1937 1505 2121 1540 hominum
2147 1507 2261 1540 admi-

1278 1560 1412 1592 ratione
1442 1559 1583 1592 virtutis
1610 1566 1642 1592 et
1673 1559 1842 1603 opinione
1866 1558 2082 1602 praesentiae
2104 1556 2171 1591 Dei
2201 1569 2262 1590 seu

1278 1609 1400 1643 auxilii
1424 1609 1549 1644 divini.
1602 1608 1698 1642 Haec
1722 1621 1923 1655 quanquam
1953 1608 2101 1642 multum
2127 1610 2262 1641 condu-

1279 1666 1363 1694 cunt
1381 1661 1423 1692 ad
1442 1660 1663 1692 autoritatem
1684 1663 1874 1704 parandam
1892 1667 1924 1693 et
1942 1661 2118 1698 tuendam,
2146 1666 2262 1692 tamen

1280 1718 1313 1744 et
1335 1711 1476 1744 tertium
1503 1723 1634 1743 munus
1652 1710 1716 1744 Dei
1741 1713 1902 1744 accedere
1920 1716 2073 1754 oportet,
2100 1710 2263 1743 videlicet

1280 1761 1527 1794 inclinationes
1557 1762 1757 1795 animorum
1786 1762 1957 1795 divinitus
1980 1761 2086 1794 factas
2117 1761 2154 1793 in
2187 1761 2262 1805 ipso

1280 1812 1421 1856 populo.

1382 1861 1461 1895 Huc
1485 1863 1635 1906 pertinet
1659 1862 1719 1895 illa
1742 1863 1981 1895 memorabilis
2005 1861 2175 1895 sententia
2199 1860 2264 1894 Sa-

1280 1913 1447 1946 lomonis:
1477 1912 1521 1946 Ut
1539 1914 1661 1946 oculus
1679 1913 1811 1953 videat,
1839 1921 1871 1946 et
1887 1913 1981 1945 auris
2004 1912 2142 1952 audiat,
2168 1910 2262 1945 Deus

1281 1964 1363 1997 facit
1379 1971 1579 2008 utrunque,
1606 1965 1642 1997 id
1660 1971 1727 2002 est,
1754 1971 1792 1997 ut
1818 1963 1927 1996 valeat
1946 1965 2161 2006 gubernator
2177 1974 2264 1995 con—

1282 2015 1361 2047 silio
1384 2023 1417 2048 et
1443 2015 1587 2047 xirtute:
1623 2014 1771 2054 deinde,
1798 2021 1837 2047 ut
1859 2015 2011 2058 populus
2035 2015 2264 2057 obtemperet,

1284 2077 1356 2098 non
1381 2066 1530 2098 excutiat
1554 2072 1644 2098 recta
1670 2072 1870 2104 monentes,
1897 2072 2076 2109 utrunque
2093 2063 2160 2097 Dei
2178 2076 2265 2108 opus

1283 2123 1316 2150 et
1341 2116 1474 2148 donum
1501 2123 1562 2150 est.
1619 2115 1662 2150 Ut
1683 2116 1812 2148 valeret
1836 2116 1983 2149 consilio
2000 2113 2267 2156 Themistocles,

1283 2174 1314 2200 et
1336 2178 1379 2198 ne
1405 2167 1479 2199 eius
1505 2167 1648 2199 consilia
1670 2173 1941 2209 aspernarentur
1965 2165 2111 2207 Graeci,
2139 2173 2267 2199 utrun-

1284 2229 1351 2262 que
1377 2218 1480 2250 fiebat
1502 2216 1576 2250 Deo
1599 2217 1815 2259 gubernante
1840 2217 1991 2250 animos.
2044 2216 2093 2251 Ut
2112 2216 2266 2250 Alexan-

1284 2270 1347 2301 der
1375 2268 1504 2301 virtute
1533 2268 1680 2304 valeret,
1718 2274 1751 2300 et
1782 2268 1951 2301 exercitus
1980 2268 2131 2302 libenter
2162 2268 2265 2301 talem

1285 2319 1447 2352 iuvenem
1466 2326 1685 2363 sequeretur,
1712 2318 1883 2352 divinitus
1901 2320 2015 2354 fiebat.

1386 2376 1481 2410 Haec
1510 2389 1581 2409 non
1608 2378 1773 2410 omnibus
1803 2378 2097 2420 gubernatoribus
2127 2379 2267 2411 contin-

1286 2434 1390 2471 gunt,
1424 2426 1602 2461 Antiocho
1626 2429 1814 2462 defuerunt
1836 2429 1970 2462 omnia:
1999 2428 2062 2461 etsi
2077 2435 2151 2461 erat
2172 2436 2267 2463 astu-

1284 2486 1358 2519 tus,
1386 2485 1502 2511 tamen
1521 2479 1595 2511 sine
1614 2479 1748 2512 iusticia
1767 2486 1799 2512 et
1816 2480 2000 2520 modestia,
2027 2480 2194 2513 instructa
2217 2487 2268 2513 est

1285 2531 1327 2562 ad
1350 2529 1539 2572 perniciem
1557 2530 1765 2563 veteratoria
1782 2542 1841 2563 seu
1858 2527 2105 2575 sycophantica
2130 2531 2268 2563 callidi-

1286 2587 1357 2619 tas,
1384 2586 1416 2612 et
1434 2580 1470 2611 in
1489 2580 1572 2612 odio
1588 2587 1657 2620 est,
1686 2587 1724 2613 ut
1743 2580 1886 2614 Sinonis
1902 2580 2025 2613 astutia
2038 2607 2045 2619 ‚
2074 2587 2107 2613 et
2124 2581 2266 2624 plerun-

1259 2650 1261 2658 ι
1285 2642 1353 2675 que
1369 2630 1406 2662 in
1425 2631 1560 2674 magnis
1582 2631 1735 2674 negociis
1751 2638 1800 2664 est
1815 2631 2048 2672 infortunata,
2075 2632 2156 2676 quia
2173 2631 2268 2667 Deus
