2379 2948
219 121 291 157 495
458 115 665 154 SCRIPTA
694 112 769 148 PIl.
797 109 912 146 MEL.
941 109 1008 147 AD
1033 109 1159 145 HlST.
1183 108 1328 149 PROF.
1354 109 1420 147 ET
1449 108 1639 148 PluLOs.
1667 109 1987 151 SPECTANTIA.
2158 114 2233 151 496

221 205 391 251 quaedam
420 201 600 236 collocatio
633 197 874 230 membrorum
903 195 1072 230 orationis
1104 195 1198 240 apud

1225 198 1227 222 ἰ
1251 196 1359 230 alium
1379 203 1503 230 natura
1521 196 1563 229 ad
1583 196 1679 229 aliud
1696 196 1838 230 dicendi
1856 209 1964 241 genus
1979 199 2104 240 ducat,
2131 206 2164 234 et
2180 197 2235 235 his

222 258 448 293 Ciceronem,
476 263 562 296 quae
585 260 658 281 non
681 248 796 281 solum
819 247 1094 292 aequabiliorem
1119 247 1200 278 red·
1225 243 1227 281 l
1252 247 1381 280 nostris
1399 247 1616 290 temporibus
1635 247 1786 291 perfecta
1803 247 2002 292 eloquentia
2017 250 2149 293 sperari
2161 263 2233 284 non

221 309 272 341 dit
291 305 503 344 orationem,
529 300 587 333 sed
604 298 798 342 plurimum
814 297 917 332 etiam
940 298 984 331 ad
1007 295 1201 341 perspicui-

222 365 326 392 tatem
353 354 547 388 conducere
577 349 727 383 ridetur.
787 346 906 393 Atque
929 359 990 392 ego
1015 348 1062 381 ita
1086 352 1199 380 statuo

224 408 319 440 illam
352 404 460 447 ipsam
491 399 726 443 componendi
755 399 948 440 rationem,
980 405 1020 432 ut
1050 403 1201 431 caeteras

224 464 331 493 artes,
359 452 482 492 initio,
509 456 650 495 propter
666 449 924 489 necessitatem,
949 455 1010 482 aut
1030 454 1121 481 certe
1145 447 1201 479 in-

223 508 355 549 signem
378 502 567 537 utilitatem
592 500 824 534 desideratam
849 506 954 545 atque
977 498 1202 532 animadver-

224 569 296 591 sam
315 566 396 588 esse.
448 551 573 585 Postea
591 548 806 595 deprehensa
824 550 899 590 via,
928 556 1043 582 secuta
1064 555 1113 582 est
1130 546 1203 580 uti-

223 609 355 641 litatem
376 603 548 647 voluptas.
600 600 715 634 Multa
734 601 827 633 enim
848 599 1086 642 non-ferenda
1113 597 1202 630 vicia

223 654 538 701 deprehenduntur
556 651 592 684 in
615 648 689 691 his,
724 651 785 695 qui
811 649 1042 693 incomposita
1068 649 1201 682 dicunt.

222 709 382 742 Primum
412 708 615 737 coacervant
642 701 830 734 sententias
852 700 943 733 male
967 697 1204 737 cohaerentes,

225 767 258 792 et
275 759 311 790 iu
329 755 382 789 his
400 754 483 798 ipsis
501 763 600 795 saepe
617 750 883 793 grammaticum
899 761 1022 782 vocum
1042 749 1203 782 ordinem

226 807 434 854 perturbant
452 801 665 849 hyperbatis,
717 799 833 833 Huius
857 800 907 832 rei
931 800 1128 844 exemplum
1154 804 1204 831 est

227 860 345 892 ridere
370 856 405 887 iu
438 852 580 886 exordio
603 850 788 884 Plinianae
821 850 1066 894 praefationis,
1104 848 1204 882 cuius

225 908 382 942 membra
410 904 448 936 in
470 914 546 935 mea
575 899 781 946 paraphrasi
811 901 937 945 partim
963 900 1090 940 exemi,
1124 910 1205 944 par—

224 961 288 993 tim
311 955 436 990 ordine
459 952 637 997 disposui,
658 959 697 985 ut
720 951 924 996 principalis
947 950 1119 984 sententia
1135 950 1205 983 cla-

226 1011 299 1043 rius
331 1004 486 1049 conspici
520 1010 623 1047 atque
654 1002 805 1046 intelligi
829 1009 954 1047 posset.
1006 999 1113 1045 Apud
1141 999 1206 1034 Sa-

228 1059 373 1093 lustium
406 1056 443 1088 in
477 1053 698 1087 orationibus
721 1059 838 1086 extant
869 1051 1093 1095 gravissimae
1124 1062 1205 1083 sen—

226 1109 369 1150 tentiae,
397 1107 439 1138 de
459 1103 570 1137 causis
586 1104 815 1136 maximarum
832 1102 1069 1136 mutationum
1088 1100 1206 1145 publi-

228 1170 358 1194 carum.
393 1155 438 1189 Et
461 1153 526 1188 hae
552 1154 667 1186 verbis
691 1153 886 1187 efferuntur
907 1152 1068 1197 optimis,
1096 1158 1128 1185 et
1153 1158 1207 1185 ta-

229 1222 309 1244 men
334 1206 445 1241 oratio
471 1216 543 1238 non
570 1205 652 1238 satis
677 1203 832 1237 dilucida
857 1209 919 1237 est.
978 1202 1099 1247 Neque
1124 1214 1206 1235 vero

227 1259 339 1295 defuit
361 1256 501 1291 homini
526 1255 659 1299 pet-itu,
685 1261 717 1288 et
741 1261 875 1287 versato
899 1254 937 1286 in
955 1253 1135 1298 republica
1152 1252 1207 1285 iu—

227 1311 359 1344 dicium
373 1335 382 1349 ,
406 1314 465 1340 aut
483 1307 615 1350 patrius
629 1317 761 1346 sermo,
795 1306 854 1338 sed
875 1304 1082 1349 compositio
1101 1304 1208 1339 deest.

229 1362 346 1403 Quare
365 1368 442 1390 cum
460 1356 652 1388 sententiae
670 1355 770 1398 quasi
785 1362 964 1386 truncatae
977 1361 1080 1397 atque
1097 1354 1208 1384 inter·-

227 1417 350 1455 ruptae
366 1407 578 1442 recitentur,
604 1405 642 1437 fit
657 1404 768 1436 oratio
792 1403 1018 1437 subobscura.
1069 1400 1208 1435 Deinde

231 1460 354 1494 crebro
368 1456 515 1495 accidit,
541 1461 580 1488 ut
598 1451 635 1486 hi
652 1453 712 1498 qui
735 1453 856 1486 dicunt
876 1451 1128 1495 incomposita,
1154 1462 1209 1483 re·-

230 1512 394 1555 linquant
411 1505 609 1550 imperfecta
628 1510 660 1537 et
680 1503 803 1537 mutila
819 1509 1035 1545 argumenta.
1066 1501 1210 1534 Alicubi

232 1560 439 1595 antecedens
462 1556 614 1599 reperias
639 1554 714 1587 sine
737 1560 990 1598 consequente,
1018 1558 1097 1586 utar
1115 1551 1210 1584 enim

230 1608 421 1645 dialecticis
439 1605 744 1650 appellationibus,
768 1616 855 1648 quae.
873 1609 956 1636 sunt
973 1609 1077 1636 notae
1095 1601 1211 1635 omni-

231 1664 309 1696 bus,
350 1658 427 1691 Hoc
458 1658 493 1689 iu
517 1655 678 1688 Pliniana
709 1654 925 1698 praefatione
948 1653 986 1686 fit
1008 1652 1211 1697 aliquotieS,

230 1723 312 1745 nam
329 1709 379 1741 ibi
400 1708 608 1740 antecedens
632 1711 692 1737 est.
745 1703 860 1747 Quam
884 1703 1077 1747 plurimum
1102 1703 1211 1735 inter-

233 1769 300 1802 est,
327 1759 494 1792 sortiatur
517 1755 644 1800 aliquis
660 1754 811 1788 iudicem
830 1766 874 1787 an
892 1754 1013 1796 eligat,
1041 1753 1211 1785 multum-

232 1823 298 1858 que
321 1814 506 1853 apparatus
529 1807 673 1839 interest
695 1806 787 1848 apud
821 1804 1009 1837 invitatum
1038 1801 1212 1847 hospitem

232 1870 265 1896 et
282 1861 452 1894 oblatum.
503 1856 641 1890 Deinde
661 1855 875 1900 relinquitur
899 1854 1140 1898 imperfectum
1156 1865 1213 1885 ar-

234 1918 458 1956 gumentum,
485 1919 592 1952 quare
611 1906 760 1948 intelligi
780 1905 848 1938 nisi
866 1905 910 1938 ab
926 1911 1059 1939 attento
1083 1905 1212 1936 lectore

234 1974 307 1995 non
333 1966 456 2004 potest.
511 1956 624 1991 Erant
647 1956 740 1989 enim
762 1955 944 1988 addendae
971 1954 1213 1987 conclusiones

235 2014 272 2046 iu
288 2010 377 2045 lianc
394 2007 614 2042 sententiam.
664 2004 755 2039 Cum
774 2005 942 2038 invitatus
962 2002 1088 2047 hospes
1103 2003 1215 2036 maio-

235 2074 308 2097 rem
333 2066 537 2104 apparatum
563 2056 719 2101 requirat
740 2067 844 2100 quam
868 2067 947 2088 casu
966 2055 1125 2091 oblatus,
1152 2065 1214 2096 ego

236 2116 312 2147 iure
327 2108 537 2154 reprehendi
556 2118 692 2152 queam,
709 2106 803 2150 quod
819 2117 897 2138 cum
915 2112 948 2139 te
965 2106 1008 2138 ad
1028 2103 1091 2137 hos
1106 2104 1215 2136 libros

237 2163 402 2206 legendos
421 2160 513 2193 ultro
533 2157 700 2196 invitavi,
726 2167 798 2188 non
815 2155 969 2199 praestiti
986 2162 1024 2189 ut
1045 2162 1103 2188 tuo
1122 2154 1216 2186 iudi-

237 2216 290 2247 cio
308 2211 554 2246 satisfacerent.
605 2207 672 2240 Sed
695 2206 772 2250 plus
788 2206 923 2248 negocii
941 2206 1044 2238 suerit
1070 2205 1214 2238 alteram

237 2262 505 2298 similitudinem
525 2257 717 2292 absolvere.
773 2255 894 2298 Quid?
921 2257 1014 2300 quod
1038 2255 1129 2288 idem
1154 2267 1216 2288 au-

238 2322 293 2348 tor
317 2325 390 2345 non
419 2311 532 2345 solum
566 2313 770 2350 argumenta
804 2305 973 2350 relinquit
1006 2305 1218 2349 imperfecta,

238 2365 297 2397 sed
321 2363 422 2396 etiam
449 2361 486 2393 in
515 2357 740 2402 grammatica
763 2355 1024 2390 constructione
1046 2356 1218 2400 quaedam

240 2405 730 2457 re‘liuquitcit¹a1⁷toc716dota,
757 2407 850 2451 quod
868 2405 1136 2439 viciosissimum
1156 2412 1216 2438 est.

241 2465 332 2497 Sunt
362 2470 395 2496 et
424 2462 491 2494 alia
512 2458 766 2503 incompositae
792 2456 962 2490 orationis
986 2456 1219 2496 incommoda,

242 2514 301 2547 sed
319 2523 379 2554 ego
397 2512 455 2544 illa
482 2511 624 2543 recitare
651 2508 766 2548 volui,
793 2519 882 2552 quae
904 2506 1140 2540 adolescentes
1164 2506 1218 2538 iu-

243 2563 357 2596 dicare
382 2562 481 2594 facile
503 2566 654 2604 possent.
714 2557 870 2592 Multum
898 2557 1006 2600 igitur
1032 2557 1074 2590 ad
1102 2568 1218 2589 rerum

244 2611 523 2657 perspicuitatem
570 2609 751 2651 diligentia
797 2607 1032 2651 componendi
1074 2607 1218 2642 confert.

244 2663 457 2706 Quanquam
481 2666 592 2693 autem
618 2659 654 2690 in
676 2666 771 2693 tanta
794 2659 962 2692 varietate
986 2657 1220 2701 ingeniorum,

1251 297 1377 342 possit,
1404 304 1521 330 tamen
1537 297 1712 341 generalia
1730 298 1901 342 quaedam
1920 307 2099 343 praecepta
2117 303 2233 334 trade-

1251 358 1349 386 mus,
1374 359 1448 381 non
1466 355 1604 382 tantum
1622 346 1698 389 his,
1724 348 1786 393 qui
1808 348 1918 381 solam
1933 347 2113 382 Ciceronis
2136 363 2232 384 com-

1254 398 1462 442 positionem
1479 398 1649 433 imitaturi
1667 406 1747 432 sunt
1771 398 1974 443 profutura,
2001 400 2060 432 sed
2083 406 2123 433 ut
2144 399 2232 434 mihi

1253 448 1394 492 quidem
1419 449 1559 482 videtur
1581 449 1791 490 necessaria,
1817 461 2028 494 quocunque
2050 449 2087 481 in
2110 461 2234 492 genere

1254 499 1395 531 dicendi
1416 511 1604 534 versemur.
1658 498 1759 542 Quae
1775 506 1891 533 tamen
1917 499 1946 532 si
1967 499 2045 544 quis
2069 500 2236 533 observa-

1253 548 1362 588 verit,
1388 549 1526 582 facilius
1549 549 1721 592 intelliget
1737 549 1916 583 Ciceronis
1933 550 2236 594 compositionem,

1255 610 1343 643 quae
1360 610 1438 631 cum
1457 599 1559 642 longe
1573 599 1618 632 sit
1636 600 1785 643 optima,
1812 601 1986 644 praeclare
2010 601 2122 633 facere
2139 601 2236 634 iudi-

1255 648 1358 681 candi
1385 655 1486 689 sunt,
1512 649 1573 693 qui
1596 660 1730 683 summa
1755 662 1855 691 cura,
1889 661 2096 695 summoque
2117 651 2234 684 studio

1256 698 1420 742 effingere
1444 710 1520 731 eam
1547 706 1731 735 conantur.
1767 698 1842 734 Etsi
1866 701 1960 733 enim
1988 712 2026 734 ea
2052 701 2089 733 in
2108 713 2144 734 re
2162 701 2237 745 ipse

1256 761 1330 782 non
1361 749 1560 790 elaboravi,
1593 761 1696 782 nemo
1727 750 1822 783 enim
1851 752 2017 784 mouebat
2047 757 2107 784 aut
2133 758 2238 785 norat

1256 799 1340 840 ista,
1367 811 1422 832 me
1438 799 1674 838 adolescente,
1701 806 1734 833 et
1751 806 1868 843 postea
1890 813 1967 834 meo
1992 802 2144 846 quodam
2165 802 2237 835 fato

1256 849 1367 883 incidi
1391 849 1429 882 iu
1453 851 1624 894 quaedam
1639 850 1801 893 negocia,
1829 862 1917 895 quae
1943 852 1986 884 ad
2013 849 2097 885 haec
2120 852 2237 886 studia

1257 900 1404 933 colenda
1421 912 1494 934 non
1511 907 1645 934 tantum
1663 898 1752 933 mihi
1768 908 1938 946 quantum
1956 901 2082 934 vellem
2099 909 2237 946 tempo-

1258 951 1305 984 ris
1324 952 1537 992 concedunt,
1565 958 1681 985 tamen
1696 952 1738 984 ad
1761 951 1915 984 officium
1931 963 2047 985 meum
2063 952 2238 996 pertinere

1258 1001 1437 1040 existimo,
1464 1009 1502 1035 ut
1520 1013 1608 1046 quae
1625 1009 1706 1035 sunt
1728 1002 1861 1046 optima
1884 1013 1946 1045 pro
1971 1002 2067 1035 virili
2089 1003 2238 1035 demon-

1258 1058 1376 1087 strem.
1435 1049 1524 1085 Nam
1550 1051 1747 1085 Politianus
1772 1064 1896 1096 parum
1929 1053 2124 1086 liberaliter
2145 1052 2240 1093 facit,

1259 1102 1321 1147 qui
1340 1102 1479 1135 videtur
1496 1102 1575 1135 ideo
1595 1103 1769 1136 deterrere
1786 1103 1873 1135 alios
1896 1103 1940 1136 ab
1963 1102 2160 1137 imitatione
2176 1101 2240 1137 Ci-

1260 1152 1408 1193 ceronis,
1427 1153 1507 1197 quia
1525 1165 1604 1186 cum
1619 1164 1654 1186 se
1673 1159 1796 1186 natura
1813 1154 1854 1186 ad
1872 1153 1967 1186 atiud
1979 1153 2240 1196 dicendigenus

1259 1203 1385 1236 deduci
1402 1203 1633 1246 intelligeret,
1658 1203 1790 1236 iudicio
1807 1203 1919 1236 videri
1933 1204 2066 1242 voluit,
2093 1204 2129 1236 id
2144 1204 2241 1248 quod

1261 1254 1334 1298 ipse
1351 1261 1557 1288 consecutus
1575 1266 1647 1287 non
1669 1261 1775 1294 esset,
1802 1254 2012 1298 improbare.
2063 1252 2138 1298 Ego
2157 1265 2240 1287 vero

1261 1305 1308 1338 ita
1323 1311 1449 1346 statuo,
1473 1305 1658 1338 artificium
1675 1305 1853 1338 faciendae
1870 1304 2039 1337 orationis
2050 1316 2124 1337 non
2140 1304 2241 1336 valde

1261 1355 1431 1388 dissimile
1455 1367 1526 1388 esse
1542 1354 1714 1388 Poeticae.
1779 1354 1824 1385 Ut
1852 1357 1967 1384 autem
1994 1351 2242 1385 stultissimum

1261 1402 1367 1434 fuerit
1391 1402 1443 1442 ei,
1486 1413 1589 1446 quem
1613 1401 1699 1434 velis
1722 1400 1867 1443 elegiam
1894 1401 2066 1441 scribere,
2099 1400 2239 1436 Horatii

1261 1452 1347 1485 odas
1364 1458 1423 1485 aut
1437 1458 1567 1496 satyras
1584 1452 1701 1496 potius
1718 1463 1925 1495 proponere,
1952 1463 2056 1496 quam
2068 1449 2240 1485 Ovidium

1262 1509 1322 1535 aut
1336 1501 1540 1542 Tibullum,
1569 1502 1616 1534 ita
1641 1502 1884 1546 imprudenter
1907 1501 2062 1534 iudicare
2086 1502 2241 1535 arbitror

1263 1553 1367 1592 istos,
1394 1552 1455 1596 qui
1473 1552 1509 1584 in
1525 1552 1683 1584 facienda
1701 1552 1861 1585 oratione
1875 1549 1967 1584 nihil
1986 1551 2149 1585 interesse
2174 1564 2241 1596 pu-

1263 1609 1357 1642 tant,
1384 1613 1471 1646 quos
1487 1609 1625 1635 autores
1640 1609 1841 1647 sequantur.
1881 1601 1969 1634 Nam
1986 1609 2024 1635 ut
2038 1602 2091 1634 illi
2115 1602 2243 1644 elegiae

1264 1653 1419 1686 studioso
1438 1652 1628 1695 plurimum
1654 1652 1796 1695 legendi
1819 1659 1923 1685 erunt
1947 1652 2087 1695 elegiaci
2109 1654 2244 1697 poetae,

1264 1709 1297 1736 et
1321 1703 1462 1747 quidem
1490 1702 1796 1745 praestantissimi,
1832 1708 1864 1735 et
1889 1702 2141 1735 elaborandum
2168 1704 2245 1745 erit,

1264 1760 1304 1786 ut
1322 1753 1473 1798 aliquam
1491 1753 1634 1785 illorum
1652 1752 1920 1786 similitudinem
1938 1759 2181 1797 consequatur,
2198 1754 2245 1788 ita

1265 1803 1303 1836 in
1320 1803 1432 1836 soluta
1451 1804 1611 1836 oratione
1629 1804 1773 1846 legenda
1794 1809 1898 1836 erunt
1919 1803 2051 1847 optima
2078 1804 2245 1847 exempla,

1266 1861 1298 1888 et
1329 1852 1570 1893 efficiendum,
1612 1860 1651 1887 ut
1675 1851 1801 1887 borum
1837 1853 1935 1898 quasi
1967 1853 2120 1886 colorem
2143 1853 2245 1888 ducat

1266 1905 1389 1937 oratio.
1443 1903 1654 1949 Quanquam
1671 1910 1787 1937 autern
1805 1904 1905 1936 multi
1924 1909 2066 1946 propter
2086 1903 2245 1937 imbecil-

1267 1955 1398 1988 litatem
1434 1954 1656 1997 ingeniorum
1679 1960 1717 1987 'et
1750 1960 1895 1986 naturae
1920 1953 2244 1987 dissimilitudinem

1267 2005 1305 2037 in
1322 2004 1517 2037 imitatione
1535 2003 1714 2037 Ciceronis
1734 2014 1911 2036 successus
1926 2015 2049 2047 parum
2074 2005 2246 2038 secundos

1268 2052 1437 2094 habeant,
1463 2061 1579 2087 tamen
1605 2054 1657 2086 illi
1683 2054 1748 2097 ipsi
1774 2054 1875 2096 longe
1897 2054 1975 2096 plus
1999 2053 2182 2097 proficient
2208 2055 2246 2088 iu

1269 2104 1439 2139 Cicerone
1460 2104 1606 2147 legendo
1619 2130 1626 2143 ,
1655 2116 1758 2148 quam
1777 2104 1805 2136 si
1828 2104 2002 2137 deteriora
2019 2105 2175 2149 exempla
2191 2116 2246 2138 se-

1272 2161 1474 2199 querentur.
1518 2154 1689 2196 Quamvis
1705 2154 1797 2186 enim
1815 2154 1871 2186 isti
1888 2154 1976 2187 aridi
1992 2166 2064 2187 non
2081 2161 2247 2199 poterunt

1269 2205 1433 2248 effingere
1473 2205 1629 2237 divinam
1665 2205 1760 2237 illam
1794 2205 2102 2248 compositionem,
2141 2218 2246 2250 quam

1269 2256 1375 2289 etiam
1393 2254 1565 2289 Romanis
1584 2255 1801 2299 temporibus
1818 2267 1920 2287 nemo
1936 2256 2134 2300 aequalium
2147 2254 2246 2289 Cice-

1269 2306 1378 2346 rouis,
1403 2305 1462 2350 qui
1480 2305 1638 2350 quotidie
1655 2306 1827 2338 dicentem
1846 2305 2037 2339 audiebant
2055 2306 2246 2349 exprimere

1271 2357 1403 2401 potuit,
1430 2363 1545 2389 tamen
1564 2353 1630 2388 hoc
1649 2363 1896 2400 assequentur,
1923 2354 1961 2389 u't
1985 2355 2097 2389 oratio
2122 2355 2166 2388 sit
2189 2367 2247 2389 ae-

1272 2406 1448 2451 quabilior
1471 2412 1503 2438 et
1524 2406 1678 2442 uberior.
1730 2405 1777 2440 Et
1804 2413 1886 2440 sunt
1911 2406 2000 2442 aliae
2022 2405 2168 2439 virtutes
2192 2406 2248 2439 in-

1272 2457 1390 2489 finitae
1420 2454 1617 2497 Ciceronis,
1666 2468 1813 2501 quarum
1846 2457 1900 2489 vel
1929 2456 2088 2489 umbram
2121 2456 2249 2490 referre

1273 2518 1345 2539 non
1362 2506 1483 2549 exigua
1500 2507 1575 2540 laus
1592 2508 1673 2548 erit,
1702 2514 1805 2552 atque
1823 2518 1884 2549 ego
1901 2506 1953 2538 vel
1973 2506 2119 2539 obscura
2139 2507 2250 2540 linea-

1273 2563 1389 2590 menta
1411 2556 1590 2590 Ciceronis
1616 2558 1756 2597 malim,
1784 2568 1886 2601 quam
1911 2557 2064 2589 nativam
2082 2555 2250 2590 Politiani

1273 2613 1332 2640 aut
1350 2606 1458 2639 Gellii
1477 2607 1613 2641 faciem.
1652 2606 1725 2641 Cur
1741 2614 1854 2640 autem
1876 2607 2029 2651 prudens
2049 2613 2251 2651 praeceptor

1274 2664 1395 2691 nactus
1428 2658 1608 2700 ingenium
1640 2657 1851 2690 foecundum
1885 2664 1916 2689 et
1945 2657 2141 2700 copiosum,
2178 2669 2251 2691 non
