2379 2948
258 104 349 138 1091

254 195 328 221 tum
346 198 428 219 vero
446 182 552 218 huius
574 190 713 217 nostrae
731 184 853 217 aetatis
877 184 1057 218 saevitiam
1073 185 1235 218 conside-
1262 184 1266 220 l
1291 185 1411 218 amicis
1433 186 1492 218 dat
1517 196 1610 228 opes.

255 238 430 277 rabimus‚
457 243 490 269 et
526 246 644 267 causas
666 234 828 268 saevitiae
855 246 975 278 regum
1009 236 1239 274 intuebimur,
1262 221 1265 255 l

257 295 289 321 et
315 299 379 320 nos
403 288 446 319 ad
471 285 725 318 consessionem
750 292 784 318 et
807 286 849 318 ad
878 286 1082 329 petitionem
1114 286 1237 319 auxilii

258 337 322 372 liac
339 338 411 381 ipsa
429 336 632 369 recitatione
649 335 781 369 Psalmi
806 337 1085 370 exuscitabimus.
1138 336 1239 370 Sem-

258 400 319 433 per
343 394 460 421 autem
485 387 634 420 sciamus
657 386 693 418 in
719 384 773 419 his
799 387 1028 431 petitionibus
1053 388 1157 420 fidem
1181 399 1238 419 ac-

257 438 357 472 cendi
374 445 551 482 oportere:
582 449 660 470 vere
684 438 866 470 credamus
888 450 952 472 nos
971 450 1110 483 quoque
1131 437 1239 481 recipi
1265 456 1266 462 κ

258 496 291 522 et
326 488 483 522 exaudiri
518 496 660 532 propter
700 488 907 531 promissam
951 488 1240 523 misericordiam.

257 539 340 573 Ideo
360 540 397 572 in
414 539 481 571 fine
498 539 617 572 addita
634 545 683 572 est
697 539 883 582 particula:
911 539 1061 574 Redime
1077 550 1141 572 nos
1159 551 1240 582 pro-

257 598 335 634 pter
355 589 631 622 misericordiam
655 596 763 624 tuam.
816 589 865 623 Ita
889 590 1039 634 placebit
1065 589 1137 623 Deo
1162 601 1241 633 pre-

258 641 347 674 catio
373 647 405 674 et
429 641 494 673 erit
521 640 656 680 efficax,
691 652 769 673 cum
797 652 876 673 vere
901 641 1076 673 credimus
1102 647 1241 673 nostros

258 692 407 734 gemitus
433 697 465 724 et
488 697 607 724 nostra
625 697 703 724 vota
723 692 879 724 exaudiri
905 698 1048 735 propter
1064 689 1241 723 Mediato-

259 754 333 774 rem
359 741 462 774 nobis
485 742 675 782 donatum,
705 749 848 785 propter
869 754 974 786 quem
1001 742 1241 774 misericordia

257 792 428 836 promissa
445 799 506 827 est.
557 790 604 824 Et
624 789 708 824 haec
727 793 811 824 fides
834 792 871 824 in
897 792 1120 826 invocatione
1144 804 1243 825 exer-

259 843 368 875 cenda
388 849 439 875 est
455 842 693 886 expectatione
709 842 841 877 auxilii.

394 950 732 995 Argumentum
760 960 812 983 ac
837 949 1100 994 dispositio

554 1007 712 1047 Psalmi
744 1007 873 1046 XLV
875 1039 884 1049 .

307 1082 503 1114 Eructavit
519 1091 579 1114 cor
596 1091 719 1114 meum
733 1079 883 1114 verbum
900 1079 1052 1124 bonum,
1080 1080 1161 1114 dico
1178 1091 1241 1126 ⁶²90

309 1141 421 1175 opera
437 1141 521 1165 mea
538 1133 639 1177 regi,
667 1132 795 1177 lingua
812 1143 895 1166 mea
912 1132 1080 1165 calamus
1094 1130 1241 1165 scribae

306 1182 482 1215 velociter
497 1181 707 1216 scribentis.

360 1247 473 1282 Totus
489 1247 649 1281 Psalmus
673 1246 860 1292 prophetia
877 1256 926 1282 est
950 1250 992 1281 de
1012 1248 1140 1281 Messia
1158 1260 1241 1291 pro-

256 1298 381 1339 misso,
416 1310 564 1331 narrans
597 1299 675 1343 quis
697 1299 758 1339 sit,
794 1300 897 1343 quale
920 1300 963 1332 sit
988 1300 1062 1332 eius
1084 1310 1243 1341 regnum,

257 1355 290 1381 et
306 1361 394 1392 quae
417 1349 509 1381 bona
526 1349 657 1392 populo
673 1348 738 1382 Dei
758 1348 926 1383 exhibeat.
980 1349 1118 1383 Deinde
1136 1349 1240 1382 etiam

257 1399 451 1443 alloquitur
474 1397 687 1440 Ecclesiam,
730 1406 763 1432 et
794 1400 825 1432 ei
855 1401 1043 1443 praecipit,
1077 1407 1116 1432 ut
1147 1397 1242 1431 hunc

259 1460 376 1492 regem
400 1449 535 1482 audiat:
570 1456 602 1482 et
627 1457 877 1483 commemorat
901 1451 933 1483 ei
957 1448 1159 1484 habituram
1184 1449 1242 1481 in-

257 1506 394 1542 gentem
411 1499 559 1543 gloriam
571 1526 580 1540 ,
597 1501 655 1532 sed
672 1501 778 1533 simul
796 1500 922 1544 impios
938 1508 1154 1544 grassaturos
1169 1511 1241 1532 esse

257 1551 294 1582 in
313 1562 405 1590 eam,
433 1551 492 1582 sed
518 1547 613 1582 hunc
630 1549 795 1583 Blessiam
813 1551 979 1584 victorem
997 1552 1072 1584 fore
1089 1558 1122 1584 et
1140 1549 1242 1582 hahi-

255 1608 374 1634 turum
391 1612 535 1643 regnum
557 1607 749 1633 aeternum.
802 1600 898 1634 Haec
922 1608 971 1634 est
988 1612 1124 1634 summa
1142 1600 1240 1633 Psal-

256 1651 325 1691 mi,
352 1651 414 1695 qui
437 1662 561 1693 magna
592 1663 631 1683 ex
656 1657 753 1694 parte
778 1658 828 1684 est
847 1652 1023 1689 narratio,
1062 1651 1241 1695 pertinens

257 1702 300 1734 ad
324 1713 434 1744 genus
457 1701 789 1734 demonstrativum:
818 1714 857 1734 ac
882 1709 919 1735 ut
940 1703 1106 1736 usitatum
1130 1710 1180 1735 est
1204 1702 1239 1733 in

249 1763 379 1795 genere
403 1752 678 1785 demonstrativo
711 1753 931 1796 splendidius
960 1753 1077 1798 loqui,
1111 1752 1157 1785 ita
1183 1750 1240 1785 hic

254 1803 365 1836 multa
388 1808 469 1835 sunt
493 1810 716 1842 ornamenta,
744 1803 873 1845 figurae
895 1810 927 1837 et
940 1803 1240 1847 compellationes,

254 1865 343 1897 pene
361 1860 400 1886 ut
415 1853 450 1885 in
470 1853 655 1886 Amatorio
679 1854 836 1887 carmine
853 1866 913 1887 seu
931 1856 1175 1899 κω,ιιαστικιῇ,
1203 1860 1241 1887 ut

255 1910 393 1938 vocant.

357 1952 583 1995 Adiungatur
599 1961 716 1986 autem
738 1952 794 1987 hic
818 1954 976 1988 Psalmus
994 1955 1240 1999 promissioni-

255 2004 321 2036 bus
345 2004 387 2036 de
413 2002 540 2037 Messia
566 2005 703 2037 traditis
720 2003 883 2039 Abrahae
906 2013 938 2039 et
961 2006 1102 2040 Davidi.
1157 2004 1239 2039 Est-

256 2066 322 2098 que
341 2054 566 2097 composituS,
584 2061 623 2087 ut
638 2055 683 2088 sit
701 2056 884 2099 explicatio
904 2057 1188 2099 promissionum,
1207 2064 1240 2091 et

256 2106 378 2138 doceat
398 2105 476 2149 quis
503 2105 547 2138 sit
567 2105 712 2138 Messias
732 2113 763 2139 et
782 2107 884 2150 quale
909 2108 952 2140 sit
978 2108 1052 2140 eius
1078 2119 1236 2151 regnum.

255 2153 540 2198 Adplicationem
571 2168 654 2188 vero
691 2163 723 2189 et
754 2169 856 2190 usum
888 2157 992 2191 huius
1025 2158 1264 2199 laudationisi

255 2204 404 2238 Messiae
422 2206 522 2239 docet
541 2206 613 2250 ipse
629 2205 807 2248 Psalmus,
835 2221 913 2241 cum
931 2209 1098 2252 praecipit
1116 2207 1238 2242 Eccle—

893 2258 989 2292 Haec
1011 2271 1089 2302 pars
1105 2258 1236 2291 Psalmi
1261 2251 1264 2262 ⁹

254 2313 304 2340 est
319 2307 457 2350 generis
473 2308 638 2347 suasorii,
666 2309 746 2352 quia
766 2309 936 2354 praecipit
957 2309 1024 2341 iam
1043 2316 1235 2342 monstrato
1261 2313 1263 2344 ἓ

980 2359 1062 2393 Ideo
1082 2361 1233 2404 primum

255 2256 324 2289 siae
340 2263 378 2289 ut
395 2253 530 2289 audiat
548 2254 643 2290 hunc
661 2256 839 2293 Messiam.

254 2356 383 2390 blessia
394 2359 571 2402 quomodo
588 2358 632 2392 sit
649 2360 925 2402 amplectendus.

253 2407 440 2450 diligenter
459 2410 675 2442 considerata
693 2410 894 2444 laudatione
914 2411 1081 2451 Messiae,
1107 2411 1234 2453 cogite-

252 2468 329 2490 mus
346 2459 423 2502 quis
441 2459 502 2498 sit,
530 2466 561 2493 et
576 2472 664 2505 quae
681 2461 774 2494 bona
793 2460 964 2495 exhibeat.
1005 2461 1129 2495 Postea
1146 2462 1233 2494 scia-
1260 2457 1261 2469 ¹

252 2518 330 2540 rnus
347 2520 424 2541 eum
438 2510 653 2543 audiendum
673 2522 762 2552 esse,
794 2519 826 2546 et
844 2511 927 2546 haec
952 2513 1023 2556 ipsa
1052 2514 1142 2546 bona
1168 2513 1233 2545 fide

252 2558 450 2601 accipienda
472 2571 555 2595 esse.

352 2607 431 2641 Nou
449 2616 497 2642 est
514 2608 580 2643 hoc
598 2623 744 2654 regnum
763 2613 876 2645 simile
893 2610 1086 2646 Alexandri
1114 2624 1232 2656 regn0‚

248 2658 309 2691 ubi
334 2671 392 2692 rex
414 2659 481 2692 sibi
502 2662 691 2704 potentiam
720 2664 874 2708 quaerit,
903 2670 935 2697 et
956 2665 1133 2709 aliquibus
1159 2664 1230 2697 suis
1256 2688 1257 2693 ,

853 98 975 135 PHlL.
1006 97 1120 134 MEL.
1146 97 1355 134 SCRIPTA
1382 97 1678 134 EXEGETICA.

2179 104 2276 140 1092

1664 183 1742 217 Hoc
1774 197 1921 229 regnum
1950 186 2053 229 longe
2083 188 2180 222 aliud
2213 196 2277 230 est,

1290 236 1388 268 venit
1413 234 1578 275 Messias,
1609 242 1647 268 ut
1669 235 1771 269 nobis
1799 236 1979 280 impertiat
1999 244 2139 271 aeterna
2171 240 2276 280 bona,

1292 293 1325 320 et
1342 286 1376 319 id
1399 287 1503 319 saciat
1519 286 1626 318 verbo
1642 293 1675 320 et
1691 286 1827 329 Spiritu
1844 293 1963 320 sancto
1975 314 1983 327 ,
2011 294 2044 321 et
2067 288 2278 324 mirabiliter

1292 337 1465 371 custodiat
1488 349 1527 370 ac
1550 343 1662 370 servet
1688 348 1753 369 nos
1777 337 1870 370 inter
1897 338 2073 381 pericula,
2101 351 2189 383 quae
2213 352 2278 374 nec

1293 399 1413 420 cavere
1438 399 1502 420 nec
1528 398 1646 430 regere
1669 387 1735 431 ipsi
1758 399 1962 432 possumus:
1990 396 2028 422 ut
2047 390 2200 423 servavit
2214 402 2279 434 po-

1293 439 1416 482 pulum
1437 437 1545 471 lsra'e'l
1560 439 1779 471 incedentem
1798 451 1860 482 per
1881 451 1975 473 mare
1991 440 2137 473 rubrum
2150 467 2159 481 ‚
2187 440 2280 474 inter

1293 495 1422 522 stantes
1439 500 1607 533 aquarum
1631 489 1803 522 cumulos.
1856 488 1928 522 Nec
1951 496 2062 534 potest
2078 489 2279 524 Alexander

1294 541 1419 572 absens
1436 540 1638 572 absentibus
1656 540 1805 573 ducibus
1824 540 2001 584 opitulari.
2028 539 2097 574 Hic
2115 553 2197 575 vero
2214 553 2279 575 no—

1294 597 1364 624 ster
1381 601 1438 622 rex
1450 601 1585 633 semper
1601 590 1697 623 adest
1707 589 1893 632 Ecclesiae,
1911 597 1944 624 et
1961 590 2094 636 ubique
2112 599 2144 625 et
2162 592 2280 625 omni-

1293 641 1359 674 bus
1375 640 1594 684 temporibus
1611 641 1752 673 exaudit
1768 647 1800 674 et
1819 642 1915 675 iuvat
1932 642 2145 675 invocantes.
2183 641 2280 676 Haec

1294 691 1411 724 omnia
1430 691 1529 724 firma
1546 691 1612 724 fide
1629 693 1811 724 statuenda
1829 699 1920 725 sunt.
1948 691 1986 725 ld
2004 691 2280 736 praecipitPsal-

1295 753 1386 785 mus,
1401 754 1479 775 cum
1496 741 1629 786 inquit:
1647 738 1857 785 Audifiliffi
1875 741 2015 775 inclina
2026 754 2151 776 aurem
2166 747 2279 779 tuam.

1294 790 1426 837 Estque
1448 790 1532 825 haec
1552 792 1748 826 admonitio
1770 794 1813 826 de
1839 794 2073 837 adplicatione
2094 794 2281 837 diligenter

1295 844 1499 886 cogitanda,
1528 850 1567 876 ut
1591 843 1765 876 discamus
1788 845 1965 888 quomodo
1991 852 2023 879 et
2048 842 2155 878 huius
2180 845 2280 887 regni

1295 895 1451 927 membra
1469 894 1679 934 efficiamur,
1707 900 1740 927 et
1764 895 1857 928 hona
1882 906 1972 939 quae
1995 895 2170 939 promittit
2194 907 2280 929 con—

1296 956 1499 989 sequamur.

1397 995 1635 1028 Laudationes
1659 995 1790 1028 multae
1815 1002 1910 1029 sunt.
1963 994 2145 1036 Primum,
2178 1002 2218 1030 ut
2242 996 2280 1029 in

1295 1046 1483 1079 comastico
1515 1046 1670 1079 carmine
1705 1046 1816 1078 forma
1849 1045 2030 1086 laudatur,
2065 1053 2099 1080 et
2125 1058 2281 1090 expresse

1295 1097 1489 1130 antefertur
1508 1097 1666 1129 omnium
1683 1093 1869 1128 hominum
1887 1096 2133 1139 pulcritudini.
2186 1096 2280 1140 Quia

1295 1159 1416 1180 revera
1433 1147 1567 1180 nullius
1583 1145 1741 1180 hominis
1759 1147 1930 1189 sapientia
1956 1153 1989 1179 et
2008 1147 2120 1181 virtus
2146 1159 2209 1191 par
2229 1154 2281 1181 est.

1295 1198 1486 1241 sapientiae
1510 1204 1543 1231 et
1565 1198 1687 1231 virtuti
1703 1195 1854 1238 Christi,
1883 1209 2031 1242 quarum
2054 1210 2173 1231 rerum
2198 1210 2281 1232 vera

1295 1256 1344 1283 est
1361 1255 1537 1281 etsumma
1548 1248 1760 1292 pulcritudo.
1789 1247 1837 1282 Ut
1847 1260 1924 1281 cum
1940 1248 2132 1291 cogitamus
2142 1246 2280 1293 Ioseph,

1295 1299 1394 1344 quasi
1410 1306 1525 1332 mente
1544 1299 1721 1343 pingimus
1740 1299 1856 1332 virum
1876 1298 2108 1342 pulcerimum
2121 1325 2129 1340 ‚
2155 1311 2279 1332 omnes

1294 1350 1448 1383 actiones
1471 1350 1674 1391 gravissime
1698 1356 1730 1381 et
1754 1347 1998 1382 honestissime
2026 1350 2281 1383 moderantem.

1294 1400 1353 1433 Sic
1376 1400 1488 1432 multo
1523 1401 1632 1442 magis
1662 1401 1704 1432 de
1730 1399 1859 1432 Messia
1889 1399 2098 1442 cogitantes,
2132 1400 2175 1433 de
2198 1412 2279 1433 vera

1293 1450 1553 1494 pulcritudine,
1581 1450 1614 1483 id
1641 1457 1709 1488 est,
1735 1451 1778 1482 de
1804 1450 1975 1493 sapientia
1999 1450 2037 1483 in
2062 1462 2102 1483 eo
2129 1451 2280 1494 lucente,

1295 1508 1326 1534 et
1343 1502 1385 1533 (le
1404 1501 1569 1533 omnibus
1585 1500 1776 1533 virtutibus
1793 1501 1995 1543 cogitemus.

1395 1552 1460 1584 Est
1484 1558 1600 1584 autem
1625 1551 1718 1583 inter
1745 1551 1932 1594 praecipua
1955 1550 2068 1584 officia
2091 1547 2198 1585 huius
2221 1563 2278 1585 re-

1293 1602 1366 1644 gis,
1392 1602 1516 1634 docere
1533 1600 1780 1644 Evangelium.
1822 1600 1906 1634 Ideo
1924 1601 2089 1635 laudatur
2109 1602 2279 1647 eloquen-

1294 1653 1358 1686 tia:
1387 1648 1548 1700 Dt'ffnsa
1566 1655 1616 1684 est
1631 1650 1758 1696 gralia
1777 1650 1815 1684 ιή
1835 1650 1951 1685 labiis
1969 1650 2054 1687 tuis.

1393 1700 1594 1735 Benedixit
1619 1707 1650 1735 le
1665 1700 1770 1735 Deus
1794 1701 1832 1735 in
1851 1707 2049 1738 aeternum.
2102 1702 2177 1737 Hac
2194 1716 2278 1737 voce

1293 1753 1463 1795 significat
1480 1765 1514 1785 se
1534 1765 1696 1786 enarrare
1708 1753 1975 1796 promissionem
1988 1753 2150 1787 traditam
2162 1754 2277 1788 Abra-

1293 1802 1369 1837 hae.
1423 1802 1560 1837 Omnes
1578 1804 1639 1836 alii
1662 1802 1822 1837 homines
1838 1811 1919 1838 sunt
1937 1804 2132 1846 maledicti,
2159 1804 2196 1838 id
2215 1812 2275 1845 est,

1293 1855 1343 1887 rei
1362 1866 1477 1887 coram
1493 1853 1582 1894 Deo,
1606 1855 1761 1898 oppressi
1778 1862 1918 1898 peccato
1937 1861 1970 1888 et
1984 1862 2118 1897 morte,
2144 1862 2177 1889 et
2192 1853 2276 1888 hor-

1293 1905 1412 1938 rendis
1438 1905 1695 1938 calamitatibus
1719 1905 1883 1946 obnoxii,
1915 1912 1954 1939 ut
1975 1906 2101 1948 tragica
2118 1907 2276 1950 exempla

1294 1956 1453 1989 omnium
1470 1962 1669 1999 temporum
1687 1957 1890 1990 ostendunt.
1930 1956 1977 1988 At
1996 1953 2053 1988 hic
2071 1962 2189 1989 noster
2216 1968 2276 1989 rex

1293 2007 1497 2040 benedictus
1515 2013 1580 2045 est,
1608 2007 1642 2039 id
1662 2013 1728 2046 est,
1746 2005 1821 2039 Deo
1839 2007 2000 2049 placens,
2030 2013 2175 2040 ornatus
2193 2018 2274 2040 vera

1291 2057 1480 2100 sapientia,
1508 2057 1645 2090 iusticia
1668 2064 1702 2091 et
1720 2057 1807 2096 vita,
1835 2057 2013 2090 deleturus
2040 2064 2217 2100 peccatum
2241 2065 2276 2092 et

1292 2114 1461 2147 mortem,
1493 2114 1525 2141 et
1552 2108 1693 2140 diabolo
1726 2114 1865 2140 aeterna
1897 2108 2037 2140 vincula
2070 2107 2275 2144 iniecturus,

1290 2157 1385 2191 Haec
1400 2159 1519 2191 omnia
1536 2158 1779 2202 complectitur
1802 2158 1990 2201 appellatio
2007 2158 2274 2192 benedictionis.

1392 2208 1464 2241 Nec
1487 2209 1704 2250 intelligatur
1729 2209 1928 2242 benedictio
1954 2209 2022 2248 ita,
2058 2209 2158 2253 quasi
2194 2215 2273 2243 tan-

1290 2266 1364 2293 tum
1382 2260 1448 2303 ipsi
1461 2257 1602 2293 Christo
1622 2259 1749 2302 prosit,
1778 2260 1837 2291 sed
1853 2259 1933 2292 ideo
1952 2259 2025 2303 ipse
2042 2260 2273 2300 benedicitur,

1289 2318 1327 2344 ut
1344 2311 1447 2343 nobis
1472 2322 1531 2343 sua
1557 2310 1648 2342 bona
1674 2310 1868 2353 impertiat,
1895 2310 1984 2343 sicut
2010 2310 2195 2354 promissio
2215 2311 2272 2343 in—

1289 2361 1382 2404 quit:
1414 2361 1452 2394 ln
1478 2360 1610 2393 semine
1633 2368 1692 2393 tuo
1720 2361 1972 2394 benedicentur
1997 2372 2118 2393 omnes
2139 2367 2272 2403 gentes.

1288 2411 1333 2444 Et
1357 2412 1446 2444 infra
1470 2411 1627 2443 Psalmus
1650 2412 1720 2454 ipse
1745 2412 1995 2454 interpretatur
2019 2409 2107 2444 hanc
2124 2412 2271 2444 benedi-

1287 2462 1454 2495 ctionem:
1482 2460 1604 2495 Unxit
1622 2465 1652 2493 te
1660 2460 1777 2502 Deus,
1792 2459 1897 2494 Dens
1914 2466 1998 2494 luas
2014 2460 2088 2495 oleo
2105 2460 2270 2494 laeticiae

1283 2517 1429 2559 propter
1445 2517 1624 2545 consortes
1639 2517 1738 2550 tuos,
1768 2513 1801 2545 id
1829 2519 1895 2552 est,
1923 2513 2002 2545 ideo
2021 2519 2184 2546 aeternus
2207 2523 2269 2556 pa-

1257 2597 1259 2610 ,
1286 2570 1336 2596 ter
1354 2563 1483 2596 Filium
1501 2564 1613 2603 misit,
1640 2571 1671 2597 et
1689 2564 1868 2596 ordinavit
1885 2564 1926 2596 ad
1952 2561 2017 2596 hoc
2035 2563 2267 2596 sacerdotium

1284 2620 1316 2647 et
1333 2626 1498 2657 regnum,
1526 2616 1604 2647 data
1623 2615 1651 2646 ei
1671 2614 1825 2657 potentia
1843 2613 1962 2646 divina
1981 2620 2012 2647 et
2033 2613 2168 2656 Spiritu
2184 2624 2268 2645 san-

1284 2672 1355 2705 cto,
1379 2673 1417 2698 ut
1443 2666 1514 2709 ipse
1538 2673 1718 2698 consortes
1741 2676 1821 2698 suos
1845 2664 1985 2705 liberet,
2014 2671 2045 2697 et
2064 2666 2169 2697 donet
2194 2663 2264 2696 illis
