2379 2948
133 80 202 113 113
858 77 910 112 11.

418 163 520 205 Quod
547 168 605 198 est
629 161 839 197 obiectum?

232 233 354 275 Odor,
390 237 450 282 qui
474 243 523 270 est
549 234 698 280 qualitas
721 234 756 265 in
784 230 895 265 halitu
916 239 1062 266 exeunte
1078 245 1117 266 ex

129 286 266 328 mixtis,
294 287 330 319 in
357 287 487 332 quibus
513 288 610 318 aerea
639 281 832 316 humiditas
856 294 916 316 seu
935 284 1030 327 plus,
1057 295 1117 316 seu

132 336 251 370 minus
268 343 399 370 terreae
422 343 568 369 naturae
589 333 813 374 exuberanti,
840 340 873 367 et
897 334 1037 367 coelesti
1057 341 1117 368 aut

128 387 230 429 igneo
258 388 373 420 calore
397 393 516 425 ustae,
543 396 582 417 ac
608 384 703 417 velut
719 384 925 418 torrefactae
945 384 1115 427 permixta

128 444 197 476 est,
224 444 265 471 ut
282 436 450 470 sentimus
465 435 559 468 olere
583 434 754 468 fumantia
772 435 889 478 ligna,
919 447 1007 480 quae
1024 435 1115 468 alio·

127 488 188 531 qui
205 494 286 521 sunt
304 487 378 518 sine
395 486 514 520 odore.

232 536 313 569 Ideo
330 537 377 568 sic
394 533 602 568 Aristoteles
619 534 754 567 confert
777 534 870 567 inter
884 545 920 567 se
936 536 1062 568 odores
1081 542 1115 569 et

127 597 284 632 saporeS‚
314 592 353 619 ut
383 585 476 619 dicat
510 586 548 618 in
572 586 680 618 odore
707 584 886 618 dominari
911 585 1114 627 siccitatem,

128 636 374 671 humiditatem
391 648 473 669 vero
493 636 530 668 in
548 635 746 679 saporibus.
799 634 843 669 Et
861 635 896 667 in
908 635 1115 669 Problema-

125 695 199 721 tum
220 686 311 720 libro
329 686 465 731 inquit:
496 683 551 720 Τὰ
571 682 788 730 πυρούμενα
806 687 883 724 πῶς
906 689 983 721 τῶν
998 684 1112 734 ὑγρό-

125 749 215 782 τητα
233 734 396 781 ἐχόντων
412 734 551 784 ὀλίγην,
577 733 698 780 εὐώδη
720 734 873 783 γίνεται.
922 736 1005 770 Usta
1025 750 1113 782 quae

124 788 299 820 modicam
330 785 459 821 habent
489 785 754 827 humiditatem,
791 786 881 820 fiunt
909 787 1112 830 fragrantia.

125 837 194 871 Sed
222 844 338 871 tamen
365 849 507 881 prorsus
533 837 650 878 arida,
677 849 766 881 quae
789 844 890 875 sunt,
917 844 956 871 ut
974 836 1113 872 Aristo-

123 888 211 922 teles
235 889 396 922 nominat
420 887 567 933 «iluna,
595 900 668 920 non
694 895 775 922 sunt
799 889 927 927 odora,
947 895 985 922 ut
1001 888 1111 932 Lapi-

124 939 204 979 des,
241 939 378 972 tametsi
395 939 432 971 in
458 937 512 972 his
531 946 563 973 et
587 938 762 982 frigiditas
782 944 814 971 et
832 938 975 971 ariditas
991 951 1112 972 causae

124 996 228 1029 sunt,
264 1001 308 1022 ne
334 989 444 1022 insint
471 990 607 1022 odores.
668 987 750 1021 Non
785 988 880 1021 enim
905 988 999 1031 gigni
1023 991 1112 1023 odor

124 1046 255 1082 potest,
284 1039 351 1073 nisi
377 1040 473 1073 calor
502 1038 735 1073 substantiam
762 1039 951 1071 defecatam
982 1046 1112 1072 terreae

125 1096 158 1122 et
187 1091 309 1123 ae‘reae
340 1097 503 1130 naturae,
538 1090 691 1123 resolvat
713 1095 746 1122 et
777 1089 938 1132 expellat.
992 1088 1112 1134 ltaque

123 1140 315 1183 fragrantia
332 1141 470 1181 omnia,
497 1140 633 1173 etiamsi
649 1146 731 1172 sunt
750 1146 874 1172 natura
898 1139 1024 1181 frigida
1037 1167 1046 1180 ,
1074 1147 1113 1173 ut

122 1188 239 1223 Rosae
262 1202 302 1223 ac
330 1190 471 1229 Violae,
506 1198 624 1224 tamen
652 1190 761 1222 odore
793 1190 868 1233 ipso
900 1189 1024 1223 leviter
1055 1202 1112 1223 ca-

125 1240 307 1273 lefaciunt.

225 1289 321 1321 Hinc
341 1288 545 1321 ratiocinari
560 1301 760 1331 possumus,
783 1301 890 1334 quare
907 1289 944 1322 in
961 1287 1111 1323 Oriente

124 1351 178 1372 res
202 1345 397 1372 nascuntur
420 1338 657 1376 odoratiores‚
685 1339 767 1383 quia
790 1351 829 1370 ea
851 1340 927 1372 loca
944 1341 1112 1374 calidiora

125 1397 218 1425 sunt.

226 1439 322 1473 Hinc
339 1446 371 1473 et
388 1439 477 1472 ratio
493 1439 663 1472 sumenda
681 1445 729 1472 est
741 1463 750 1477 ‚
779 1450 886 1483 quare
906 1439 1023 1473 dulcia
1043 1439 1111 1472 mi-

126 1501 192 1523 nus
220 1491 290 1525 sint
312 1491 474 1530 odorata,
502 1489 584 1534 quia
610 1496 690 1522 sunt
708 1487 924 1525 humidiora.
978 1488 1111 1524 Contra

125 1553 208 1574 vero
223 1541 333 1584 magis
347 1540 536 1583 fragrantia
553 1546 646 1580 sunt,
675 1539 712 1572 iu
729 1540 857 1584 quibus
871 1540 1004 1585 aliquid
1022 1541 1112 1574 inest

123 1592 347 1625 acrimoniae.
401 1590 597 1625 Suntenim
616 1590 774 1631 sicciora,
801 1597 845 1629 et,
870 1597 909 1624 ut
924 1591 971 1624 ita
987 1591 1112 1631 dicam,

124 1650 201 1675 usta
225 1653 286 1675 seu
308 1642 514 1681 torrefacta,
543 1647 581 1674 ut
601 1640 805 1680 Libanotis‚
834 1641 889 1675 cui
910 1653 1039 1674 nomen
1061 1648 1112 1674 est

124 1693 268 1734 vulgare
293 1691 369 1726 Ros
393 1692 570 1731 marinus,
612 1691 712 1724 cuius
747 1692 836 1724 odor
858 1704 937 1724 cum
963 1693 1007 1726 sit
1033 1704 1112 1735 gra—

124 1743 299 1782 tissimus,
333 1742 453 1784 lingua
479 1747 624 1774 testatur
655 1753 814 1784 saporem
844 1753 1003 1775 amarum
1029 1754 1110 1777 esse.

125 1792 324 1836 Utrumque
354 1792 487 1825 indicio
518 1798 586 1831 est,
622 1791 816 1824 libanotida
844 1792 993 1825 calidam
1026 1804 1111 1831 esse,

124 1843 213 1876 sicut
239 1850 271 1876 et
295 1842 472 1875 Nicander
493 1841 622 1886 inquit:
658 1839 679 1886 ἢ
711 1838 799 1888 σύγε
828 1839 1112 1890 καγχρυόεσσαν

125 1892 216 1928 ἑλών
232 1890 458 1939 περιθαλπέα
475 1889 589 1937 ῥίζαν.

175 1954 241 1986 Aut
253 1963 286 1985 tu
301 1955 430 1984 radicem
444 1955 555 1984 calidae
571 1954 752 1984 libanotidos
773 1965 825 1983 ure

175 2006 336 2037 Foecuuda
351 2009 382 2036 in
399 2008 484 2036 tereti
501 2016 577 2046 quae
594 2007 689 2046 giguit
706 2005 853 2045 canchrye
869 2015 980 2035 semen.

228 2062 277 2098 Ut
298 2063 407 2106 igitur
430 2074 554 2105 magna
580 2068 938 2106 temperamentorum
962 2060 1111 2094 varietas

126 2120 176 2147 est
194 2114 232 2147 in
251 2111 391 2154 herbis,
418 2113 578 2154 floribus,
602 2113 791 2153 radicibus,
818 2113 865 2146 ita
881 2123 1007 2155 magna
1024 2112 1111 2145 odo-

128 2176 206 2198 rum
231 2165 380 2199 varietas
402 2163 572 2202 efficitur,
607 2170 641 2198 et
664 2163 900 2197 consideratio
930 2163 1036 2206 digna
1060 2168 1111 2196 est

127 2214 304 2249 studiosis.

230 2264 368 2309 Species
383 2271 498 2299 autem
510 2265 599 2298 duae
612 2265 819 2309 praecipuae
835 2263 1110 2299 constituuntur.

127 2316 249 2350 Bonus
266 2316 373 2353 odor,
400 2316 478 2360 qui,
505 2323 544 2350 ut
569 2315 606 2348 in
629 2316 814 2360 saporibus
836 2315 1005 2356 dulcedo,
1031 2315 1110 2360 plus

126 2367 233 2401 refert
258 2366 379 2399 ae'reae
401 2373 561 2405 naturae,
595 2373 629 2400 et
654 2379 733 2400 cum
753 2379 794 2400 ex
817 2366 976 2410 partibus
993 2365 1109 2399 suavi-

128 2419 194 2452 bus
219 2424 252 2451 et
283 2423 375 2449 recte
405 2416 605 2458 temperatis
635 2424 668 2450 et
693 2417 803 2461 magis
827 2417 943 2450 calore
969 2416 1110 2450 coelesti

128 2468 234 2503 coctis
250 2467 404 2507 oriatur,
430 2467 571 2499 cerebro
589 2474 705 2510 gratus
721 2475 785 2502 est.

228 2525 437 2561 Contrarius
469 2525 558 2558 odor
588 2526 702 2567 bono,
741 2526 950 2560 nominatur
977 2526 1109 2566 foetor,

128 2578 190 2624 qui
212 2584 252 2612 ut
273 2584 404 2611 stercus
427 2574 622 2610 humanum
654 2588 694 2609 ex
721 2578 880 2621 partibus
910 2577 1049 2610 viciosis
1079 2583 1111 2610 et
1135 2591 1136 2599 ¹

129 2629 219 2663 male
241 2627 436 2662 torrefactis
458 2624 613 2667 exhalat,
645 2632 680 2659 et
702 2637 762 2661 sua
786 2634 911 2662 natura
935 2638 1109 2662 venenum

181 2683 358 2713 MELANTH.
388 2680 491 2712 Ori-311.
516 2679 598 2710 Vox„
627 2676 720 2709 ΧΠῙ.

965 76 1114 113 LIBER
1141 75 1207 112 DE
1236 78 1414 115 ANIMA.

2078 92 2148 126 114

1172 168 1222 195 est
1246 163 1399 200 cerebro.
1451 164 1527 200 Hae
1549 167 1638 201 duae
1667 169 1796 212 species
1822 171 1922 205 facile
1953 176 2091 216 agnosci
2115 183 2147 211 et

1172 210 1322 244 discerni
1341 223 1493 256 possunt.
1546 218 1667 252 Altera
1690 221 1895 255 nominatur
1919 221 2068 266 εὐῶδες,
2096 228 2146 259 al-

1171 266 1243 293 tera
1262 258 1437 301 δυσῶδες.

1270 311 1501 347 Adiiciuntur
1526 322 1558 349 et
1577 318 1666 350 duae
1690 320 1924 363 differentiae,
1951 332 2108 368 sumptae
2127 338 2146 360 a

1169 362 1371 404 saporibus,
1397 374 1439 396 uc
1458 365 1546 397 acris
1559 369 1660 405 odor,
1687 371 1796 413 qualis
1815 379 1863 405 est
1879 371 2021 415 Citrini,
2047 376 2146 417 Allii,

1168 410 1293 456 Cepae.
1346 411 1393 446 Et
1416 413 1555 453 acidus,
1583 417 1696 460 qualis
1711 427 1760 453 est
1776 419 1886 455 Aeeti-

1269 460 1400 497 Extant
1424 466 1516 507 apud
1541 464 1698 499 Plinium
1723 476 1756 502 et
1779 472 1865 504 aliae
1882 474 2146 517 adpellationes‚

1167 523 1252 557 quas
1270 524 1434 547 enarrare
1451 515 1594 549 difficile
1615 523 1683 556 est,
1710 525 1748 551 ut
1774 522 1866 554 acuti
1894 524 2012 557 odoris
2037 532 2070 560 et
2094 527 2146 569 ig-

1167 563 1260 597 navi.
1316 562 1498 597 interdum
1523 567 1726 608 graveolens
1751 576 1802 603 est
1825 570 1915 604 idem
1935 576 2027 617 quod
2044 577 2146 610 foeti-

1166 614 1250 646 dum
1262 638 1271 652 ‚
1299 611 1474 653 δυσῶδες.
1529 615 1575 650 Ut
1592 618 1760 651 foetorem
1775 620 1840 652 sub
1856 617 2011 657 humeris
2030 627 2147 659 nomi-

1166 670 1225 696 nat
1242 663 1380 698 Plinius
1398 664 1685 701 Graveolentiam
1711 669 1857 704 alarum.
1908 669 1956 706 Et
1976 672 2146 717 Yirgilius

1166 714 1299 759 inquit:
1334 713 1408 749 Aut
1426 716 1489 749 ubi
1507 718 1597 750 odor
1613 719 1711 751 coeni
1732 720 1858 762 gravis.

1268 764 1372 808 Apud
1393 764 1548 800 Graecos
1564 768 1659 801 aliud
1678 776 1726 803 est
1745 767 1931 815 δυσῶδες,
1957 772 2053 806 aliud
2077 774 2148 818 βα-

1165 810 1345 859 ρύοὸζιιον.
1397 815 1487 850 Nam
1506 818 1614 852 multa
1633 817 1946 866 ευηῐβαρύοὸμα,
1973 835 2061 868 quae
2075 837 2148 858 non

1165 872 1247 898 sunt
1270 866 1416 907 foetida,
1451 874 1490 901 ut
1515 867 1622 908 Aloe,
1659 870 1743 903 folia
1768 870 1946 909 Sambuci.
2004 873 2149 916 Lilium,

1165 915 1352 949 Artemisia
1371 917 1539 951 dicuntur
1563 931 1581 951 a
1597 918 1803 953 Dioscoride
1823 920 2044 967 βαρύοὸᾈια,
2073 932 2107 959 et
2129 937 2149 959 a

1164 965 1284 998 Plinio
1306 968 1562 1009 graveolentia,
1590 981 1668 1002 cum
1694 976 1810 1003 tamen
1833 984 1905 1005 non
1922 975 1990 1006 sint
2007 974 2149 1009 foetida.

1168 1015 1243 1048 Imo
1260 1015 1484 1051 Dioscorides
1499 1018 1564 1059 ait,
1591 1018 1733 1053 Polium
1751 1032 1823 1054 esse
1839 1020 2063 1068 βαρύοὸμον
2086 1037 2149 1068 με-

1163 1063 1209 1099 τὰ
1233 1062 1348 1111 πόσης
1370 1065 1555 1106 εὐωδείας.
1608 1068 1656 1103 Et
1682 1071 1724 1103 de
1750 1069 1879 1106 Cunila
1902 1084 1964 1107 seu
1989 1071 2149 1117 Origano

1165 1116 1280 1160 inquit
1299 1116 1485 1159 Virgilius:
1514 1117 1681 1152 Graviter
1703 1120 1869 1164 spirantis
1887 1124 1986 1168 copia
2011 1122 2150 1171 Thym-

1165 1167 1257 1200 brae,
1310 1166 1392 1200 Non
1416 1174 1466 1201 est
1491 1175 1606 1202 autem
1630 1170 1787 1213 ingratus
1805 1173 1894 1206 odor
1919 1175 2076 1217 origani,
2110 1183 2150 1210 ut

1164 1223 1309 1250 constat.
1362 1216 1576 1263 Plerumque
1599 1219 1706 1262 igitur
1726 1219 1951 1267 βαρύοδμον
1978 1225 2149 1267 significat

1165 1278 1238 1299 non
1253 1268 1347 1311 quod
1364 1268 1518 1311 foetore,
1553 1270 1612 1302 sed
1632 1272 1725 1314 quod
1742 1272 1869 1311 nimia,
1896 1281 1948 1314 et,
1974 1281 2013 1308 ut
2030 1275 2076 1309 ita
2095 1277 2150 1309 di-

1165 1328 1260 1356 cam,
1284 1317 1448 1350 densiore
1474 1319 1665 1361 fragrantia
1696 1321 1858 1356 offendit.
1912 1323 2009 1357 Haec
2031 1326 2149 1359 brevi-—

1164 1374 1217 1399 ter
1240 1368 1283 1398 de
1310 1367 1430 1409 paucis
1452 1369 1750 1410 adpellationibus
1779 1371 1869 1412 dixi,
1894 1380 1934 1406 ut
1963 1374 2001 1406 in
2028 1375 2149 1409 lectio-

1164 1429 1208 1450 ne
1226 1422 1390 1449 autorum
1414 1416 1620 1461 diligentius
1641 1420 1885 1456 consideretur
1903 1435 2022 1457 earum
2041 1425 2150 1469 signi-

1165 1467 1292 1500 ficatio.

1264 1516 1378 1551 Aiunt
1403 1525 1517 1552 autem
1539 1516 1746 1554 hominibus
1771 1518 1987 1557 hebetiorem
2004 1536 2075 1559 esse
2096 1528 2150 1560 ol-

1163 1568 1313 1609 factum,
1348 1580 1453 1613 quam
1486 1569 1632 1603 canibus
1662 1577 1695 1604 et
1725 1572 1936 1616 quibusdam
1962 1575 2040 1609 aliis
2071 1577 2149 1610 ani-

1164 1618 1361 1660 mantibus,
1386 1619 1470 1664 quia
1493 1621 1676 1655 cerebrum
1696 1619 1827 1658 habent
1843 1624 2017 1668 copiosius
2031 1634 2063 1660 et
2081 1625 2148 1661 hu-

1164 1669 1307 1704 midius.

1354 1783 1458 1825 Quod
1483 1789 1539 1819 est
1565 1796 1745 1832 organum
1770 1785 1958 1832 olfactus?

1267 1856 1399 1891 Verum
1417 1870 1588 1902 organum
1611 1860 1758 1893 olfactus
1775 1868 1856 1895 sunt
1872 1863 1962 1896 duae
1985 1866 2150 1909 propagi-

1165 1919 1226 1942 nes
1249 1919 1267 1940 a
1297 1908 1476 1952 prioribus
1503 1910 1710 1944 ventriculis
1742 1912 1874 1945 cerebri
1899 1914 2147 1950 descendentes

1164 1971 1203 1993 ex
1224 1958 1297 2002 ipsa
1310 1959 1443 1992 cerebri
1459 1960 1654 1994 substantia
1669 1961 1704 1994 in
1722 1973 1761 1994 os
1771 1960 1981 2008 7391110610239,
2009 1977 2146 2009 sparsae

1163 2012 1207 2044 ad
1224 2009 1411 2050 foramina,
1439 2016 1479 2043 ut
1493 2010 1530 2043 in
1546 2011 1781 2055 descriptione
1796 2015 1992 2047 anatomica
2011 2016 2146 2050 dictum

1164 2067 1232 2100 est,
1274 2071 1378 2103 supra
1410 2072 1512 2093 nares
1545 2061 1614 2094 ossi
1637 2062 1764 2095 frontis
1796 2063 1965 2097 insertum
1997 2077 2068 2098 esse
2097 2079 2146 2107 os,

1164 2111 1258 2157 quod
1276 2110 1386 2144 multa
1401 2111 1502 2144 exilia
1519 2112 1692 2146 foramina
1710 2110 1826 2151 habet,
1850 2125 1939 2158 quae
1955 2121 2035 2148 sunt
2051 2128 2146 2150 mea-

1163 2170 1219 2197 tus
1246 2167 1280 2194 et
1303 2161 1394 2194 ae'ris
1412 2168 1444 2195 et
1461 2162 1630 2203 odorum,
1658 2164 1752 2208 quod
1780 2164 1968 2208 antiquitas
1984 2165 2146 2201 nominat

1163 2213 1219 2245 vel
1235 2208 1443 2256 ἠθλιιοειδές,
1470 2212 1505 2244 id
1524 2220 1584 2250 est,
1613 2213 1780 2246 colatorio
1797 2214 1929 2254 simile,
1956 2215 2011 2247 vel
2029 2226 2145 2264 ‹moy-

1162 2259 1318 2311 γοειδές,
1347 2262 1428 2306 quia
1447 2263 1558 2296 multa
1574 2263 1609 2295 in
1627 2275 1667 2296 eo
1682 2263 1854 2296 foramina
1869 2264 2144 2309 conspiciuntur,

1163 2314 1260 2348 velut
1277 2313 1313 2345 in
1337 2313 1491 2356 spongia.

1265 2370 1354 2406 Cum
1387 2371 1494 2414 igitur
1522 2382 1583 2414 per
1607 2368 1691 2403 haec
1719 2370 1890 2405 foramina
1915 2380 2144 2416 penetrarunt

1163 2421 1313 2462 halitus,
1340 2421 1400 2466 qui
1417 2422 1541 2454 odores
1557 2421 1749 2463 perferunt,
1776 2422 1997 2465 arripiuntur
2014 2431 2044 2458 et
2064 2437 2142 2469 per-

1163 2474 1343 2517 cipiuntur
1353 2483 1414 2515 per
1432 2472 1509 2503 illas
1519 2470 1651 2503 cerebri
1667 2472 1887 2516 propagines,
1912 2480 1945 2507 et
1961 2477 2143 2510 transmit-

1162 2531 1287 2560 tuntur
1312 2523 1349 2554 in
1365 2522 1497 2565 priores
1514 2522 1727 2555 ventriculos
1745 2523 1896 2562 cerebri,
1923 2526 2017 2569 quod
2041 2526 2142 2559 honis

1163 2574 1332 2609 odoribus
1355 2571 1430 2604 vult
1455 2576 1580 2604 natura
1602 2573 1755 2606 suaviter
1779 2574 1904 2608 foveri.
1956 2573 2066 2608 Nares
2083 2588 2142 2608 ve-

1162 2637 1202 2659 ro
1229 2624 1275 2657 ita
1300 2621 1456 2656 serviunt
1483 2618 1566 2656 huic
1588 2623 1776 2663 beneficio,
1803 2625 1886 2670 quia
1907 2624 1946 2657 in
1970 2625 2017 2658 eis
2042 2625 2141 2659 colli-

1624 2673 1646 2707 8
