2379 2948
72 121 75 123 a
99 84 174 121 653
712 84 758 120 V.

78 1546 170 1573 sunt
187 1539 340 1582 plantae.

99 168 326 209 Aristoteles,
354 180 433 203 cum
459 170 523 203 ait:
552 170 822 204 Demonstratio
849 177 900 204 est
922 171 1085 216 syllogis-

99 231 177 253 mus
194 219 324 252 faciens
341 220 438 255 scire.
492 220 579 254 Mox
597 221 692 254 enim
710 222 826 262 addit,
853 221 938 265 quid
966 222 1084 254 nomi-

98 277 157 304 net
175 270 374 304 scientiam:
403 270 518 312 Scire,
548 272 682 316 inquit,
709 278 758 304 est
782 283 854 304 rem
879 281 941 315 per
964 283 1084 305 causas

98 333 328 364 cognoscere,
355 333 417 366 per
443 333 528 367 quas
550 333 604 359 res
627 328 695 362 est,
732 327 765 353 et
790 332 999 364 cognoscere
1026 335 1081 356 eas

97 384 170 405 esse
194 370 301 405 huius
321 373 373 405 rei
390 384 528 412 causas,
557 378 590 404 et
608 369 674 404 hoc
693 371 796 405 aliter
810 384 844 404 se
862 369 990 406 hahere
1008 385 1080 406 non

96 434 216 466 posse,
249 424 284 456 id
313 430 381 464 est,
415 433 535 455 causas
560 433 632 454 esse
654 423 933 457 accommodatas
966 432 997 458 et
1025 422 1081 458 bis

96 475 209 507 causis
226 474 366 518 positis,
395 472 588 505 necessario
613 484 687 505 rem
713 473 877 512 existere,
905 481 943 508 ut
968 475 1079 519 posita

96 525 320 568 oppositione
339 523 431 557 Solis
449 529 482 556 et
497 522 621 556 Lunae
647 536 686 556 ex
710 524 902 565 diametro,
932 533 963 559 et
988 534 1078 560 terra

96 575 321 620 interposita,
355 585 493 617 semper
520 574 679 618 sequitur
704 574 841 619 eclipsis
867 576 1010 618 Lunae,
1043 578 1077 610 id

96 633 164 664 est,
192 627 315 659 umbra
335 631 448 657 terrae
466 624 617 658 incurrit
635 625 672 657 in
688 625 839 662 Lunam.

95 712 241 744 Suntne
267 708 603 744 demonstrationes
631 712 672 744 in
698 710 853 756 physica
883 717 920 746 et
949 712 1077 747 ethica

493 760 697 795 doctrina?

196 825 332 860 Multae
357 833 438 861 sunt
461 828 498 860 in
515 826 570 865 liis
592 841 732 874 quoque
750 830 1078 864 demonstrationss.

94 877 181 911 Vult
197 878 292 911 enim
309 877 406 911 Deus
423 885 456 912 et
475 876 602 912 harum
627 880 867 913 doctrinarum
895 881 1078 914 certitudi-

92 941 172 961 nem
189 929 343 973 aliquam
361 941 443 962 esse.
496 928 637 963 Etcum
662 943 715 964 res
740 931 852 975 ipsae,
879 933 921 964 de
951 932 1079 976 quibus

91 977 239 1025 Physica
266 979 423 1021 disserit,
456 992 474 1012 a
499 981 574 1014 Deo
601 982 763 1015 conditae
791 983 882 1023 sint,
918 995 996 1016 cum
1023 995 1078 1016 eas

91 1030 330 1073 agnoscimus,
355 1038 394 1064 ut
409 1037 506 1064 sunt:
536 1032 702 1065 noticiam
723 1040 974 1075 congruentem
1000 1046 1077 1066 cum

91 1081 240 1115 consilio
258 1088 290 1114 et
307 1093 411 1124 opere
427 1081 505 1121 Dei,
532 1095 605 1115 non
623 1083 772 1116 dubium
792 1091 843 1117 est
857 1097 974 1116 veram
995 1096 1077 1125 ess'=‚

89 1139 129 1166 ut
146 1144 224 1165 cum
248 1129 340 1165 hanc
369 1133 648 1176 propositionem
671 1142 846 1167 tenemus:
884 1134 977 1178 Ignis
1006 1136 1076 1169 urit

91 1194 257 1226 corpora,
292 1183 422 1217 noticia
458 1185 620 1227 congruit
650 1197 726 1218 cum
753 1185 878 1218 ordine
906 1186 1077 1221 divinitus

91 1234 265 1268 instituto.

193 1283 300 1326 Quod
326 1290 442 1317 autem
467 1285 614 1318 dicitur:
652 1285 881 1319 Mutabilium
908 1299 980 1320 non
1007 1299 1076 1319 esse

89 1335 408 1369 demonstrationes
442 1346 502 1368 seu
538 1336 740 1376 scientiam,
783 1338 840 1370 sed
872 1338 1076 1371 immutabi-

87 1388 194 1424 lium,
222 1386 257 1418 id
276 1385 496 1428 intelligatur
511 1387 554 1419 de
572 1387 875 1430 propositionibus
895 1389 1077 1422 abstractis

88 1437 300 1481 cogitatione
326 1448 344 1469 a
370 1437 494 1477 rebus»,
521 1444 560 1470 ut
583 1438 743 1481 quamvis
767 1438 881 1472 violae
904 1440 971 1473 cito
997 1452 1076 1483 per-

88 1495 183 1527 eunt,
211 1495 330 1521 tamen
346 1484 412 1520 hae
428 1488 689 1531 propositiones
707 1501 807 1522 verae
823 1497 922 1523 sunt:
953 1490 1077 1523 Violae

394 1537 581 1572 Yiolarum
608 1551 730 1573 succus
752 1541 907 1573 suaviter
932 1542 1076 1584 refrige-

213 1588 256 1622 In
288 1586 380 1622 hanc
413 1590 622 1623 sententiam
649 1597 682 1623 et
706 1589 808 1624 Plato
837 1592 946 1633 dixit,
981 1594 1076 1625 ideas

87 1647 272 1686 perpetuas
297 1651 380 1674 esse.
440 1637 486 1673 Et
512 1640 737 1682 Aristoteles,
786 1643 967 1675 scientiam
1006 1656 1077 1676 esse

87 1691 428 1735 incorruptibilium.
483 1690 579 1723 Idem
596 1698 744 1736 uterque
759 1693 882 1734 sensit,
910 1701 943 1726 ct
960 1694 1076 1739 loqui-

86 1751 145 1778 tur
162 1749 310 1786 uterque
331 1743 374 1775 de
392 1742 716 1785 propositi011ibuS‚
745 1755 893 1788 quarum
911 1752 1075 1788 perpetua

87 1801 139 1828 est
157 1793 305 1831 veritas,
333 1793 406 1826 sive
422 1793 617 1835 singularia
638 1794 709 1827 sint
728 1794 796 1826 iam
815 1794 851 1826 in
877 1803 1076 1839 conspectu,

86 1851 157 1879 sive
173 1856 246 1877 non
264 1844 352 1884 sint,
379 1843 461 1888 quia
480 1851 698 1888 compertum
716 1852 783 1884 est,
809 1857 945 1889 semper
972 1847 1076 1880 talem

87 1908 159 1930 esse
175 1907 295 1929 earum
314 1892 432 1927 rerum
446 1901 622 1935 naturam,
641 1908 718 1929 cum
731 1896 861 1929 suntin
875 1905 1075 1941 conspectu.

86 1597 152 1626 rat.

239 1984 436 2026 Exemplum
460 1984 744 2018 demonstrationis
766 1985 927 2026 physicae.

186 2046 370 2081 Laceratio
394 2058 586 2080 nervorum
604 2059 677 2080 non
697 2054 747 2081 est
765 2048 889 2091 opinio
901 2073 910 2087 ‚
939 2049 1021 2092 quia
1039 2049 1076 2082 fit

86 2099 124 2132 in
141 2105 238 2142 parte
251 2110 324 2131 non
340 2098 514 2141 cogitante
527 2123 536 2137 ‚
565 2105 598 2132 et
622 2105 736 2143 potest
763 2099 838 2131 sine
863 2099 1075 2142 cogitatione

85 2149 178 2190 fieri,
202 2149 313 2189 ferro,
341 2155 403 2183 aut
417 2146 566 2182 humore
589 2150 729 2195 aliquo,
756 2156 795 2184 ut
819 2150 856 2182 in
881 2151 1076 2194 pecudibus

88 2207 120 2235 et
140 2200 276 2245 pueris,

238 2249 422 2284 Cruciatus
439 2261 500 2284 seu
517 2252 620 2285 dolor
635 2251 794 2295 corporis
811 2251 849 2284 fit
862 2251 1075 2286 laceratione

290 2312 481 2333 nervorum
493 2326 502 2340 ,

238 2351 352 2396 Igitur
369 2351 544 2385 cruciatus
560 2363 621 2386 seu
637 2353 742 2386 dolor
761 2353 918 2398 corporis
935 2365 1007 2387 non
1026 2362 1076 2388 est

289 2401 434 2446 opinio,
461 2413 525 2435 nec
548 2402 586 2436 fit
614 2404 802 2447 opinione,
829 2411 868 2438 ut
895 2405 1076 2448 fingebant

289 2452 401 2488 Stoici
408 2480 415 2487 .

225 2543 390 2585 Exempla
414 2542 595 2575 ethicarum
618 2542 938 2578 demonstrationum.

236 2605 337 2639 Finis
362 2605 552 2639 cuiuslibet
573 2612 718 2638 naturae
746 2613 795 2640 est
829 2606 1074 2651 propriissime

288 2657 363 2691 eius
378 2663 526 2691 naturae
542 2656 631 2690 actio
644 2682 653 2698 ‚

811 83 1133 121 EROTEMATA
1161 85 1499 125 DIALECTICES.

2049 94 2123 131 654

1289 171 1462 216 Voluptas
1485 185 1556 207 non
1582 181 1632 208 est
1656 177 1798 221 propria
1828 178 1917 212 actio
1951 177 2119 217 hominis,

1344 224 1402 255 sed
1423 224 1513 257 actio
1532 225 1692 267 virtutis,

1288 271 1370 305 Nou
1388 273 1495 315 igitur
1511 275 1590 308 finis
1611 284 1659 310 est
1676 277 1849 320 voluptas,

1237 320 1290 356 Ex
1309 321 1372 355 hac
1396 325 1695 360 demonstratione
1713 328 1919 362 Aristoteles
1943 336 2033 363 recte
2061 341 2118 362 ex—

1136 374 1242 408 truxit
1261 374 1459 407 doctrinam
1476 373 1624 408 ethicen.

1567 467 1689 495 Aliud.

1284 523 1421 558 Delicta
1438 526 1692 559 contumeliosa
1710 527 1875 561 adversus
1891 529 2020 569 Deum,
2037 529 2119 563 item

1338 576 1517 609 turbantia
1537 577 1668 609 iustum
1686 578 1847 611 ordinem
1864 577 2038 613 humanae
2063 592 2119 613 so—

1337 627 1480 667 cietatis,
1498 625 1720 671 prohibenda
1736 636 1767 663 et
1782 630 1961 673 punienda
1978 637 2071 670 sunt,

1285 675 1528 721 Blasphemia,
1556 678 1710 722 periuria
1723 706 1731 719 ,
1759 680 1956 720 latrocinia,
1984 681 2119 713 adulte-

1343 728 1413 768 ria,
1440 728 1551 769 furta,
1586 736 1669 762 sunt
1694 731 1928 764 contumeliae
1954 731 2119 763 adversus

1337 779 1474 819 Deum,
1504 787 1536 814 et
1553 781 1699 814 turbant
1716 781 1847 815 iustum
1865 781 2026 815 ordinem
2053 779 2121 814 hu-

1341 842 1466 862 manae
1483 830 1676 872 societatis,

1285 878 1428 913 Necesse
1447 888 1496 914 est
1522 881 1647 924 igitur,
1676 888 1709 915 et
1732 879 1915 926 prohiberi
1939 883 2022 916 talia
2048 894 2120 916 sce-

1337 931 1426 972 lera,
1456 938 1488 964 et
1506 944 1581 965 reos
1598 933 1687 968 tolli.

1234 978 1288 1014 Ex
1304 978 1369 1014 hac
1385 983 1686 1017 demonstratione
1702 984 1794 1027 leges
1811 984 1848 1017 in
1864 984 2120 1028 gubernatione

1103 1024 1107 1059 Ι
1134 1031 1275 1075 politica
1293 1039 1522 1074 extruuntur,
1550 1041 1582 1067 et
1608 1042 1645 1068 nt
1669 1035 1706 1067 in
1732 1042 1805 1068 arte
1827 1035 1960 1068 medica
1987 1035 2121 1079 praeci-

1133 1094 1200 1126 pua
1217 1094 1296 1125 pars
1314 1084 1398 1116 artis
1415 1081 1521 1117 habet
1545 1086 1881 1126 demonstrationes,
1909 1086 2038 1120 deinde
2064 1098 2120 1118 ac-

1132 1134 1260 1166 cedunt
1278 1134 1471 1166 sententiae
1494 1142 1650 1178 receptae
1674 1144 1817 1180 propter
1837 1137 2038 1180 probabiles
2063 1148 2120 1168 ra-

1133 1185 1266 1223 tiones,
1294 1184 1340 1217 ita
1368 1185 1478 1218 sciant
1501 1187 1648 1219 studiosi
1673 1187 1710 1219 in
1735 1188 1860 1220 morali
1886 1188 2065 1228 doctrina,
2088 1193 2121 1219 et

1133 1235 1279 1267 eruditis
1297 1247 1334 1267 ac
1347 1248 1418 1268 non
1436 1234 1981 1280 sophisticisiurisconsultorum
1997 1238 2119 1281 dispu-

1132 1285 1345 1325 tationibus,
1374 1287 1507 1330 aliquas
1533 1299 1605 1320 esse
1632 1289 1949 1322 demonstrationes
1974 1289 2012 1321 in
2034 1289 2119 1322 fun-

1132 1337 1305 1369 damentis
1334 1338 1535 1377 doctrinae,
1571 1346 1689 1381 postea
1722 1340 1892 1373 accedunt
1925 1340 2118 1372 sententiae

1131 1393 1288 1430 receptae
1305 1394 1447 1431 propter
1465 1389 1664 1431 probabiles
1685 1390 1850 1423 rationes.
1893 1388 2042 1423 Erudite
2059 1402 2119 1422 au-

1130 1445 1219 1477 tem,
1247 1445 1285 1471 ut
1300 1450 1404 1481 supra
1421 1439 1512 1478 dixi,
1541 1440 1632 1483 leges
1647 1447 1792 1473 naturae
1814 1441 2061 1480 nominantur,
2087 1447 2121 1473 et

1131 1488 1304 1532 principia
1321 1489 1383 1521 illa
1402 1490 1572 1533 practica,
1603 1498 1635 1524 et
1663 1492 2001 1532 demonstrationes,
2030 1503 2118 1536 quae

1131 1552 1170 1572 ex
1189 1539 1237 1572 eis
1253 1541 1444 1573 necessaria
1463 1542 1714 1586 consequentia
1731 1542 1831 1578 fiunt.
1884 1542 1978 1575 Haec
1996 1543 2038 1576 de
2057 1543 2118 1575 de—

1131 1591 1449 1624 monstrationibus
1469 1593 1559 1625 tradi
1578 1593 1664 1625 utile
1683 1600 1745 1633 est,
1763 1600 1796 1627 et
1814 1605 1915 1637 saepe
1930 1594 2119 1637 repetenda

1131 1647 1180 1673 est
1196 1642 1507 1683 commonefactio,
1535 1650 1572 1676 ut
1588 1650 1680 1676 certa
1699 1645 1742 1677 ab
1758 1644 1901 1678 incertis
1925 1646 2118 1688 prudenter

1131 1692 1397 1734 discernantur,
1432 1700 1466 1726 et
1491 1694 1715 1738 acquiescant
1738 1702 1872 1728 mentes
1896 1695 1934 1727 in
1958 1696 2118 1729 doctrina

1131 1749 1222 1776 certa
1241 1749 1272 1775 et
1290 1743 1408 1782 firma,
1434 1754 1497 1777 nec
1517 1752 1641 1788 putent
1659 1745 1792 1788 ingenii
1811 1747 1915 1779 decus
1937 1758 2028 1787 esse,
2057 1758 2118 1790 pe-

1130 1793 1317 1826 tulantiam
1337 1796 1515 1828 evertendi
1534 1807 1632 1828 veras
1648 1796 1851 1834 sententias,
1880 1797 2018 1842 quaein
2036 1808 2117 1841 pra-

1130 1844 1183 1876 vis
1200 1844 1353 1886 ingeniis
1369 1846 1495 1886 existit,
1510 1853 1548 1878 ut
1565 1846 1631 1878 alia
1649 1853 1846 1880 monstrosa
1861 1854 2007 1881 naturae
2023 1848 2119 1882 vitia.

1131 1893 1177 1927 Ut
1195 1901 1311 1927 autem
1329 1907 1434 1939 supra
1452 1897 1525 1928 dixi
1542 1897 1585 1929 de
1601 1897 1781 1938 doctrina,
1808 1910 1896 1942 quae
1922 1905 1972 1932 est
1994 1896 2119 1932 Eccle-

1130 1945 1200 1977 siae
1227 1946 1386 1990 propria,
1419 1947 1465 1979 ita
1496 1959 1618 1980 rursus
1650 1960 1781 1981 moneo
1813 1949 2012 1991 studiosos,
2054 1949 2119 1983 etsi

1129 1996 1219 2028 acies
1238 1994 1415 2029 humanae
1433 1998 1560 2030 mentis
1575 2010 1649 2030 non
1673 1999 1785 2033 cernit
1807 2011 1950 2033 arcanas
1977 2007 2119 2034 senten-

1129 2047 1215 2087 tias,
1241 2047 1278 2079 in
1297 2046 1452 2081 Ecclesia
1471 2061 1555 2082 voce
1575 2049 1640 2082 Dei
1665 2050 1830 2091 traditas,
1857 2058 1897 2085 ut
1921 2052 2033 2085 cernit
2057 2053 2118 2084 de-

1130 2098 1404 2131 monstrationes
1441 2100 1686 2142 geometricas,
1729 2107 1789 2134 aut
1827 2100 2009 2147 physicas,
2058 2110 2118 2135 aut

1129 2145 1280 2187 ethicas,
1308 2156 1427 2183 tamen
1452 2151 1613 2183 assentiri
1631 2151 1707 2185 Deo
1732 2152 1954 2196 patefacienti
1978 2164 2117 2186 necesse

1129 2206 1189 2233 est.
1241 2198 1289 2234 Et
1314 2213 1516 2246 quanquam
1545 2202 1734 2235 difficulter
1767 2203 1989 2246 amplectitur
2017 2215 2117 2236 mens

1131 2248 1285 2284 humana
1303 2253 1494 2285 sententias
1517 2259 1612 2286 extra
1634 2259 1795 2286 nostrum
1814 2260 1952 2298 captum
1973 2254 2117 2297 positas,

1129 2308 1245 2334 tamen
1271 2303 1443 2336 vincenda
1469 2310 1518 2336 est
1552 2303 1712 2336 infirmae
1745 2311 1891 2337 naturae
1928 2305 2118 2338 dubitatio.

1129 2351 1245 2394 Quam
1278 2360 1411 2387 certum
1443 2361 1512 2394 est,
1546 2354 1600 2386 bis
1626 2361 1778 2398 quatuor
1807 2366 1879 2387 esse
1914 2362 2010 2396 octo,
2045 2363 2115 2389 tam

1128 2410 1223 2437 certo
1241 2411 1372 2438 statuas
1389 2404 1502 2438 Deum
1520 2404 1671 2437 iudicem
1698 2416 1771 2437 esse
1794 2406 1930 2447 generis
1956 2404 2117 2445 humani,

1100 2482 1104 2514 ι
1127 2454 1342 2498 puniturum
1362 2456 1511 2489 aeternis
1531 2455 1654 2498 poenis
1672 2461 1936 2490 contemnentes
1953 2455 2118 2501 Evange-

1130 2505 1169 2537 lii
1191 2518 1324 2545 vocem,
1349 2513 1382 2539 et
1397 2507 1561 2539 daturum
1580 2511 1720 2538 aeterna
1739 2507 1894 2550 praemia
1912 2509 2119 2551 confugien-

1101 2593 1103 2599 s
1130 2556 1225 2589 tibus
1250 2558 1293 2590 ad
1313 2555 1447 2589 Filium
1465 2555 1693 2589 mediatorem
1706 2583 1714 2597 ‚
1742 2555 1939 2591 Dominum
1957 2566 2120 2593 nostrum

1131 2605 1246 2640 Iesum
1265 2604 1466 2646 Christum,
1493 2618 1573 2639 vera
1600 2608 1816 2651 poenitentia
1843 2616 1876 2643 et
1899 2610 1977 2643 fide.
2031 2609 2121 2643 Pro-

1133 2657 1253 2691 missio
1274 2657 1471 2700 evangelica
1492 2664 1543 2691 est
1561 2658 1785 2702 universalis,
1806 2659 1844 2693 in
1861 2673 1965 2705 quam
1984 2667 2017 2695 te
2035 2673 2124 2706 quo·
