2399 2974
1075 651 1128 693 ΙΙ.

738 737 980 781 LIBER
1037 739 1133 779 DE
1193 738 1463 783 ANIMA.

101 961 197 1003 Quid
209 965 373 998 continet
388 961 484 997 llaec
504 973 594 1007 pars
608 961 887 1007 philosophiae,
912 967 972 999 cm⁸
988 966 1082 998 titu-

406 1015 465 1048 lus
482 1018 539 1048 est
556 1015 614 1048 De
633 1013 797 1048 Anima?

104 1066 167 1123 Ut
183 1087 226 1120 de
242 1086 360 1120 Aenea
384 1087 544 1121 intuente
570 1088 694 1121 seriem
716 1087 898 1122 Romanae
916 1085 1083 1121 historiae

101 1138 138 1171 in
158 1138 277 1183 clypeo
294 1139 462 1181 sculptam
482 1138 650 1182 Virgilius
667 1139 802 1183 inquit,
830 1137 1000 1176 Miratur,
1028 1149 1083 1170 re-

100 1201 248 1233 rumque
266 1188 407 1232 ignarus
425 1189 576 1231 imagine
593 1190 737 1231 gaudet,
766 1189 811 1222 ita
830 1200 911 1228 nos,
938 1190 999 1222 etsi
1021 1201 1083 1221 nec

100 1237 276 1272 humanae
291 1239 427 1272 animae
443 1240 672 1273 substantiam
691 1240 800 1272 oculis
816 1239 1002 1279 cernimus,
1020 1251 1083 1271 nec

102 1291 280 1321 mirandas
314 1290 468 1322 actiones
503 1291 643 1333 penitus
678 1290 926 1332 intelligimus,
966 1296 1083 1322 tamen

100 1339 253 1382 imagine
271 1339 448 1372 laetemur.
492 1339 569 1373 Etsi
587 1340 681 1372 enim
698 1341 819 1383 procul
835 1347 867 1373 et
885 1351 946 1383 per
963 1340 1082 1381 caligi-

100 1401 181 1422 nem
207 1387 291 1422 haec
318 1389 479 1422 miranda
505 1389 571 1423 Dei
597 1402 701 1433 opera
727 1390 933 1434 aspicimus,
967 1397 1084 1423 tamen

100 1438 184 1473 haec
201 1440 511 1485 quantulacunque
532 1441 703 1484 cognitio,
732 1453 804 1474 non
821 1448 868 1474 est
885 1441 988 1474 fallax
1006 1453 1085 1474 uin-

99 1491 161 1524 bra
175 1518 183 1531 ‚
211 1492 268 1523 sed
292 1503 370 1524 vere
387 1492 538 1525 ostendit
555 1498 587 1525 et
605 1503 676 1524 esse
690 1489 862 1524 humanas
882 1492 1026 1529 animas,
1054 1498 1085 1524 et

101 1541 343 1575 testimonium
362 1553 417 1574 eas
434 1544 476 1575 de
494 1541 568 1575 Deo
587 1543 867 1575 certississimum
886 1555 968 1577 esse.
997 1541 1084 1575 Nam

101 1604 180 1624 cum
199 1604 427 1625 numerorum
448 1593 628 1633 ordinem,
657 1600 690 1626 et
712 1600 845 1636 septum
871 1594 957 1626 illud
976 1600 1085 1626 aeter-

103 1656 186 1675 uum
207 1644 409 1676 discernens
430 1641 573 1677 honesta
599 1651 632 1677 et
655 1643 790 1687 turpia,
820 1652 851 1676 et
867 1645 1026 1677 volucres
1048 1644 1085 1675 in

101 1694 312 1736 cogitatione
341 1700 454 1726 motus
479 1701 511 1728 ct
534 1694 722 1727 memoriae
746 1695 969 1738 capacitatem
1000 1706 1087 1738 pene

102 1745 309 1776 immensam
337 1745 617 1785 consideramus,
652 1745 898 1778 convincimur
922 1753 960 1779 nt
986 1746 1086 1778 fateri

104 1806 286 1836 cogamur,
321 1792 409 1827 lianc
439 1802 597 1827 naturam
622 1808 695 1828 non
720 1796 872 1828 extitisse
899 1808 999 1835 casu,
1028 1797 1086 1828 sed

103 1854 256 1878 mentem
283 1845 386 1876 aliam
417 1843 727 1879 arcliitectatricem
754 1858 791 1878 ac
822 1847 982 1889 opificem
1008 1857 1090 1886 esse,

104 1907 193 1940 quae
210 1895 246 1927 in
264 1892 328 1928 hae
347 1903 523 1940 utcunque
540 1908 637 1928 suam
663 1896 931 1929 similitudinem
950 1907 1089 1940 expres-

103 1947 167 1984 sit,
190 1946 277 1978 sicut
301 1952 332 1977 et
361 1946 551 1990 antiquitas
575 1947 672 1979 dixit.
724 1945 1005 1991 Exemplumque
1023 1945 1089 1978 Dei

104 1997 251 2041 quisque
268 1997 370 2030 estin
391 1998 541 2040 imagine
560 2010 675 2040 parva.
720 1995 766 2029 Et
783 1998 874 2029 inter
893 1997 1090 2042 Sibyllinos

103 2059 223 2080 versus
248 2044 305 2080 hic
329 2048 511 2088 recitatur,
546 2045 653 2081 εἰκών
684 2047 752 2081 ἑσῑ’
777 2046 979 2094 ἄνθρωπος
1011 2046 1090 2092 Eut),

103 2094 215 2144 λόγον
238 2097 357 2141 ὀρθυν
380 2098 526 2142 ἔχουσα.

204 2172 258 2206 Ac
284 2174 465 2217 proposuit
489 2173 592 2206 nobis
620 2174 783 2207 conditor
812 2173 876 2207 boc
908 2185 1014 2218 opus,
1043 2181 1092 2214 ut,

106 2231 275 2268 qnantum
293 2224 366 2257 lieri
385 2231 512 2268 potest,
540 2224 767 2268 aspiciamus,
795 2232 826 2257 et
846 2225 953 2268 ipsius
972 2227 1007 2256 in
1028 2237 1091 2257 no-

105 2274 158 2306 bis
182 2275 323 2317 vestigia
347 2275 635 2319 contemplemur.
687 2274 769 2308 Non
794 2275 901 2318 igitur
926 2273 1009 2308 llaec
1029 2277 1092 2307 do-
1118 2298 1119 2306 1

107 2325 217 2358 ctrina
243 2325 447 2368 negligenda
472 2332 532 2359 est.
587 2324 633 2358 Et
658 2337 736 2369 pars
768 2326 827 2359 illa
853 2338 941 2371 quae
971 2326 1093 2359 recitat
1118 2339 1119 2355 2

107 2386 237 2418 organa
258 2382 290 2408 et
317 2377 516 2420 qualitates,
543 2376 784 2419 alterationes,
813 2377 1033 2417 effectiones‚
1061 2383 1093 2409 et
1118 2377 1120 2408 ἕ

107 2426 256 2458 lesiones
279 2436 510 2467 organorum,
545 2428 663 2460 minus
687 2434 737 2460 est
762 2428 931 2467 obscura,
966 2434 998 2460 et
1018 2439 1093 2459 am-

105 2476 298 2520 plissimam
313 2477 506 2509 doctrinam
526 2475 705 2522 physicam
721 2478 889 2513 continet.
915 2477 983 2510 Hic
999 2479 1093 2510 enirn

106 2527 262 2570 exempla
281 2534 474 2559 cernuntur
491 2529 701 2569 regularum,
724 2541 811 2573 quae
827 2541 932 2572 supra
949 2529 991 2561 de
1008 2540 1093 2573 qua-

107 2577 264 2611 litatibus
281 2583 313 2610 et
330 2589 449 2609 earum
467 2577 709 2611 effectionibus
727 2580 875 2613 traditae
892 2587 984 2612 sunt.
1013 2577 1096 2612 Est-

108 2639 175 2673 que
201 2628 245 2660 ad
271 2628 459 2669 regendam
486 2640 523 2659 ac
556 2629 723 2661 tuendam
746 2630 984 2664 valetudinem
1010 2627 1095 2662 baec

106 2690 187 2723 pars
205 2689 414 2722 magnopere
434 2678 636 2712 necessaria.

1232 960 1370 995 Deinde
1399 960 1633 994 consideratio
1666 968 1913 1006 perpetuarum
1936 963 1972 997 in
2000 961 2115 1001 mente

1131 1012 1362 1052 noticiarum‚
1389 1018 1429 1045 ut
1451 1023 1699 1052 numerorum,
1728 1020 1761 1046 et
1778 1025 1896 1047 earum
1910 1041 1919 1056 ,
1947 1028 2034 1061 qnae
2050 1029 2115 1050 vo·

1132 1071 1255 1097 cantur
1270 1060 1391 1097 κοιναὶ
1407 1059 1556 1103 imolae,
1581 1062 1700 1096 lumen
1717 1069 1767 1097 est
1782 1065 1972 1108 sapientiae
1988 1067 2117 1100 discer-

1132 1115 1248 1148 nentis
1271 1120 1380 1146 certas
1407 1120 1439 1146 et
1463 1113 1612 1146 incertas
1636 1120 1669 1146 et
1698 1114 1863 1157 noticias,
1898 1123 1931 1150 et
1955 1117 2033 1150 fons
2055 1119 2117 1151 de-

1131 1164 1425 1198 monstrationum
1448 1163 1486 1196 in
1502 1163 1668 1197 omnibus
1683 1165 1828 1198 artibus.

1234 1230 1417 1263 Praeterea
1437 1241 1558 1262 causae
1576 1229 1760 1271 virtutum,
1779 1237 1812 1264 et
1830 1231 2034 1266 discrimina
2046 1233 2119 1265 vir-

1132 1287 1247 1314 tutum
1273 1287 1305 1313 et
1320 1279 1491 1313 viciorum
1515 1280 1589 1312 sine
1616 1277 1680 1312 hac
1696 1281 1855 1314 doctrina
1878 1283 2033 1326 conspici
2057 1296 2120 1316 ne-

1134 1343 1308 1377 quaqnam
1327 1335 1484 1374 possunt.
1537 1328 1659 1374 Itaque
1676 1342 1754 1363 cum
1771 1337 1904 1365 ceterae
1920 1339 2010 1366 artes
2028 1334 2121 1366 mul-

1134 1390 1207 1416 tum
1231 1387 1375 1414 sumunt
1393 1381 1436 1413 ab
1454 1377 1520 1413 hac
1541 1380 1700 1413 doctrina
1714 1407 1723 1421 ‚
1750 1388 1823 1415 tum
1842 1393 1925 1415 vero
1950 1389 2020 1416 tota
2040 1381 2122 1427 phi-

1135 1429 1294 1476 losophia
1318 1431 1461 1464 moralis
1486 1431 1581 1463 velut
1607 1443 1646 1462 ex
1671 1428 1734 1464 hac
1761 1432 1972 1475 scaturigine
1991 1441 2121 1467 manat.

1136 1483 1226 1516 Vera
1251 1489 1300 1515 est
1323 1482 1431 1525 igitur
1454 1482 1528 1514 laus
1548 1479 1653 1514 huius
1672 1482 1852 1515 doctrinae
1871 1484 1964 1526 apud
1982 1482 2123 1517 Aristo-

1136 1534 1257 1573 telem,
1285 1533 1346 1577 qui
1373 1533 1409 1564 in
1434 1532 1650 1576 praefatione
1677 1532 1760 1564 libri
1778 1533 1820 1565 de
1837 1532 1969 1566 Anima
1988 1534 2121 1578 inquit:

1135 1582 1237 1618 δοκεῖ
1259 1580 1298 1617 δὲ
1325 1581 1415 1628 πρὸς
1438 1579 1616 1627 ἀλήθειαν
1639 1580 1789 1616 ἅπασαν
1811 1581 1832 1628 ἡ
1853 1586 1991 1631 γνῶσις
2013 1583 2125 1629 αὐτῆς

1135 1631 1278 1682 μεγάλα
1314 1629 1610 1678 συλιιβάλλεσθαι.
1663 1632 1733 1666 Nec
1768 1646 1850 1667 vero
1886 1635 2033 1668 dubium
2065 1642 2127 1673 est.

1137 1686 1305 1730 plurimas
1322 1685 1490 1718 utilitates
1512 1695 1584 1716 esse
1604 1681 1710 1716 huius
1728 1685 1909 1718 doctrinae
1928 1685 1966 1717 in
1984 1692 2055 1719 tota
2074 1686 2127 1729 vi-v

1137 1744 1188 1777 ta,
1217 1743 1249 1769 et
1266 1736 1302 1768 in
1318 1735 1483 1768 omnibus
1499 1734 1645 1768 artibus.

1240 1801 1356 1844 Quam
1375 1813 1457 1834 vero
1476 1799 1588 1832 dulcis
1603 1806 1636 1833 et
1661 1800 1814 1834 iucunda
1833 1801 1880 1835 sit
1903 1799 1989 1836 haec
2008 1805 2130 1847 cogni-

1140 1854 1186 1886 tio
1212 1851 1449 1885 mediocribus
1475 1850 1628 1890 naturis,
1655 1850 1748 1884 inter
1772 1851 1980 1886 discendum
2006 1866 2130 1888 omnes

1140 1903 1349 1947 experimur.
1378 1901 1477 1934 Talis
1493 1909 1543 1934 est
1560 1898 1748 1933 hominum
1766 1909 1903 1944 natura,
1923 1911 1962 1938 ut
1978 1905 2129 1948 aspectio

1115 1965 1117 1982 τ
1140 1966 1257 1987 rerum
1278 1950 1507 1996 pulchrarum
1531 1963 1592 1994 per
1614 1962 1685 1984 sese
1703 1952 1870 1994 delectet,
1899 1965 1938 1987 ut
1957 1955 2054 1989 iuvat
2076 1956 2131 1987 in-

1141 2005 1232 2038 tueri
1251 2002 1382 2036 sor-mas
1408 2000 1644 2035 humanorum
1664 2014 1850 2046 corporum
1865 2030 1873 2044 ‚
1902 2017 2051 2049 quarum
2075 2018 2131 2038 re-

1143 2063 1194 2089 cta
1219 2061 1268 2088 est
1293 2053 1516 2099 symmetria,
1544 2059 1577 2086 et
1601 2053 1716 2085 bonus
1733 2053 1851 2094 color,
1879 2055 1976 2089 iuvat
2000 2056 2132 2089 intueri

1117 2137 1118 2140 ,
1143 2106 1278 2145 stellas,
1306 2105 1420 2143 flores,
1446 2101 1585 2142 herbas,
1613 2114 1777 2146 gemmas,
1806 2105 1961 2138 aedificia
1980 2113 2053 2138 arte
2073 2118 2131 2138 ex-

1142 2163 1267 2195 tructa,
1295 2156 1458 2199 picturas,
1487 2160 1520 2187 et
1543 2153 1610 2186 alia
1628 2154 1799 2186 concinna
1819 2167 1934 2198 opera.
1978 2155 2050 2189 Cur
2067 2157 2134 2199 igi-

1143 2215 1201 2241 tnr
1217 2219 1290 2238 non
1308 2206 1351 2238 sit
1368 2204 1559 2248 voluptati,
1587 2204 1767 2237 mirandas
1785 2205 1938 2237 actiones
1957 2205 1994 2238 in
2016 2204 2133 2238 horni-

1144 2270 1203 2297 ne,
1231 2264 1263 2290 et
1289 2256 1450 2289 ordinem
1482 2255 1520 2287 in
1547 2254 1693 2297 singulis
1718 2255 1875 2297 partibus
1900 2256 2134 2296 considerare,

1143 2308 1347 2353 praesertim
1367 2318 1445 2338 cnm
1464 2313 1496 2339 et
1517 2302 1602 2338 haec
1624 2305 1856 2338 consideratio
1876 2306 1966 2340 vitae
1984 2307 2136 2339 utilissi-

1144 2371 1198 2392 ma
1218 2358 1312 2391 sitin
1332 2357 1461 2391 tuenda
1479 2355 1693 2394 valetudine,
1713 2355 1749 2386 in
1767 2357 2006 2397 gubernandis
2025 2359 2135 2390 mori-

1144 2411 1228 2449 bus,
1257 2416 1289 2441 et
1312 2409 1349 2440 in
1375 2407 1533 2446 artibus,
1559 2412 1592 2439 et
1617 2405 1738 2438 multis
1761 2405 1839 2438 aliis
1863 2407 2016 2451 negociis
2041 2408 2135 2441 iudi-

1145 2460 1288 2494 candis?
1340 2456 1386 2491 Et
1404 2463 1506 2499 anget
1521 2456 1737 2499 voluptatem
1755 2456 1900 2490 utilitas.

1249 2526 1431 2559 Praeterea
1454 2523 1492 2555 in
1509 2520 1665 2556 Ecclesia
1690 2534 1913 2568 nequaquam
1932 2536 2048 2558 carere
2074 2524 2136 2558 hac

1145 2578 1304 2611 doctrina
1325 2584 1519 2619 possumus,
1569 2572 1688 2615 Quare
1705 2579 1738 2606 et
1757 2572 1952 2617 Gregorius
1969 2575 2138 2608 Nissenus

1146 2628 1268 2661 Basilii
1287 2628 1394 2658 frater
1410 2624 1541 2657 librum
1562 2624 1606 2656 de
1621 2623 1750 2656 Anima
1768 2625 1917 2668 scripsit,
1943 2626 2004 2670 qui
2022 2623 2138 2659 adhuc

1148 2685 1253 2715 extat,
1285 2676 1320 2708 in
1342 2687 1411 2720 quo
1430 2681 1552 2708 nostro
1576 2686 1673 2708 more
1694 2675 1868 2718 potentias
1893 2676 2078 2719 discernit,
2106 2686 2138 2710 et

1449 2727 1466 2758 1
1483 2722 1503 2740 ἥ(-
