2379 2948
191 101 262 138 251

194 193 259 220 test
273 190 388 217 autem
405 181 506 215 Luna
524 181 566 213 ab
584 178 763 222 Ecliptica,
773 176 958 209 abscedere
983 175 1172 209 intervallo

194 236 351 282 quinque
369 233 558 276 graduum,
584 236 741 271 utsupra
766 227 938 268 diximus,
972 227 1068 271 quod
1094 237 1173 270 spa-

194 287 286 321 cium
307 286 343 317 in
361 281 504 327 sphaera
520 280 640 313 Lunae
655 278 788 312 excedit
805 278 1062 321 longitudinem
1080 277 1102 311 4
1122 288 1175 310 se-

194 337 495 370 midiametrornm
514 338 644 371 terrae,
673 326 740 362 hoc
763 336 829 369 est,
857 328 1023 361 milliaria
1040 339 1177 371 germa-

194 388 273 422 nica
291 383 400 420 5440.
452 380 539 414 Cum
557 386 672 413 autem
690 380 835 412 umbrae
857 386 973 412 tumor
990 390 1062 411 non
1085 378 1177 410 ultra

195 437 243 472 47
269 436 403 468 minuta
428 430 533 463 unius
557 431 686 473 gradus
711 437 804 463 extra
823 428 1030 473 Eclipticam
1056 439 1177 472 proce-

194 489 264 525 dat,
290 483 389 517 facile
407 480 556 524 intelligi
573 487 694 524 potest,
720 481 838 513 lunam
856 480 1042 513 intervallo
1060 478 1082 512 4
1100 489 1179 521 gra-

194 538 303 570 duum
323 539 355 566 et
369 531 574 577 quadrantis
591 532 662 563 sere
684 531 870 564 distantem
895 531 938 564 ab
963 530 1088 563 umbra
1114 528 1179 561 ali—

194 585 354 632 quando,
382 582 571 626 praeterire
595 593 705 625 posse.
761 580 862 614 Unde
884 581 938 619 fit,
964 587 1002 613 ut
1026 586 1096 613 tarn
1121 590 1178 611 ra-

194 648 252 670 rae
268 635 339 668 sint
358 633 502 677 eclipses
520 632 654 672 Lunae,
681 644 759 664 cnm
779 638 895 664 tamen
914 630 1061 673 singulis
1079 640 1178 661 men-

194 687 290 720 sibus
307 684 413 717 semel
429 689 627 727 opponatur
643 682 735 722 Soli,
763 682 844 726 quia
870 694 947 714 raro
974 687 1042 713 tam
1069 691 1180 722 prope
1205 690 1206 694 ¹

195 736 328 771 accedit
351 735 395 767 ad
420 731 656 777 Eclipticam,
689 739 727 766 ut
754 740 911 776 tempore
947 730 1181 775 oppositionis

194 787 356 822 umbram
376 784 533 827 attingat.

299 836 405 879 Quod
421 834 449 867 si
468 834 616 867 latitudo
636 833 757 866 Lunae
776 839 870 866 tanta
890 839 957 872 est,
985 837 1114 877 quanta
1133 836 1182 864 est

196 887 454 923 semidiameter
477 885 621 917 umbrae
649 884 685 916 in
711 884 787 916 loco
813 883 999 922 transitus,
1025 882 1076 914 ibi
1100 881 1182 925 quia

198 944 356 973 centrum
369 936 491 969 Lunae
502 942 689 968 extremam
707 934 923 976 superficiem
942 933 1021 966 coni
1033 932 1183 974 stringit,

196 999 334 1022 necesse
352 993 401 1019 est
414 986 603 1019 dimidium
622 995 747 1028 corpus
756 983 878 1017 Lunae
889 984 1093 1016 immersum
1105 994 1183 1015 um-

196 1041 280 1073 brae
297 1036 490 1071 obscurari.

299 1087 438 1122 Rursus
452 1086 481 1119 si
500 1085 649 1118 latitudo
665 1082 789 1117 Lunae
806 1090 905 1116 tanto
923 1089 972 1116 est
992 1082 1110 1115 minor
1131 1093 1185 1114 se-

197 1139 421 1173 midiametro
449 1136 612 1173 umbrae,
646 1141 775 1179 quanta
802 1141 852 1167 est
868 1133 991 1166 Lunae
1013 1142 1185 1177 apparens
1212 1158 1213 1162 ,

198 1188 474 1225 semidiameter‚
508 1192 579 1219 tota
609 1186 750 1230 quidem
773 1184 877 1217 Luna
901 1184 993 1217 intra
1025 1184 1185 1216 umbram

198 1239 365 1277 incurrit,
392 1238 449 1270 sed
467 1236 542 1269 sine
561 1248 658 1269 mora
676 1236 758 1268 ilico
776 1246 896 1268 rursus
924 1246 963 1267 ex
983 1235 1109 1267 umbra
1132 1234 1187 1266 in-

199 1290 284 1335 cipit
299 1299 483 1330 emergere.

302 1338 408 1380 Quod
432 1338 460 1368 si
487 1333 602 1368 adhuc
627 1335 800 1367 minorem
827 1332 934 1369 habet
964 1335 1187 1368 latitudinem

199 1391 321 1428 Luna,
349 1384 557 1431 aliquandiu
575 1384 759 1416 obscurata
778 1383 815 1415 in
845 1384 968 1415 umbra
993 1394 1189 1415 commora-

200 1449 277 1479 tur,
304 1439 409 1482 idque
427 1435 586 1468 omnium
602 1434 817 1477 longissime,
845 1434 989 1477 quando
1008 1439 1188 1476 utrunque

201 1489 376 1525 luminare
409 1487 446 1519 in
479 1485 618 1518 dnobus
651 1484 755 1517 nodis
790 1483 960 1527 oppositis
991 1490 1040 1516 est
1071 1483 1189 1517 situm.

203 1541 307 1574 Tunc
332 1538 423 1571 enim
443 1542 603 1569 centrum
627 1534 784 1577 corporis
807 1534 960 1574 lunaris,
994 1545 1092 1565 axem
1110 1533 1190 1565 coni
1216 1545 1217 1548 ¹

201 1592 347 1625 umbrae
364 1587 521 1629 attingit,
549 1591 581 1617 et
598 1593 680 1619 sunt
697 1585 733 1617 in
751 1596 822 1617 una
847 1591 937 1617 recta
963 1584 1057 1616 linea
1081 1583 1189 1617 trium

203 1651 391 1685 corporum
411 1644 546 1674 centra,
575 1635 686 1676 Solis,
715 1634 845 1667 Terrae
865 1641 896 1666 et
912 1634 1046 1668 Lunae.

202 1743 268 1775 bus
293 1739 515 1777 hominibus,
550 1736 678 1781 quibus
702 1735 802 1768 Luna
835 1746 938 1779 supra
971 1733 1190 1768 horizontem

202 1791 339 1826 sublata
367 1789 451 1829 fuit,
484 1785 551 1820 hoc
574 1793 641 1827 est,
677 1786 737 1830 qni
762 1783 925 1819 habitant
948 1785 985 1818 in
1009 1786 1069 1818 illa
1094 1791 1191 1829 parte
1217 1808 1218 1819 1

204 1842 301 1885 globi
319 1839 470 1876 terreni,
498 1849 586 1882 quae
603 1837 711 1870 radiis
727 1836 830 1876 Solis,
858 1837 949 1869 infra
969 1834 1191 1869 horizontem
1217 1863 1218 1874 ἢ

206 1891 398 1930 currentis,
425 1900 497 1921 non
517 1888 731 1927 illustratur,
758 1899 845 1931 quae
869 1887 1050 1932 aliquanto
1074 1887 1192 1919 minor
1217 1896 1219 1906 ‘=

207 1949 257 1976 est
284 1937 555 1983 hemisphaerio.
614 1936 673 1969 Illi
704 1937 798 1969 enim
831 1949 970 1976 omnes,
1007 1937 1069 1982 qui
1100 1937 1192 1970 intra

207 1993 370 2026 umbram
402 1997 513 2023 terrae
546 1988 824 2024 concluduntur,
858 1989 979 2020 eodem
1013 1994 1191 2020 momento
1218 1999 1220 2010 =

206 2043 327 2077 Lunae
344 2042 381 2073 in
397 2040 556 2073 umbram
581 2037 794 2070 incurrentis
816 2037 987 2080 fulgorem
1012 2038 1193 2071 obscurari

207 2142 355 2176 versales
373 2140 449 2174 fieri
466 2140 651 2179 dicuntur,
677 2138 814 2183 quoties
830 2145 900 2171 tota
917 2138 1018 2171 Luna
1035 2139 1194 2182 privatur

208 2193 342 2227 lumine
355 2219 364 2231 ,
392 2191 486 2236 quod
505 2190 625 2222 eadem
645 2189 782 2232 eclipsis
798 2188 1034 2232 conspiciatur
1051 2190 1096 2222 ab
1112 2191 1195 2222 uni-

212 2294 390 2331 incolunt,
416 2292 511 2336 quod
527 2290 637 2323 radiis
653 2289 745 2324 Solis
763 2301 835 2322 non
862 2289 1067 2323 illustratur.

214 2444 314 2476 bram
337 2443 501 2475 immersa
528 2449 594 2475 est:
630 2448 747 2474 tamen
774 2441 835 2486 qui
864 2441 901 2473 in
930 2443 1053 2475 eodem
1082 2440 1196 2475 hemi-

214 2544 316 2576 illum
334 2542 507 2575 desectum
527 2541 648 2574 Lunae
667 2543 799 2584 vident,
816 2554 920 2588 quam
939 2543 1011 2582 alii,
1039 2543 1099 2588 qui
1119 2555 1197 2576 ver—

420 93 629 132 SCRIPTA
656 93 731 128 PH.
758 90 872 126 MEL.
900 88 967 124 AD
992 88 1119 125 HIST.
1147 88 1291 127 PROF.
1315 88 1382 125 ET
1409 87 1600 127 PHILOS.
1633 87 1952 128 SPECTANTIA.

2130 92 2204 129 252

1227 183 1362 220 tempus
1386 175 1578 209 deficientis
1600 174 1723 209 Lunae
1747 184 1952 218 numerant,
1986 190 2090 224 quam
2115 179 2206 212 occi-

1229 227 1402 268 dentatas,
1428 227 1558 271 quibus
1579 233 1716 271 tempus
1738 228 1938 271 apparentis
1957 229 2095 273 eclipsis
2110 229 2208 262 vide-

1229 285 1286 311 tur
1303 284 1335 310 et
1353 285 1402 311 est
1425 277 1658 322 propinquius
1683 277 1787 310 initio
1814 278 1935 313 noctis.
1989 279 2037 313 Ut
2058 280 2208 324 eclipsis,

1229 339 1317 373 quae
1344 327 1381 360 in
1399 327 1541 373 Assyria
1565 328 1608 361 ab
1624 325 1818 361 Alexandri
1836 328 1987 361 exercitu
2017 331 2058 362 ad
2080 328 2211 363 Arbela

1230 379 1302 411 visa
1329 384 1378 411 est
1402 378 1516 411 noctis
1547 375 1634 411 hora
1658 380 1827 419 secunda,
1857 378 1893 411 in
1919 377 2040 412 Sicilia
2065 380 2137 412 visa
2160 387 2210 413 est

1229 429 1295 462 sub
1312 428 1453 461 initium
1473 429 1594 463 noctis.

1334 493 1450 527 Huius
1474 495 1686 528 diversitatis
1716 507 1817 528 causa
1849 502 1917 534 est,
1953 496 2046 540 quod
2071 503 2214 540 propter

1231 551 1404 577 tumorem
1425 551 1548 583 terrae,
1565 545 1796 579 orientalibus
1813 544 2017 579 hominibus
2034 545 2095 579 Sol
2113 546 2215 580 citius

1232 595 1349 628 oriens
1368 595 1459 627 diem
1485 596 1607 636 efficit,
1635 603 1667 629 et
1691 597 1850 629 occidens
1874 597 1976 630 citius
1999 603 2135 629 noctem
2152 598 2215 629 ad-

1232 646 1311 685 sert,
1340 656 1444 689 quarn
1461 646 1515 685 iis,
1538 647 1599 690 qui
1616 647 1657 678 ad
1676 646 1892 680 occidentem
1911 645 2083 682 habitant,
2121 646 2215 692 Quia

1234 696 1341 738 igitur
1354 695 1541 728 orientales
1557 696 1658 729 citius
1673 703 1811 729 noctem
1831 695 1978 737 habent,
2003 698 2061 738 fit,
2088 705 2128 731 ut
2144 697 2215 730 illis

1234 754 1369 790 tempus
1387 746 1525 790 eclipsis
1544 746 1653 786 visae,
1677 746 1816 790 longius
1839 748 1881 780 ab
1906 748 2008 781 initio
2032 749 2143 781 noctis
2160 748 2215 781 di-

1235 803 1317 837 stet,
1351 809 1455 842 quam
1481 797 1774 838 occidentalibus,
1811 798 1940 842 quibus
1965 798 2027 832 Sol
2053 799 2217 832 occubuit

1235 858 1357 882 seriuS.

1338 914 1384 948 Et
1407 913 1491 948 hacc
1515 916 1588 960 ipsa
1612 916 1796 949 diversitas
1821 915 1987 960 temporis
2016 922 2220 960 conspectae

1237 966 1375 1009 eclipsis
1402 974 1606 1008 argumento
1626 974 1692 1007 est,
1720 974 1847 1000 terram
1872 966 1967 1009 globi
1986 966 2130 1009 figuram
2157 963 2220 999 ha-

1237 1017 1319 1049 bere
1336 1016 1373 1048 in
1391 1016 1669 1059 longitudinem,
1697 1024 1736 1050 ut
1753 1029 1856 1061 supra
1878 1018 2009 1050 dictum
2027 1023 2086 1049 est.
2124 1015 2220 1050 Haec

1238 1068 1280 1099 de
1297 1066 1418 1099 Lunae
1435 1067 1621 1111 eclipsibus
1636 1068 1727 1101 dicta
1744 1065 1809 1100 hoc
1829 1069 1902 1100 loco
1920 1067 2104 1100 sufficiant.
2130 1066 2219 1100 Nam

1239 1129 1327 1162 quae
1342 1116 1519 1161 pertinent
1534 1119 1577 1151 ad
1595 1118 1899 1161 investigationem
1916 1125 2124 1161 temporum,
2142 1117 2221 1162 qui-

1240 1169 1304 1201 bus
1325 1168 1415 1201 fiunt
1438 1174 1471 1201 et
1493 1169 1624 1202 durant
1646 1169 1910 1202 obscurationes
1933 1168 2073 1206 Lunae,
2101 1179 2138 1200 ea
2161 1179 2221 1211 pe-

1241 1218 1344 1252 tenda
1361 1225 1442 1252 sunt
1459 1230 1499 1251 ex
1516 1219 1644 1252 tabulis
1662 1219 1834 1252 artificum
1846 1243 1854 1256 ‚
1883 1218 1943 1263 qui
1961 1218 2132 1251 rationem
2150 1230 2224 1250 cer·-

1240 1276 1311 1302 tam
1327 1275 1361 1302 et
1377 1269 1572 1312 expeditam
1590 1269 1797 1302 inveniendi
1816 1269 1875 1301 illa
1894 1281 1955 1311 per
1970 1280 2135 1301 numeros
2152 1275 2224 1301 tra—

1241 1320 1349 1357 dunt,
1377 1331 1481 1363 quam
1501 1327 1540 1353 ut
1566 1324 1776 1360 cognoscant
1798 1328 1938 1357 omnes,
1966 1317 2025 1361 qui
2042 1315 2224 1351 Arithme-

1242 1369 1334 1399 ticon
1359 1369 1582 1400 mediocriter
1605 1367 1825 1407 didicerunt,
1852 1367 2007 1401 studiose
2027 1379 2085 1400 eos
2104 1366 2224 1402 horta-

1243 1428 1333 1449 mur.
1383 1416 1470 1449 Nam
1488 1424 1519 1450 et
1536 1425 1650 1450 motus
1669 1418 1761 1461 ipsos
1780 1418 2027 1458 luminarium,
2053 1430 2092 1450 ac
2108 1430 2225 1451 causas

1243 1466 1424 1510 eclipsium
1451 1468 1636 1510 perfectius
1660 1475 1889 1510 cognoscent,
1924 1480 2003 1501 cum
2032 1469 2224 1512 praeceptis

1243 1518 1286 1550 de
1307 1523 1466 1550 motuum
1491 1518 1658 1551 varietate
1684 1518 1839 1562 exempla
1870 1531 1909 1550 ex
1936 1519 2065 1551 tabulis
2097 1519 2225 1553 adiun-

1244 1574 1340 1610 gent:
1369 1574 1402 1600 et
1421 1567 1591 1611 incipient
1608 1570 1716 1612 magis
1733 1580 1849 1601 amare
1865 1566 1927 1601 has
1942 1576 2044 1609 artes,
2072 1581 2150 1602 cum
2168 1582 2226 1603 ex-

1216 1657 1217 1663 *
1244 1618 1425 1662 perientur
1441 1631 1558 1651 earum
1576 1626 1706 1652 tantam
1725 1619 1969 1652 certitudinem
1984 1630 2066 1660 esse,
2094 1626 2133 1653 ut
2151 1627 2227 1663 post

303 1688 513 1722 HaeLunae
532 1686 796 1719 obscurationes
814 1683 1190 1717 cernunturabomni—
1216 1678 1217 1706 ἶ
1243 1669 1353 1701 muna
1386 1669 1500 1701 secum
1532 1670 1671 1703 summe
1711 1671 1853 1713 e⁰l¹Pse⁵
1888 1670 2041 1713 praedlei
2071 1671 2226 1714 POSSint²

1216 1719 1357 1763 *iisque
1393 1719 1692 1762 praedictionibus
1725 1727 1882 1763 tempora
1917 1721 2114 1753 defectuum
2150 1727 2228 1764 apte

1245 1780 1447 1810 congruere.
1502 1768 1597 1802 Haec
1624 1771 1796 1804 certitudo
1823 1771 1980 1813 profecto
2005 1771 2148 1804 evidens
2177 1779 2228 1805 est

1245 1820 1483 1853 testimonium
1511 1820 1652 1854 divinae
1679 1821 1941 1866 providentiae,
1971 1827 2009 1853 ut
2045 1821 2230 1866 aliquoties

1245 1871 1313 1904 iam
1332 1871 1546 1905 monuimus.

1348 1936 1416 1971 Sed
1435 1949 1586 1981 propero
1603 1934 1642 1969 ad
1662 1936 1804 1981 eclipses
1820 1937 1962 1977 solares,
1981 1949 2128 1982 quarum
2147 1950 2228 1972 cau-

1246 2000 1299 2021 sas
1321 1995 1508 2032 antequam
1528 1999 1682 2031 expono,
1713 1985 1778 2020 hoc
1804 1988 1900 2031 prius
1925 1985 1981 2021 hic
2001 1988 2151 2021 adiicere
2167 2001 2230 2023 vo-

1219 2073 1220 2081 ,
1247 2039 1316 2079 lui,
1355 2050 1433 2071 cum
1469 2039 1664 2071 crebriores
1699 2039 1904 2082 contingant
1930 2038 2051 2071 Lunae
2077 2039 2230 2074 defectus

207 2092 376 2126 sentiunt.
419 2089 498 2132 Qua
515 2090 558 2122 de
573 2099 674 2121 causa
694 2088 836 2131 eclipses
853 2087 975 2120 Lunae
993 2088 1095 2121 etiam
1111 2089 1194 2121 nni·
1219 2086 1220 2089 ¹

1249 2102 1352 2135 quam
1371 2089 1476 2129 Solis,
1505 2090 1728 2122 observatum
1745 2101 1828 2129 esse,
1846 2101 1967 2122 eorum
1985 2100 2057 2122 non
2074 2100 2146 2123 esse
2163 2090 2229 2124 fixa

1220 2181 1221 2187 ἵ
1248 2153 1286 2173 ac
1304 2146 1395 2173 certa
1420 2140 1495 2173 loca
1521 2140 1557 2172 in
1574 2138 1756 2183 Ecliptica,
1783 2140 1841 2172 sed
1861 2139 2003 2183 eclipses
2021 2141 2229 2184 posteriores

1220 2226 1221 2229 ,
1248 2203 1384 2235 semper
1407 2190 1491 2223 citra
1516 2190 1611 2230 fieri,
1645 2202 1749 2235 quam
1775 2190 1928 2233 priores,
1961 2188 2027 2223 hoc
2051 2198 2120 2229 est,
2154 2191 2228 2225 loca

211 2244 319 2277 versis
336 2240 551 2280 hominibus,
578 2239 639 2284 qui
661 2240 749 2272 illud
767 2245 879 2272 terrae
897 2237 1194 2284 hemisphaerium
1220 2238 1222 2249 ³
1249 2242 1406 2285 ecliptica
1423 2242 1552 2274 variari
1565 2248 1598 2274 et
1616 2241 1802 2284 procedere
1825 2241 1873 2278 εἰς
1887 2238 1932 2273 τὰ
1959 2239 2230 2289 προηγούμενα,

1220 2293 1222 2338 2
1248 2290 1314 2325 hoc
1340 2299 1408 2335 est,
1444 2299 1565 2325 contra
1593 2291 1772 2334 signorum
1799 2291 1979 2331 ordinem,
2012 2292 2049 2324 id
2072 2293 2166 2336 quod
2189 2305 2229 2326 ex

311 2342 388 2377 Etsi
408 2349 523 2375 autem
547 2341 687 2381 eodem,
713 2346 753 2373 ut
777 2340 868 2380 dixi,
895 2342 995 2385 quasi
1017 2348 1194 2375 momento
1221 2344 1222 2350 ¹

211 2394 248 2427 fit
258 2393 378 2426 Lunae
397 2391 606 2432 obscuratio,
632 2391 774 2436 quando
792 2390 955 2424 videlicet
973 2398 1045 2425 tota
1062 2391 1099 2424 in
1116 2404 1196 2425 um-
1221 2394 1222 2398 ¹

1249 2343 1438 2386 eclipsibus
1461 2342 1600 2381 Lunae,
1641 2353 1729 2386 quae
1752 2342 1843 2375 visae
1876 2349 1958 2376 sunt
1980 2353 2073 2375 anno
2097 2339 2231 2377 Christi

1252 2390 1366 2433 1544,
1391 2392 1626 2425 animadverti
1651 2393 1777 2436 potuit.
1829 2391 1918 2426 Nam
1944 2404 2021 2425 cum
2044 2391 2078 2426 9.
2094 2393 2150 2426 die
2176 2392 2231 2427 Ia-

1221 2476 1222 2490 }
1250 2443 1367 2476 nuarii
1386 2442 1486 2476 Luna
1506 2454 1649 2476 currens
1669 2455 1730 2486 per
1746 2443 1875 2487 primas
1892 2449 2005 2486 partes
2021 2442 2151 2477 Leonis
2169 2444 2230 2477 de-

214 2490 377 2537 sphaerio
399 2499 511 2524 terrae
536 2489 697 2526 habitant
724 2492 895 2526 orientem
918 2504 1057 2531 versus,
1086 2493 1196 2526 serius
1221 2497 1222 2501 ¹

1249 2494 1384 2527 fecisset
1403 2493 1438 2526 in
1463 2494 1576 2534 nodo,
1603 2494 1664 2538 qui
1685 2489 1970 2538 καταβιβάζων,
1998 2494 2102 2537 vulgo
2121 2494 2230 2528 cauda

1221 2581 1223 2586 A
1249 2543 1420 2578 Draconis
1437 2544 1584 2585 dicitur,
1607 2555 1727 2578 rursus
1745 2545 1805 2578 28.
1821 2543 1878 2576 die
1895 2542 2099 2577 Decembris
2113 2544 2151 2577 in
2171 2556 2230 2578 eo-

214 2604 272 2627 sus
299 2603 458 2626 occasum
480 2589 659 2632 habitant,
685 2590 752 2626 hoc
777 2600 844 2634 est,
867 2594 1054 2627 orientales
1080 2591 1196 2627 homi·
1250 2597 1328 2629 dem
1344 2596 1438 2629 nodo
1457 2594 1533 2628 Soli
1549 2595 1718 2640 opposita,
1746 2596 1927 2628 obscurata
1943 2601 2002 2635 est,
2029 2595 2087 2628 sed
2105 2595 2231 2629 nonin

214 2655 275 2678 nes
300 2644 417 2688 plures
437 2639 541 2675 horas
566 2642 680 2676 noctis
703 2644 747 2676 ab
764 2655 888 2678 occasu
906 2643 999 2678 Solis
1025 2655 1136 2690 nsque
1153 2645 1196 2678 ad
1222 2642 1223 2653 ¹
1251 2647 1375 2680 eodem
1393 2646 1492 2689 signo
1511 2646 1658 2687 Leonis,
1684 2656 1796 2689 neque
1818 2645 1854 2678 in
1880 2651 2046 2690 sequente
2061 2643 2234 2689 Virginis,
