2379 2948
247 77 341 113 1015

243 161 310 206 κήν
329 158 497 207 λατρείαν
507 158 610 194 Rom.
628 159 683 193 12.
697 158 731 190 id
748 164 807 195 est,
831 157 964 190 cultum
981 157 1041 202 qui
1058 169 1130 190 non
1149 164 1228 190 tan—

246 220 319 246 tuin
350 213 393 246 sit
426 218 586 245 externus
615 216 740 252 gestus.
794 206 864 241 Sed
901 208 938 240 in
966 220 1036 252 quo
1066 208 1228 251 cogitatio

248 275 327 296 vere
346 264 523 296 intueatur
538 268 571 294 et
588 260 785 293 sentiantur
803 259 840 291 in
864 259 968 292 corde
986 259 1092 292 timor
1108 259 1172 292 Dei
1199 264 1231 291 et

248 315 331 347 tides
350 313 568 357 acquiescens
586 311 622 343 in
639 310 726 345 Deo.
779 307 926 343 Externi
943 316 1058 353 gestus
1080 310 1154 342 sine
1173 322 1231 342 co-

248 364 414 407 gitatione
431 363 616 402 interiore,
646 361 722 395 sine
741 361 866 394 timore
884 367 917 394 et
933 360 999 393 fide
1017 368 1097 393 sunt
1116 359 1232 407 ἄλογα

248 426 352 458 opera
387 414 475 447 sicut
504 420 619 456 gestus
649 413 844 456 pecudum,
873 412 933 456 qui
965 423 1037 444 non
1065 418 1234 454 reguntur

247 465 471 508 cogitatione.

350 514 445 548 Haec
468 515 558 548 dicta
587 521 669 547 sunt
696 520 734 547 ut
753 511 950 546 Malachiae
969 513 1089 546 concio
1109 512 1235 546 melius

248 567 482 609 intelligatur,
517 577 606 610 quae
649 571 742 598 taxat
780 576 915 597 caecam
952 563 1234 607 superstitionem

249 617 372 661 populi
389 624 422 651 et
445 616 683 657 sacerdotum,
710 615 771 660 qui
794 622 892 648 erant
915 615 989 648 sine
1007 614 1236 647 conversione

249 669 292 701 ad
316 666 450 707 Deum,
486 667 561 700 sine
586 666 712 700 timore
731 664 820 706 Dei,
846 666 921 698 sine
949 665 1076 698 noticia
1097 664 1235 698 Media-

251 719 353 760 toris,
381 719 456 752 sine
483 717 664 752 intellectu
692 717 961 756 sacrificiorum,
988 716 1062 749 sine
1091 716 1177 757 fide,
1204 723 1235 749 et

838 70 962 106 PHlL.
990 68 1107 105 MEL.
1137 69 1344 106 SCRIPTA
1373 67 1674 105 EXEGETICA.

2167 72 2265 107 1016

1280 163 1358 201 post
1383 168 1420 189 ea
1436 156 1612 199 fingebant
1631 155 1858 188 mactationes
1880 167 1951 189 esse
1969 157 2082 190 cultus
2100 169 2137 190 ex
2160 169 2265 201 opere

1281 214 1445 251 operato,
1479 213 1511 239 et
1551 206 1679 238 mereri
1709 206 1950 239 remissionem
1980 215 2200 250 peccatorum
2233 215 2266 241 et

1283 258 1350 291 alia
1375 258 1486 299 bona,
1521 257 1609 291 sicut
1634 255 1853 300 Papistarum
1876 257 1997 301 opinio
2019 264 2068 291 est
2085 258 2126 290 de
2150 258 2267 292 Missa.

1282 307 1385 342 Hanc
1415 308 1619 342 caecicatem
1652 305 1850 351 Prophetae
1877 319 1977 351 saepe
2002 314 2131 342 taxant.
2184 308 2265 343 Post

1284 371 1359 393 eam
1382 357 1690 403 reprehensionem
1715 359 1812 392 addit
1837 356 2031 392 Malachias
2058 359 2266 403 praedictio-

1285 422 1364 443 nem
1389 410 1433 443 de
1455 422 1537 443 vero
1564 410 1679 450 cultu,
1708 422 1812 454 quem
1836 410 1948 443 deleta
1978 410 2100 454 politia
2128 409 2268 443 Iudaica

1284 461 1378 496 Deus
1394 460 1545 495 affirmat
1569 472 1603 494 se
1628 461 1904 494 instauraturum
1930 471 2001 494 esse
2024 460 2116 494 inter
2138 468 2268 503 gentes,

1286 519 1389 557 atque
1409 512 1456 545 ita
1474 512 1674 545 consolatur
1689 524 1770 550 nos,
1799 524 1838 544 us
1856 512 2006 545 sciamus
2030 511 2163 556 aliquas
2183 513 2268 545 reli—

1286 563 1385 608 quias
1411 560 1587 595 Ecclesiae
1618 574 1798 595 mansuras
1833 574 1914 598 esse.
1968 561 2050 595 Ideo
2075 562 2177 596 dicit:
2212 564 2270 597 Ab

1286 620 1366 647 ortu
1391 612 1484 647 Solis
1508 624 1616 658 usqne
1640 614 1682 646 ad
1710 625 1867 646 occasum
1891 625 2055 657 magnum
2072 620 2121 647 est
2140 625 2270 648 nomen

1286 676 1402 698 meum
1429 664 1464 696 in
1490 663 1672 706 gentibus,
1701 664 1736 696 id
1762 671 1828 706 est,
1854 665 2001 708 fulgebit
2033 664 2162 699 noticia
2187 677 2266 699 vera

1286 714 1352 749 Dei
1368 715 1461 749 inter
1481 721 1611 758 gentes.

2372 2075 2379 2138 ae->.
