2379 2948
118 97 192 133 685
734 95 778 131 V.

217 180 312 214 Hinc
343 182 447 216 etiam
477 194 601 226 magna
626 182 796 215 orationis
819 182 916 225 copia
940 181 1106 221 nascitur,

115 244 197 266 nam
219 230 277 266 hic
304 233 400 267 locus
426 246 442 266 a
470 234 600 267 finibus
624 233 736 276 giguit
754 233 870 265 locum
888 229 1103 265 rhetoricum

114 284 159 317 ab
184 284 283 325 utili,
310 285 391 330 qui,
416 284 497 330 quia
522 282 684 317 homines
706 283 900 326 plurimum
919 290 1106 316 moventur

113 335 286 377 utilitate,
320 347 483 379 magnam
511 335 582 367 vim
614 332 721 367 habet
745 334 781 366 in
805 333 905 366 omni
930 334 1105 368 delibera--

114 385 221 422 tione.

218 437 299 472 Non
316 438 407 471 valet
423 436 689 480 consequentia:

269 488 345 522 Deo
361 487 466 531 gratis
482 486 708 520 serviendum
726 493 787 527 est,

267 538 364 582 Ergo
399 550 471 571 non
508 544 590 571 sunt
621 539 772 582 petenda
806 538 861 571 vel
891 538 1105 582 expectanda

321 589 476 633 praemia
494 589 711 632 corporalia,
739 596 799 623 aut
817 589 1006 634 stipendia.

214 641 383 684 Neganda
414 647 466 673 est
496 641 765 685 consequentia,
802 641 884 685 quia
914 641 1021 674 unius
1053 640 1105 674 rei

114 693 216 728 multi
236 698 382 737 possunt
401 702 473 724 esse
493 691 596 731 fines,
621 693 681 725 sed
703 692 872 727 ordinati.

547 790 671 822 Tertia.

213 844 363 890 Propter
379 845 473 890 quod
492 846 773 891 unumquodque
788 845 858 879 tale
872 851 940 886 est,
966 852 999 879 et
1014 845 1104 878 illud

111 896 222 940 magis
245 897 314 930 tale
339 903 407 937 est,
437 894 529 929 hanc
551 897 708 939 regulam
732 897 859 930 usitate
882 897 925 929 de
950 896 1104 930 efficien-

110 948 207 982 tibus
248 947 542 992 interpretantur.
620 947 690 981 Sed
725 946 972 981 Iurisconsulti
1012 954 1104 980 recte

110 999 329 1036 transferunt
352 1011 427 1032 eam
451 999 494 1031 ad
516 998 637 1031 finales
655 1010 792 1038 causas,
818 999 860 1031 de
877 998 1006 1043 quibus
1021 998 1104 1031 uni-

110 1050 294 1084 versaliter
311 1062 433 1083 verum
452 1056 520 1089 est,
548 1057 692 1094 propter
708 1050 802 1095 quod
821 1050 1104 1095 unumquodque

110 1101 307 1146 appetitur,
335 1101 426 1134 illud
444 1101 554 1143 magis
573 1101 710 1145 appeti,
736 1108 790 1134 ut:

266 1153 406 1186 Avarus
431 1152 563 1196 appetit
588 1152 850 1195 navigationem
874 1157 1019 1196 propter
1043 1162 1104 1195 pe-

314 1214 468 1240 cumam,

263 1251 360 1296 Ergo
377 1253 562 1297 pecuniam
582 1255 692 1298 magis
710 1253 852 1298 appetit.

213 1302 389 1338 Omnium
416 1304 638 1348 superiorum
662 1306 819 1349 regulam
844 1302 1004 1338 recitatio
1020 1302 1103 1335 illu-

110 1362 195 1389 strat
219 1353 311 1388 hanc
335 1366 559 1388 communem
583 1357 757 1399 regulam:
787 1354 915 1389 Positis
936 1354 1103 1388 omnibus

109 1406 222 1440 causis
239 1405 497 1440 sufficientibus
515 1406 552 1439 in
570 1413 668 1448 actu,
695 1407 733 1440 fit
752 1406 909 1440 effectus.

378 1526 446 1566 De
478 1526 571 1567 loco
601 1525 829 1567 effectuum.

210 1608 349 1652 Regula
366 1620 472 1653 supra
489 1610 631 1643 recitata
648 1617 714 1650 est,
742 1611 868 1643 effectu
884 1610 1018 1653 posito,
1040 1622 1103 1642 ne-

108 1672 208 1694 nesse
230 1667 280 1693 est
305 1672 424 1694 causas
448 1661 610 1705 proprias
636 1672 708 1694 esse
735 1662 789 1693 vel
815 1661 922 1694 fuisse
951 1668 1034 1702 etc.‚
1069 1668 1103 1694 et

108 1711 335 1745 usitatissima
360 1718 443 1745 sunt
463 1718 670 1755 argumenta
696 1712 733 1744 in
759 1718 830 1746 tota
858 1712 928 1745 vita
952 1713 997 1745 ab
1019 1712 1102 1745 effe-

109 1762 225 1796 ctibus
242 1763 364 1802 ducta,
391 1770 448 1797 ut:

258 1812 369 1847 Terra
396 1814 434 1846 in
467 1814 573 1858 longo
598 1820 711 1847 tractu
735 1813 937 1847 concutitur
966 1813 1101 1856 ingenti

312 1871 424 1904 motu,

260 1913 357 1959 Ergo
375 1927 515 1950 necesse
530 1922 579 1950 est
591 1927 729 1949 causam
741 1915 896 1960 aliquam
910 1927 983 1948 esse
996 1926 1102 1960 quas-

311 1975 458 2001 sautem.

212 2016 403 2061 Quomodo
437 2025 554 2053 autem
588 2018 845 2061 investigentur
876 2029 1019 2058 causae,
1069 2024 1102 2050 et

109 2067 239 2114 quibus
263 2069 445 2103 effectibus
471 2069 614 2114 positis,
642 2081 730 2114 quae
753 2081 876 2102 causae
899 2069 1101 2107 efficientes,

109 2119 324 2159 materiales,
350 2121 536 2162 formales,
563 2128 623 2155 aut
638 2121 761 2155 finales
777 2121 1036 2165 respondeant,
1064 2120 1099 2153 id

109 2170 147 2203 in
172 2170 321 2214 singulis
345 2172 479 2206 artibus
499 2172 664 2208 traditur.
724 2171 773 2207 Ut
796 2172 840 2204 de
865 2178 977 2205 terrae
1000 2178 1100 2205 motu

109 2222 229 2266 inquit
248 2219 436 2267 Physicus,
464 2236 603 2257 causam
621 2235 694 2257 esse
710 2223 748 2257 in
764 2230 857 2257 terra
876 2234 1021 2266 magnos
1036 2220 1101 2255 ha-

110 2273 194 2307 litus
225 2272 378 2318 inssatos.
445 2273 657 2319 Astrologus
689 2275 790 2308 addit
818 2286 958 2308 causam
986 2274 1099 2307 coele-

109 2330 210 2357 stem.
270 2321 382 2357 Addit
411 2331 445 2358 et
474 2326 577 2358 aliam
611 2337 752 2360 causam
779 2325 940 2359 doctrina
966 2324 1100 2360 divina.

108 2373 185 2408 Etsi
210 2374 248 2407 fit
270 2381 384 2408 terrae
406 2382 523 2409 motus
537 2376 669 2410 inflatis
686 2374 877 2417 halitibus‚
904 2382 1021 2410 tamen
1040 2376 1099 2415 ait,

108 2424 183 2459 Deo
207 2425 314 2459 simul
340 2433 504 2460 movente
527 2427 602 2460 fieri
625 2425 717 2461 hanc
742 2426 916 2462 halituurn
942 2427 1099 2460 inflatio-

109 2488 208 2517 nem,
249 2483 282 2511 et
311 2484 424 2511 terrae
452 2478 740 2520 concussionem,
781 2486 821 2513 ut
856 2478 1100 2523 significentur

109 2534 278 2562 venturae
302 2533 448 2573 poenae'.
501 2527 673 2562 Videmus
695 2529 732 2562 in
750 2537 874 2564 natura
893 2530 1097 2563 mirandum

109 2579 270 2613 ordinem
294 2591 483 2624 corporum
510 2579 657 2620 mundi,
689 2580 796 2621 coeli,
829 2581 1101 2622 elementorum,

108 2641 227 2664 rerum
255 2631 499 2669 nascentium,
528 2629 699 2663 Videmus
722 2631 814 2673 leges
837 2638 997 2665 motuum
1021 2643 1100 2665 coe-

110 2680 248 2715 lestium
261 2708 269 2723 ,
293 2681 465 2715 Videmus
482 2682 519 2715 in
537 2688 655 2715 mente
674 2679 831 2715 hominis
846 2682 1100 2726 pulcerrimum

834 93 1155 131 EROTEMATA
1183 92 1521 130 DIALECTICES.

2074 89 2148 125 686

1157 182 1318 215 ordinem
1332 207 1340 219 ,
1369 180 1517 214 noticias
1539 190 1769 213 numerorum
1787 184 1820 212 et
1835 177 2025 220 figurarum
2038 202 2046 216 ‚
2073 176 2145 208 dis-

1157 233 1290 266 crimen
1320 229 1548 264 honestarum
1576 232 1754 265 actionum
1777 236 1811 263 et
1828 227 2006 272 turpium,
2032 234 2145 260 aeter—

1157 296 1202 317 na
1230 283 1304 325 lege
1328 282 1576 315 universaliter
1599 282 1760 315 omnium
1782 279 1960 313 mentibus
1985 277 2144 314 infixum,

1157 342 1191 369 et
1223 333 1308 367 alias
1335 332 1505 372 noticias,
1540 344 1627 377 quae
1650 339 1734 366 sunt
1758 331 1891 365 semina
1915 328 2144 363 honestarum

1158 385 1299 420 artium.
1348 382 1414 416 His
1439 383 1621 417 effectibus
1637 382 1832 427 conspectis
1848 379 2021 427 Physicus
2038 379 2144 413 ratio-

1158 437 1297 470 cinatur
1315 435 1358 468 de
1377 445 1499 467 causa:

1315 485 1538 529 Impossibile
1561 490 1611 518 est
1633 483 1794 517 ordinata
1819 483 1992 524 extitisse,
2020 489 2052 517 et
2071 493 2145 515 ma-

1367 547 1450 569 nere
1473 536 1556 570 talia
1575 547 1666 569 casu.
1724 533 1829 568 Item:
1857 533 2080 578 Impossibile
2098 540 2145 566 est

1366 599 1505 621 causam
1525 598 1651 631 genere
1668 597 1740 619 esse
1756 584 1966 618 deteriorem
1983 585 2121 621 effectu,

1312 638 1405 673 Sunt
1427 645 1542 672 autem
1562 638 1730 682 pleraque
1750 636 1786 669 in
1807 642 1933 668 natura
1952 647 2070 668 rerum
2088 647 2146 668 or-

1367 690 1510 733 dinata,
1538 697 1571 724 et
1585 687 1692 722 homo
1709 694 1757 721 est
1774 693 1897 720 natura
1916 685 2127 728 intelligens,

1311 739 1405 785 Ergo
1438 752 1577 774 necesse
1608 746 1657 773 est
1682 739 1832 783 primam
1857 748 1995 770 causam
2020 737 2147 769 mundi

1370 805 1443 826 esse
1483 789 1713 825 architectum
1758 788 2027 831 intelligentem.
2101 785 2147 819 Et

1367 844 1449 889 quia
1478 841 1545 876 hoc
1568 842 1674 875 modo
1697 840 1763 874 Dei
1790 839 1935 883 vestigia
1960 839 1997 871 in
2022 845 2147 871 natura

1366 907 1483 928 rerum
1511 902 1543 929 et
1570 895 1608 926 in
1632 893 1767 926 artibus
1794 897 2018 935 comparent,
2045 888 2146 922 Plato

1367 946 1570 979 dulcissime
1603 944 1708 979 dixit:
1741 941 1888 976 Gratam
1919 940 1987 975 Dei
2018 942 2146 974 famam

1365 997 1402 1029 in
1420 997 1554 1030 artibus
1573 1007 1727 1040 sparsam
1748 1005 1831 1029 esse.

1262 1047 1309 1082 Ut
1330 1055 1446 1082 autem
1473 1054 1574 1081 antea
1602 1047 1695 1087 dixi,
1728 1045 1765 1078 in
1791 1055 1975 1078 causarum
2003 1042 2147 1075 investi-

1157 1100 1317 1143 gatione,
1359 1099 1590 1132 consulantur
1624 1097 1662 1129 in
1696 1096 1858 1141 quolibet
1889 1105 2016 1139 genere
2047 1100 2148 1132 artes,

1158 1163 1247 1196 quae
1278 1151 1321 1183 de
1353 1149 1425 1182 illis
1458 1149 1641 1182 effectibus
1672 1148 1866 1191 disputant.
1933 1143 2148 1178 Dialecticus

1158 1214 1229 1235 non
1254 1207 1365 1246 potest
1392 1202 1435 1234 de
1460 1200 1608 1243 singulis
1632 1199 1768 1233 tradere
1794 1197 1951 1240 regulas,
1977 1196 2037 1229 sed
2062 1207 2149 1228 con-

1157 1260 1275 1286 tentus
1297 1259 1347 1286 est
1368 1249 1433 1285 hac
1450 1250 1631 1284 communi
1648 1247 2005 1288 commonefactione,
2032 1246 2146 1290 posito

1158 1304 1303 1344 effectu,
1344 1314 1484 1335 necesse
1514 1309 1565 1335 est
1596 1301 1777 1345 propriam
1813 1310 1952 1332 causam
1984 1309 2057 1330 esse
2093 1297 2148 1329 vel

1156 1355 1274 1388 fuisse.
1328 1352 1467 1387 Deinde
1482 1365 1571 1398 quae
1588 1363 1711 1385 causae
1727 1350 1949 1389 calefaciant,
1979 1359 2069 1393 quae
2084 1348 2148 1380 sri-

1157 1406 1349 1449 gesaciant,
1377 1404 1568 1437 dicendum
1584 1410 1636 1437 est
1653 1402 1691 1435 in
1709 1399 1880 1447 Physicis.

1174 1525 1240 1565 De
1258 1526 1353 1566 loco
1371 1522 1703 1565 antecedentitnn
1721 1524 1761 1562 et
1777 1519 2130 1573 consequentium.

1260 1608 1409 1642 Vicinus
1439 1616 1489 1642 est
1518 1608 1616 1642 locus
1647 1605 1933 1641 antecedentium
1962 1610 1995 1637 et
2024 1613 2147 1636 conse-

1156 1659 1341 1705 quentium
1366 1660 1444 1693 loco
1471 1671 1654 1692 causarum
1679 1665 1713 1692 et
1733 1657 1934 1691 effectuum.
2001 1652 2070 1688 Sed
2095 1659 2147 1685 ta-

1155 1722 1235 1743 men
1261 1711 1452 1744 discrimen
1471 1710 1731 1744 ohservandum
1750 1714 1814 1742 est.
1866 1706 1956 1740 Nam
1974 1705 2146 1750 quaedam

1156 1762 1398 1795 antecedentia
1422 1774 1494 1795 non
1518 1768 1601 1794 sunt
1624 1771 1767 1800 causae,
1792 1759 1852 1792 sed
1876 1764 1936 1790 aut
1959 1765 2148 1800 praepara-

1156 1813 1289 1853 tiones,
1315 1820 1376 1846 aut
1393 1812 1561 1852 subiecta,
1585 1818 1646 1845 aut
1662 1811 1773 1853 signa,
1802 1815 1856 1843 ut:
1884 1807 2065 1842 Sationem
2083 1816 2147 1838 an-

1156 1863 1284 1897 tecedit
1307 1863 1441 1904 aratio,
1469 1862 1689 1896 curationem
1714 1861 1880 1900 morbus,
1907 1857 2005 1892 Solis
2029 1862 2146 1890 ortum

1155 1927 1293 1948 aurora.
1332 1913 1515 1957 Quaedam
1533 1913 1768 1952 comitantur,
1797 1910 1862 1944 etsi
1878 1921 1951 1942 non
1966 1915 2048 1942 sunt
2065 1918 2148 1951 pro-

1155 1966 1230 2009 prie
1245 1966 1406 2006 effectus,
1432 1972 1488 1998 ut:
1518 1964 1697 1998 Posterior
1713 1963 1788 1996 dies
1804 1961 1964 2006 sequitur
1980 1959 2147 2004 priorem,

1154 2016 1340 2050 Cruciatus
1356 2016 1466 2049 animi
1483 2022 1681 2061 sequuntur
1695 2012 1946 2048 conscientiam
1965 2010 2146 2044 scelerum.

1155 2067 1247 2101 Sunt
1270 2075 1384 2101 autem
1403 2067 1558 2112 duplicia
1576 2065 1836 2105 antecedentia,
1863 2063 1932 2096 alia
1949 2059 2145 2095 necessario

1155 2130 1216 2152 seu
1242 2130 1381 2163 semper
1404 2120 1638 2156 antecedunt,
1664 2117 1731 2150 alia
1756 2116 1985 2160 plaerunque.
2037 2110 2097 2145 Sic
2113 2116 2146 2142 et

1155 2170 1404 2215 consequentia
1436 2170 1618 2204 differunt.
1679 2167 1775 2201 Hinc
1802 2172 1834 2200 et
1860 2166 1903 2198 de
1929 2160 2146 2207 argumentis

1154 2221 1326 2255 iudicium
1342 2221 1507 2257 sumitur.

1568 2304 1725 2351 Regula.

1257 2374 1361 2410 Valet
1386 2380 1634 2418 argumentum
1654 2371 1698 2404 ab
1716 2368 1944 2404 antecedente
1960 2366 2003 2400 ad
2022 2376 2145 2400 conse-

1154 2439 1267 2473 quens
1283 2439 1343 2460 seu
1361 2425 1576 2464 necessario,
1602 2434 1663 2456 seu
1682 2420 1891 2466 probaliter,
1918 2424 1973 2452 ut:

1307 2477 1417 2511 Venit
1436 2477 1473 2509 in
1493 2475 1624 2514 aulam,

1357 2527 1453 2570 Ergo
1471 2525 1603 2559 incidet
1620 2523 1656 2556 in
1675 2522 1786 2556 multa
1805 2531 1931 2564 magna
1946 2518 2113 2564 pericula.

1308 2578 1403 2613 Nero
1426 2577 1556 2622 polluit
1578 2587 1614 2608 se
1637 2572 1821 2617 flagitiosis
1843 2571 2076 2610 libidinibus,
2112 2575 2144 2602 et

1362 2629 1493 2661 multos
1510 2626 1640 2660 iniuste
1658 2624 1845 2665 interfecit,

1307 2677 1404 2723 Ergo
1421 2677 1514 2712 baud
1535 2677 1643 2711 dubie
1660 2674 1902 2711 interficietur.
