2379 2948
18 2198 24 2217 :
16 2101 23 2186 .-va-en

115 130 190 167 633

117 222 150 248 et
166 224 249 246 vere
264 214 513 257 respondetur:
548 212 758 256 Negandum
782 223 856 245 esse
879 209 1101 250 antecedens,

117 264 199 310 quia
220 264 462 308 principaliter
481 264 636 297 creditur
650 261 847 306 Evangelio
870 267 1015 306 propter
1037 272 1101 293 au-

116 323 228 349 torem
244 314 358 348 Deum
370 342 378 356 ‚
407 322 438 349 et
455 313 654 348 testimonia
674 313 938 346 miraculorum.
972 309 1019 345 Et
1036 308 1101 344 ha-

115 368 175 400 bet
197 366 421 400 autoritatem
435 363 669 406 Evangelium
685 375 760 396 non
783 363 828 396 ab
841 361 1015 403 Ecclesia,
1040 363 1099 395 sed

116 429 135 450 a
151 416 246 461 Deo,
274 418 334 462 qui
353 427 515 450 arcanam
531 415 751 448 voluntatem
772 414 933 458 patefecit
947 410 1013 446 hac
1037 424 1099 446 sua

116 480 220 508 voce,
254 468 344 501 sicut
365 467 532 510 scriptum
561 471 626 498 est:
661 464 774 498 Filius
798 465 860 510 qui
883 471 933 498 est
956 464 995 497 in
1020 464 1101 497 sinu

116 518 250 560 Patris,
275 519 348 562 ipse
364 516 541 550 enarravit
558 515 671 550 nobis.
724 515 796 550 Nec
814 516 923 550 sumit
936 513 1101 558 Evange-

116 570 205 603 lium
221 568 444 603 autoritatem
460 567 505 600 ab
518 566 695 607 Ecclesia,
722 566 759 600 id
776 573 848 609 est,
874 567 919 600 ab
943 563 1100 600 homini-

116 622 201 659 bus,
238 619 300 665 qui
324 618 491 659 audiunt,
528 619 587 651 sed
618 629 742 652 omnes
768 615 934 651 homines
969 617 1101 661 pariter

116 678 261 716 propter
278 675 436 703 autorem
454 670 573 703 Deum
593 669 788 703 necessario
809 669 933 703 audire
957 669 1098 702 debent.

116 724 167 755 Ac
183 721 283 755 facile
300 720 452 763 intelligi
469 727 602 764 potest,
628 732 702 753 non
720 732 820 764 posse
836 720 920 754 ullis
943 717 1101 753 homini-

116 775 181 807 bus
197 772 272 805 sine
289 771 492 805 certissimis
507 771 575 804 Dei
592 771 802 805 testimoniis
824 771 921 804 credi
937 771 979 804 de
995 771 1101 803 rebus

116 823 220 858 tantis
237 829 269 856 et
286 828 356 855 tam
373 821 529 863 arcanis,
555 822 687 856 Filium
704 821 771 855 Dei
790 823 935 855 missum
952 832 1035 861 esse,
1062 827 1102 854 ut

115 874 211 908 fieret
228 873 386 914 victima,
413 880 508 907 certo
529 885 593 907 nos
610 873 717 917 gratis
737 873 846 917 recipi
872 879 1017 917 propter
1041 871 1100 904 Fi-

114 925 201 959 lium
212 951 222 966 ,
247 931 407 970 mortuos
423 922 586 958 homines
602 930 697 957 certo
714 931 916 968 recepturos
934 934 1006 956 esse
1021 934 1100 956 cor-

113 987 199 1021 pora
211 1000 221 1019 ,
246 971 310 1010 etc.

112 1027 290 1067 stabatur,
322 1024 406 1059 haec
430 1027 557 1070 scripta
582 1038 600 1059 a
627 1024 814 1070 Prophetis
844 1032 982 1069 accepta
1018 1036 1101 1065 esse,

112 1078 221 1122 idque
238 1077 478 1110 testimonium
497 1077 753 1111 confirmarunt
770 1077 937 1111 miracula
949 1076 1100 1109 subinde

113 1126 281 1162 exhibita.
341 1127 392 1161 Ita
417 1135 534 1172 postea
558 1126 751 1168 catholica,
785 1128 821 1161 id
845 1135 914 1168 est,
943 1127 1100 1160 universi

113 1179 211 1213 orbis
227 1176 384 1212 Ecclesia
402 1185 549 1213 testatur
566 1178 630 1213 hos
647 1179 777 1219 libros,
804 1190 893 1223 quos
918 1175 1100 1215 babemus,

114 1231 158 1264 ab
175 1228 356 1274 Apostolis
373 1231 520 1264 traditos
537 1242 619 1266 esse.
657 1230 716 1263 Sic
730 1227 926 1273 Evangelio
946 1229 1101 1262 creditur

114 1288 258 1326 propter
275 1279 491 1323 Ecclesiam,
518 1282 668 1318 scilicet,
702 1280 821 1313 minus
846 1280 1100 1325 principaliter.

112 1331 176 1366 Est
194 1332 289 1365 enim
308 1329 463 1364 Ecclesia
480 1332 577 1365 testis
594 1333 638 1364 de
654 1331 766 1365 libris.
822 1331 888 1365 Sed
911 1337 948 1364 ut
967 1343 1037 1363 non
1057 1330 1100 1362 li-

113 1390 166 1416 cet
190 1383 267 1416 testi
295 1389 431 1415 mutare
459 1382 720 1422 narrationem,
748 1394 854 1426 quam
883 1382 1024 1414 recitat:
1053 1382 1101 1414 sic

114 1445 187 1467 non
216 1434 296 1466 licet
317 1431 496 1466 Ecclesiae
524 1433 724 1466 doctrinam
760 1431 888 1467 horum
925 1433 1100 1465 librorum

113 1490 269 1525 mutare,
296 1496 385 1528 quae
402 1484 545 1528 quidem
563 1484 709 1517 aliunde
734 1481 842 1518 habet
863 1483 1102 1524 autoritatem,

114 1536 246 1569 scilicet
264 1547 282 1568 a
302 1535 383 1568 Deo
410 1535 506 1578 ipso,
534 1535 597 1580 qui
623 1535 723 1568 addit
744 1535 895 1569 illustria
918 1534 1102 1573 miracula,

113 1594 152 1621 ut
172 1593 330 1621 autorem
347 1593 556 1621 monstrent.

215 1644 288 1678 Nec
305 1645 397 1678 valet
413 1644 684 1690 consequentia:

268 1702 453 1738 Credimus
476 1700 654 1736 Ecclesiae
685 1701 833 1736 traditos
858 1713 931 1735 esse
965 1700 1030 1735 bos
1058 1702 1103 1735 li-

320 1754 404 1787 bros
420 1754 463 1787 ab
481 1751 683 1798 Apostolis‚

267 1803 362 1848 Ergo
380 1805 446 1838 alia
463 1805 637 1837 credenda
655 1801 922 1838 suntEcclesiae
940 1816 1102 1848 pugnan-

317 1856 365 1889 tia
383 1868 461 1889 cum
481 1853 535 1889 his
554 1855 668 1891 libris.

216 1915 313 1949 Haec
340 1916 383 1949 de
410 1916 503 1949 dicto
530 1913 724 1958 Augustini
749 1915 905 1948 breviter
931 1912 997 1948 hoc
1025 1916 1102 1949 loco

115 1968 293 2002 monuisse
311 1967 393 2000 satis
413 1967 467 2002 sit.
521 1965 569 2000 Et
597 1964 660 1999 hac
686 1966 926 2011 qualicunque
951 1966 1103 2010 explica-

116 2019 211 2054 tione
240 2018 503 2062 animadversa,
545 2018 647 2051 facile
676 2024 725 2050 est
754 2017 906 2051 refutare
938 2018 1104 2057 absurda,

116 2082 205 2116 quae
220 2067 302 2103 huic
319 2069 414 2104 dicto
434 2070 663 2113 affinguntur.

535 2169 686 2203 Decima.

219 2240 272 2277 Ex
285 2253 358 2275 non
375 2241 560 2274 sufficienti
577 2240 844 2275 enumeratione
858 2240 1012 2285 partium
1028 2253 1102 2275 non

117 2296 209 2330 valet
224 2299 469 2337 argumentum
481 2318 490 2332 ,
515 2298 553 2325 ut
566 2306 571 2324 :

270 2343 352 2378 Iura
369 2342 524 2376 Mosaica
547 2349 580 2376 et
602 2349 718 2377 vetera
738 2342 901 2378 Romana
926 2353 1000 2375 non
1025 2352 1102 2375 sus-

324 2396 488 2439 pendunt
503 2393 615 2426 furem
626 2418 636 2432 ‚

268 2444 364 2490 Ergo
381 2446 439 2479 sur
456 2456 530 2477 non
547 2450 598 2477 est
615 2444 895 2488 suspendendus.

219 2505 301 2542 Non
319 2506 411 2538 valet
429 2503 696 2548 consequentia,
725 2503 806 2547 quia
832 2504 924 2547 leges
941 2502 1100 2548 Impera—

118 2568 234 2595 torum
269 2556 465 2591 recentium
500 2555 624 2588 iubent
657 2554 823 2596 suspendi
857 2555 962 2588 fures.
1025 2555 1099 2588 Ha-

118 2613 205 2645 bent
247 2615 364 2643 autem
400 2606 648 2651 legumlatores
682 2604 720 2637 in
754 2604 896 2648 politica
923 2606 1098 2649 guberna·
1125 2609 1127 2630 Γ

1123 2648 1127 2687 ζ’
1152 2666 1230 2688 rum
1259 2659 1309 2685 est
1336 2655 1475 2684 tantum
1502 2648 1546 2680 de
1573 2647 1813 2681 accidentibus
1839 2647 1999 2692 positivis
2018 2653 2051 2680 et
2071 2647 2138 2679 du-

1123 2708 1126 2741 ἶ
1152 2703 1343 2741 rabilibus,
1372 2706 1426 2733 ut:

118 2663 214 2696 tione
248 2665 455 2704 potestatem
491 2655 718 2701 exasperandi
755 2666 885 2699 poenas
924 2656 1098 2690 atrocium

118 2712 338 2746 delictorum.

738 127 782 163 V.
833 121 1155 161 EROTEMATA
1185 116 1526 156 DIALECTICES.

365 975 552 1009 Caeterum
577 974 735 1009 Ecclesia
761 975 883 1020 populi
910 973 1019 1007 lsra'e'l
1049 981 1099 1007 te·
1126 989 1129 1014 l

2065 117 2138 154 634

1555 202 1740 236 Undecima.

1264 264 1297 298 A
1319 264 1441 298 divisis
1465 266 1509 298 ad
1533 267 1721 300 coniuncta
1755 266 1845 300 valet
1875 265 2137 310 consequentia,

1153 315 1183 349 si
1202 321 1328 349 natura
1345 315 1480 359 patitur
1496 317 1663 361 coniungi
1680 317 1896 358 accidentia,
1917 324 1975 351 ut:

1304 365 1482 400 Demades
1501 373 1550 400 est
1571 375 1709 409 orator,
1735 375 1768 402 et
1785 375 1835 402 est
1852 368 1994 406 facetus,

1306 415 1402 460 Ergo
1420 424 1470 450 est
1490 417 1620 451 facetus
1639 425 1767 453 orator.

1256 467 1327 502 Sed
1355 480 1428 501 non
1456 468 1548 501 valet
1575 468 1823 513 consequentia
1834 472 1849 509 ,'
1875 481 1952 502 cum
1981 469 2138 512 iungun-

1153 525 1212 553 tur
1237 519 1432 552 aceidentia
1460 519 1598 552 animae
1622 526 1655 553 et
1682 519 1857 563 corporis,
1885 526 1944 553 aut
1971 531 2026 552 res
2050 519 2139 552 alio-

1154 570 1216 615 qui
1241 570 1494 614 discrepantes:

1308 620 1377 655 Iste
1395 628 1445 654 est
1465 621 1629 662 claudus,
1656 627 1689 654 et
1706 627 1756 653 est
1773 617 2014 657 citharoedus,

1306 670 1401 715 Ergo
1422 679 1471 705 est
1489 672 1635 705 claudus
1657 669 1893 706 citharoedus.

1258 731 1431 764 Confusio
1467 738 1517 764 est
1553 731 1725 771 absurda,
1768 730 1913 773 iungere
1950 728 2142 761 accidentia

1154 781 1292 815 animae
1309 790 1343 816 et
1367 782 1543 826 corporis,
1572 782 1641 814 nisi
1666 782 1704 814 in
1730 781 1840 815 altero
1865 780 2010 813 nomine
2033 785 2142 812 meta-

1155 831 1265 877 phora
1283 833 1347 874 sit,
1376 840 1431 871 ut,
1459 844 1561 876 sagax
1579 832 1748 867 medicuS.

1545 915 1754 947 Duodecimn.

1127 1017 1129 1023 .
1257 975 1315 1009 Ab
1341 983 1390 1010 est
1415 976 1510 1010 tertii
1534 976 1662 1010 adiecti
1685 978 1726 1009 ad
1754 982 1803 1009 est
1831 975 1977 1008 secundi
2010 974 2146 1014 adiecti,

1126 1033 1129 1066 ξ
1155 1028 1248 1060 valet
1272 1028 1545 1072 consequentia,
1586 1039 1664 1061 cum
1695 1027 1856 1061 accidens
1884 1025 2075 1071 positivum
2104 1026 2146 1058 de

1127 1070 1129 1081 ¹
1154 1080 1347 1112 substantia
1366 1079 1605 1122 praedicatur,
1632 1084 1687 1111 ut:

1307 1129 1427 1164 Paries
1447 1136 1498 1162 est
1520 1129 1642 1169 albus,

1307 1179 1373 1215 Est
1388 1180 1496 1223 igitur
1514 1180 1639 1224 paries.

1256 1240 1338 1274 Non
1360 1239 1452 1273 valet
1469 1237 1552 1272 haec
1568 1239 1682 1272 forma
1694 1239 1730 1271 in
1741 1239 1925 1283 privativis
1941 1245 1973 1273 et
1985 1239 2028 1271 de
2039 1237 2141 1271 ideis:

1310 1291 1411 1324 Plato
1427 1297 1477 1323 est
1496 1298 1676 1328 mortuus,

1127 1348 1130 1405 Ι
1308 1340 1372 1374 Est
1391 1341 1498 1383 igitur
1513 1340 1626 1376 Plato.

1258 1399 1347 1433 Nam
1375 1399 1413 1431 in
1437 1399 1568 1432 talibus
1593 1397 1899 1442 propositionibus
1923 1398 2048 1442 copula
2073 1409 2146 1430 nou

1155 1449 1261 1485 habet
1287 1451 1357 1483 vim
1381 1449 1632 1493 significandae
1658 1449 1923 1490 subsistentiae,
1950 1456 1990 1482 ut
2015 1449 2062 1482 ita
2090 1449 2146 1481 di·

1156 1515 1252 1543 cam,
1284 1513 1345 1535 seu
1370 1500 1591 1544 significandi
1616 1497 1867 1547 ὑπαρκτικιῦς,
1901 1500 1970 1544 sed,
1986 1506 2036 1534 est
2062 1511 2146 1533 con-

1156 1554 1259 1588 nexio
1277 1552 1443 1598 privativi
1461 1552 1644 1593 vocabuli,
1672 1559 1732 1586 aut
1749 1551 1934 1588 similium.

1259 1612 1348 1645 Tale
1365 1617 1416 1644 est
1432 1612 1527 1655 apud
1543 1609 1771 1644 Ciceronem:

1311 1661 1477 1695 Mortuus
1495 1668 1544 1695 est
1562 1662 1686 1703 miser,

1310 1712 1374 1748 Est
1398 1713 1506 1756 igitur
1529 1719 1708 1754 mortuuS,
1741 1713 1777 1746 id
1802 1718 1872 1753 est,
1899 1711 2058 1746 subsistit
2081 1712 2146 1755 igi-

1365 1771 1422 1797 tur
1445 1771 1616 1797 mortuus.

1258 1825 1330 1859 Nec
1347 1825 1438 1858 valet
1452 1825 1494 1856 de
1512 1823 1612 1865 ideis,
1631 1829 1668 1856 ut
1681 1835 1884 1868 quanquam
1898 1835 1978 1856 vere
1996 1823 2146 1857 dicimus

1158 1878 1200 1910 de
1219 1889 1296 1910 rosa
1317 1876 1353 1908 in
1374 1873 1509 1920 hyeme,
1535 1886 1613 1907 cum
1633 1875 1730 1907 nulla
1747 1886 1897 1919 usquam
1912 1875 2031 1908 floret:
2051 1874 2146 1909 Rosa

1129 1956 1131 1976 ,Ι
1157 1935 1207 1962 est
1227 1928 1364 1972 planta,
1392 1933 1508 1960 tamen
1527 1925 1608 1958 inde
1627 1937 1698 1957 non
1715 1925 1968 1959 ratiocinamur
1990 1937 2063 1959 esse
2087 1937 2145 1959 ro-

1157 1991 1241 2017 sam,
1271 1979 1305 2011 id
1323 1984 1384 2017 est,
1410 1978 1478 2010 iam
1499 1976 1630 2009 alicubi
1649 1977 1785 2017 llorere,
1809 1988 1880 2016 seu,
1898 1983 1938 2010 ut
1956 1976 2002 2010 ita
2020 1977 2145 2018 dicam,

1129 2029 1131 2061 j>
1157 2030 1357 2064 subsistere.
1390 2028 1471 2061 Non
1488 2028 1596 2070 igitur
1613 2027 1704 2061 valet
1721 2028 1988 2072 consequentia:

1127 2065 1133 2088 ι
1311 2079 1406 2114 Rosa
1424 2086 1473 2112 est
1490 2079 1628 2123 planta,

1128 2106 1131 2159 l
1314 2130 1426 2175 Igitur
1442 2142 1520 2163 rosa
1537 2137 1604 2168 est,
1632 2129 1667 2162 id
1683 2136 1750 2170 est,
1777 2128 1944 2162 subsistit.

1127 2162 1131 2244 ἔ
1258 2192 1480 2226 Antecedens
1504 2201 1625 2222 verum
1652 2195 1719 2227 est,
1755 2190 1814 2222 sed
1839 2188 1963 2231 copula
1994 2187 2042 2220 ibi
2069 2199 2142 2221 non

1156 2244 1327 2288 significat
1343 2240 1594 2288 ὑπαρκτικιῦς,
1621 2252 1659 2273 ac
1678 2247 1814 2274 tantum
1831 2250 1941 2272 nexus
1964 2245 2012 2271 est
2037 2250 2142 2281 gene·

1128 2291 1129 2299 ¹
1155 2296 1203 2329 ris
1222 2303 1253 2329 et
1269 2294 1397 2339 speciei
1418 2299 1629 2337 perpetuus,
1656 2298 1695 2324 ut
1710 2291 1860 2323 dicimus
1883 2290 1995 2328 ideas,
2025 2290 2060 2321 id
2082 2297 2142 2329 est,

1156 2346 1305 2381 noticias
1329 2345 1408 2378 illas
1434 2350 1619 2388 perpetuas
1643 2353 1733 2381 esse,
1760 2341 1796 2373 in
1814 2340 1942 2385 quibus
1955 2352 2065 2383 genus
2083 2349 2142 2374 aut

1155 2396 1368 2437 differentia,
1388 2402 1448 2429 aut
1469 2391 1809 2427 definitiotribuitur
1819 2390 1956 2434 speciei.
1983 2390 2142 2434 Nonigi-

1154 2457 1212 2484 tur
1230 2448 1390 2495 sequitur
1409 2455 1637 2489 consequens,
1657 2442 1726 2474 iam
1736 2441 1865 2475 alicubi
1878 2441 2002 2475 florere
2014 2454 2142 2477 rosam.

1126 2512 1128 2571 l
1547 2532 1746 2566 Tredecima.

1256 2601 1338 2636 Dici
1372 2600 1415 2632 de
1449 2597 1569 2641 aliquo
1597 2595 1748 2640 requirit
1776 2596 1906 2635 inesse,
1949 2596 2044 2640 quod
2080 2609 2138 2628 ve-
