2379 2948
74 108 145 145 105
820 102 867 140 Π.

172 194 268 229 Haec
294 193 426 228 orificia
451 191 579 226 similia
605 196 687 223 sunt
711 188 902 223 acetabulis
918 187 1052 233 polypi,

72 257 219 292 eamque
234 246 280 279 ob
297 256 435 279 causam
453 241 684 276 nominantur
694 236 948 284 κοτυληδόνες,
967 250 1053 283 qua·

73 309 152 331 rum
169 309 248 330 cum
263 296 308 329 sit
323 302 402 340 apta
421 296 528 336 figura
547 292 591 324 ad
610 290 891 334 amplectendum
909 286 1052 335 χόριον,

71 348 315 391 adglutinatur
331 345 486 389 undique
499 341 710 386 panniculus
725 340 785 373 ille
795 340 943 381 matrici,
970 352 1052 373 nam

70 405 105 432 et
129 405 201 432 tota
223 396 348 431 matrix
363 393 503 439 {appetit
525 404 661 433 semen,
690 391 797 437 idque
813 391 926 425 foveri
942 402 961 425 a
981 397 1052 424 tota

72 449 217 483 matrice
237 452 386 492 oportet.

172 506 263 541 Sunt
295 511 412 538 autem
445 503 483 536 in
514 508 588 536 toto
620 500 742 535 chorio
773 502 881 535 fibrae
912 500 1053 540 multae,

72 569 161 604 quae
182 556 275 589 varie
298 555 390 588 inter
413 565 449 588 se
473 559 653 588 contextae
677 559 825 592 coeunt,
863 559 895 586 et
921 551 1052 585 consti-

70 614 176 642 tuunt
201 607 289 640 duas
312 617 420 639 venas
441 611 474 638 et
494 605 580 638 duas
609 603 772 645 arterias,
804 610 837 636 et
867 603 905 635 in
936 602 1052 635 medio

71 664 244 698 meatum,
271 656 333 701 qui
357 656 562 689 nominatur
577 651 747 702 οὐραγός.
800 653 876 687 Hae
895 665 1004 685 venae
1020 659 1053 686 et

69 707 217 742 arteriae
243 714 326 741 sunt
349 707 443 741 velut
462 706 595 739 radices
617 707 752 745 foetus,
780 705 930 738 insertae
957 703 1052 736 enim

69 758 206 803 reliquo
232 758 377 798 semini,
408 757 627 791 constituunt
649 755 869 790 umbilicum.
923 753 1052 786 Primis

67 809 177 852 igitur
201 820 258 841 sex
278 809 402 842 diebus
432 809 653 842 adornantur
683 806 790 839 fibrae
814 805 914 846 illae,
940 811 973 838 et
998 815 1053 837 se-

66 871 147 893 men
163 860 258 892 intus
277 860 399 894 fervet.

167 916 307 951 Deinde
323 929 401 951 cum
419 924 514 950 sexto
538 922 597 950 aut
617 916 764 960 septimo
782 914 839 948 die
861 914 1051 948 umbilicus

67 968 258 1002 fabricatus
273 975 341 1009 est,
366 975 406 1002 ut
424 967 514 1008 dixi,
541 967 670 1000 iunctis
692 966 763 998 illis
789 966 888 998 venis
909 972 942 999 et
958 971 1050 998 arte-

67 1019 148 1060 riis,
185 1016 242 1052 hic
275 1019 426 1063 primum
450 1015 640 1052 attrahitur
672 1016 814 1060 sanguis
842 1023 874 1049 et
907 1016 1051 1060 spiritus

68 1082 131 1114 per
152 1081 259 1104 venas
281 1077 313 1103 et
335 1069 480 1103 arterias
506 1069 605 1108 illas,
640 1067 700 1113 qui
722 1067 982 1101 transmittatur
1007 1067 1051 1098 ad

69 1132 204 1161 semen,
232 1127 266 1154 et
289 1120 477 1154 misceatur
498 1118 644 1159 semini,
678 1125 717 1152 ut
737 1119 936 1151 formentur
952 1117 1051 1160 prin-

68 1171 193 1214 cipalia
211 1171 379 1204 membra.
433 1169 524 1203 Nam
542 1176 575 1202 et
599 1170 636 1202 in
652 1166 774 1201 chorio
799 1167 890 1201 fiunt
906 1167 1051 1200 forami-

69 1233 115 1254 na
132 1221 261 1254 similia
274 1221 555 1265 cotyledonibus‚
571 1220 700 1264 quibus
716 1219 974 1262 adglutinatum
992 1224 1052 1256 est,

66 1283 129 1316 per
151 1283 239 1316 quae
263 1271 441 1304 radiculae
465 1271 547 1304 illae
570 1267 753 1304 attrahunt
786 1269 992 1312 sanguinem
1009 1274 1052 1313 *et

68 1321 242 1366 spiritum.

170 1379 306 1412 Interea
325 1389 443 1411 semen
466 1383 648 1418 aestuans,
677 1383 745 1410 tres
763 1378 934 1421 ampullas
951 1377 1051 1421 quasi

67 1430 207 1474 exiguas
238 1428 408 1462 vesiculas
446 1428 544 1466 facit,
586 1440 675 1473 quae
706 1434 789 1461 sunt
821 1428 897 1461 loca
930 1427 1052 1471 epatis,

66 1481 182 1515 cordis
214 1486 247 1513 et
281 1479 426 1512 cerebri.
480 1475 609 1513 Trahit
629 1479 736 1522 igitur
755 1490 843 1512 vena
868 1490 908 1512 ex
933 1477 1050 1511 umbi-

67 1533 135 1565 lico
163 1536 341 1576 porrecta‚
376 1529 582 1572 sanguinem
613 1529 817 1563 crassiorem
851 1540 912 1562 seu
934 1528 1050 1562 nutri-

66 1582 272 1622 mentalem,
298 1580 358 1625 qui
383 1580 483 1614 facile
507 1580 545 1613 in
569 1580 703 1613 semine
726 1579 941 1623 coagulatur.
994 1579 1051 1614 Si-

65 1633 142 1668 mul
156 1638 271 1666 autem
297 1631 335 1664 fit
357 1631 465 1665 bifida
487 1643 595 1672 vena,
622 1642 661 1665 ac
678 1642 775 1664 ramo
797 1630 899 1664 alteri
922 1642 1050 1673 coagu-

66 1684 140 1717 lum
167 1683 256 1716 illud
280 1682 489 1725 agnascitur.
541 1681 638 1715 Haec
662 1688 713 1716 est
733 1681 844 1725 epatis
874 1681 1050 1714 formatio.

66 1732 131 1768 Est
147 1733 240 1767 enim
265 1744 348 1776 epar
363 1732 477 1766 simile
496 1732 679 1776 coagulato
697 1731 872 1775 sanguini.

168 1790 283 1825 Alteri
305 1797 420 1825 autem
438 1802 536 1824 ramo
560 1791 688 1824 bifidae
706 1790 803 1824 illius
820 1801 928 1823 venae
942 1801 1050 1833 agna-

65 1850 211 1878 scuntur
225 1840 468 1888 μεσεντέριον,
488 1841 718 1882 ventriculus,
737 1840 848 1885 splen,
870 1841 1049 1875 intestina.

165 1901 264 1936 Natis
281 1901 351 1935 iam
374 1912 545 1934 venarum
570 1900 750 1934 radicibus
773 1900 811 1933 in
833 1907 950 1944 epate,
977 1900 1051 1933 col-

66 1954 188 1998 ligitur
206 1952 303 1986 velut
321 1958 467 1986 truncus
483 1963 653 1985 venarum
671 1951 708 1984 in
724 1951 830 1995 gibba
852 1957 950 1995 parte
968 1962 1050 1995 epa·
1075 1954 1077 1965 ⁴

65 2005 128 2048 tis,
152 2010 185 2038 et
209 2004 247 2037 slt
271 2001 424 2036 maxima
444 2014 634 2041 venarum,
661 2002 719 2036 cui
741 2013 872 2035 nomen
894 2008 945 2036 est
962 2014 1051 2035 vena

67 2067 170 2096 cava,
194 2066 283 2099 quae
305 2053 393 2087 alios
414 2065 531 2087 ramos
555 2052 885 2096 sursumbporrigit,
913 2065 953 2086 ex
970 2053 1050 2098 qui-

67 2107 133 2139 bus
156 2106 246 2139 fiunt
270 2100 494 2151 διάφραγμα
521 2111 555 2138 et
580 2115 661 2148 pars
684 2103 805 2148 spinae
831 2104 927 2137 dorsi
944 2115 1050 2148 supra

67 2153 307 2199 diaphragma.
359 2154 548 2188 inferiores
563 2154 653 2188 rami
670 2161 854 2199 procreant
876 2155 1049 2200 reliquam

67 2213 201 2252 partem
215 2206 336 2250 spinae
350 2205 440 2240 circa
462 2206 616 2240 lumbos.

171 2263 331 2298 Arteriae
354 2277 438 2298 vero
461 2265 505 2298 ab
532 2264 703 2299 umbilico
719 2264 757 2298 in
774 2276 892 2298 semen
912 2275 1050 2308 sparsae

69 2317 219 2351 tendunt
245 2316 287 2348 ad
314 2314 450 2359 spinam
472 2315 589 2357 dorsi,
621 2323 654 2350 et
683 2316 851 2360 paulatim
871 2316 914 2348 ad
932 2315 1049 2348 locum
1075 2352 1076 2358 ἵ

69 2367 184 2402 cordis
203 2372 450 2410 propagantur.
500 2365 577 2399 Hae
598 2366 746 2400 arteriae
766 2363 949 2400 attrahunt
965 2365 1049 2399 cali-

68 2418 252 2452 dissimum
272 2422 304 2449 et
321 2415 588 2450 subtilissimum
606 2417 830 2461 sanguinem,
858 2428 898 2450 ex
917 2429 987 2461 quo
1011 2416 1048 2449 in

68 2468 220 2501 vesicula
248 2466 308 2499 illa
333 2466 430 2499 cordi
457 2467 628 2502 destinata
659 2480 720 2501 cor
744 2468 919 2511 gignitur,
952 2467 1047 2511 quod

69 2525 120 2552 est
140 2525 265 2551 natura
289 2528 434 2554 carnea,
467 2517 578 2550 solida
602 2524 634 2551 et
658 2518 785 2561 spissa,
818 2519 1049 2563 quemadmo-

68 2571 153 2603 dum
170 2568 335 2601 convenit
353 2567 509 2599 membro
527 2567 749 2602 calidissimo.

171 2618 286 2652 Simul
304 2625 419 2652 autem
437 2617 534 2650 cordi
552 2629 638 2649 vena
655 2630 736 2651 cava
754 2619 958 2661 sanguinem
981 2630 1049 2651 nu-

69 2670 233 2704 trientem
263 2666 417 2704 advehit.
470 2667 615 2713 lamque
640 2674 735 2701 aorta
767 2681 912 2702 nascens
942 2669 1049 2712 spiri-

920 101 1068 138 LIBER
1093 99 1159 136 DE
1186 101 1360 140 ANIMA.

2018 108 2089 142 106

1106 194 1181 221 tum
1201 183 1316 220 evehit
1333 187 1370 220 in
1390 188 1595 222 universum
1611 188 1808 223 aedificium
1821 217 1829 231 ,
1857 197 1896 225 ut
1913 191 2037 236 spiritu
2055 200 2088 225 et

1106 236 1244 270 vivifico
1263 237 1377 270 calore
1393 244 1465 272 tota
1487 240 1650 274 formatio
1667 240 1877 284 perficiatur.

1207 286 1297 320 Cum
1321 294 1437 321 autem
1457 301 1558 332 epar,
1586 297 1619 324 et
1635 302 1695 324 cor
1712 298 1744 325 et
1769 299 1903 327 coetera
1928 294 2084 327 membra

1107 338 1305 371 formentur
1337 350 1377 371 ex
1401 340 1589 381 sanguine,
1622 353 1749 382 venae,
1785 344 1949 385 arteriae,
1982 345 2087 378 carti-

1106 389 1253 432 lagines,
1280 399 1374 429 ossa,
1400 389 1599 432 panniculi,
1625 390 1779 437 πλευρὰ,
1805 393 2012 437 ligamenta,
2047 407 2087 427 ex

1107 440 1274 473 crassiore
1304 439 1448 473 seminis
1472 446 1590 483 parte,
1621 441 1726 474 simul
1756 455 1836 487 pars
1858 445 2087 479 subtilissima

1106 490 1268 530 seminis,
1296 497 1327 524 et
1344 490 1447 534 plena
1472 490 1596 534 optimi
1619 491 1781 535 spiritus,
1808 496 1907 538 quasi
1925 496 2035 529 colata
2054 502 2087 529 et

1106 553 1265 586 expressa
1290 553 1329 574 ex
1354 541 1521 574 crassiore
1544 552 1677 582 massa,
1711 553 1849 576 sursum
1880 546 2025 589 pellitur
2048 546 2086 578 in

1105 592 1297 636 ampullam
1318 592 1479 631 tertiam,
1510 598 1550 625 ut
1581 592 1665 624 inde
1695 593 1876 626 cerebrum
1904 597 2087 634 formetur,

1106 650 1139 676 et
1156 655 1196 676 ex
1216 643 1358 676 cerebro
1376 642 1487 677 nervi.
1541 641 1754 687 Quanquam
1770 650 1885 677 autem
1901 642 2005 678 huius
2021 647 2087 679 mi-

1105 694 1234 726 randae
1261 692 1514 726 aedificationis
1540 693 1630 726 ratio
1656 704 1729 726 non
1755 700 1868 737 potest
1889 696 2008 735 reddi,
2036 703 2087 729 ta-

1106 756 1183 776 men
1208 744 1282 788 ipsa
1299 741 1460 777 machina
1476 741 1624 777 humani
1647 744 1804 787 corporis
1821 745 2089 788 diligentissime

1105 794 1305 839 aspicienda
1332 801 1403 836 est,
1431 801 1463 827 et
1488 794 1804 835 considerandum,
1840 807 1928 840 quae
1951 807 2031 840 pars
2050 807 2089 829 ex

1105 857 1172 890 qua
1197 845 1343 879 materia
1371 852 1404 879 et
1429 846 1471 878 ad
1501 857 1588 890 quos
1611 856 1693 878 usus
1718 846 1858 879 condita
1884 846 1938 882 sit.
1991 845 2089 889 Quid

1103 897 1303 930 mirabilius
1321 903 1371 930 est
1389 908 1492 941 quam
1514 897 1694 929 cerebrum
1720 903 1752 930 et
1775 908 1901 929 nervos
1920 904 2034 931 motus
2051 909 2089 930 ac

1104 958 1268 980 sensuum
1289 947 1533 987 instrumenta,
1561 953 1744 991 totumque
1762 946 1852 980 illud
1867 947 2088 981 domicilium

1104 997 1317 1041 cognitionis
1341 1004 1373 1031 et
1397 997 1606 1041 sapientiae,
1641 996 1791 1030 maxime
1807 1004 1993 1041 cognatum
2017 1009 2089 1030 esse

1104 1048 1250 1086 semini,
1277 1055 1309 1082 et
1335 1060 1375 1081 ex
1400 1060 1437 1081 ea
1455 1047 1600 1081 materia
1624 1048 1782 1092 proxime
1799 1048 1910 1081 oriri?
1960 1047 2007 1081 Ut
2023 1048 2090 1091 igi-

1104 1107 1162 1133 tur
1177 1099 1359 1132 cerebrum
1377 1098 1491 1131 simile
1509 1104 1558 1131 est
1580 1098 1719 1131 coelesti
1736 1105 1900 1137 naturae,
1928 1098 2008 1142 quia
2033 1099 2089 1133 lu-

1104 1150 1153 1183 cis
1174 1161 1280 1193 capax
1304 1155 1372 1186 est,
1409 1148 1455 1181 ita
1487 1160 1604 1181 semen
1635 1155 1684 1181 est
1707 1148 1875 1193 quiddam
1901 1155 2087 1191 cognatum

1104 1200 1244 1233 coelesti
1268 1206 1435 1237 naturae,
1464 1211 1533 1242 quo
1558 1205 1597 1232 ut
1620 1196 1781 1231 homines
1804 1198 1972 1242 singulari
1990 1211 2089 1232 reve-

1104 1250 1218 1284 rentia
1242 1256 1442 1288 uterentur,
1469 1248 1562 1281 Deus
1585 1255 1694 1282 metas
1722 1249 1824 1282 nobis
1847 1250 2089 1289 circumdedit,

1104 1313 1148 1333 ne
1167 1307 1295 1333 temere
1311 1300 1534 1337 effundatur,
1562 1305 1595 1332 et
1617 1306 1656 1332 ut
1680 1306 1774 1332 certo
1794 1300 1961 1337 sciamus,
1990 1300 2088 1332 ordi-

1104 1363 1184 1384 nem
1209 1351 1246 1383 in
1270 1362 1306 1384 ea
1331 1350 1426 1383 reah
1450 1350 1525 1392 ipso
1545 1349 1718 1382 sancitum
1737 1360 1828 1389 esse,
1856 1347 2089 1383 horribilibus

1103 1401 1227 1445 poenis
1243 1399 1414 1433 iudicium
1431 1406 1463 1432 et
1481 1399 1568 1431 iram
1586 1410 1682 1431 suam
1702 1400 1867 1435 declarat.

1206 1450 1384 1495 Tempora
1404 1450 1518 1483 foetus
1535 1449 1629 1482 varie
1646 1449 1913 1491 discernuntur,
1938 1461 1976 1483 ac
1994 1462 2088 1483 mas-

1104 1502 1174 1535 culi
1202 1502 1344 1547 quidem
1380 1500 1483 1534 citius
1508 1500 1742 1534 absolvuntur
1765 1509 1870 1545 quarn
1893 1501 2088 1541 foemellae,

1104 1553 1184 1598 quia
1208 1553 1244 1584 in
1269 1551 1431 1585 masculis
1455 1551 1550 1584 calor
1572 1548 1815 1584 vehementior
1832 1557 1900 1592 est,
1926 1551 2010 1585 etin
2029 1563 2088 1584 eo·

1104 1605 1183 1637 dem
1200 1614 1325 1646 genere
1342 1601 1402 1635 alii
1422 1601 1544 1642 citius,
1571 1601 1631 1634 alii
1648 1602 1781 1635 tardius
1799 1607 2047 1635 maturescunt.

1206 1653 1336 1686 Primis
1372 1664 1429 1685 sex
1460 1652 1584 1685 diebus
1614 1652 1784 1686 bulliente
1817 1652 1968 1693 semine,
1999 1652 2087 1685 fiunt

1103 1704 1298 1747 ampullae,
1332 1711 1366 1737 et
1397 1703 1493 1736 velut
1523 1703 1694 1747 quaedam
1723 1703 1780 1735 ovi
1806 1703 1935 1746 species
1962 1703 2086 1736 existit.

1103 1755 1198 1788 Haec
1213 1755 1374 1787 nondum
1392 1753 1590 1797 adpellatur
1607 1754 1739 1793 foetus,
1766 1754 1823 1786 sed
1839 1750 1949 1799 γονὴ,
1972 1753 2007 1785 id
2026 1759 2087 1794 est,

1102 1817 1233 1840 semen.

1203 1854 1342 1889 Deinde
1363 1865 1489 1887 novem
1507 1853 1632 1885 diebus
1648 1849 1837 1886 attrahitur
1855 1853 2013 1896 sanguis,
2046 1865 2084 1885 ex

1103 1918 1175 1951 quo
1201 1905 1369 1950 paulatim
1397 1916 1480 1947 epar
1503 1911 1536 1937 et
1563 1916 1623 1936 cor
1644 1904 1752 1942 fiunt,
1779 1902 1825 1935 ita
1843 1910 1880 1937 ut
1897 1910 1975 1947 post
1995 1904 2085 1936 duo-

1103 1956 1215 1990 decim
1241 1956 1315 1989 dies
1339 1955 1408 1988 iam
1434 1954 1585 1987 discerni
1613 1954 1722 1997 possit
1745 1953 1934 1987 delineatio
1964 1955 2084 1998 epatis,

1103 2007 1219 2041 cordis
1246 2013 1279 2040 et
1299 2005 1445 2040 cerebri.
1501 2004 1572 2038 lam
1603 2005 1710 2047 igitur
1722 2003 1851 2037 Foetus
1868 2004 2085 2038 nominatur.

1102 2057 1146 2093 Et
1164 2069 1284 2101 graeca
1301 2055 1537 2101 adpellatione
1553 2053 1733 2101 ἔμβρυον,
1760 2054 1795 2087 id
1811 2061 1878 2095 est,
1905 2055 2084 2098 pullulans

1103 2121 1163 2143 seu
1186 2108 1407 2152 germinans,
1442 2105 1628 2152 i]111‘391102s,
1663 2105 1761 2151 quasi
1786 2103 1857 2138 ἔσω
1880 2101 2018 2150 βρύον,
2046 2105 2082 2137 id

1103 2166 1173 2200 est,
1197 2160 1293 2193 intus
1309 2158 1345 2191 in
1365 2164 1466 2191 utero
1484 2157 1701 2200 germinans,
1731 2168 1748 2189 a
1764 2152 1889 2200 βρύω,
1916 2156 2009 2199 quod
2034 2163 2083 2188 est

1103 2211 1258 2256 pullulo,
1285 2208 1462 2252 germino,
1488 2207 1650 2246 scaturi0‚
1677 2203 1841 2252 πηγάζω,
1869 2203 2080 2250 ἀναβλύζω.

1204 2260 1326 2293 Postea
1344 2258 1536 2292 octodecim
1553 2259 1675 2291 (liebus
1688 2257 1839 2288 membra
1857 2262 1991 2289 coetera
2010 2257 2082 2288 for-

1102 2319 1244 2346 mantur
1261 2319 1293 2344 et
1312 2310 1598 2353 distinguuntur,
1624 2320 1683 2341 seu
1703 2313 1742 2339 ut
1766 2306 2009 2340 venustissime
2026 2307 2080 2339 in-

1076 2364 1077 2382 ³
1103 2364 1179 2409 quit
1196 2362 1444 2406 Hippocrates,
1473 2370 1587 2392 ramos
1604 2358 1711 2390 exerit
1728 2356 1851 2391 foetus.

1204 2412 1277 2446 Hos
1310 2412 1384 2445 dies
1417 2411 1444 2444 si
1478 2408 1680 2450 collegeris,
1721 2407 1880 2440 invenies
1913 2407 1988 2440 dies
2023 2407 2082 2441 45.

1075 2468 1077 2506 i
1103 2465 1207 2499 Tunc
1224 2464 1315 2496 enim
1332 2460 1491 2495 formatis
1509 2466 1539 2492 et
1566 2458 1739 2491 distinctis
1756 2457 1943 2498 membris,
1965 2458 2083 2491 vivere

1075 2507 1077 2543 i
1102 2516 1170 2548 iam
1196 2516 1308 2547 foetus
1334 2511 1476 2554 incipit,
1510 2508 1590 2554 quia
1623 2509 1739 2542 sentit.
1798 2507 1954 2554 Ideoque
1975 2509 2084 2548 aiunt,

1075 2551 1077 2604 l
1102 2566 1249 2599 Animas
1273 2564 1378 2595 inseri
1405 2560 1521 2603 pueris
1552 2559 1692 2593 circiter
1712 2558 1770 2593 45.
1797 2559 1907 2599 diem,
1942 2566 1974 2592 et
1999 2566 2082 2592 tunc

1073 2605 1077 2636 ¹
1102 2629 1174 2649 non
1200 2616 1314 2648 solum
1338 2610 1523 2656 ἔμβρυον,
1557 2610 1617 2643 sed
1643 2610 1747 2644 etiam
1772 2609 1940 2642 infantem
1968 2609 2083 2642 nomi-

1103 2674 1202 2701 nant.
1236 2663 1403 2698 Nondum
1424 2668 1540 2695 tamen
1557 2667 1701 2705 propter
1716 2660 1991 2693 imbecillitatem
2008 2671 2084 2692 mo-

1075 2062 1078 2091 l

1076 2096 1077 2113 t

1075 2197 1077 2229 l

1076 2258 1077 2273 l

1075 2303 1077 2338 l
