2379 2948
167 135 262 171 1119

302 218 645 264 Argumentum
673 221 728 245 ac
756 209 1015 256 dispositio

518 279 677 320 Psalmi
710 276 806 317 LII.

218 365 314 408 Quid
333 364 511 411 gloriaris
533 363 571 395 in
598 359 772 401 malicia,
801 362 843 392 tu
865 355 1023 402 potens?
1063 357 1154 391 Cum

217 414 475 452 misericordia
492 414 564 447 Dei
582 410 693 445 duret
710 414 788 444 tota
805 409 886 452 die,
913 413 982 442 etc,

268 491 412 526 Titulus
443 489 575 522 indicat
605 493 869 531 argumentum,
914 484 997 530 quia
1032 488 1153 516 narrat

165 544 337 579 Davidem
359 540 448 575 hanc
472 539 749 573 consolationem
779 537 960 581 scripsisse
984 535 1154 567 adversus

165 596 379 633 delatorem,
407 598 440 625 et
463 591 675 635 parricidam
692 588 809 632 Βοὲς,
838 588 898 632 qui
917 586 1033 621 Saulis
1055 585 1154 617 furo-

165 659 240 681 rem
265 644 423 678 incendit
448 650 482 676 et
506 641 651 674 adiuvit.
713 640 880 673 Narravit
903 637 1023 677 Sauli,
1056 647 1155 668 exce-

166 705 264 742 ptum
293 707 365 728 esse
393 692 547 737 hospitio
570 691 745 725 Davidem
768 703 785 723 a
811 700 947 722 summo
975 686 1154 720 sacerdote

167 743 394 785 Abiinelech,
422 752 455 778 et
479 750 597 788 postea
623 755 700 775 cum
728 740 855 774 caeteri
883 739 1022 771 nollent
1046 737 1155 769 inter-

166 800 267 832 ficere
284 797 494 835 sacerdoteS,
512 795 648 838 primus
665 792 817 825 incoavit
833 791 922 823 illud
940 790 1057 822 dirum
1077 800 1155 831 par-

168 849 333 883 ricidium
369 847 609 883 sacerdotum,
653 851 685 877 et
727 843 864 886 piarum
900 847 1157 878 matronarum,

169 900 348 943 virginum
369 905 401 931 et
419 907 611 940 puerorum
635 895 672 926 in
691 893 821 937 oppido
841 891 961 931 Nobe,
988 891 1083 936 quod
1111 889 1156 921 si-

167 958 242 984 tum
261 950 329 982 fuit
348 949 384 980 in
403 948 498 980 tribu
511 945 596 979 luda
613 940 952 978 intcrArimathiam
969 949 1000 975 et
1012 940 1155 984 Ioppen.

270 1006 333 1042 Est
365 1007 471 1050 igitur
504 1004 664 1037 Psalmus
687 1002 901 1040 consolatio,
930 1001 966 1034 in
991 1012 1059 1045 qua
1084 999 1157 1044 pri-

169 1072 266 1094 mum
284 1065 450 1092 narratur
466 1056 576 1088 scelus
594 1054 696 1098 impii
715 1051 844 1094 hostis,
869 1059 902 1085 et
915 1057 1106 1085 accusatur.

271 1117 408 1152 Deinde
427 1115 545 1148 addita
570 1121 620 1148 est
637 1112 863 1147 comminatio
881 1122 1097 1155 poenarum,
1126 1116 1157 1142 et

168 1170 362 1216 opponitur
379 1166 572 1200 consolatio
590 1171 702 1198 sumta
722 1176 761 1197 ex
781 1162 1100 1217 promissionibus,
1119 1160 1157 1192 in

169 1222 299 1268 quibus
315 1218 410 1252 Deus
427 1223 583 1255 testatur,
612 1227 646 1248 se
664 1216 898 1248 liberaturum
910 1225 982 1247 esse
999 1223 1155 1245 servlen—

152 1280 221 1306 'tes
245 1273 283 1304 in
310 1271 416 1303 domo
444 1268 527 1308 Dei,
562 1267 597 1299 id
624 1273 694 1308 est,
726 1263 920 1305 Ecclesiae,
956 1264 1159 1296 invocantes

172 1325 304 1368 ipsum,
331 1319 522 1353 servientes
548 1318 619 1350 sive
648 1317 685 1349 iu
708 1317 887 1356 docendo,
921 1315 993 1348 sive
1018 1314 1055 1346 in
1082 1313 1160 1346 aliis

171 1372 418 1407 vocationibus
452 1368 668 1403 necessariis.
732 1365 782 1400 Ac
818 1366 1002 1410 praecipue
1038 1365 1159 1397 obser..

172 1425 288 1458 vanda
312 1429 362 1455 est
386 1419 472 1453 haec
489 1419 675 1463 particula:
704 1415 791 1462 Ego
816 1421 937 1450 aulem
962 1415 1055 1448 sicut
1079 1413 1158 1447 olea

175 1475 293 1508 virens
317 1484 377 1505 seu
398 1472 528 1503 florens
554 1468 592 1501 in
615 1465 720 1501 domo
736 1466 824 1502 Dei.
879 1466 1028 1500 Causam
1052 1465 1159 1508 signi-

174 1527 270 1565 ficat,
301 1531 334 1557 et
350 1523 485 1558 locum,
514 1531 621 1565 quare
641 1526 673 1552 et
690 1519 752 1551 ubi
778 1525 963 1551 serventur
988 1514 1161 1555 homines,

174 1576 337 1610 videlicet
355 1573 437 1618 quia
460 1571 616 1604 serviunt
627 1569 804 1603 Ecclesiae
822 1568 907 1606 Dei,
935 1567 990 1601 cui
1010 1567 1160 1610 promis-

176 1627 292 1661 siones
313 1624 462 1657 traditae
485 1628 587 1663 sunt,
624 1632 773 1665 quarum
797 1630 934 1652 summa
958 1624 1008 1650 est
1031 1618 1067 1649 in
1096 1615 1162 1650 hoc

175 1678 287 1712 dicto:
314 1674 439 1707 Portae
457 1672 653 1705 inferorum
676 1682 749 1703 non
767 1669 1019 1714 praevalebunt
1038 1668 1163 1701 adver-

176 1739 234 1763 sus
253 1738 343 1760 eam:
372 1731 405 1758 et
423 1724 459 1756 in
481 1735 518 1755 ea
536 1723 595 1755 fiat
613 1721 808 1760 invocatio,
835 1720 885 1753 ibi
903 1726 1101 1762 expectetur
1118 1719 1161 1752 li-

176 1776 323 1813 beratio,
377 1774 471 1817 Quia
496 1773 590 1806 enim
607 1771 784 1806 Ecclesiae
800 1771 890 1804 facta
906 1777 955 1803 est
972 1770 1160 1814 promissio

177 1835 320 1875 propter
343 1826 498 1863 Filium,
526 1824 581 1856 cui
609 1823 684 1856 vult
709 1822 805 1855 Deus
828 1820 1080 1854 haereditatem
1108 1834 1163 1854 ae-

177 1888 313 1915 ternam
331 1877 507 1919 colligere,
536 1875 616 1907 ideo
633 1885 705 1907 non
723 1884 866 1917 prorsus
883 1872 993 1905 deleri
1011 1869 1068 1904 hic
1085 1884 1164 1905 coe-

178 1939 234 1966 tus
252 1935 383 1974 potest,
417 1934 450 1960 et
474 1927 511 1958 in
537 1937 577 1958 eo
601 1925 758 1958 membra
777 1930 973 1957 servantur.
1029 1922 1069 1955 Id
1092 1924 1163 1956 dis-

179 1981 313 2015 crimen
337 1979 375 2011 in
398 1977 519 2010 multis
541 1975 754 2018 imaginibus
770 1974 989 2018 propositum
1008 1981 1069 2009 est.
1123 1974 1162 2007 In

179 2030 316 2066 diluvio
334 2035 405 2063 tota
418 2027 608 2060 multitudo
622 2026 729 2069 impia
746 2037 858 2058 mersa
875 2025 911 2057 in
931 2037 1036 2069 aquas
1050 2025 1164 2068 periit,

179 2089 318 2117 tantum
336 2091 419 2112 vero
437 2083 623 2111 servantur
644 2075 700 2116 hi,
726 2076 787 2120 qui
809 2082 891 2109 sunt
912 2076 948 2108 in
970 2088 1085 2108 arcam
1110 2077 1166 2108 in-

183 2133 289 2168 clusi:
319 2131 366 2163 ita
383 2136 520 2163 tantum
537 2134 721 2160 servantur
740 2124 799 2166 hi,
827 2126 889 2171 qui
913 2138 994 2159 vera
1020 2127 1086 2159 fide
1110 2128 1167 2160 in-

182 2184 266 2218 serti
282 2188 364 2216 sunt
374 2178 550 2214 Ecclesiae
559 2177 637 2212 Dei.
692 2176 793 2210 Hanc
810 2189 921 2209 arcem
935 2204 943 2217 ,
972 2175 1066 2210 hunc
1083 2190 1165 2226 por-

183 2244 257 2271 tum
273 2242 500 2279 quaeramus,
529 2241 566 2262 ac
584 2235 677 2262 certo
703 2235 894 2261 statuamus
918 2228 1077 2260 exaudiri
1104 2241 1167 2262 nos

183 2300 202 2320 a
223 2285 317 2322 Deo,
345 2289 378 2316 et
401 2280 515 2314 iuvari
538 2292 603 2313 nos
625 2292 644 2312 a
667 2277 762 2317 Deo,
797 2284 831 2312 et
862 2278 994 2318 iuvari,
1021 2292 1100 2312 cum
1130 2281 1167 2312 in

183 2336 275 2370 hanc
296 2345 411 2368 arcem
436 2343 501 2364 nos
526 2331 707 2370 abdimus,
732 2329 867 2362 etiamsi
885 2336 917 2362 et
935 2341 995 2362 arx
1013 2330 1087 2373 ipsa
1105 2343 1167 2375 op-

185 2391 378 2432 pugnatur,
407 2390 439 2416 et
454 2394 518 2415 nos
536 2382 572 2414 in
590 2381 727 2424 magnis
741 2380 919 2413 aerumnis
937 2381 1054 2416 simus.

289 2443 330 2478 In
354 2443 422 2476 fine
447 2440 578 2474 Psalmi
609 2439 769 2472 additum
794 2447 844 2472 est
867 2437 1101 2483 epiphonema
1127 2441 1169 2474 de

187 2495 399 2542 gratitudine
424 2504 487 2536 pro
508 2489 575 2524 hoc
597 2490 789 2529 beneficio,
816 2497 849 2523 et
871 2491 914 2522 de
936 2491 1170 2525 celebratione
1196 2518 1197 2521 ,

189 2558 294 2593 quam
310 2544 406 2578 Deus
427 2542 588 2587 postulat.
643 2540 725 2573 ldeo
744 2540 837 2573 enim
856 2551 954 2584 saepe
973 2542 1098 2575 liberat
1116 2544 1169 2575 in-

190 2602 372 2635 vocantes,
395 2601 433 2627 ut
454 2599 570 2626 extent
594 2592 749 2635 exempla
768 2591 1057 2635 promissionum,
1083 2605 1170 2638 quae

191 2648 280 2683 alios
304 2645 455 2678 invitent
482 2645 526 2676 ad
549 2643 740 2687 petendum
765 2649 797 2675 et
820 2644 1033 2686 sperandum
1055 2650 1089 2677 et
1113 2656 1171 2678 ex-

764 123 890 159 PHlL.
917 121 1035 159 MEL.
1064 121 1273 159 SCRIPTA
1301 122 1599 160 EXEGETICA.

1195 2455 1198 2513 l

2096 124 2192 160 1120

1207 210 1379 245 solatione
1396 215 1656 248 sustententur,
1683 208 1815 244 scilicet
1832 209 2010 253 agnitione
2026 222 2192 255 praesen-

1206 262 1274 295 tiae
1291 260 1357 295 Dei
1378 268 1408 294 et
1428 261 1668 304 expectatione
1686 260 1801 293 divini
1818 261 1951 294 auxilii.

1311 311 1395 345 Ideo
1412 311 1449 343 in
1471 311 1539 344 fine
1557 309 1614 344 hic
1632 311 1776 344 dicitur:
1804 308 1952 344 Bonum
1976 314 2025 344 est
2042 311 2190 357 gratias

1207 372 1331 408 agere,
1354 363 1530 396 celebrare
1547 360 1632 396 haec
1649 362 1806 406 exempla
1823 374 1940 395 coram
1959 361 2097 396 Sanctis
2112 364 2192 405 tuis,

1207 414 1338 448 scilicet
1357 420 1397 447 ut
1414 413 1478 457 ipsi
1499 413 1602 447 etiam
1627 413 1711 446 fiant
1727 413 1910 456 fortiores,
1936 413 2113 457 perferant
2129 415 2193 447 *ae-

1207 476 1351 497 rumnas
1385 464 1423 496 in
1454 464 1687 504 confessione,
1719 470 1753 497 et
1776 475 1811 497 se
1840 464 2068 497 consolentur
2092 464 2194 507 agni-

1207 516 1304 548 tione
1329 515 1537 556 voluntatis‚
1571 521 1605 549 et
1630 515 1847 560 praesentiae
1876 514 1962 556 Dei,
1997 522 2030 549 et
2053 521 2195 562 sperent

1211 565 1473 599 liberationem.

1309 615 1384 659 Etsi
1401 623 1516 649 autem
1533 617 1645 649 securi
1663 624 1696 651 et
1714 617 1803 651 ebrii
1821 617 2081 662 voluptatibus,
2103 613 2196 650 hanc

1209 667 1506 705 consolationem,
1541 674 1574 700 et
1606 668 1738 701 similes
1769 669 1947 702 derident:
1985 675 2104 702 tamen
2130 667 2197 708 illi,

1210 719 1246 751 iu
1263 718 1391 763 quibus
1415 724 1497 755 sunt
1518 717 1618 751 initia
1637 719 1737 759 fidei,
1764 731 1841 752 cum
1857 719 1925 752 sint
1945 720 1981 752 in
2005 717 2198 758 aerumnis,

1209 768 1438 813 experiuntur
1456 766 1518 801 has
1536 769 1794 803 consolationes
1811 771 1978 804 salutares
1997 782 2086 811 esse,
2113 769 2198 815 quia

1210 832 1274 853 nec
1288 819 1540 864 promissiones
1566 819 1684 853 irritae
1709 827 1808 861 sunt,
1840 833 1904 854 nec
1928 822 2044 855 inanis
2074 827 2106 854 et
2130 820 2198 853 fal-

1210 872 1266 904 lax
1285 877 1336 903 est
1353 871 1554 914 expectatio.
1610 870 1656 905 Ut
1679 877 1795 904 autem
1817 872 2016 917 plerunque
2035 872 2198 906 consola-

1212 923 1325 955 tiones
1341 921 1545 955 referuntur
1563 922 1606 954 ad
1629 933 1739 965 genus
1759 923 1974 955 suasorium:
2004 924 2050 956 ita
2081 929 2114 956 et
2139 920 2198 955 hic

1214 973 1371 1006 Psalmus
1389 973 1431 1005 ad
1452 973 1485 1004 id
1508 984 1616 1015 genus
1633 973 1821 1013 referatur,
1849 973 1932 1018 quia
1951 973 2197 1018 principaliter

1212 1024 1381 1068 proponit
1399 1021 1559 1056 hostibus
1577 1024 1909 1065 comminationem,
1935 1031 1968 1058 et
1985 1025 2054 1069 piis
2071 1035 2198 1058 conso-

1213 1075 1379 1109 lationem
1397 1074 1601 1107 recitatione
1618 1074 1671 1107 sui
1691 1075 1851 1118 exempli.

1314 1124 1384 1159 Sed
1399 1122 1457 1157 hic
1475 1125 1631 1169 quaestio
1657 1125 1866 1169 opponitur:
1895 1123 1986 1158 Cum
2002 1124 2116 1166 Abel,
2143 1125 2199 1159 Ie-

1213 1176 1359 1214 remias,
1394 1175 1572 1219 Baptista,
1606 1175 1739 1208 Paulus
1763 1183 1796 1210 et
1830 1176 1892 1209 alii
1922 1176 2202 1209 innumerabiles

1214 1228 1403 1260 videantur
1426 1227 1582 1271 relinqui
1605 1238 1624 1259 a
1645 1225 1720 1259 Deo
1738 1227 1774 1260 in
1801 1227 1875 1271 ipsa
1900 1233 2032 1267 morte,
2066 1233 2099 1260 et
2125 1238 2201 1260 non

1214 1279 1329 1311 solum
1347 1284 1450 1317 tunc,
1479 1279 1536 1310 sed
1557 1278 1660 1311 etiam
1680 1284 1797 1322 postea
1815 1279 1964 1311 floreant
1982 1277 2119 1311 inimici
2137 1290 2203 1323 po-

1214 1329 1322 1363 tentia
1349 1336 1382 1362 et
1405 1329 1550 1373 opibus,
1586 1329 1764 1373 quomodo
1792 1326 1877 1362 haec
1908 1328 2127 1362 conveniunt
2157 1329 2203 1362 ad

1215 1380 1424 1413 sententiam
1461 1378 1618 1412 Psalmi?
1676 1378 1906 1422 Respondeo:
1945 1378 2203 1413 Universaliter

1215 1442 1297 1463 vera
1315 1437 1365 1463 est
1381 1430 1553 1462 sententia
1571 1429 1675 1463 etiam
1694 1429 1730 1461 in
1749 1427 1813 1462 hac
1823 1430 1904 1469 vita,
1918 1436 2088 1475 tyrannos
2104 1441 2202 1473 gras-

1216 1488 1331 1513 santes
1354 1481 1390 1512 in
1414 1478 1626 1520 Ecclesiam,
1662 1480 1745 1512 dare
1769 1493 1918 1524 poenam
1944 1480 2049 1513 etiam
2074 1480 2113 1513 in
2136 1478 2202 1514 hac

1216 1532 1304 1571 vita,
1331 1531 1418 1563 sicut
1437 1531 1590 1573 exempla
1610 1531 1810 1565 ostendunt.
1863 1530 1953 1564 Cain
1977 1531 2120 1564 tandem
2146 1531 2203 1564 in-

1216 1582 1385 1615 terficitu:¹
1411 1581 1546 1614 etiamsi
1571 1581 1672 1614 fratri
1695 1581 1879 1614 interfecto
1899 1582 2111 1626 aliquandiu
2134 1581 2204 1616 fuit

1216 1638 1399 1679 supers‘³S.
1464 1631 1546 1665 Post
1576 1631 1799 1665 interfectum
1824 1631 2006 1665 Ieremiam
2036 1644 2110 1666 non
2141 1633 2205 1666 diu

1216 1689 1311 1717 tenet
1333 1693 1479 1725 regnum
1506 1680 1661 1728 Apryes,
1691 1683 1750 1715 sed
1776 1689 1896 1726 captus
1920 1684 1964 1717 ab
1980 1683 2123 1725 Amazi,
2150 1684 2204 1717 la-

1218 1746 1308 1779 queo
1326 1733 1583 1776 strangulatur,
1611 1740 1645 1767 et
1661 1739 1779 1766 tamen
1797 1734 1888 1767 aliae
1905 1734 2054 1768 maiores
2070 1746 2204 1779 poenae

1217 1791 1359 1818 restant.
1421 1783 1510 1817 Nam
1534 1784 1650 1817 brevis
1675 1784 1854 1819 calamitas
1878 1785 1914 1817 in
1939 1783 2002 1818 hac
2031 1786 2102 1819 vita
2130 1797 2204 1819 non

1219 1843 1268 1869 est
1286 1835 1442 1880 aequalis
1467 1847 1580 1879 poena
1607 1847 1670 1878 pro
1695 1835 1803 1868 tantis
1829 1836 2037 1877 sceleribus,
2065 1837 2125 1870 sed
2153 1842 2205 1870 est

1219 1886 1510 1920 commonefacito
1527 1887 1569 1919 de
1586 1886 1718 1919 iudicio
1739 1886 1822 1926 Dei,
1850 1899 1918 1931 qua
1937 1886 2033 1920 Deus
2051 1887 2205 1921 ostendit

1219 1950 1253 1970 se
1270 1950 1343 1970 non
1362 1949 1433 1970 esse
1452 1937 1603 1970 oblitum
1622 1937 1761 1977 delicti,
1788 1944 1826 1970 ut
1846 1938 1907 1970 alii
1925 1944 2082 1971 metuant
2105 1938 2204 1971 futu—

1219 2001 1296 2021 rum
1313 1988 1504 2026 iudicium,
1532 2000 1595 2021 nec
1613 2000 1647 2021 se
1664 1988 1794 2021 talibus
1817 1989 2005 2021 sceleribus
2030 1989 2205 2023 contami-

1221 2045 1326 2079 nent,
1352 2046 1385 2072 et
1403 2046 1441 2072 ut
1457 2045 1720 2074 convertantur.

1324 2089 1392 2124 Sed
1409 2091 1451 2123 de
1470 2088 1646 2122 Ecclesiae
1662 2089 1828 2122 membris
1846 2091 1998 2135 quadam
2018 2089 2205 2123 dissimili-

1221 2141 1307 2175 tudo
1334 2148 1395 2176 est.
1453 2139 1612 2173 Primum
1637 2141 1680 2173 de
1712 2138 1766 2172 his
1791 2153 1933 2185 quoque
1957 2141 2206 2176 universaliter

1222 2204 1342 2225 verum
1369 2198 1437 2232 est,
1463 2197 1496 2224 et
1514 2191 1551 2223 in
1572 2189 1634 2224 hac
1650 2190 1719 2224 vita
1737 2193 1869 2224 servari
1886 2204 2045 2233 causam,
2072 2198 2106 2227 et
2128 2204 2207 2226 cot-

1221 2255 1287 2288 pus
1304 2241 1500 2279 Ecclesiae,
1529 2241 1664 2274 etiamsi
1682 2242 1783 2276 multi
1802 2250 1883 2277 sunt
1900 2243 1937 2276 in
1954 2243 2089 2287 magnis
2104 2254 2207 2276 aeru-

1222 2293 1331 2332 mnis,
1357 2300 1388 2327 et
1411 2292 1520 2337 aliqui
1540 2292 1815 2334 interficiuntur,
1843 2295 1924 2339 quia
1946 2301 2038 2328 certo
2059 2293 2207 2328 consilio

1223 2345 1299 2378 vult
1314 2343 1410 2377 Deus
1428 2342 1618 2377 Ecclesiam
1638 2344 1731 2377 cruci
1744 2345 1934 2378 subiectam
1955 2357 2044 2386 esse,
2069 2345 2128 2378 sed
2152 2351 2206 2377 ta-

1224 2407 1305 2428 men
1330 2401 1448 2439 postea
1470 2405 1547 2427 curn
1573 2394 1629 2427 fiet
1646 2402 1828 2428 aeternum
1850 2396 2041 2430 discrimen
2065 2395 2206 2439 piorum

1224 2454 1257 2480 et
1285 2446 1494 2490 impiorum,
1537 2445 1784 2479 universaliter
1816 2459 1939 2481 omnes
1966 2447 2015 2490 pii
2043 2446 2206 2478 fruentur

1224 2497 1376 2530 aeternis
1394 2496 1515 2536 bonis,
1542 2502 1574 2530 et
1592 2497 1692 2540 impii
1717 2504 1823 2531 erunt
1845 2497 1883 2530 in
1900 2497 2020 2542 poenis
2043 2495 2205 2532 aeternis.

1224 2546 1276 2580 Ea
1292 2560 1374 2580 vero
1392 2559 1479 2592 quae
1496 2547 1532 2580 in
1555 2544 1621 2580 hac
1638 2547 1707 2581 vita
1723 2555 1910 2591 geruntur,
1938 2559 2016 2581 cum
2034 2546 2155 2580 brevia
2171 2553 2207 2581 et

1224 2605 1468 2631 momentanea
1490 2598 1579 2637 sint,
1605 2605 1644 2631 ut
1668 2597 1799 2632 Paulus
1820 2599 1998 2638 nominat,
2024 2609 2095 2630 non
2124 2603 2207 2631 sunt

1225 2648 1437 2682 conferenda
1456 2650 1498 2682 ad
1515 2656 1673 2689 aeterna,
1701 2656 1734 2683 et
1750 2656 1866 2683 tamen
1884 2661 1956 2682 non
1974 2649 2010 2682 fit
2025 2659 2125 2688 casu,
2147 2654 2208 2682 aut

190 2696 402 2744 pectandum
418 2694 608 2732 auxilium,
635 2700 674 2727 ut
691 2690 754 2726 hac
772 2705 852 2727 vera
869 2700 901 2728 et
919 2694 1062 2728 salutari
1087 2707 1172 2729 con-
1225 2699 1299 2732 sine
1325 2700 1494 2744 singulari
1518 2700 1665 2734 consilio
1691 2698 1775 2740 Dei,
1810 2701 1905 2745 quod
1930 2698 2087 2733 Ecclesia
2111 2698 2207 2732 cruci
