2379 2948
208 119 279 152 443

199 215 216 234 a
242 200 358 233 verbis
383 199 591 242 scripturae,
628 207 706 227 cum
735 192 932 235 absurditas
955 199 1090 227 tantum
1115 192 1182 225 im—

199 252 311 297 pingit
331 250 367 282 in
387 249 553 282 iudicium
573 244 732 278 rationis.

301 298 593 334 Confirmationes
625 303 658 328 et
685 294 941 328 confutationes
964 293 1000 326 in
1019 293 1182 326 ecclesia-

202 351 296 385 sticis
313 349 465 391 negociis
487 348 665 380 ducuntur
690 357 729 378 ex
756 343 966 377 testimoniis
987 344 1184 388 scripturae

202 400 420 435 clarioribus,
475 396 620 431 Interim
651 403 767 429 tamen
799 407 838 428 ex
871 394 1050 428 dialectica
1083 391 1185 426 adhi-

203 452 316 484 benda
334 455 403 488 est,
429 448 511 492 quia
527 459 626 491 saepe
643 459 682 479 ex
705 445 928 484 definitione,
955 451 1015 478 aut
1041 456 1080 477 ex
1105 455 1186 476 cau-

201 502 267 539 sis,
303 510 393 544 quae
418 505 501 532 sunt
526 498 563 530 in
587 498 779 541 scriptura,
813 495 1016 529 ratiocinari
1050 493 1186 538 aliquid

201 551 368 593 cogimur.
404 549 473 583 Sed
492 546 550 581 hic
568 548 759 581 videndum
776 553 843 586 est,
872 557 916 578 ne
933 550 1188 578 connectantur

201 601 294 634 male
319 597 522 633 coherentia
550 610 610 632 seu
636 593 896 635 ἀνακόλουθα,
931 608 991 628 seu
1014 602 1051 628 ut
1077 594 1187 627 diale—

203 652 280 685 ctici
299 652 506 695 loquuntur,
535 661 578 681 ne
597 649 708 681 malae
726 646 995 690 consequentiae
1014 656 1188 678 consuan-

203 710 272 736 tur.
327 700 456 738 Porro,
493 700 587 744 quod
615 710 652 731 ex
679 697 782 730 claris
807 696 1016 729 testimoniis
1041 695 1190 728 efficitur

204 754 297 785 bona
318 750 586 795 consequentia,
614 749 648 781 id
676 758 816 792 quoque
840 746 973 780 clarum
998 757 1069 778 esse
1095 745 1190 777 iudi-

204 810 316 836 catur.
359 801 405 835 Ut
424 801 594 844 scriptura
613 798 796 831 manifeste
813 797 939 841 probat
956 796 1191 839 magistram&

205 864 285 895 ergo
306 852 431 895 probat
448 851 551 883 etiam
569 850 659 892 leges
679 848 810 887 civiles,
828 847 988 892 quamvis
1007 848 1050 879 ab
1062 844 1192 880 Etlmi—

205 905 252 936 cis
268 902 441 939 conditas,
468 901 574 933 modo
596 900 664 932 sint
684 898 802 931 timori
825 898 916 930 malo
934 898 1044 941 operi.
1096 896 1191 929 Haec

206 952 454 997 consequentia
481 951 590 990 valet,
625 950 707 995 quia
737 950 791 982 lex
824 946 915 981 nihil
948 955 997 981 est
1028 948 1097 980 nisi
1126 959 1191 980 vox

206 1005 439 1046 magistratus.
475 1001 606 1034 Locus:
637 999 745 1037 Vade,
773 1000 884 1032 vende
900 999 1021 1031 omnia
1040 1005 1102 1031 etc.
1120 1009 1192 1030 non

206 1055 296 1096 cogit
323 1054 500 1086 discedere
534 1064 551 1084 a
584 1050 810 1084 facultatibus
838 1047 1075 1089 Christianos,
1110 1048 1192 1093 quia

205 1106 296 1138 alius
317 1104 414 1136 locus
439 1109 557 1146 aperte
581 1101 713 1146 inquit:
750 1099 915 1144 Praecipe
939 1099 1110 1132 divitibus
1130 1106 1191 1131 etc.

205 1155 299 1188 Hinc
317 1166 356 1186 ex
372 1153 577 1186 definitione
595 1158 893 1193 argumentamur.
929 1149 1037 1184 Dives
1055 1156 1116 1190 est,
1134 1149 1193 1194 qui

206 1205 360 1250 possidet
377 1204 560 1247 proprium
585 1202 728 1235 divitem
750 1212 822 1233 esse
838 1195 936 1241 licet,
964 1212 1044 1243 ergo
1065 1208 1097 1234 et
1112 1212 1194 1244 pro-

208 1255 325 1300 prium
338 1255 516 1298 possidere
534 1253 625 1286 licet.
655 1251 784 1294 Magna
803 1264 881 1284 cum
894 1251 1030 1285 ludaeis
1050 1253 1093 1283 de
1111 1251 1194 1283 scri-

208 1314 268 1351 pto
288 1305 468 1338 contentio
494 1311 559 1337 est:
597 1303 668 1347 Ipsi
692 1303 870 1335 somniant
893 1314 1039 1344 regnum
1065 1300 1194 1336 Christi

208 1357 452 1395 mundanum,
489 1355 672 1393 videlicet,
706 1354 799 1397 quod
838 1359 1040 1396 recuperata
1075 1352 1196 1396 patria,

209 1406 468 1450 Hierosolymis
484 1404 664 1447 regnaturi
683 1404 766 1443 sint,
794 1415 859 1436 nos
879 1403 1101 1436 defendimus
1119 1414 1197 1435 sen-

211 1457 357 1491 tentiam
371 1483 380 1495 ,
408 1462 440 1488 et
459 1455 672 1498 opponimus
690 1454 822 1486 clarum
844 1453 1086 1486 testimonium
1113 1452 1197 1485 scri-

212 1514 352 1552 pturae:
382 1504 546 1548 Regnum
570 1502 703 1537 Christi
726 1505 791 1537 erit
814 1510 1014 1543 aeternum,
1039 1510 1074 1536 at
1096 1514 1199 1535 mun-

213 1560 305 1591 dana
322 1568 427 1599 regna
447 1567 519 1588 non
536 1562 684 1598 possunt
703 1566 773 1587 esse
790 1561 948 1593 aeterna,
973 1554 1081 1595 igitur
1096 1565 1199 1586 mun-

214 1610 347 1642 danum
376 1618 522 1649 regnum
549 1617 622 1638 non
647 1612 758 1649 potest
790 1616 861 1637 esse
885 1602 1018 1637 Christi
1053 1616 1199 1647 regnum

215 1666 277 1692 etc.
331 1656 399 1690 Sed
423 1669 495 1689 non
524 1663 574 1689 est
601 1667 688 1698 opus
713 1667 890 1688 recensere
915 1655 1015 1698 plura
1035 1654 1201 1698 exempla,

216 1720 294 1742 cuni
310 1719 393 1740 usus
415 1719 533 1740 rerum
558 1706 666 1739 multa
686 1705 844 1750 quotidie
862 1706 997 1738 offerat.

317 1757 357 1791 In
375 1759 451 1790 foro
470 1764 502 1791 et
521 1757 693 1800 negociis,
720 1768 808 1801 quae
827 1757 964 1789 ratione
990 1756 1202 1795 iudicantur,

216 1808 414 1842 absurditas
431 1814 499 1846 est,
528 1808 555 1840 si
573 1807 656 1852 quid
676 1820 693 1839 a
710 1807 845 1840 ratione
862 1807 1043 1847 dissentit,
1070 1813 1130 1839 aut
1149 1817 1200 1838 re-

217 1866 320 1902 cepto
338 1859 430 1898 iure,
456 1865 488 1891 et
506 1858 586 1902 quia
605 1857 691 1890 effici
712 1858 832 1898 (lebet,
860 1864 898 1890 ut
917 1856 1109 1889 adversarii
1126 1855 1201 1900 opi—

217 1910 278 1942 nio
298 1910 459 1941 videatur
476 1908 647 1947 absurda,
671 1908 760 1950 leges
781 1915 813 1941 et
830 1908 981 1941 rationes
1006 1908 1203 1940 afferendae

219 1966 318 1999 sunt,
345 1970 432 2003 quae
450 1959 636 1991 ostendant
653 1970 727 1990 eam
747 1970 825 1991 cum
843 1959 918 1991 iure
934 1965 966 1991 et
989 1965 1113 1991 natura
1139 1969 1204 2002 pu—

220 2021 337 2053 gnare.
391 2008 458 2041 Hic
485 2009 610 2041 iterum
638 2008 788 2040 eundem
823 2016 872 2041 est
904 2010 1007 2041 nobis
1038 2010 1082 2042 ad
1110 2009 1204 2041 locos

221 2060 442 2100 dialecticos,
471 2071 551 2092 nam
573 2070 612 2090 ex
630 2058 742 2091 causis
762 2065 795 2091 et
820 2059 1002 2092 effectibus
1029 2059 1206 2102 colligitur

221 2111 389 2156 aequitas.
442 2107 506 2143 Est
524 2115 637 2142 autem
657 2108 817 2150 generale
839 2116 1081 2153 praeceptum,
1109 2110 1207 2142 cuius

221 2161 371 2194 maxime
392 2172 476 2194 usus
499 2167 549 2193 est
573 2160 609 2191 in
635 2156 700 2191 hoc
727 2171 852 2202 genere
877 2160 1208 2199 controversiarum,

221 2219 261 2245 ut
279 2212 503 2245 excuciantur
522 2210 825 2249 circumstantiae,
851 2222 889 2243 ex
912 2208 966 2243 liis
985 2211 1079 2243 enim
1109 2222 1208 2254 saepe

223 2274 392 2295 venamur
418 2261 644 2300 sententiam,
676 2266 709 2292 et
732 2260 946 2299 iudicamus,
975 2268 1093 2294 utrum
1123 2261 1207 2294 scri-

223 2320 322 2356 ptum
342 2319 374 2346 et
387 2313 548 2345 voluntas
562 2311 782 2344 consentiant
795 2318 853 2345 aut
865 2312 1083 2347 dissentiant.
1118 2310 1209 2344 Vera

226 2371 274 2396 est
299 2363 392 2395 enim
418 2375 482 2397 vox
506 2361 651 2395 Hilarii:
689 2360 981 2396 Circumstantiae
1005 2362 1209 2396 illuminant

228 2413 328 2448 dicta.

581 2499 638 2531 De
667 2498 850 2545 ambiguo.

330 2559 597 2595 Controversiae
615 2576 652 2596 ex
671 2565 834 2608 ambiguo
857 2571 948 2603 sunt,
967 2577 1045 2599 cum
1063 2566 1209 2599 verbum

228 2613 371 2656 aliquod
392 2614 551 2658 generale
576 2621 634 2646 aut
659 2616 882 2658 ambiguum,
909 2616 1000 2660 parit
1021 2617 1211 2649 dissensio—

230 2675 332 2706 nem,
366 2669 405 2696 ut
428 2663 464 2696 in
490 2662 643 2698 Canone.

448 111 653 148 SCRIPTA
683 109 756 144 PH.
784 106 899 142 MEL.
927 106 992 141 AD
1019 106 1146 142 HIST.
1174 105 1317 144 PROF.
1345 105 1409 141 ΕΤ
1439 105 1630 141 PHILOS.
1658 105 1973 143 SPECTANTIA.

707 2664 876 2699 Sacerdos
904 2668 1034 2701 ducens
1056 2679 1212 2707 uxorem,
1236 2685 1238 2696 ·

2150 107 2223 143 444

1207 194 1212 222 l
1237 193 1483 236 suspendatur.
1539 190 1592 224 lbi
1615 191 1818 235 intelligunt
1843 193 2006 237 quidam,
2032 198 2072 226 ut
2094 192 2138 225 ab
2167 203 2224 225 ar-

1237 244 1322 276 bore
1358 243 1602 287 suspeudatur.
1671 240 1744 274 Alii
1778 242 1898 276 mitius
1932 244 2223 286 interpretantur,

1239 293 1404 337 suspendi
1424 300 1559 326 tantum
1578 304 1649 325 esse
1666 293 1785 325 feriari
1806 294 1850 326 ab
1868 293 1983 326 officio
2008 295 2051 325 ad
2077 300 2223 337 tempus,

1237 342 1306 376 Hic
1331 350 1441 377 status
1465 350 1633 386 cognatus
1665 350 1714 376 est
1746 343 1937 387 superiori,
1972 340 2076 376 habet
2107 351 2223 377 autem

1240 392 1330 426 hanc
1348 394 1570 438 praecipuam
1589 393 1757 437 regulam.
1787 393 1961 436 Ambigua
1980 393 2046 426 alia
2064 393 2225 426 iudican—

1240 450 1298 477 tur
1322 456 1362 477 ex
1380 443 1618 478 Grammatica
1643 456 1701 477 seu
1721 441 1837 490 φράσι
1854 451 1886 477 et
1902 443 2037 487 figuriS,
2064 449 2116 475 ut:
2144 442 2226 476 Non

1241 495 1473 537 cognoscebat
1497 507 1591 536 eam,
1618 496 1729 528 donec
1755 494 1891 538 peperit
1916 494 2028 527 filium
2051 493 2227 537 primoge-

1242 545 1367 579 nitum.
1413 544 1501 577 Nam
1519 545 1688 589 particula
1712 546 1823 578 donec
1852 545 1987 578 varium
2006 541 2110 577 hahet
2125 554 2228 577 usum

1242 595 1280 626 in
1296 606 1467 628 sermone.
1525 595 1601 628 Alia
1620 596 1822 629 iudicantur
1840 607 1878 628 ex
1902 595 2056 632 artibus,
2083 606 2122 627 ex
2149 594 2229 638 qui-

1243 646 1308 678 bus
1326 651 1535 683 sumuntur,
1563 652 1617 678 ut:
1648 645 1728 678 Non
1745 647 1869 679 reddas
1887 646 2017 679 malum
2036 656 2099 689 pro
2118 644 2226 684 malo,

1244 695 1418 738 generalis
1433 696 1607 728 sententia
1625 702 1693 736 est,
1719 707 1809 740 quae
1833 708 1872 729 ex
1896 697 2069 740 scriptura
2095 694 2231 728 iudica-

1245 752 1320 786 tur,
1348 757 1387 778 ex
1415 757 1483 790 qua
1509 752 1645 779 constat
1671 753 1806 779 tantum
1836 747 2010 789 privatam
2037 745 2232 778 vindictam

1247 794 1446 840 prohiberi,
1481 797 1657 841 publicam
1689 808 1763 829 non
1794 794 1986 839 prohiberi.
2047 795 2233 830 Caeterum

1246 854 1275 880 et
1300 848 1344 879 ad
1371 844 1465 879 hunc
1489 854 1615 880 statum
1642 844 1831 879 adhibendi
1857 853 1938 880 sunt
1962 847 2031 879 loci
2047 845 2233 879 dialectici.

1246 897 1334 931 Nam
1361 897 1525 941 ambigua
1550 897 1817 931 definitionibus
1843 904 1876 931 et
1908 897 2143 930 divisionibus
2174 907 2232 929 ex-

1246 948 1433 992 plicantur.

1605 1035 1874 1068 Ratiocinatio.

1350 1099 1406 1131 Ad
1435 1096 1530 1131 hunc
1555 1104 1683 1132 statum
1708 1100 1885 1143 pertinent
1912 1111 2030 1140 casus,
2070 1099 2131 1144 qui
2155 1111 2235 1132 cum

1250 1161 1320 1182 non
1341 1146 1493 1182 habeant
1512 1157 1640 1182 certam
1658 1150 1787 1192 legem,
1809 1151 2011 1184 referuntur
2027 1151 2070 1183 ad
2095 1149 2237 1190 similia,

1251 1207 1308 1233 aut
1336 1201 1379 1232 ad
1406 1206 1570 1242 cognata,
1602 1212 1681 1233 cum
1712 1201 1841 1245 quibus
1874 1201 2040 1234 videntur
2074 1199 2236 1233 connecti

1253 1262 1361 1296 posse.
1417 1249 1663 1283 Iurisconsulti
1679 1252 1788 1283 multa
1807 1251 1965 1285 iudicant
1987 1263 2025 1284 ex
2050 1251 2238 1290 similibus,

1252 1314 1359 1347 quare
1378 1299 1483 1333 buius
1500 1308 1609 1334 status
1627 1302 1729 1333 facile
1753 1302 1861 1335 multa
1885 1302 2040 1345 exempla
2065 1301 2239 1341 invenias,

1253 1359 1305 1386 ut:
1342 1351 1422 1384 Non
1453 1352 1532 1384 licet
1562 1349 1774 1386 haeredibus
1800 1353 2003 1395 pecuniam,
2037 1351 2172 1385 civitati
2193 1352 2238 1384 ad

1253 1401 1447 1447 spectacula
1468 1402 1634 1444 legatam,
1663 1409 1835 1446 repetere,
1866 1403 1974 1445 igitur
1998 1414 2062 1435 nec
2085 1402 2237 1445 legatum

1253 1454 1296 1486 ad
1322 1453 1397 1496 pios
1420 1464 1504 1485 usus
1523 1459 1679 1495 repetere
1704 1453 1798 1485 licet.
1851 1451 2095 1496 Reperiuntur
2111 1450 2238 1485 huius-

1254 1503 1352 1536 modi
1369 1502 1628 1535 controversiae
1645 1509 1677 1534 et
1692 1503 1788 1542 alias,
1817 1509 1854 1535 ut
1871 1503 1899 1535 si
1916 1505 1994 1547 quis
2012 1503 2177 1546 disputet,
2193 1514 2241 1535 an

1256 1555 1357 1586 liceat
1376 1551 1579 1585 Christiano
1596 1552 1633 1584 in
1652 1553 1730 1585 foro
1756 1564 1876 1585 causas
1900 1565 2018 1595 agere,
2040 1552 2160 1585 nullus
2186 1552 2241 1585 lo-

1256 1615 1315 1637 cus
1338 1610 1407 1645 est,
1436 1603 1495 1647 qui
1523 1614 1680 1645 expresse
1706 1601 1772 1635 hoc
1794 1604 1980 1642 concedat,
2012 1604 2071 1636 sed
2097 1603 2241 1637 ratioci-

1256 1654 1399 1687 natione
1417 1655 1635 1698 querendum
1659 1661 1708 1686 est
1731 1653 1993 1697 testimonium,
2022 1653 2094 1687 sive
2118 1665 2158 1686 ex
2182 1665 2241 1686 co-

1257 1704 1390 1748 gnatis,
1417 1705 1490 1736 sive
1508 1716 1547 1736 ex
1573 1704 1760 1739 similibus.
1813 1703 2045 1747 Evangelium
2070 1704 2243 1748 approbat

1257 1755 1386 1788 iudicia
1410 1761 1443 1788 et
1461 1754 1612 1794 iudices,
1649 1767 1730 1798 ergo
1756 1767 1817 1788 nec
1840 1755 1994 1800 reliquos
2027 1755 2242 1788 iudiciorum

1258 1806 1438 1838 ministros
1455 1805 1642 1849 improbat.
1695 1805 1757 1839 Est
1772 1813 1887 1839 autem
1904 1805 2099 1839 causidicus
2116 1805 2243 1839 iudicis

1260 1856 1439 1896 minister,
1479 1869 1561 1888 nam
1594 1856 1668 1888 sine
1699 1856 1866 1889 causidici
1897 1856 2101 1899 diligentia,
2137 1867 2243 1900 opera

1260 1914 1292 1940 et
1320 1919 1420 1947 voce,
1462 1907 1565 1939 iudex
1594 1919 1664 1939 non
1702 1913 1814 1950 potest
1848 1918 1984 1939 causam
2023 1918 2243 1949 cognoscere.

1259 1956 1353 2000 Ergo
1374 1957 1462 1990 sicut
1486 1957 1613 1990 iudicis
1637 1957 1811 1995 officium,
1844 1957 1891 1990 ita
1917 1957 2085 1990 causidici
2107 1957 2243 1991 functio

1261 2009 1440 2053 probatur.
2194 2001 2197 2004 ‚

1363 2058 1401 2091 Si
1419 2064 1624 2102 quaeratur,
1651 2070 1696 2091 an
1713 2058 1813 2092 liceat
1829 2056 2032 2092 Christiano
2050 2059 2186 2102 litigare
2206 2059 2245 2091 in

1262 2109 1420 2146 iudiciis,
1449 2108 1569 2141 nullus
1586 2109 1682 2142 locus
1706 2116 1822 2153 aperte
1850 2110 2029 2150 concedit,
2052 2111 2110 2143 sed
2136 2110 2246 2144 ratio-

1262 2161 1414 2194 cinando
1438 2160 1620 2203 quaeritur
1650 2160 1902 2195 testimonium.
1955 2160 2052 2194 Licet
2082 2160 2135 2194 uti
2166 2161 2245 2194 aliis

1264 2211 1426 2244 civilibus
1442 2210 1562 2248 rebus,
1588 2211 1668 2244 licet
1690 2218 1804 2254 petere
1830 2211 2069 2244 defensionem
2093 2224 2110 2245 a
2134 2211 2247 2255 magi-

1263 2268 1372 2295 stratu
1390 2268 1523 2294 armato
1542 2262 1707 2295 adversus
1725 2262 1899 2301 latrones,
1927 2274 2007 2304 ergo
2032 2263 2143 2296 multo
2169 2274 2245 2295 ma-

1264 2313 1314 2356 gis
1331 2312 1412 2344 licet
1434 2324 1452 2344 a
1471 2312 1586 2345 iudice
1610 2313 1754 2354 inermi,
1779 2313 1948 2346 auxilium
1976 2316 2017 2345 ad
2043 2313 2245 2346 retinendas

1264 2363 1443 2396 facultates
1462 2370 1587 2406 petere.
1632 2362 1738 2406 Item,
1761 2363 1790 2396 si
1809 2364 2028 2406 magistratus
2045 2370 2095 2397 est
2113 2361 2246 2396 honori

1266 2413 1386 2452 bonis,
1431 2425 1510 2457 ergo
1539 2414 1661 2453 iudex,
1696 2427 1774 2447 cum
1806 2415 1962 2447 defendit
1992 2411 2247 2453 Christianum,

1265 2476 1336 2497 non
1356 2465 1497 2508 praebet
1515 2465 1545 2497 ei
1564 2465 1781 2498 occasionem
1800 2464 1986 2509 peccandi,
2014 2464 2147 2510 alioqui
2170 2476 2247 2497 nou

1236 2523 1239 2574 ’ἱ
1266 2522 1353 2548 esset
1371 2516 1401 2548 ei
1417 2513 1564 2556 honori,
1591 2518 1648 2548 sed
1670 2516 1785 2559 potius
1803 2514 1976 2548 dedecori.
2012 2516 2052 2547 In
2071 2513 2137 2548 hoc
2153 2522 2247 2549 statu

1236 2580 1239 2609 4
1265 2566 1459 2610 plurimum
1490 2567 1607 2599 valent
1638 2567 1707 2599 loci
1741 2577 1954 2599 communes.
2007 2564 2096 2599 Nam
2127 2577 2166 2599 ex
2190 2563 2247 2598 his

1235 2612 1239 2683 Ι
1267 2617 1375 2652 multa
1396 2617 1597 2653 iudicantur
1614 2624 1646 2651 et
1665 2614 1862 2650 trahuntur.
1890 2615 2022 2650 Pendet
2039 2623 2154 2650 autem
2173 2622 2247 2649 tota

1266 2678 1320 2703 res
1337 2679 1354 2702 a
1372 2668 1571 2710 dialectica,
1599 2680 1676 2702 cum
1695 2679 1733 2701 ex
1754 2678 1866 2708 causa,
1894 2679 1933 2700 ex
1951 2674 2036 2708 toto,
2059 2679 2099 2700 ex
2119 2678 2246 2711 genere
