2379 2948
125 97 197 131 481

127 180 306 225 exemplis,
334 187 407 215 tum
424 180 501 215 aliis
517 180 636 226 figuris
653 181 853 226 amplificat.
883 180 1010 214 Narrat
1021 178 1110 225 Cyr-

127 231 254 271 silum,
296 244 374 265 cum
400 232 531 266 Xerxes
562 232 696 265 bellum
722 231 895 264 Graeciae
924 231 1112 269 intulisset,

125 282 227 316 utilia
252 283 414 327 quidem,
441 284 500 316 sed
526 283 670 324 indigna
698 279 972 314 Atheniensium
1000 281 1112 324 gloria

125 333 350 372 suadentem,
375 334 462 366 adeo
478 344 550 366 non
571 331 785 376 permovisse
800 329 1045 372 Athenienses,
1073 338 1112 365 ut

125 395 199 416 non
223 383 339 417 solum
368 384 483 427 ipsum
507 383 615 422 cives,
649 383 707 415 sed
734 382 838 415 etiam
868 393 1012 415 uxorem
1037 382 1111 414 eius

125 434 292 466 mulieres
318 434 495 477 lapidibus
517 432 715 467 obruerint,
775 430 823 466 Et
845 433 945 466 addit
971 443 1109 465 causam

123 484 206 518 facti
236 483 278 518 ot'
306 481 379 531 γὰρ
404 481 554 527 ἐζήτουν
579 481 612 516 οἱ
635 481 717 516 τότε
740 480 919 527 dammim
944 482 1027 516 οὔτε
1051 479 1110 527 {¹⁷}-

123 546 236 579 τορα,
265 533 348 568 οὔτε
363 532 572 579 στρατηγὸν
597 532 630 566 οἱ
655 532 743 567 ὅτου
766 530 1027 567 δουλεύσωσιν
1051 532 1110 567 (ιύ-
1134 567 1135 572 ,

461 581 525 593 tm-

124 588 264 629 τυχιῦς,
291 582 364 617 ἀλλ’
381 582 466 617 οὐδε
484 596 550 628 ⁴,er
564 582 693 628 ἠξίουν
715 584 745 618 εἰ
770 581 821 628 μὴ
843 581 936 628 μετά
963 583 1110 618 ἐλευθε-

125 634 208 680 ρίας
220 633 345 672 αὐτοῖς
361 633 498 673 ἐξέσται
513 636 625 668 τοῦτο
642 635 777 677 ποιεῖν,
805 633 930 682 ἡγεῖτο
946 632 1020 681 γὰρ
1044 633 1110 668 αὐ-

123 688 201 720 τῶν
223 684 373 723 ἕκαστος
393 684 474 728 οὔχι
496 687 550 731 τῷ
570 683 682 730 πατρὶ
701 682 764 719 καὶ
784 687 830 729 τῇ
852 683 967 729 ματρὶ
989 681 1110 728 μόνον

123 734 370 784 γεγέιήσθαι,
399 733 489 769 ἀλλὰ
507 734 569 769 καὶ
585 738 630 780 τῇ
649 733 812 781 πατρίδι.
866 734 962 768 Haec
988 735 1108 768 onmia

124 793 317 820 nascuntur
332 797 372 819 ex
389 787 579 820 collatione
595 786 759 820 utilitatis
776 793 810 820 et
826 782 1042 826 honestatis,
1069 797 1108 818 ex

123 837 248 870 officiis
272 836 357 869 boni
378 837 483 878 civis,
511 843 543 870 et
568 844 606 870 ut
629 837 812 870 dialectice
833 836 1040 881 loquamur,
1068 848 1108 868 ex

122 887 234 921 causis
268 887 452 929 finalibus,
493 889 589 933 quod
622 885 784 920 homines
811 888 855 920 ad
888 885 1107 920 honestatem

122 938 296 982 procreati
312 938 401 976 sint,
430 950 502 970 non
520 939 562 971 ad
592 938 868 983 turpitudinem,
895 939 988 982 quod
1016 937 1108 970 cives

121 990 320 1022 libertatem
347 989 438 1022 tueri
473 990 614 1027 deceat,
648 988 731 1034 quia
764 988 802 1021 in
835 989 1004 1022 servitute
1035 1000 1108 1020 non

121 1039 257 1084 possint
273 1039 348 1072 sine
364 1040 587 1084 turpitudine
602 1039 739 1080 vivere,
766 1051 844 1073 cum
862 1039 1011 1072 servitus
1034 1050 1108 1070 non

121 1096 265 1134 regatur
285 1090 361 1122 iure
382 1102 421 1123 ac
444 1091 598 1132 legibus,
624 1091 683 1123 sed
709 1102 749 1123 ex
775 1089 924 1123 libidine
951 1089 1107 1132 illorum,

122 1142 184 1186 qui
200 1140 309 1173 multa
325 1140 454 1174 iniusta
471 1141 657 1185 imperant.
709 1138 815 1184 Apud
834 1140 974 1173 Livium
992 1139 1109 1172 Anni-

121 1192 180 1226 bal
199 1197 319 1233 petens
340 1202 358 1224 a
376 1191 542 1235 Scipione
559 1203 699 1235 pacem,
725 1197 975 1234 argumentum
1001 1190 1109 1223 sumit

122 1255 163 1276 ex
181 1242 258 1275 loco
279 1243 473 1283 communi,
496 1244 539 1276 de
558 1243 720 1275 fortunae
739 1241 986 1281 inconstantia,
1013 1241 1108 1285 quod

121 1292 273 1322 maxime.
296 1292 418 1325 fallere
445 1293 572 1333 soleat,
604 1292 633 1325 si
663 1292 764 1325 initio
793 1292 944 1325 nimium
976 1291 1107 1324 blanda

120 1339 240 1373 fuerit.
293 1335 339 1371 Et
364 1335 460 1371 hunc
486 1338 602 1371 locum
627 1342 757 1382 spargit
780 1342 817 1374 in
843 1349 951 1375 totam
976 1341 1108 1375 oratio-

120 1402 214 1424 nem.
266 1386 357 1421 Nam
382 1387 420 1420 in
446 1388 524 1421 aliis
547 1388 705 1432 partibus
727 1388 920 1428 orationis,
944 1388 1007 1421 ubi
1032 1400 1106 1420 non

119 1446 290 1476 tractatur
313 1445 431 1482 aperte
462 1439 559 1472 locus
590 1439 807 1479 communis,
843 1446 959 1472 tamen
991 1439 1107 1472 obiter

121 1490 367 1525 admonendus
382 1496 433 1523 est
450 1490 610 1530 auditor,
635 1496 676 1523 ut
694 1489 852 1522 animum
869 1501 971 1522 suum
992 1501 1033 1522 eo
1051 1502 1106 1522 re—

121 1543 229 1581 ferat,
255 1547 288 1573 et
302 1541 474 1573 utendum
491 1540 607 1574 verbis
625 1541 838 1585 quibusdam
856 1541 890 1572 in
910 1540 986 1573 loco
1011 1552 1106 1574 com-

122 1592 224 1626 muni
246 1591 349 1624 natis,
410 1588 540 1624 Omnis
573 1591 668 1624 enim
694 1591 784 1624 ratio
807 1591 1044 1634 persuadendi
1069 1603 1106 1624 ac

120 1643 380 1676 movendorum
403 1642 623 1682 animorum,
664 1642 818 1675 sumitur
842 1654 894 1675 ex·
913 1642 984 1674 illis
1009 1641 1105 1679 locis,

121 1694 182 1739 qui
192 1693 374 1726 continent
391 1692 534 1726 virtutis
548 1692 673 1733 officia,
691 1693 823 1725 etvitae
835 1703 945 1725 casus.
966 1691 1006 1724 ln
1017 1690 1105 1735 Epi-

121 1742 395 1789 phonematibus
419 1755 502 1776 vero
527 1749 560 1776 et
577 1742 614 1774 in
633 1741 794 1786 Epilogis
811 1749 1020 1785 repetuntur
1037 1743 1105 1775 loci

122 1805 326 1828 communes
343 1793 453 1837 magis
471 1799 598 1837 aperte.
634 1792 684 1827 Ut
699 1794 791 1837 apud
812 1793 954 1826 Livium
972 1793 1008 1825 in
1027 1805 1105 1825 ora-

120 1847 218 1880 tione
237 1844 340 1878 Fabii
363 1845 404 1876 ad
422 1843 464 1878 L.
483 1843 685 1889 Aemylium
702 1843 799 1877 Cos.:
828 1844 859 1876 A
884 1844 1029 1877 veritate
1054 1844 1106 1876 la-

121 1897 246 1929 borare
264 1895 370 1928 nimis
394 1906 494 1939 saepe
519 1894 572 1928 ius
594 1894 711 1934 aiunt,
740 1894 896 1937 extingui
923 1906 1105 1939 nunquam

121 1946 267 1991 gloriam
286 1947 347 1991 qui
363 1945 551 1990 spreverit,
579 1957 694 1978 veram
712 1943 876 1985 habebit,
903 1944 986 1978 Sive
1009 1945 1106 1978 timi-

122 1998 207 2031 dum
230 2009 293 2041 pro
320 2003 439 2039 cauto,
467 1997 607 2030 tardum
630 2008 693 2040 pro
715 1996 955 2035 consideram,
981 1995 1106 2028 imbel-

123 2048 192 2080 lem
209 2059 272 2091 pro
290 2047 402 2091 perito
422 2047 507 2080 belli
526 2053 661 2082 vocent.
712 2046 810 2080 Malo
827 2053 860 2079 te
876 2045 1014 2089 sapiens
1036 2041 1104 2077 ho—

124 2098 186 2131 stis
202 2104 352 2138 metuat,
379 2110 484 2142 quam
501 2097 600 2131 stulti
617 2098 709 2143 cives
723 2096 881 2131 laudent.
933 2095 1105 2129 Incidunt

125 2154 241 2181 autem
259 2155 291 2181 et
306 2149 457 2182 subinde
476 2154 620 2192 propter
644 2147 846 2181 varietatem
870 2147 1103 2180 circumstan-

125 2199 253 2232 tiarum
285 2199 388 2232 multi
412 2199 479 2232 loci
503 2209 726 2239 communes,
769 2198 806 2230 in
838 2198 986 2231 eandem
1017 2209 1104 2237 rem,

125 2260 214 2293 quos
236 2260 308 2281 non
333 2249 472 2289 videre,
505 2261 579 2282 non
604 2249 884 2283 animadvertere
904 2249 941 2281 in
967 2249 1102 2291 agendo

124 2299 298 2342 flagitium
331 2306 400 2339 est,
432 2306 471 2333 ut
495 2301 652 2345 quamvis
678 2312 743 2333 nos
768 2301 857 2333 duos
883 2300 925 2332 de
950 2299 1103 2333 Turcico

124 2351 219 2384 bello
246 2350 341 2382 locos
365 2351 603 2393 posuerimus,
629 2358 747 2384 tamen
769 2351 873 2384 aliter
895 2352 1028 2393 agenda
1051 2361 1105 2383 res

126 2402 192 2435 erit
214 2401 306 2445 apud
328 2399 525 2434 Germanos
546 2401 739 2445 principes,
774 2413 877 2446 quam
902 2402 996 2445 apud
1020 2402 1106 2434 alias

125 2452 298 2486 nationes.
351 2450 440 2483 Nam
467 2457 500 2484 et
525 2451 553 2483 si
569 2449 644 2485 ·hoc
667 2459 717 2486 est
740 2464 927 2486 commune
950 2452 1106 2485 officium

128 2502 287 2536 omnium
305 2512 426 2544 regum
445 2513 482 2534 ac
499 2500 698 2545 principum
719 2503 809 2536 tueri
835 2503 1042 2546 religiones,
1068 2514 1107 2536 ac

127 2553 350 2597 disciplinam
377 2552 536 2589 civilem,
578 2557 696 2585 tamen
728 2553 806 2586 aliis
832 2554 915 2587 satis
942 2560 993 2587 est
1016 2553 1108 2587 tueri

127 2614 233 2647 regna
250 2603 374 2647 patria.
403 2601 470 2636 Sed
484 2601 651 2635 Germani
670 2614 749 2636 cum
762 2601 915 2637 habeant
931 2615 1108 2638 summum

129 2654 338 2696 imperium,
371 2654 498 2686 debent
525 2652 653 2686 sentire
677 2653 898 2687 commissam
923 2655 992 2688 sibi
1019 2661 1110 2689 tute-

178 2706 354 2737 mentm-u.
384 2705 486 2737 Orza.
516 2705 598 2735 Von.
619 2705 715 2738 XIII.

758 95 821 133 IV.
863 93 1137 131 ELEMENTA
1192 93 1522 134 RHETORICES.

2072 109 2145 145 482

1164 179 1235 213 lam
1260 180 1445 215 universae
1469 183 1684 227 reipublicae
1707 183 1940 222 Christianae.
1990 189 2033 223 Et
2058 193 2145 229 sicut

1163 230 1242 262 aliis
1265 231 1407 273 regibus
1432 235 1618 268 autoritate
1652 243 1733 270 ante
1764 244 1831 272 stat
1856 240 2064 283 imperator,
2098 245 2143 277 ita

1162 280 1295 324 publici
1311 282 1451 314 consilii
1467 284 1538 316 dux
1553 291 1657 330 atque
1674 295 1776 321 autor
1792 300 1865 322 esse
1877 290 1992 331 debet,
2007 300 2040 325 et
2057 294 2144 327 alios

1161 342 1259 374 reges
1282 338 1475 371 cessantes,
1503 334 1545 365 ad
1571 337 1769 371 societatem
1794 346 1908 373 tantae
1932 341 1984 374 rei
2009 345 2143 377 exusci-

1161 388 1243 414 tare.
1296 379 1382 420 Hic,
1410 389 1448 415 ut
1468 382 1576 424 vides,
1603 396 1751 428 persona
1768 390 1858 432 parit
1875 403 2006 424 novum
2025 393 2142 428 locum

1160 443 1403 470 communem,
1431 432 1517 477 quid
1538 433 1741 477 imperatori
1768 440 1976 481 conveniat,
2005 452 2142 486 praeter

1161 494 1348 516 commune
1360 483 1659 525 regnrnosftcium.
1687 484 1734 519 Et
1749 489 1910 523 addenda
1928 499 2008 525 sunt
2023 491 2118 528 πάθι
2131 521 2141 535 ,

1160 534 1262 577 quale
1278 530 1345 565 hoc
1363 540 1411 565 est
1429 545 1467 565 ex
1484 536 1790 579 consequentibus.
1833 539 1946 580 Quam
1963 543 2033 577 sint
2051 523 2143 578 (36ιέ-

1158 584 1252 616 mani
1280 584 1456 628 principes
1481 585 1655 618 rationem
1678 587 1852 620 reddituri
1876 588 2033 633 Christo,
2061 608 2140 628 cum

1160 633 1196 667 in
1216 634 1279 667 illd
1296 634 1446 667 terribili
1464 633 1614 676 iudicio,
1641 644 1739 679 coget
1756 649 1814 671 eos
1831 650 1969 672 causam
1996 646 2141 686 neglecti

1159 684 1265 717 officii
1283 685 1418 724 dicere,
1447 684 1565 718 sinon
1585 686 1670 720 dent
1687 699 1851 731 operam,
1878 697 1917 723 ut
1942 691 2084 736 impiam
2110 705 2142 730 et

1159 735 1322 767 miseram
1347 735 1572 776 servitutem,
1605 743 1679 770 tum
1707 750 1725 770 a
1751 749 1804 778 se,
1838 745 1912 772 tum
1944 743 1988 773 ab
2017 747 2142 778 exteris

1158 785 1364 818 nationibus
1387 786 1591 829 depellant?
1645 786 1740 821 Haec
1764 796 1906 833 propter
1928 803 2044 826 rernm
2068 808 2142 828 nta-

1158 836 1380 879 gnitudinem
1408 836 1509 869 facile
1535 845 1681 880 possunt
1702 840 1832 882 augeri.
1887 839 1955 874 Sed
1982 855 2059 877 cnm
2083 858 2143 879 ex-

1159 886 1273 930 empla
1289 887 1421 931 ubique
1439 898 1475 919 se
1491 887 1652 929 offerant,
1679 890 1845 923 nolumus
1864 903 1935 925 esse
1955 893 2140 937 longiores,

1158 935 1254 970 Haec
1280 949 1364 969 vero
1392 937 1636 978 recitavimus,
1668 945 1708 972 ut
1737 940 1973 975 adolescentes
2003 946 2143 981 facilius

1158 987 1437 1021 animadvertere
1453 987 1581 1021 similia
1602 990 1638 1021 in
1662 990 1802 1034 scriptis
1826 992 2036 1027 disertorum
2060 1009 2143 1040 pos-

1159 1044 1254 1078 sent,
1279 1044 1311 1071 et
1334 1039 1512 1082 quandam
1538 1036 1644 1072 huius
1667 1041 1720 1073 rei
1743 1041 1944 1076 efficiendae
1968 1046 2141 1081 rationem

1159 1100 1198 1121 ex
1224 1088 1308 1132 ipsis
1329 1088 1495 1132 exemplis
1521 1090 1705 1125 discerent.
1767 1091 1888 1126 Cicero
1923 1094 1960 1126 in
1987 1098 2141 1140 perfecto

1159 1136 1312 1172 Oratore
1327 1139 1460 1179 scribit,
1481 1136 1542 1173 has
1560 1141 1647 1173 duas
1664 1148 1778 1184 partes
1795 1142 1832 1174 in
1852 1145 2012 1179 oratione
2030 1151 2142 1182 maxi-

1158 1201 1213 1222 me
1230 1196 1388 1222 actuosas
1407 1201 1496 1229 esse,
1520 1190 1683 1224 videlicet
1700 1190 1809 1226 θέσιν
1831 1200 1863 1227 et
1879 1193 2043 1240 αὔξησιν,
2076 1199 2143 1233 θέ-

1159 1250 1213 1278 σις
1230 1247 1291 1280 est,
1317 1246 1357 1273 ut
1375 1240 1459 1280 dixi,
1482 1240 1579 1273 locus
1597 1243 1796 1276 communis
1813 1255 1852 1276 ex
1870 1257 1939 1289 quo
1955 1249 2141 1293 praecipua

1158 1290 1318 1334 probatio
1336 1291 1468 1331 oritur,
1496 1290 1644 1336 αὔξησις
1661 1292 1722 1325 etsi
1740 1299 1772 1326 et
1789 1293 1863 1338 ipsa
1881 1307 1921 1328 ex
1945 1296 2022 1331 loco
2045 1312 2142 1333 com—

1158 1341 1259 1369 muni
1278 1341 1446 1378 sumitur,
1474 1348 1591 1371 tamen
1611 1343 1720 1382 magis
1737 1343 1773 1372 in
1790 1353 1828 1374 ea
1850 1350 1947 1386 parte
1971 1357 2143 1391 versatur,

1157 1399 1246 1432 quae
1273 1387 1403 1421 dicitur
1426 1388 1542 1421 minor
1575 1389 1611 1421 in
1639 1391 1860 1434 syllogismo,
1893 1401 1932 1428 ut
1959 1396 1995 1428 in
2020 1406 2141 1434 nostro

1157 1438 1316 1482 exemplo
1339 1440 1577 1481 exaggeranda
1606 1447 1687 1473 sunt
1712 1453 1770 1482 ea,
1805 1455 1894 1487 quae
1919 1445 2141 1485 inflammant

1157 1489 1294 1521 animos
1317 1496 1438 1522 contra
1465 1488 1618 1530 ΤΜ-εδδ,
1647 1491 1811 1526 videlicet
1834 1493 2003 1530 Turcicae
2028 1502 2142 1542 gentis

1158 1539 1319 1583 impietas
1342 1547 1446 1585 atque
1473 1541 1682 1580 crudelitas,
1722 1545 1816 1587 quod
1849 1546 2055 1589 religionem
2080 1553 2141 1584 de-

1158 1591 1228 1623 lere
1245 1597 1438 1629 conentur,
1466 1593 1558 1635 quod
1577 1593 1812 1626 crudelissimi
1829 1595 1900 1628 sint
1923 1597 1960 1629 in
1985 1600 2140 1643 victoria,

1158 1642 1251 1686 quod
1272 1641 1424 1674 infantes
1441 1643 1660 1686 acomplexu
1675 1650 1828 1677 matrum
1853 1646 2043 1683 abstractos
2066 1664 2140 1686 ma-

1157 1698 1250 1725 ctare
1269 1692 1421 1732 soleant,
1449 1693 1544 1737 quod
1560 1693 1659 1726 nulla
1677 1694 1800 1727 aetatis
1814 1702 1873 1729 ant
1891 1708 1990 1732 sexus
2013 1701 2140 1737 discri-

1157 1742 1254 1775 mina
1278 1742 1488 1784 observent,
1524 1745 1618 1788 quod
1650 1745 1794 1777 miseras
1820 1748 1972 1789 puellas„
1999 1762 2139 1794 pueros,

1156 1793 1321 1826 mulieres
1338 1790 1543 1827 abstrahant
1557 1795 1599 1826 ad
1615 1794 1832 1829 foedissimas
1850 1797 2026 1838 libidines,
2042 1807 2137 1848 qnod

1157 1851 1275 1887 postea
1289 1843 1486 1876 miserrima
1505 1845 1653 1878 servitus
1671 1846 1896 1889 perpetienda
1917 1849 1960 1882 sit
1978 1848 2049 1893 his,
2076 1856 2137 1899 qui

1156 1895 1222 1926 sub
1244 1893 1372 1927 'furcis
1388 1893 1533 1935 vivunt,
1561 1895 1620 1927 ubi
1640 1896 1763 1939 religio
1785 1894 1918 1932 Christi
1944 1901 2054 1936 deleta
2080 1906 2136 1946 sit,

1156 1944 1219 1977 ubi
1254 1944 1372 1976 nullae
1400 1944 1472 1977 sint
1500 1942 1667 1978 honestae
1697 1947 1805 1989 leges,
1840 1949 1902 1982 ubi
1934 1953 2136 1996 turpissima

1157 1994 1314 2037 exempla
1333 1994 1493 2039 quotidie
1509 2002 1695 2030 versentur
1711 1998 1757 2031 ob
1781 1999 1919 2041 oculos,
1953 2003 2013 2035 ubi
2034 2005 2136 2041 liceat

1156 2044 1301 2078 cuilibet
1315 2044 1473 2088 gregario
1491 2045 1595 2079 militi
1613 2048 1654 2080 ad
1673 2055 1833 2092 stuprum
1859 2051 2020 2096 abripere
2043 2057 2136 2099 opti-

1156 2095 1204 2128 mi
1232 2095 1401 2141 cuiusque
1427 2108 1574 2129 uxorem
1597 2108 1637 2131 ac
1660 2098 1803 2135 liberos.
1862 2100 2005 2143 Quanto
2027 2107 2135 2140 satius

1155 2153 1203 2179 est
1221 2146 1329 2179 semel
1346 2146 1485 2181 fortiter
1503 2147 1540 2180 in
1566 2148 1640 2181 acie
1663 2150 1774 2190 mori,
1801 2162 1904 2194 quam
1928 2153 1986 2184 tali
2011 2158 2135 2190 condi-

1153 2197 1251 2230 tione
1272 2197 1402 2231 vivere.
1460 2197 1556 2232 Haec
1586 2199 1704 2232 omnia
1727 2200 1868 2244 proprie
1893 2203 1936 2234 ad
1959 2203 2132 2241 minorem

1155 2248 1349 2293 syllogismi
1367 2250 1555 2293 pertinent.
1608 2247 1683 2283 Etsi
1700 2249 1803 2288 θέσις
1824 2251 1947 2292 etiam,
1969 2265 2029 2287 seu
2055 2270 2133 2291 ma-

1156 2299 1210 2331 ior
1225 2299 1439 2344 syllogismi,
1467 2311 1563 2333 suam
1582 2296 1686 2333 habet
1712 2299 1864 2345 αὔξησιν
1884 2309 1917 2335 et
1941 2306 2134 2349 amplifica-

1155 2350 1301 2383 tionem.
1354 2349 1422 2384 Sed
1444 2350 1611 2395 quoniam
1633 2350 1749 2383 minor
1772 2358 1822 2384 est
1845 2354 1987 2397 propria
2012 2368 2133 2393 causae

1157 2407 1189 2434 et
1207 2412 1454 2444 personarum,
1482 2400 1629 2444 αὔξησις
1653 2400 1688 2432 iu
1713 2398 1777 2435 hac
1798 2409 1895 2445 parte
1918 2405 2134 2451 dominatur,

1157 2464 1245 2497 quae
1262 2458 1379 2484 tamen
1396 2459 1428 2485 et
1445 2452 1517 2494 ipsa
1534 2458 1608 2483 tum
1626 2462 1665 2482 ex
1687 2448 1793 2491 thesi,
1821 2459 1894 2486 tum
1918 2466 1959 2488 ex
1984 2457 2061 2492 aliis
2081 2461 2135 2494 lo-

1159 2503 1224 2542 cis,
1252 2514 1340 2546 quos
1356 2513 1502 2546 persona
1522 2500 1630 2544 parit,
1657 2501 1780 2536 oritur.

1263 2552 1350 2586 Cum
1366 2559 1481 2585 autem
1497 2562 1601 2595 supra
1619 2551 1767 2584 dixerim
1783 2565 1822 2585 ex
1840 2554 1924 2588 locis
1946 2557 2136 2595 dialecticis

1159 2610 1252 2637 ortas
1269 2614 1341 2635 esse
1359 2603 1486 2644 figuras
1503 2602 1768 2638 sententiarum.
1809 2603 1901 2639 Sunt
1918 2608 2012 2641 enim
2030 2609 2136 2643 iidem

1161 2653 1312 2687 docendi
1330 2660 1434 2698 atque
1459 2653 1611 2686 ornandi
1637 2653 1725 2695 loci,
1751 2655 1919 2690 addemus
1935 2658 2075 2701 titulos,
2101 2669 2140 2696 ut

1586 2703 1631 2737 31
