2379 2948
1211 440 1266 483 V.

644 522 1074 566 DIALECTICA
1131 523 1228 564 PH.
1287 523 1812 569 MELANTHONIS.

224 700 325 757 Mox
351 732 520 766 postquam
544 723 721 752 rhetorices
746 728 919 761 praecepta
943 721 1102 761 ediderat,
1129 722 1319 755 Melanthum
1343 722 1537 761 conscripsit
1561 727 1593 752 et
1617 721 1716 752 edidit
1741 722 1969 755 Dialecticam.

350 786 433 815 Sunt
463 789 569 812 autem
600 781 850 821 distinguendae
881 782 949 810 {res
977 780 1072 810 huius
1103 780 1170 810 libri
1201 779 1339 817 formae,
1375 789 1509 819 quarum
1536 779 1649 819 prima
1673 790 1701 810 a.
1727 782 1836 816 1520..
1867 782 2009 813 secunda
2039 793 2065 813 a.
2093 782 2185 814 1528.
2210 789 2242 813 et

223 843 323 876 teriia
347 854 372 872 a.
400 842 491 872 1547.
517 839 639 879 prodiit.

732 896 874 926 Prima
903 894 1041 935 forma
1071 897 1145 926 anui
1168 896 1259 926 1520.
1284 897 1332 926 sic
1353 897 1509 937 inscripta
1532 902 1600 926 est:

350 956 615 998 „Compendiaria
639 955 827 985 dialectices
851 956 940 984 ratio.
972 955 1060 993 Lips.
1084 954 1168 994 apud
1190 955 1310 984 Melch.
1334 955 1543 994 Lottberum,
1566 964 1649 984 anuo
1666 955 1709 984 M.
1720 955 1756 985 D.
1766 955 1835 984 XX.
1860 957 1906 985 43¹
1951 956 2107 985 Auctoris
2131 964 2245 984 nomen

223 1022 253 1048 iu
278 1017 369 1047 titulo
395 1026 455 1045 non
480 1015 693 1053 conspicitur,
731 1012 790 1043 sed
814 1013 932 1053 legitur
956 1014 987 1042 in
1011 1013 1213 1043 dedicatione
1236 1012 1276 1042 ad
1299 1013 1617 1053 Schwerffegerum,
1655 1015 1705 1043 cui
1728 1014 1843 1043 librum
1867 1014 2039 1052 inscripsit.
2090 1012 2246 1044 Dedimus

222 1086 293 1106 eam
317 1077 346 1105 in
369 1074 524 1113 Epistolis
548 1073 618 1102 Vol.
635 1073 658 1100 1.
684 1082 714 1110 p.
732 1071 801 1101 152.
827 1077 859 1100 et
883 1081 955 1101 cum
979 1080 1017 1100 ea
1040 1070 1235 1101 conferenda
1260 1077 1311 1101 est
1334 1072 1473 1110 epistola
1496 1071 1536 1101 ad
1559 1072 1783 1102 Bernhardum
1807 1072 1956 1102 Maurum
1981 1071 2067 1111 (vot.
2083 1072 2104 1101 1.
2122 1081 2150 1110 p.
2166 1070 2246 1112 62),

221 1138 251 1165 in
279 1144 339 1173 qua
365 1133 554 1162 Melanthon
578 1131 617 1160 de
641 1131 852 1170 cognatione.
881 1138 963 1168 quae
986 1130 1169 1160 rhetoricen
1194 1136 1227 1160 et
1251 1131 1439 1161 dialecticen
1463 1130 1653 1167 intercedit,
1683 1132 1843 1169 exposuit.

347 1192 497 1222 Recusus
522 1196 573 1219 est
597 1190 647 1219 hic
669 1189 745 1218 liber
770 1188 919 1218 Basileae
944 1189 1027 1227 apud
1050 1189 1180 1219 Valent.
1206 1175 1398 1227 Curionem,
1433 1188 1523 1219 1521.
1547 1198 1587 1218 m.
1612 1190 1712 1228 April.

772 1247 902 1285 Lipsiae
928 1247 1019 1277 1521.
1044 1248 1128 1287 apud
1151 1248 1222 1278 Vat.
1248 1247 1445 1277 Schumann.

771 1306 948 1345 Haganoae
971 1316 1020 1344 ap.
1046 1307 1087 1336 lo.
1113 1307 1296 1344 Secerium,
1328 1306 1418 1336 1521.

773 1361 924 1390 Basileae
948 1371 1003 1399 per
1027 1363 1188 1391 Adamum
1212 1364 1318 1394 Petri.
1344 1363 1433 1394 1522.
1458 1373 1570 1392 mense
1595 1364 1717 1389 Ianuar.

770 1419 905 1448 Parisiis
930 1428 978 1457 ap.
1004 1419 1123 1449 Simon.
1147 1419 1351 1456 Colinaeum,
1382 1418 1472 1448 1522.

772 1478 984 1517 Argentorati
1007 1487 1055 1516 ap.
1080 1477 1145 1506 Ioh.
1170 1478 1388 1517 Hervagium.
1422 1475 1512 1506 1523.

772 1536 868 1565 Basil.
893 1535 978 1575 apud
1003 1536 1114 1565 Thom.
1140 1534 1261 1565 Wolff.
1285 1545 1324 1565 m.
1350 1536 1436 1574 Aug.
1464 1533 1554 1563 1523.

774 1596 950 1634 Augustae
973 1594 1130 1624 Vindelic.
1156 1593 1247 1624 1523.

221 1650 249 1672 et
278 1643 415 1680 saepius.

729 1692 920 1724 Secunda
949 1691 1097 1734 forma.

349 1758 397 1786 De
428 1765 467 1785 ea
497 1753 684 1783 Melanthon
717 1752 757 1782 ad
781 1752 1001 1782 Camerariuiu
1026 1753 1116 1791 (Vol.
1135 1753 1154 1781 l.
1180 1762 1209 1791 p.
1228 1752 1353 1792 1084.)
1393 1752 1599 1783 ..Dialectica
1622 1752 1730 1788 mitto.
1761 1759 1843 1789 quae
1868 1760 1967 1789 nuper
1991 1752 2180 1792 recognovi,
2212 1757 2246 1781 et

224 1817 416 1856 posteriores
441 1813 521 1843 duos
545 1813 669 1842 libellos
693 1813 836 1842 retexui.
872 1817 904 1840 et
929 1812 972 1841 ita
997 1812 1150 1848 tractavi,
1184 1816 1217 1840 ut
1248 1816 1350 1840 totam
1380 1816 1482 1840 artem
1513 1809 1715 1849 complexum
1739 1819 1791 1839 me
1815 1818 1890 1839 esse
1916 1811 2052 1848 putem.’'
2118 1810 2245 1839 Initium

223 1873 417 1913 perpoliendi
448 1873 518 1901 libri
550 1871 671 1901 fecerat
694 1871 886 1900 Melanthou
915 1871 976 1900 iam
1001 1880 1026 1899 a.
1055 1870 1145 1899 1527.
1198 1869 1282 1899 Nam
1310 1869 1342 1898 in
1365 1869 1423 1907 Ep.
1449 1868 1476 1898 d.
1500 1869 1529 1897 2.
1554 1869 1611 1897 Iul.
1635 1868 1723 1897 1527.
1754 1868 1899 1906 scripsit:
1936 1889 1955 1905 ,‚
1966 1877 2026 1907 ego
2055 1867 2243 1906 διαλεκτικὴν

222 1932 379 1971 perpolio,
405 1939 488 1960 nunc
511 1931 594 1959 enini
619 1931 726 1967 pueris
750 1930 830 1958 meis
855 1929 970 1958 trado.''
1015 1926 1147 1966 sslylius
1170 1928 1200 1956 in
1224 1927 1430 1967 chronologia
1453 1927 1602 1956 librorum
1625 1925 1845 1955 Melanthonis
1869 1925 1965 1961 dixit,
1989 1924 2146 1963 prodiisse
2161 1926 2244 1955 hauc

222 2000 337 2020 novam
363 1989 535 2019 editionem
561 1988 764 2017 dialectices.
788 1996 882 2025 quam
907 1987 987 2016 Guil.
1012 1986 1260 2016 Reiffensteinio
1285 1985 1491 2015 dedicaverat
1517 1984 1599 2023 (vid.
1615 1984 1687 2013 Vol.
1704 1984 1726 2012 1.
1750 1993 1778 2022 p.
1798 1983 1925 2021 10793.
1950 1993 2032 2012 anno
2057 1983 2162 2018 1528..
2187 1985 2243 2014 sed

223 2050 298 2078 mihi
322 2048 492 2077 videbatur
516 2046 703 2076 Melanthon
729 2056 799 2075 eam
824 2056 906 2075 anno
933 2046 1026 2076 1529.
1051 2043 1207 2077 edidisse.
1232 2048 1265 2072 ut
1290 2044 1319 2072 in
1344 2043 1415 2072 Vol.
1431 2044 1453 2072 I.
1470 2043 1574 2081 Epist.
1599 2052 1627 2081 p.
1644 2041 1735 2071 1074.
1761 2046 1836 2070 nota
1849 2041 1927 2080 ω).
1951 2046 1983 2070 et.
2009 2041 2080 2070 ibid.
2106 2051 2133 2080 p.
2150 2042 2242 2073 1079.

224 2108 289 2147 legi
311 2113 436 2145 potest,
467 2115 571 2144 neque
594 2105 745 2143 putabam
772 2105 803 2133 in
827 2115 864 2133 co
889 2114 1033 2142 errasse,
1058 2112 1153 2141 quum
1177 2101 1365 2131 Melanthon
1388 2102 1458 2140 ipse
1482 2101 1512 2129 in
1536 2099 1735 2129 dedicatione
1759 2099 1937 2128 rhetorices
1962 2099 2068 2128 editae
2098 2110 2125 2129 a.
2152 2100 2242 2131 1531.

224 2172 256 2195 et
281 2166 356 2195 filiis
380 2164 620 2195 Reiffcnsteinii
643 2164 834 2201 inscriptae,
865 2163 1048 2201 scripserit.
1079 2170 1115 2190 se
1145 2162 1221 2190 anie
1245 2158 1413 2189 biennium
1444 2159 1526 2197 patri
1550 2167 1660 2187 eorum
1682 2157 1871 2186 dialecticen
1896 2157 2075 2187 dedicasse.
2137 2158 2242 2196 Quum

226 2231 331 2254 autem
362 2234 402 2252 ex
433 2233 513 2252 anno
542 2222 630 2252 1529.
663 2222 780 2251 nnllam
811 2221 997 2250 dialectices
1028 2219 1200 2248 editionem
1225 2222 1506 2248 commemoratam
1530 2216 1620 2251 novi.
1655 2214 1714 2244 sed
1737 2220 1863 2254 prostat
1887 2215 1984 2245 editio
2008 2216 2178 2247 emendata
2201 2227 2241 2247 ex

224 2293 304 2311 anno
332 2282 436 2312 1528..
474 2282 569 2310 velim
601 2290 684 2309 nnnc
714 2279 871 2309 accedere
901 2278 940 2308 ad
971 2278 1166 2308 sententiam
1188 2277 1295 2317 Mylii.
1328 2282 1360 2306 et
1389 2281 1466 2315 puto
1497 2284 1549 2309 ca,
1581 2283 1663 2312 quae
1686 2273 1874 2303 Melanthon
1902 2275 1934 2303 in
1958 2274 2114 2322 Epistolis
2138 2275 2165 2305 d.
2193 2276 2239 2305 10.

226 2341 289 2369 lun.
315 2346 346 2369 et
372 2339 399 2369 d.
423 2341 474 2369 24.
500 2346 531 2368 et
556 2339 606 2368 26.
632 2339 701 2368 Iulii
730 2338 819 2367 1529.
844 2337 941 2375 dixit,
978 2335 1148 2366 reserenda
1173 2345 1247 2365 esse
1271 2334 1311 2365 ad
1335 2334 1521 2371 editionem,
1558 2341 1641 2371 quae
1665 2332 1864 2372 Vitebergae
1890 2342 2013 2362 excusa
2043 2339 2110 2371 cst.
2146 2342 2239 2371 quani

228 2409 302 2427 vcro
329 2410 346 2427 a
370 2400 496 2427 nemine
520 2403 799 2428 commemoratam
824 2395 898 2425 vidi.

390 2457 581 2486 Prodierunt
606 2466 735 2495 nempe:

351 2514 575 2549 „Dialectices
597 2515 679 2544 Phil.
702 2514 777 2543 Mel.
803 2513 871 2542 libri
894 2517 1029 2550 quatuor
1053 2511 1092 2540 ab
1117 2516 1246 2540 auctore
1271 2511 1340 2548 ipse
1364 2508 1403 2537 de
1426 2507 1551 2547 integro
1576 2508 1605 2536 iu
1629 2507 1733 2536 lucem
1757 2506 1928 2544 conscripti
1951 2514 1987 2535 ac
2018 2505 2104 2535 editi.
2157 2506 2238 2536 ltem

227 2571 420 2601 Rhetorices
444 2572 746 2612 praeceptiunculae
771 2571 1003 2601 doctissiinae.''
1055 2570 1180 2609 Hagan.
1206 2578 1262 2607 per
1286 2568 1391 2596 loanu.
1418 2566 1595 2598 Secermm.
1621 2565 1710 2595 1528.
1737 2574 1849 2594 mense
1873 2565 1956 2603 Aug.
1987 2564 2015 2593 S.
2043 2581 2082 2586 —
2127 2564 2237 2595 Recu-

225 2639 282 2659 sus
306 2635 356 2659 est
381 2629 474 2659 liber:
504 2629 583 2658 Phil.
607 2630 684 2660 Mel.
708 2630 891 2667 dialectica,
921 2629 960 2658 ab
990 2628 1124 2658 authore
1154 2626 1309 2661 adaucta,
1339 2626 1383 2654 ita
1414 2630 1447 2654 ut
1477 2625 1507 2653 in
1538 2624 1647 2654 multis
1670 2629 1815 2653 veterem
1839 2631 1901 2650 non
1925 2631 2027 2660 queas
2051 2632 2236 2663 agnoscere-

222 2687 325 2717 Paris.
349 2697 397 2727 ap.
422 2689 466 2717 Io.
493 2688 604 2726 Steph.
632 2689 721 2718 1528.
747 2698 786 2718 m.
808 2688 891 2717 Nov.
938 2688 964 2716 8.
