2379 2948
221 128 293 162 683

613 195 823 229 Duodecim.

330 260 402 293 Lex
425 252 605 289 referenda
630 257 680 284 est
696 251 739 284 ad
760 260 880 283 causas
897 248 1102 288 efficientes,
1131 244 1212 290 quia

231 321 281 347 est
298 307 461 353 cogitatio
478 301 721 349 principaliter
736 311 882 334 movens
899 305 1069 343 agentem.
1122 295 1212 330 Cum

232 365 338 402 igitur
355 358 532 393 actionum
551 353 739 387 efficientes
757 363 879 385 causae
893 357 1132 396 quaeruntur,
1159 347 1213 379 lex

232 401 335 448 eiiam
367 406 567 454 quaerenda
601 411 662 439 est.
731 400 896 436 Ionathas
929 402 1013 435 texit
1042 399 1213 433 Davidem

232 470 353 498 contra
384 459 537 493 edictum
562 455 693 500 patris,
726 454 786 487 sed
813 460 927 487 motus
951 459 1000 485 est
1023 462 1104 483 vera
1130 449 1215 492 lege,

233 513 412 551 videlicet,
446 508 529 542 Non
562 514 613 541 est
643 505 771 538 iniuste
799 504 999 537 faciendum
1031 508 1215 546 parentum

233 573 293 600 aut
316 562 510 597 amicorum
533 569 653 598 causa,
681 562 721 589 ut
744 555 887 588 dicitur:
914 553 995 587 Non
1018 549 1216 585 communi-

234 628 288 651 ces
312 612 436 648 alienis
459 609 619 656 peccatis.
671 605 780 640 Recte
804 605 912 648 igitur
935 604 1016 637 fecit
1039 599 1216 636 Ionathas.

234 667 337 701 Talia
366 667 570 706 argumenta
604 671 622 692 a
655 657 729 700 lege
760 657 863 690 ducta
892 654 1071 699 pertinent
1097 654 1140 686 ad
1164 652 1217 685 lo-

235 729 314 752 cum
330 724 512 750 causarum
530 708 769 744 efficientium.

630 805 826 838 Tredecima.

337 866 369 899 A
385 863 496 898 causis
513 872 573 906 per
591 859 751 893 accidens
767 869 841 890 non
853 857 944 890 valet
959 853 1221 900 consequentia.

237 919 325 953 Nam
343 913 541 959 saepissime
559 911 607 951 fit,
632 916 672 943 ut
687 921 761 942 non
777 914 971 953 sequantur
983 907 1138 946 effectus,
1166 911 1220 938 ut:

388 962 582 999 Laboravit
598 960 700 1001 febri,

442 1013 537 1058 Ergo
554 1013 664 1046 factus
680 1017 732 1044 est
748 1017 956 1054 temperans,

388 1065 498 1099 Venit
515 1065 553 1096 in
569 1062 751 1101 iudicium,

445 1115 557 1159 Igitur
572 1113 648 1147 odit
665 1110 904 1145 adversarium
917 1137 926 1151 ,
954 1117 1017 1143 etc.

345 1233 422 1265 Dic
447 1230 618 1273 primam
641 1225 825 1268 regulam
848 1225 892 1257 de
915 1223 1119 1256 Materia.

342 1304 412 1338 Cui
439 1301 608 1336 adimitur
632 1297 794 1337 materia,
823 1296 1030 1330 adimuntur
1054 1300 1087 1328 et
1113 1300 1226 1338 partes

240 1356 407 1391 materiae
431 1360 465 1386 et
488 1350 681 1385 accidentia
704 1347 847 1392 propria
872 1347 926 1380 illi
948 1345 1129 1384 materiae,
1166 1356 1226 1377 seu

241 1407 397 1442 subiecto
410 1429 418 1443 ‚
444 1409 499 1436 ut:

397 1453 526 1488 Stellae
544 1457 626 1485 sunt
645 1459 790 1493 corpora
810 1447 926 1481 lucida
938 1474 947 1489 ,
973 1448 1033 1481 sed
1051 1458 1125 1480 non
1143 1458 1227 1479 con-

449 1505 530 1537 flata
547 1514 588 1535 ex
606 1499 787 1534 elementis
806 1499 900 1531 inter
915 1510 950 1532 se
964 1498 1095 1537 mixtis,

395 1553 490 1598 Ergo
514 1552 632 1586 nullae
657 1557 738 1583 sunt
760 1556 876 1593 partes
896 1556 1074 1582 terrestres
1093 1548 1129 1580 in
1148 1548 1229 1581 stel-

451 1606 513 1644 lis,
541 1614 605 1636 nec
621 1601 766 1635 aluntur
782 1599 900 1633 stellae
917 1600 1120 1644 vaporibus.

658 1697 814 1730 Secunda.

346 1756 553 1794 Accidentia
584 1752 727 1798 propria
759 1750 906 1790 mentis,
951 1762 1025 1783 non
1055 1756 1136 1783 sunt
1167 1749 1231 1782 tri-

245 1812 385 1848 buenda
402 1806 561 1851 corpori,
587 1815 651 1837 nec
669 1808 828 1840 econtra,
857 1808 912 1834 ut:

398 1859 441 1893 In
460 1863 570 1891 statua
588 1865 662 1888 non
682 1860 733 1888 est
751 1863 862 1892 mens,

398 1908 493 1952 Ergo
512 1918 577 1940 nec
594 1904 725 1938 noticia
743 1903 799 1935 vel
817 1902 993 1945 cogitatio.

678 1993 801 2025 Tertia.

349 2050 556 2088 Accidentia
586 2059 658 2081 non
690 2054 837 2090 possunt
868 2058 940 2079 esse
966 2046 1041 2078 sine
1064 2046 1232 2079 subiecto.

251 2109 370 2151 Quare
393 2105 571 2138 destructo
598 2097 754 2132 subiecto
778 2097 970 2131 accidentia
996 2096 1098 2129 etiam
1123 2098 1234 2130 inter—

251 2165 352 2198 eunt,
380 2162 435 2189 ut:

402 2203 540 2238 Oculus
557 2204 742 2242 corruptus
758 2204 819 2236 est,

402 2253 500 2297 Ergo
518 2251 668 2285 extincta
686 2256 735 2281 est
754 2248 851 2280 visio.

673 2338 812 2377 Quarta.

352 2399 521 2434 Diversae
538 2393 704 2428 materiae
721 2392 860 2424 variant
879 2402 996 2423 rerum
1017 2391 1237 2434 dignitatem,

254 2460 309 2485 ut:
335 2448 478 2483 Thorax
495 2457 620 2481 aureus
636 2450 686 2477 est
701 2443 891 2487 preciosior
906 2442 1031 2475 ferreo.

473 2563 549 2593 Dic
579 2560 765 2601 regulam
795 2558 839 2590 de
869 2557 1019 2593 Fo1rma.

356 2633 474 2666 Posita
498 2633 609 2664 forma
634 2629 873 2668 substantiali,
901 2639 956 2661 res
982 2628 1054 2671 ipsa
1080 2628 1237 2671 ponitur,

256 2687 343 2720 Nam
368 2695 446 2717 cum
465 2683 576 2715 forma
597 2681 757 2723 ponitur,
785 2690 922 2712 necesse
938 2685 988 2712 est
1006 2679 1186 2712 materiam
1204 2686 1237 2711 et

467 114 674 154 SCRIPTA
703 113 779 148 PH.
808 108 922 146 MEL.
952 108 1019 144 AD
1044 108 1169 144 HlST.
1196 106 1339 146 PROF.
1366 107 1432 143 ET
1460 106 1650 145 PHILOS.
1678 106 1997 146 SPECTANTIA.

2169 111 2241 147 684
2271 94 2274 95 ⁷

1262 194 1448 228 efficientia
1473 194 1698 238 praecedere,
1725 192 1814 226 Nam
1838 194 1951 228 forma
1968 203 2018 229 est
2034 196 2072 228 in
2086 197 2242 231 materia.

1261 244 1401 280 Rursus
1424 252 1560 286 autem,
1594 245 1657 278 ubi
1682 256 1755 277 non
1782 251 1833 278 cst
1855 246 1969 279 forma
1992 246 2245 287 substantialis,

1262 296 1313 330 ibi
1336 309 1400 330 nec
1422 308 1476 330 res
1502 303 1554 330 est
1578 297 1652 330 eius
1678 295 1826 339 speciei,
1852 296 1950 330 cuius
1976 303 2026 330 est
2048 296 2160 331 forma
2184 299 2245 331 illa

1263 347 1432 392 specifica.

1416 397 1546 432 Stellae
1563 409 1636 430 non
1653 395 1785 430 habent
1802 397 1938 431 animas
1955 397 2090 441 insitas,

1418 447 1530 491 Igitur
1547 460 1618 480 non
1637 455 1720 481 sunt
1737 448 1914 480 animalia.

1365 498 1500 532 Eodem
1522 500 1627 532 modo
1651 499 1695 532 ab
1714 499 1990 532 accidentalibus
2005 499 2130 532 formis
2147 510 2250 542 argu-

1266 556 1483 583 mentamur:

1421 599 1462 633 ln
1477 597 1533 632 his
1546 600 1733 634 ruderibus
1748 601 1923 634 destructa
1937 607 1986 634 est
1997 601 2106 643 figura
2117 601 2252 641 domus,

1421 649 1533 694 Igitur
1548 647 1630 683 haec
1647 652 1772 684 rudera
1790 664 1862 684 non
1881 659 1962 685 sunt
1981 652 2118 685 domus.

1417 757 1497 789 Dic
1526 756 1694 798 reyulas
1724 757 1769 789 de
1798 758 1933 790 Causa
1961 758 2105 799 finali.

1669 815 1782 847 Prima
1805 819 1865 848 esf.

1375 866 1511 901 Omnes
1534 880 1589 901 res
1612 868 1648 900 in
1674 875 1746 902 tota
1772 875 1896 902 natura
1920 870 2081 903 conditae
2107 876 2187 903 sunt
2212 871 2255 903 ad

1272 920 1409 964 aliquos
1424 919 1527 959 fines,
1555 919 1591 951 id
1608 925 1676 959 est,
1704 920 1746 952 ad
1765 931 1847 952 usus
1864 920 2012 964 aliquos.
2066 919 2149 954 Ideo
2168 921 2258 953 dixit

1274 969 1497 1004 Aristoteles:
1541 968 1675 1003 Natura
1709 967 1801 1002 nihil
1832 970 1914 1004 facit
1943 971 2083 1004 frustra.
2152 970 2255 1004 ltem:

1273 1020 1407 1055 Natura
1438 1020 1507 1063 agit
1541 1027 1684 1064 propter
1712 1021 1829 1056 finem.
1896 1019 1949 1054 Ex
1978 1019 2046 1054 hoc
2079 1021 2176 1055 fonte
2200 1034 2258 1054 ex-

1275 1078 1399 1106 truunt
1414 1069 1623 1114 Philosophi
1639 1071 1841 1104 universam
1857 1069 2019 1105 Ethicen.
2073 1071 2120 1106 Ut
2137 1072 2260 1105 vident

1276 1129 1427 1157 caeteras
1449 1133 1521 1162 res,
1557 1121 1650 1155 Solis
1675 1134 1835 1164 cursum,
1870 1123 2002 1166 fruges,
2031 1123 2188 1165 plantas,
2215 1123 2258 1156 ad

1277 1180 1389 1207 certos
1413 1184 1496 1206 usus
1517 1184 1577 1205 seu
1603 1173 1688 1206 fines
1712 1173 1824 1206 nasci:
1853 1173 1899 1207 ita
1919 1180 2009 1207 recte
2027 1173 2187 1207 iudicant
2202 1185 2261 1217 ge·

1277 1237 1343 1258 nus
1366 1221 1562 1256 humanum
1587 1224 1631 1256 ad
1656 1230 1789 1258 certum
1818 1225 1924 1257 finem
1951 1224 2058 1259 nasci.
2111 1222 2157 1258 Et
2181 1237 2260 1257 cum

1276 1274 1476 1319 saepissime
1498 1275 1739 1308 ducantur-ab
1758 1275 1880 1308 officiis
1898 1281 2121 1318 argumenta,
2149 1275 2262 1308 scicn-

1278 1327 1362 1360 dum
1381 1331 1432 1359 est
1448 1337 1485 1358 ea
1504 1325 1594 1358 sumi
1611 1337 1650 1358 ex
1668 1337 1769 1359 causa
1788 1326 1894 1361 finali.

1690 1406 1850 1438 Secunda.

1384 1458 1498 1494 Unius
1518 1459 1570 1494 rei
1593 1467 1739 1504 possunt
1764 1472 1835 1493 esse
1851 1460 1953 1493 multi
1970 1461 2075 1499 fines,
2103 1461 2162 1495 sed
2180 1461 2263 1494 sub-

1280 1511 1436 1545 ordinati
1461 1523 1521 1544 seu
1546 1510 1674 1549 vicini,
1711 1517 1766 1543 ut:
1802 1509 1936 1543 Vinum
1961 1511 2074 1544 nutrit
2097 1518 2130 1544 et
2154 1518 2265 1551 sanat,

1279 1561 1397 1595 Homo
1416 1562 1579 1594 conditus
1595 1567 1662 1601 est,
1690 1567 1729 1594 ut
1746 1568 1910 1603 agnoscat
1925 1568 1957 1595 et
1973 1561 2125 1594 celebret
2141 1560 2266 1601 Deum,

1281 1612 1442 1646 doctrina
1466 1619 1499 1645 et
1524 1611 1738 1645 obedientia.
1792 1610 1860 1644 Hie
1885 1619 1935 1645 est
1951 1612 2160 1656 praecipuus
2175 1612 2265 1647 finis.

1282 1662 1405 1696 Postea
1430 1663 1602 1696 accedunt
1626 1661 1704 1702 alii,
1733 1660 1781 1695 Ut
1804 1662 1900 1696 iuvet
1917 1674 2138 1696 communem
2156 1662 2266 1696 socie-

1282 1721 1406 1753 tatem,
1432 1712 1521 1747 Nam
1545 1720 1578 1746 et
1602 1712 1747 1746 societas
1768 1719 1911 1757 propter
1932 1710 2023 1746 hanc
2047 1725 2185 1747 causam
2211 1713 2266 1745 in-

1282 1765 1403 1798 stituta
1427 1772 1495 1805 est,
1523 1770 1563 1797 ut
1587 1763 1648 1796 alii
1674 1763 1761 1797 alios
1785 1765 1827 1796 de
1842 1763 1918 1797 Deo
1935 1771 1968 1797 et
1983 1764 2026 1797 de
2042 1765 2147 1798 rebus
2163 1764 2266 1796 bonis

1283 1816 1443 1848 doceant.
1495 1814 1601 1848 Miles
1618 1814 1761 1847 dimicat
1779 1815 2037 1858 principaliter,
2062 1822 2101 1848 ut
2111 1813 2185 1848 Deo
2202 1815 2266 1847 ob-

1284 1872 1473 1910 temperet,
1500 1865 1823 1909 obtemperaturus,
1851 1865 1988 1899 etiamsi
2010 1877 2083 1898 non
2099 1866 2267 1899 darentur

1284 1916 1449 1962 praemia.
1501 1915 1685 1957 Secundo,
1711 1923 1750 1949 ut
1771 1915 1913 1949 adiuvet
1928 1915 2168 1948 defensionem
2185 1928 2268 1948 suo-

1285 1979 1375 2003 rum.
1436 1966 1577 2007 Tertio,
1609 1973 1648 1999 ut
1670 1966 1885 2009 stipendium
1908 1966 2065 2010 accipiat.
2125 1965 2174 1999 lta
2197 1978 2267 1999 una

1285 2018 1375 2052 actio
1400 2018 1529 2050 multos
1547 2014 1650 2050 habet
1668 2017 1771 2057 fines,
1798 2017 1857 2049 sed
1873 2023 1990 2050 tamen
2007 2016 2093 2050 alios
2110 2017 2188 2050 aliis
2205 2029 2268 2060 po-

1285 2070 1402 2104 tiores.
1461 2065 1590 2111 loseph
1614 2067 1766 2100 abstinet
1792 2068 1836 2100 ab
1860 2065 1966 2100 herili
1990 2068 2158 2111 coniuge,
2190 2066 2269 2102 Pri-

1285 2132 1402 2159 mum,
1428 2125 1467 2152 ut
1483 2117 1559 2152 Deo
1583 2119 1810 2161 obtemperet.
1864 2117 2045 2158 Secundo,
2072 2130 2117 2152 ne
2142 2118 2269 2162 punia-

1286 2179 1344 2205 tur
1375 2182 1393 2203 a
1418 2167 1494 2202 Deo
1525 2169 1580 2201 vel
1609 2169 1759 2202 aeternis
1790 2169 1844 2201 vel
1869 2169 2110 2212 praesentibus
2134 2169 2268 2213 poenis.

1287 2221 1422 2261 Tertio,
1449 2232 1493 2253 ne
1507 2220 1642 2253 amittat
1660 2220 1907 2262 praestantiam
1923 2220 2108 2255 donorum.
2152 2219 2268 2263 Quar-

1287 2280 1343 2313 to,
1378 2283 1421 2304 ne
1451 2272 1622 2304 deformet
1650 2271 1847 2304 doctrinam
1875 2271 2059 2306 scandalis.
2122 2270 2269 2313 Quinto,

1287 2335 1331 2355 ne
1357 2334 1419 2355 suo
1446 2328 1584 2366 peccato
1609 2329 1731 2355 noceat
1756 2322 1898 2355 alterius
1924 2321 2175 2360 conscientiae,
2205 2332 2268 2353 nec
2316 2350 2319 2354 .

1287 2386 1305 2407 a
1323 2372 1399 2406 Deo
1424 2373 1550 2406 avellat
1573 2373 1726 2405 animam
1739 2399 1746 2412 ,
1774 2379 1807 2406 et
1830 2372 1988 2415 impellat
2006 2372 2042 2404 in
2060 2378 2267 2415 perpetuum

1288 2424 1443 2458 exitium.
1503 2422 1627 2461 Sexto,
1663 2435 1707 2456 ne
1731 2430 1853 2456 noceat
1875 2422 2042 2466 Reipubl.
2100 2420 2269 2465 Septimo,

1288 2486 1332 2508 ne
1357 2474 1524 2518 puniatur
1547 2474 1670 2518 poenis
1688 2474 1862 2507 civilibus.
1918 2472 1966 2505 Ita
1985 2473 2094 2504 sciant
2112 2472 2268 2505 iuniores

1288 2537 1388 2570 saepe
1412 2525 1541 2558 multos
1560 2525 1645 2558 fines
1662 2536 1888 2563 concurrere,
1916 2530 1947 2555 et
1965 2523 2148 2565 diligentia
2162 2523 2267 2566 digna

1288 2582 1337 2610 est
1362 2574 1526 2615 homine,
1560 2576 1646 2608 fines
1671 2576 1847 2608 actionum
1872 2584 1994 2616 magna
2019 2586 2103 2606 cura
2129 2574 2267 2618 prospi-

1288 2639 1382 2667 cere,
1407 2635 1444 2660 ut
1461 2627 1566 2670 vulgo
1584 2626 1730 2660 dicitur:

1361 2680 1516 2721 Quicquid
1532 2683 1611 2720 agis,
1640 2680 1798 2720 prudenter
1816 2689 1900 2717 agas,
1929 2686 1955 2706 vt
1975 2680 2084 2717 respice
2103 2680 2198 2707 finem.
