2379 2948
282 102 376 139 1071

282 189 319 221 in
343 183 492 220 Psalmis
517 184 616 217 docet
650 190 733 220 noS,
760 185 799 212 ut
825 178 893 212 fide
916 176 1168 221 promissiones
1190 187 1265 208 am—

281 238 493 283 plectamur,
527 232 786 278 acquiescamus
814 229 852 261 in
884 229 1012 269 verbo,
1045 234 1080 262 et
1109 234 1264 272 expecte-

282 300 360 322 mus
377 286 545 321 auxilium
558 310 567 324 ‚
595 283 682 316 sicut
698 292 798 324 saepe
815 280 949 313 dictum
969 285 1029 314 est.

385 344 582 379 Miscentur
603 341 732 375 deinde
755 345 955 383 praecepta,
982 349 1071 383 quae
1088 337 1265 381 quomodo

284 400 368 431 fiant
399 408 417 429 a
450 394 608 433 Sanctis,
642 399 674 425 et
707 390 884 436 quomodo
914 390 1073 434 placeant
1098 387 1194 428 Deo,
1228 398 1267 419 ex

285 446 475 490 Evangelio
493 443 699 478 discendum
716 447 783 482 est,
808 447 872 476 etc.

417 556 749 603 Argumentum
786 561 839 585 ac
876 549 1138 594 dispositio

580 618 738 659 Psalmi
786 615 974 657 XXXV.

338 695 470 731 ludica
492 705 551 728 me
577 694 735 727 Domine
759 702 843 725 cum
870 686 1174 723 contendentibus
1195 698 1272 721 me-

338 759 441 789 cum,
465 755 593 792 pugna
612 755 696 778 cum
712 739 963 789 pugnantibus
983 743 1113 774 contra
1127 749 1199 772 me.

391 821 506 854 Totus
529 818 688 851 Psalmus
712 815 864 860 precatio
893 820 951 847 est.
1020 812 1126 845 Initio
1153 820 1273 856 petens

289 871 529 906 defensionem
561 874 682 901 contra
714 866 860 910 impiOS,
895 865 957 909 qui
987 865 1111 896 ardent
1135 863 1273 897 iniustis

289 923 380 957 odiis
406 921 571 953 adversus
594 919 690 962 pios,
725 923 758 950 et
783 916 900 948 delere
926 925 985 947 eos
1010 921 1198 947 conantur:
1235 926 1273 946 ac

288 971 451 1017 petitioni
473 982 532 1003 seu
555 966 790 1013 propositioni
805 965 946 1011 querela
963 964 1127 999 attexitur
1144 964 1273 998 descri-

289 1024 377 1057 bens
392 1023 528 1055 furores
546 1019 750 1062 impiorum.

392 1080 434 1113 In
458 1080 526 1112 fine
550 1077 720 1121 repetitur
742 1075 936 1120 propositio
958 1086 1016 1107 seu
1043 1074 1177 1118 petitio.
1230 1073 1275 1108 Et

291 1134 381 1167 sicut
403 1142 502 1173 saepe
527 1129 612 1162 alias
634 1128 673 1161 fit
694 1127 731 1159 in
752 1125 918 1169 Psalmis,
944 1125 1029 1158 alias
1052 1125 1194 1157 brevius
1217 1122 1275 1157 hic

291 1187 523 1227 asperguntur
551 1178 801 1222 promissiones
830 1183 863 1210 et
893 1187 1016 1209 causae
1046 1175 1276 1208 liberationis.

291 1231 483 1267 Promissio
509 1231 605 1262 velut
626 1228 784 1271 exemplo
808 1226 1024 1270 significatur
1041 1237 1143 1259 versu
1161 1238 1274 1259 nono:

291 1282 428 1317 Anima
453 1292 531 1313 mea
557 1277 758 1312 laetabitur
781 1276 820 1310 in
844 1275 1022 1310 Domino.
1075 1275 1165 1309 Nam
1189 1277 1276 1309 libe-

291 1334 445 1368 rationes
483 1330 630 1364 Davidis
672 1327 731 1361 hic
770 1328 969 1373 propositae
1001 1333 1083 1360 sunt
1121 1327 1276 1370 exempla

293 1381 557 1430 promissionis,
587 1387 627 1413 ut
657 1390 756 1422 saepe
781 1379 913 1413 dictum
938 1384 1007 1417 est,
1039 1389 1126 1421 quae
1151 1378 1276 1421 scripta

293 1441 375 1469 sunt
387 1460 396 1474 ,
421 1439 461 1465 ut
478 1442 543 1463 nos
561 1441 700 1475 quoque
718 1435 875 1472 petamus
893 1435 926 1462 et
941 1434 1161 1471 expectemus
1178 1427 1276 1460 auxi-

294 1485 381 1518 lium
398 1483 435 1515 in
453 1481 581 1515 nostris
597 1479 859 1513 afflictionibus.
910 1477 992 1511 Non
1009 1483 1150 1522 propter
1165 1490 1275 1510 unum

293 1534 488 1572 Davidem,
515 1543 579 1563 nec
602 1531 645 1562 de
671 1541 742 1562 uno
762 1528 899 1562 Davide
925 1526 1009 1561 haec
1035 1528 1161 1571 scripta
1185 1534 1278 1568 sunt,

294 1585 353 1619 sed
371 1585 414 1616 de
431 1581 596 1616 omnibus
612 1579 780 1612 membris
797 1578 973 1612 Ecclesiae
988 1577 1066 1612 Dei.
1120 1576 1167 1612 Ut
1184 1579 1276 1610 enim

295 1633 544 1680 promissiones
561 1629 782 1663 liberationis
800 1629 843 1661 ad
862 1629 980 1661 omnia
997 1629 1153 1660 membra
1171 1628 1278 1671 perti-

295 1691 394 1718 nent:
433 1684 481 1717 ita
506 1681 661 1725 exempla
684 1686 857 1713 testantur
879 1690 959 1711 vere
983 1678 1151 1722 praestari
1175 1679 1277 1711 invo-

297 1736 455 1769 cantibus
472 1745 510 1766 ea
529 1743 617 1777 quae
634 1730 884 1775 promissiones
904 1729 1128 1773 pollicentur.

397 1792 579 1826 Postremo
602 1800 703 1823 causa
728 1788 842 1821 finalis
865 1787 1086 1820 liberationis
1108 1784 1192 1819 haec
1217 1792 1279 1826 est,

296 1853 335 1879 ut
358 1843 519 1877 miranda
537 1841 624 1874 sacta
642 1846 829 1878 testentur,
856 1836 931 1871 Deo
950 1850 1052 1870 curae
1070 1848 1141 1870 esse
1157 1835 1279 1870 Eccle-

298 1895 401 1929 siam:
444 1900 477 1926 et
506 1902 585 1924 cum
614 1887 698 1922 haec
727 1888 894 1922 beneficia
925 1890 1134 1927 recitantur,
1176 1887 1279 1920 multi

299 1949 492 1989 agnoscunt
507 1940 620 1974 Deum
645 1946 678 1973 et
702 1939 900 1972 invitantur
921 1940 962 1971 ad
982 1938 1143 1971 timorem
1161 1936 1227 1970 Dei
1245 1944 1279 1971 et

300 1997 345 2029 ad
369 1995 490 2030 fidem,
516 1998 554 2025 ut
570 1990 640 2023 Dei
658 1990 768 2032 gloria
789 1990 994 2023 celebretur.
1049 1987 1096 2022 Ut
1113 2000 1191 2021 cum
1208 1986 1279 2020 Ae-

299 2045 409 2091 gyptii
439 2050 472 2077 et
501 2041 609 2074 vicini
642 2041 853 2073 audiverunt
882 2039 1127 2073 liberationem
1157 2039 1279 2082 populi

301 2095 410 2130 Israel
431 2106 471 2126 ex
487 2091 663 2138 Aegypt0‚
689 2091 779 2123 fama
803 2090 982 2122 doctrinae
1000 2090 1068 2123 late
1085 2100 1200 2133 sparsa
1220 2095 1281 2129 est,

300 2153 334 2180 et
371 2144 474 2178 multi
509 2147 701 2185 coeperunt
731 2140 893 2184 amplecti
924 2151 1040 2172 veram
1072 2139 1280 2180 doctrinam,

300 2208 381 2230 vere
410 2195 533 2229 timere
556 2192 692 2232 Deum,
727 2198 760 2224 et
792 2202 872 2223 vera
903 2190 970 2223 fide
1000 2202 1079 2223 eum
1105 2191 1281 2230 invocare,

300 2248 380 2280 ideo
404 2244 504 2278 dicit:
533 2239 667 2276 ludica
688 2253 741 2274 me
760 2237 956 2274 secundum
977 2238 1160 2273 iusticiam
1178 2244 1280 2273 luam

301 2295 464 2330 Domine
484 2292 589 2326 Deus
613 2303 729 2331 meus,
763 2304 807 2324 ne
829 2292 1003 2325 laetentur
1023 2293 1188 2324 adversus
1212 2303 1280 2334 me,

301 2348 338 2381 id
371 2354 438 2387 est,
472 2352 567 2379 tuam
598 2355 735 2377 causam
764 2342 930 2383 defende,
962 2354 1006 2374 ne
1029 2340 1129 2384 impii
1151 2341 1281 2374 vocife-

303 2405 426 2431 rentur
441 2408 496 2428 me
513 2395 659 2434 deserto,
686 2391 777 2425 nihil
793 2404 864 2426 esse
877 2405 996 2426 veram
1012 2392 1281 2436 providentiam,

304 2459 377 2481 non
407 2458 477 2480 esse
508 2444 697 2478 discrimen
725 2443 899 2477 Ecclesiae
921 2442 987 2477 Dei
1018 2449 1051 2476 et
1073 2442 1281 2486 impiorum:

304 2498 383 2530 ideo
407 2505 444 2530 tu
466 2496 629 2529 ostendas
652 2494 858 2534 discrimen,
885 2500 917 2527 et
939 2493 1131 2527 testificeris
1153 2504 1232 2525 vere
1248 2499 1280 2525 te

303 2548 342 2580 in
357 2545 511 2579 Ecclesia
533 2545 709 2586 invocari,
735 2557 814 2578 vere
828 2542 895 2578 hoc
909 2545 1054 2578 verbum
1065 2569 1074 2583 ‚
1102 2544 1196 2589 quod
1211 2541 1281 2576 Ec-

305 2597 407 2630 clesia
437 2608 455 2629 a
484 2603 516 2629 te
548 2596 688 2640 accipit,
719 2595 881 2629 divinum
902 2607 988 2629 esse:
1024 2601 1174 2628 caeteras
1198 2606 1280 2627 vero

303 2647 463 2691 regiones
492 2646 630 2688 ignaras
660 2646 759 2679 verbi
784 2658 803 2679 a
827 2653 860 2680 te
883 2646 1004 2680 traditi
1026 2644 1282 2679 commentitias

872 89 998 126 PHIL.
1025 88 1141 126 MEL.
1171 85 1380 124 SCRIPTA
1406 84 1704 122 EXEGETICA.

2199 88 2296 124 1072

1315 185 1399 211 esse.
1451 171 1518 206 Hic
1541 172 1621 206 finis
1637 172 1676 205 in
1691 172 1841 216 petenda
1857 172 2066 207 liberatione
2082 185 2217 219 semper
2232 187 2299 208 no-

1315 224 1369 259 bis
1399 223 1600 269 propositus
1631 223 1692 263 sit,
1725 229 1763 256 ut
1793 223 1905 266 gloria
1929 222 1996 257 Dei
2018 224 2227 264 celebretur,
2260 232 2299 259 ut

1316 275 1400 309 alias
1419 274 1566 308 dicitur:
1595 273 1648 307 Ne
1664 274 1782 307 dicant
1798 274 1836 306 in
1853 275 2015 317 gentibus
2026 301 2036 315 ,
2062 275 2124 308 ubi
2140 283 2189 310 est
2203 275 2299 310 Deus

1316 326 1461 360 eorum?

1445 436 1784 482 Argumentum
1828 446 1879 469 ac
1913 434 2173 480 dispositio

1605 501 1762 541 Psalmi
1805 500 2013 540 XXXVI.

1371 579 1428 610 Ex
1452 577 1598 611 intimis
1615 575 1736 610 cordis
1753 574 1835 610 dico
1853 574 1900 609 de
1916 578 2217 622 transgressione
2232 579 2302 612 im-

1368 629 1448 672 pii,
1476 638 1547 661 non
1564 631 1618 660 est
1637 629 1748 661 timor
1763 628 1835 661 Dei
1850 632 1937 661 ante
1955 628 2074 661 oculos
2091 629 2189 670 eius,
2216 632 2289 663 etc.

1422 700 1486 735 Est
1509 708 1541 734 et
1560 698 1617 734 hic
1632 699 1792 733 Psalmus
1812 701 1964 745 precatio
1981 702 2164 735 universae
2181 700 2304 736 Eccle-

1323 752 1393 786 siae
1418 759 1539 785 contra
1563 751 1691 795 impios
1711 751 1881 784 doctores.
1938 751 2004 785 Sed
2032 752 2134 786 initio
2159 753 2304 796 ponitur

1322 803 1497 843 narratio,
1524 813 1613 847 quae
1635 808 1684 835 est
1709 798 1817 835 εἰκών
1840 807 1873 835 et
1896 801 2008 845 imago
2033 803 2223 846 impiorum
2241 805 2305 838 do—

1324 861 1459 887 ctorum
1477 852 1633 886 illustris.
1676 851 1856 896 Principio
1872 858 1986 885 autem
2002 851 2153 887 detrahit
2168 854 2215 887 eis
2233 854 2306 888 vir-

1325 911 1434 944 tutes,
1461 916 1550 948 quae
1567 903 1780 936 necessariae
1798 909 1880 936 sunt
1896 903 1932 935 in
1950 900 2022 943 his,
2050 904 2110 948 qui
2126 913 2207 939 sunt
2225 917 2306 938 vere

1323 956 1480 988 membra
1494 954 1669 988 Ecclesiae
1681 952 1745 986 Dei
1761 960 1793 987 et
1803 952 1877 986 Deo
1894 953 2040 997 placent.
2094 953 2184 987 Nam
2199 955 2307 989 timor

1323 1004 1390 1040 Dei
1409 1006 1615 1048 generaliter
1631 1004 1802 1047 significat
1816 1016 1937 1037 verum
1953 1004 2085 1038 cultum
2095 1003 2159 1038 Dei
2170 1031 2180 1048 ,
2207 1017 2307 1039 veros

1325 1067 1488 1100 pavores,
1523 1067 1639 1088 veram
1671 1055 1774 1087 fidem
1801 1066 1874 1087 non
1897 1054 2131 1088 discedentem
2158 1068 2176 1088 a
2199 1057 2306 1090 verbo

1325 1106 1413 1147 Dei,
1438 1118 1554 1139 veram
1581 1105 1839 1138 invocationem
1864 1103 1970 1138 huius
1991 1107 2064 1138 veri
2081 1106 2168 1147 Dei,
2195 1107 2307 1152 quise

1326 1157 1486 1202 patefecit
1509 1157 1546 1189 in
1563 1156 1717 1190 Ecclesia
1743 1168 1805 1189 suo
1829 1156 1952 1189 verbo:
1989 1156 2116 1190 deinde
2142 1163 2174 1190 et
2198 1163 2306 1190 totam

1326 1208 1563 1241 obedientiam
1588 1219 1676 1251 quae
1700 1213 1894 1250 praestatur
1917 1213 2058 1249 propter
2075 1208 2307 1241 reverentiam

1326 1258 1412 1299 Dei,
1439 1265 1472 1291 et
1491 1270 1572 1291 vera
1589 1258 1657 1292 fide
1673 1257 1896 1300 praelucente
1913 1258 2018 1291 verbo
2034 1256 2111 1294 Dei.
2137 1276 2145 1282 .
2162 1257 2232 1292 Ubi
2251 1256 2308 1291 hic

1327 1309 1433 1342 timor
1458 1320 1530 1341 non
1557 1314 1624 1349 est,
1652 1307 1704 1340 ihi
1728 1314 1777 1341 est
1792 1306 1988 1352 Epicureus
2009 1315 2225 1347 contemtus,
2251 1309 2308 1341 vel

1328 1359 1473 1392 audacia
1495 1359 1651 1401 fingendi
1675 1359 1837 1400 dogmata
1862 1364 1894 1391 et
1916 1358 2050 1399 cultus,
2077 1366 2116 1392 ut
2137 1359 2174 1391 in
2191 1360 2308 1392 omni-

1328 1411 1394 1442 bus
1417 1407 1600 1442 haereticis
1625 1416 1657 1441 et
1677 1408 1919 1441 defensoribus
1934 1408 2131 1447 idolorum,
2159 1410 2308 1454 quinon

1329 1460 1454 1493 volunt
1469 1459 1582 1492 videri
1599 1457 1717 1492 ἄθεοε.
1780 1457 1826 1491 Et
1842 1465 1959 1491 tamen
1975 1471 2049 1492 non
2066 1460 2232 1494 invocant
2248 1473 2309 1494 ve·

1328 1522 1406 1543 rum
1425 1509 1538 1543 Deum
1551 1537 1559 1550 ,
1587 1510 1669 1554 quia
1688 1509 1873 1542 discedunt
1890 1510 1933 1541 ab
1950 1509 2024 1542 eius
2040 1511 2160 1544 verbo.

1430 1568 1620 1613 Postquam
1651 1568 1803 1600 radicem
1835 1568 2033 1611 descripsit,
2068 1569 2198 1603 scilicet
2225 1570 2311 1603 cali—

1330 1619 1444 1662 ginem
1476 1618 1513 1651 in
1541 1618 1736 1656 mentibus,
1771 1625 1804 1651 et
1832 1624 2047 1651 contemtum
2069 1617 2137 1652 Dei
2158 1626 2190 1653 et
2211 1621 2310 1654 verbi

1330 1670 1423 1709 eius,
1465 1670 1593 1701 deinde
1624 1669 1734 1701 malos
1766 1668 1899 1702 fructus
1928 1669 2066 1710 recitat,
2100 1670 2193 1703 inter
2221 1683 2311 1717 quos

1330 1719 1509 1763 praecipui
1527 1725 1628 1762 sunt,
1655 1719 1840 1762 opiniones
1858 1720 2130 1753 contumeliosae
2145 1721 2310 1755 adversus

1329 1770 1465 1810 Deum,
1501 1776 1533 1803 et
1559 1769 1788 1802 audacissime
1812 1770 1949 1803 conficti
1973 1782 2107 1804 errores
2131 1777 2164 1804 et
2186 1772 2310 1811 cultus,

1330 1821 1418 1853 sicut
1442 1818 1587 1853 Ethnici
1610 1818 1794 1853 horribilia
1819 1827 1978 1864 portenta
2002 1822 2187 1855 finxerunt.
2239 1821 2310 1856 De-

1330 1871 1413 1904 inde
1438 1871 1619 1904 adduntur
1642 1871 1867 1914 praestigiae,
1907 1872 2035 1916 quibus
2057 1872 2311 1906 confirmantur

1331 1933 1477 1956 errores.
1546 1921 1716 1954 Nominat
1748 1921 1855 1964 igitur
1884 1919 2175 1968 πιθανολογίαν,
2221 1935 2310 1968 quae

1329 1973 1448 2005 sucosa
1480 1972 1592 2016 specie
1623 1979 1655 2005 et
1688 1969 1876 2015 sophistica
1906 1979 2008 2006 ornat
2030 1973 2114 2005 falsa
2139 1974 2311 2016 dogmata.

1330 2022 1414 2056 Ideo
1440 2023 1525 2055 dicit
1545 2034 1602 2055 eos
1626 2022 1755 2055 blande
1779 2023 1987 2066 persuadere
2010 2023 2194 2066 opiniones
2220 2035 2311 2065 suas,

1330 2080 1367 2106 ut
1391 2073 1575 2107 inveniant
1599 2073 1841 2117 iniquitatem,
1872 2073 1908 2105 id
1931 2080 1996 2111 est,
2024 2074 2093 2107 late
2117 2086 2310 2118 propagare

1331 2123 1477 2168 possint.

1433 2181 1525 2215 Huic
1550 2179 1754 2213 artificiosae
1776 2180 1989 2224 imposturae
2013 2182 2170 2225 proxima
2189 2191 2238 2217 est
2253 2196 2311 2218 ca-

1330 2233 1486 2272 lumnia,
1510 2242 1577 2276 qua
1593 2238 1824 2274 corrumpunt
1839 2243 1935 2264 veras
1952 2233 2162 2274 sementim,
2182 2241 2214 2267 et
2228 2235 2310 2268 odia

1332 2284 1526 2316 accendunt
1556 2288 1674 2314 contra
1701 2281 1777 2324 pios
1799 2283 1975 2322 doctores,
2009 2290 2041 2316 et
2065 2291 2145 2317 suut
2170 2291 2310 2319 autores

1332 2333 1557 2366 dissidiorum
1583 2332 1806 2375 publicorum
1831 2340 1863 2366 et
1880 2333 2170 2367 dilacerationum
2188 2334 2310 2368 Eccle-

1332 2384 1401 2417 siae
1426 2396 1486 2417 seu
1509 2380 1744 2416 schismatum.
1808 2381 1890 2416 Ideo
1916 2384 2030 2424 addit,
2064 2391 2103 2418 ut
2126 2385 2206 2418 odia
2231 2398 2310 2419 mo-

1330 2441 1445 2467 veant.

1432 2491 1615 2525 Pertinent
1647 2493 1690 2524 ad
1725 2491 1993 2535 descriptionem
2023 2492 2218 2526 calumniae
2248 2506 2309 2528 seu

1332 2540 1569 2587 sicophantiae
1607 2549 1638 2575 et
1673 2540 1756 2575 haec
1795 2553 1884 2586 quae
1919 2549 2129 2587 sequuntur:
2184 2542 2308 2578 Verba

1332 2605 1452 2627 eorum
1483 2591 1687 2639 perniciosa
1721 2597 1751 2625 et
1775 2589 2038 2639 fraudulenta.
2099 2592 2168 2627 Hie
2192 2602 2309 2639 aperte

1332 2646 1488 2679 doctrina
1511 2644 1617 2688 impia
1641 2650 1796 2681 taxatur,
1823 2654 1911 2686 quae
1926 2650 1976 2678 est
1991 2644 2212 2679 mendacium
2227 2657 2309 2690 per-
