2379 2948
147 94 218 130 267

248 175 342 209 Ilinc
368 171 540 207 aestimari
567 174 680 214 potest
705 165 871 199 velocitas
897 162 1024 199 horum
1047 164 1131 198 Pla-

151 234 330 265 nctaruin,
357 225 416 269 qui
441 221 503 255 lios
528 217 760 262 amplissimos
776 216 878 249 orbes
896 216 1130 261 epicyclorum

151 289 293 310 suorum
311 278 518 319 percurrunt
537 281 575 302 eo
593 267 792 308 intervallo,
815 267 899 300 dum
917 266 979 300 Sol
991 267 1034 300 ab
1049 266 1133 310 ipsis

154 328 327 371 digressus
346 325 389 357 ad
407 323 545 355 eosdem
561 317 761 352 revertitur.

246 399 382 434 Deinde
400 396 504 428 etiam
524 394 602 427 ideo
619 391 786 436 adscripsi
804 391 1040 436 epicyclorum
1059 389 1134 422 dia-

154 458 302 488 metros,
329 454 367 480 ut
391 445 579 488 cogitetur,
607 455 679 476 non
707 455 778 475 esse
802 442 924 484 exigua
951 440 1134 473 intervalla

156 498 352 536 altitudinis
376 503 409 529 et
432 494 660 534 humilitatis,
684 494 812 538 quibus
836 490 873 524 hi
896 491 1060 524 Planetae
1079 502 1135 522 ra-

155 553 249 585 tione
268 547 412 592 epicycli
431 546 536 578 modo
554 557 571 577 a
593 551 684 577 terra
704 544 893 585 recedunt,
918 541 1022 574 modo
1039 551 1074 572 se
1092 541 1135 572 ad

157 609 286 635 terram
307 597 513 636 demittunt,
541 607 628 640 quae
646 593 845 627 observatio
869 593 911 624 ad
929 591 1136 623 iudicandos

157 653 314 695 ipsorum
345 648 504 683 effectus,
544 657 617 678 non
652 656 775 688 parum
809 641 981 675 momenti
1012 640 1135 673 adfert.

156 702 245 735 Bam
269 710 353 743 quas
378 699 468 729 vires
489 696 526 728 in
550 694 754 728 adficiendis
779 691 833 726 his
851 691 1058 735 corporibus
1081 691 1137 722 in-

157 751 247 784 fimis
274 748 336 782 hos
354 747 514 781 Planetas
530 743 658 778 habere
682 743 894 788 experientia
912 741 1050 781 docuit,
1075 739 1139 774 has

159 812 297 834 necesse.
321 804 371 831 est
397 798 476 830 illos
501 807 657 829 exercere
682 794 902 837 languidius,
926 792 1079 836 rquando
1102 792 1137 823 in

159 850 304 885 summis
321 848 555 892 epicyclorum
574 846 754 889 apsidibus
774 843 945 882 collocati,
971 842 1139 884 longissi—

161 914 214 934 me
239 913 257 933 a
282 907 372 933 terra
398 900 653 930 abscesserunt:
689 896 749 928 sed
781 895 882 936 longe
909 892 1081 926 efficacius
1108 898 1141 925 et

161 950 349 996 potentius,
375 948 516 992 quando
536 947 572 978 in
589 946 668 978 imis
686 945 844 989 partibus
861 954 1004 976 suorum
1023 943 1138 988 epicy-

161 1003 296 1035 cloruni
324 998 523 1037 constituti,
551 997 684 1040 aliquot
708 994 865 1027 millibus
889 994 1141 1026 diametrorum

160 1060 289 1090 terrae,
318 1048 498 1093 propiores
516 1046 618 1079 nobis
640 1045 721 1078 facti
740 1051 831 1077 sunt.

263 1125 378 1158 Habet
403 1130 518 1156 antem
537 1121 710 1154 Saturnus
728 1120 799 1152 vim
822 1118 1083 1162 frigefaciendi,
1111 1124 1144 1151 et

162 1178 286 1211 leniter
303 1173 491 1208 exiccandi.
545 1170 643 1203 Mars
662 1182 744 1202 vero
763 1167 990 1203 vehementer
1016 1169 1144 1201 exiccat

161 1237 193 1262 et
219 1227 301 1261 urit.
355 1224 423 1257 Sed
449 1222 581 1265 Iupiter
600 1221 692 1254 inter
714 1219 777 1253 hos
800 1220 937 1252 medius
971 1226 1142 1263 tempera-

162 1286 232 1312 tam
253 1282 414 1308 naturam
433 1271 549 1307 habet.
603 1270 769 1305 Calefacit
787 1270 881 1302 enim
901 1270 1007 1302 simul
1025 1277 1058 1303 et
1077 1267 1145 1301 hu—

161 1334 306 1366 mectat,
329 1331 361 1357 et
385 1323 576 1356 foecundos
599 1320 887 1365 generationique
910 1332 1028 1353 rerum
1046 1326 1144 1363 aptos

163 1378 304 1422 spiritus
321 1373 445 1406 excitat
463 1378 497 1404 et
513 1372 618 1406 fovet.

264 1449 429 1484 Proderit
454 1448 560 1490 igitur
584 1446 789 1485 observare,
814 1443 957 1488 quando
974 1442 1145 1485 longiusa

163 1512 254 1538 terra
285 1500 420 1539 absint,
456 1497 596 1542 quando
628 1495 774 1539 propius
803 1495 845 1526 ad
878 1505 942 1526 nos
971 1494 1146 1526 accedant.

167 1555 308 1588 Dictum
326 1556 376 1582 est
393 1554 505 1581 autem
521 1558 643 1590 supra,
671 1543 735 1578 hac
750 1551 868 1577 nostra
886 1551 995 1577 aetate
1014 1544 1146 1585 longis-

166 1606 250 1638 sime
276 1614 294 1634 a
317 1608 409 1633 terra
432 1598 561 1630 distare
586 1596 777 1629 Saturnum
803 1595 939 1628 ratione
962 1594 1146 1627 eccentrici

165 1654 238 1693 sui,
265 1650 405 1696 quando
423 1647 595 1692 epicyclus
612 1646 720 1679 currit
738 1657 798 1688 per
815 1651 1007 1688 postremas
1032 1651 1146 1688 partes

165 1701 363 1745 Sagittarii,
390 1698 586 1742 proximum
606 1708 687 1729 vero
704 1695 807 1728 nobis
824 1706 895 1728 esse
923 1695 959 1727 in
985 1695 1146 1738 opposito

166 1755 265 1796 signo
283 1750 531 1784 Geminorum.
574 1746 727 1788 Quando
746 1746 853 1788 igitur
869 1745 945 1778 Soli
962 1745 1147 1787 coniungi-

166 1812 224 1838 tur
242 1803 331 1835 circa
349 1800 452 1832 finem
472 1797 668 1840 Sagittarii,
697 1795 830 1829 accedit
847 1796 954 1828 altera
978 1795 1015 1828 in
1031 1795 1147 1839 epicy-

167 1855 221 1887 clo
239 1852 400 1885 altitude.
441 1847 558 1890 Quare
576 1854 658 1879 tnnc
676 1846 878 1889 longissime
894 1858 912 1878 a
931 1852 1021 1879 terra
1039 1846 1145 1878 abest.

166 1903 305 1938 Rursus
329 1899 470 1944 quando
493 1908 636 1930 currens
652 1909 712 1940 per
735 1902 926 1940 postremas
942 1903 1056 1940 partes
1075 1895 1147 1929 Ge-

168 1953 347 1986 minorum
364 1948 439 1983 Soli
458 1947 668 1991 opponitur,
694 1946 731 1979 fit
753 1953 864 1979 terrae
888 1946 1068 1989 proximus
1091 1957 1147 1978 ra-

168 2003 265 2036 tione
283 1998 466 2034 eccentrici
485 2004 516 2030 et
536 1996 692 2041 epicycli.
745 1995 843 2028 Talis
861 2008 938 2028 cum
960 1996 1066 2029 fuerit
1083 1995 1147 2029 Sa-

169 2061 295 2086 turnus
313 2062 406 2083 anno
419 2046 526 2081 1441.
544 2047 608 2080 sub
627 2046 837 2090 imperatore
847 2044 1039 2086 Friderico‚
1065 2058 1147 2087 pro-

169 2116 233 2136 avo
253 2099 472 2145 imperatoris
489 2097 607 2131 Caroli
623 2095 665 2130 V.
685 2096 789 2140 paulo
812 2102 890 2128 ante
908 2096 1041 2129 cladem
1057 2095 1148 2129 Var-

169 2164 326 2189 nensem,
344 2148 534 2183 verisimile
551 2153 600 2180 est
615 2158 695 2179 eum
708 2158 769 2180 sua
784 2145 1047 2190 propinquitate
1065 2146 1149 2179 effe-

169 2204 254 2236 cisse
280 2201 369 2234 illud
393 2199 598 2233 inusitatum
621 2197 751 2239 frigus,
779 2197 872 2240 quod
895 2197 980 2229 adeo
1007 2208 1148 2229 saevum

169 2261 202 2286 et
226 2253 433 2285 diuturnum
461 2249 547 2287 fuit,
582 2254 622 2281 ut
644 2248 703 2280 illa
733 2244 855 2292 hyems
886 2244 1000 2279 adhuc
1029 2254 1147 2280 nostra

168 2310 277 2336 aetate
296 2300 479 2334 hominum
498 2298 666 2332 memoria
682 2310 721 2330 ex
737 2297 960 2331 sermonibus
976 2297 1149 2330 maiorum

171 2360 371 2387 nostrorum
390 2352 433 2384 sit
449 2349 606 2385 celebris.

273 2425 367 2457 ldem
394 2423 543 2458 iudicari
562 2423 666 2456 debet
690 2423 733 2455 de
751 2421 832 2455 Iove
850 2430 882 2457 et
899 2421 1033 2463 Marte,
1060 2434 1150 2467 quo-

170 2487 249 2508 rum
275 2474 333 2506 ille
357 2475 393 2506 in
420 2474 541 2518 primis
568 2473 734 2516 gradibus
750 2472 895 2514 Librae,
921 2471 980 2506 hic
1002 2484 1084 2506 vero
1111 2473 1150 2505 in

170 2523 354 2569 postremis
371 2524 536 2566 gradibus
552 2522 682 2556 Leonis
697 2523 897 2565 longissime
913 2535 931 2557 a
948 2530 1038 2557 terra
1055 2534 1150 2556 rece-

170 2577 221 2608 dit
239 2574 376 2608 ratione
392 2572 585 2612 eccentrici,
612 2579 645 2606 et
660 2573 698 2605 in
714 2574 873 2618 opposito
889 2580 1035 2620 uterque
1050 2573 1149 2617 signo

171 2628 214 2659 ad
239 2633 365 2659 terram
392 2623 550 2669 proxime
571 2623 712 2658 accedit.
765 2623 883 2666 ‚fiunt
906 2625 1013 2670 igitur
1035 2622 1151 2659 adhuc

384 87 589 124 SCRIPTA
623 85 697 120 PH.
724 80 841 118 MEL.
867 78 934 115 AD
958 78 1084 117 HIST.
1111 78 1254 119 PROF.
1281 80 1348 117 ET
1372 79 1568 117 PHILOS.
1595 79 1921 119 SPECTANTIA.

2087 82 2161 118 268

1184 166 1365 211 propiores
1387 174 1500 202 terrae
1518 167 1654 201 ratione
1680 168 1934 213 epicyclorumr,
1961 168 2103 213 quando
2126 167 2164 199 in

1188 217 1243 252 his
1277 218 1384 261 signis
1408 218 1485 252 Soli
1514 224 1761 263 opponuntur,
1795 229 1855 251 seu
1887 220 2027 263 quando
2054 224 2165 251 retro-

1186 268 1285 312 gradi
1305 269 1483 302 incedunt.

1287 334 1382 368 Haec
1402 335 1549 369 remotio
1575 343 1606 369 et
1624 335 1869 380 propinquitas
1892 332 2019 368 horum
2038 335 2166 368 Plane·

1187 392 1320 425 tarum,
1356 385 1461 419 etiam
1485 386 1745 429 magnitudines
1771 387 1926 429 ipsorum
1951 385 2167 428 adparentes,

1188 441 1220 468 et
1236 436 1369 468 colores
1386 434 1552 470 nonnihil
1579 444 1707 476 mutat,
1736 436 1824 469 sicut
1849 447 1941 468 anno
1969 434 2168 479 praeterito,

1188 486 1249 530 qui
1266 486 1364 519 suita
1382 483 1522 519 Christo
1540 494 1622 520 nato
1641 486 1754 526 1548,
1782 487 1819 518 in
1839 486 1905 518 fine
1922 485 2059 519 aestatis
2076 485 2167 517 vidi-

1188 547 1265 568 mus
1283 536 1417 569 stellam
1434 536 1527 569 Iovis
1545 538 1656 570 multo
1677 538 1845 570 maiorem
1872 543 1904 569 et
1920 535 2167 578 fulgentiorem

1189 585 1312 625 solito,
1339 598 1378 618 eo
1395 587 1489 630 quod
1507 593 1590 619 tunc
1608 587 1675 620 fuit
1700 588 1790 620 circa
1814 587 1929 620 locum
1957 585 2087 629 perigei
2113 596 2169 618 ec-

1190 635 1333 669 centrici
1351 635 1389 667 in
1409 636 1545 676 Ariete,
1572 643 1604 670 et
1619 636 1695 670 Soli
1711 637 1890 680 opposita,
1921 637 2025 669 etiam
2047 635 2084 667 in
2110 647 2169 678 pe-

1190 686 1284 728 rigeo
1311 686 1476 731 epicycli‚
1510 686 1646 731 fuitque
1671 699 1706 719 ea
1732 693 1858 720 aestate
1883 693 1979 720 tanta
2005 697 2169 728 agrorum

1191 736 1370 776 fertilitas,
1403 744 1442 770 ut
1474 743 1616 780 propter
1639 736 1826 780 largiorem
1857 748 2000 770 messem
2030 747 2171 770 annona

1191 787 1306 820 subito
1323 786 1418 820 fieret
1434 787 1558 822 laxior.

1292 851 1408 885 Huius
1425 853 1602 886 varietatis
1619 852 1816 885 observatio
1836 864 1908 884 non
1924 863 2066 895 prorsus
2091 853 2172 885 nul-

1193 903 1267 935 lum
1284 900 1390 936 habet
1405 915 1506 936 usum
1531 903 1568 935 in
1585 903 1785 936 iudicandis
1802 900 1929 935 horum
1949 902 2173 935 planetarum

1195 953 1386 988 effectibus.
1439 953 1507 986 Sed
1525 951 1579 986 his
1595 953 1731 986 omissis
1750 954 1792 985 ad
1808 953 1903 985 alind
1928 960 2088 986 motuum
2114 964 2173 995 ge-

1195 1014 1261 1035 nus
1285 1004 1500 1043 accedimus,
1523 1004 1621 1037 cuius
1646 1004 1749 1036 etiam
1773 1003 1931 1035 facienda
1957 1011 2005 1036 est
2029 1004 2174 1038 mentio.

1196 1052 1285 1085 Nam
1304 1065 1341 1086 ea
1367 1065 1454 1097 quae
1476 1051 1644 1086 hactenus
1671 1054 1760 1087 dicta
1785 1059 1884 1093 sunt,
1912 1054 1952 1086 ad
1978 1054 2038 1085 illa
2062 1053 2174 1086 curri-

1196 1103 1273 1136 cula
1298 1101 1426 1136 horum
1445 1102 1669 1136 planetarum
1692 1104 1888 1148 pertinent,
1922 1116 2009 1148 quae
2036 1104 2071 1136 in
2095 1104 2175 1135 lon-

1196 1153 1391 1195 gitudinem
1420 1153 1530 1193 fiunt,
1571 1152 1638 1186 boc
1670 1161 1737 1194 est,
1780 1155 1824 1187 ab
1853 1155 2031 1186 occidente
2056 1164 2174 1186 versus

1197 1204 1386 1245 orientem,
1413 1210 1446 1237 et
1465 1211 1616 1238 econtra.

1299 1278 1367 1312 Sed
1398 1286 1536 1322 praeter
1563 1275 1645 1310 haec
1672 1275 1803 1309 habent
1838 1274 1875 1308 hi
1902 1276 2067 1309 Planetae
2091 1277 2176 1310 alios

1199 1335 1313 1362 motus
1329 1329 1365 1360 in
1385 1329 1626 1364 latitudinem,
1655 1326 1783 1370 quibus
1807 1326 1995 1359 deflectunt
2020 1327 2064 1360 ab
2079 1325 2176 1360 Eeti-

1200 1379 1310 1421 ptica,
1336 1380 1441 1409 modo
1465 1387 1585 1408 versus
1606 1376 1898 1419 septentrionem,
1931 1377 2034 1409 modo
2059 1389 2177 1410 versus

1201 1433 1356 1459 austrum
1371 1453 1380 1466 ,
1406 1427 1496 1459 sicut
1510 1427 1545 1458 in
1561 1426 1662 1458 Luna
1682 1426 1814 1459 dictum
1832 1432 1892 1460 est.
1945 1426 2033 1459 Nam
2058 1439 2178 1460 eccen-

1200 1477 1277 1510 trici
1295 1477 1488 1509 deserentes
1511 1476 1703 1520 epicyclum
1729 1476 1834 1508 trium
1855 1487 2073 1509 summorum
2096 1476 2178 1510 Pla-

1200 1534 1379 1567 netarum‚
1420 1533 1580 1560 secantur
1605 1537 1623 1558 a
1647 1526 1752 1569 plano
1773 1523 1965 1569 Eclipticae
1990 1527 2025 1558 in
2057 1534 2177 1560 centro

1200 1578 1343 1616 mundi,
1371 1577 1418 1610 ita
1435 1584 1475 1610 ut
1490 1588 1560 1610 una
1576 1587 1655 1619 pars
1680 1587 1800 1609 eorum
1813 1602 1821 1615 ,
1847 1587 1934 1620 quae
1952 1577 2107 1610 continet
2123 1578 2178 1611 lo-

1200 1640 1278 1660 cum
1295 1627 1428 1671 apogei,
1445 1633 1562 1670 vergat
1581 1627 1669 1659 ultra
1680 1624 1887 1669 Eclipticam
1899 1638 2020 1660 versus
2038 1634 2176 1671 septen-

1200 1678 1365 1717 trionem,
1393 1678 1499 1710 altera
1517 1689 1605 1721 quae
1622 1677 1779 1710 continet
1796 1677 1912 1709 locum
1930 1677 2071 1721 perigei,
2100 1690 2179 1710 ver-

1200 1739 1256 1760 sus
1274 1734 1443 1762 austrum.
1495 1726 1655 1770 Suntque
1672 1726 1731 1758 illa
1749 1727 1933 1759 intervalla
1950 1728 2179 1761 latitudinum

1202 1778 1411 1822 inaequalia.
1463 1776 1552 1809 Nam
1570 1777 1728 1809 deferens
1746 1777 1940 1821 epicyclum
1957 1777 2101 1812 Saturni
2118 1779 2179 1811 de-

1201 1829 1307 1861 clinat
1322 1828 1365 1861 ab
1379 1826 1550 1870 Ecliptica
1569 1827 1754 1860 intervallo
1776 1828 1927 1860 duorum
1944 1829 2115 1870 graduum
2144 1834 2178 1861 et

1199 1878 1247 1911 26
1266 1878 1405 1916 minut„
1430 1877 1523 1910 lovis
1539 1877 1645 1910 unius
1661 1878 1799 1920 graduS,
1817 1876 1865 1909 24
1885 1877 2024 1919 minut.,
2053 1877 2179 1912 Martis

1200 1929 1306 1962 unius
1330 1929 1469 1971 gradus.

1301 1994 1486 2039 Efficitque
1501 1992 1585 2027 haec
1608 1994 1805 2028 intersectio
1824 1995 1975 2027 duorum
1993 1995 2179 2038 planorum

1201 2046 1413 2079 circulorum
1444 2046 1531 2077 duos
1561 2045 1692 2085 nodos,
1727 2042 2008 2089 ἀναβιβάζονται
2028 2043 2091 2079 καὶ
2114 2058 2181 2080 κα-

1200 2092 1474 2142 ταβιβάζοντα,
1503 2101 1542 2128 ut
1569 2095 1605 2127 in
1623 2095 1736 2128 Luna.
1788 2094 1856 2129 Sed
1872 2095 2100 2129 latitudinum
2118 2094 2181 2131 ha-

1201 2158 1280 2180 rum
1295 2146 1402 2186 nodi,
1429 2153 1463 2180 et
1484 2152 1611 2189 puncta
1637 2145 1728 2178 inter
1751 2157 1808 2178 eos
1833 2146 1966 2187 media,
1989 2158 2077 2191 quae
2099 2154 2182 2182 sunt

1201 2196 1343 2231 termini
1381 2195 1553 2229 maximae
1590 2195 1790 2229 latitudinis
1823 2207 1884 2229 seu
1922 2197 2179 2239 declinationis,

1201 2246 1399 2281 tardissimo
1423 2252 1521 2280 motu
1551 2253 1690 2280 octavae
1722 2244 1887 2291 sphaerae
1920 2248 2181 2281 transferuntur

1201 2298 1245 2330 ab
1273 2297 1452 2330 occidente
1483 2308 1602 2330 versus
1633 2297 1817 2330 orientem:
1853 2297 1902 2336 εἷς
1931 2296 1977 2332 τὰ
2007 2294 2181 2342 ἑπόμενα,

1201 2359 1274 2381 non
1289 2354 1328 2381 ut
1343 2346 1466 2380 Lunae
1482 2347 1586 2387 nodi,
1613 2347 1675 2392 qui
1691 2348 1872 2382 celerrimo
1889 2355 1987 2382 motu
2000 2348 2178 2382 feruntur:

1202 2398 1250 2437 εἷς
1263 2395 1310 2432 τὰ
1326 2393 1598 2445 προηγούλιιενα,

1302 2473 1462 2507 Fuerunt
1493 2480 1608 2507 autem
1634 2472 1825 2508 Ptolemaei
1856 2480 2009 2516 tempore
2036 2474 2180 2507 termini

1203 2523 1375 2557 maximae
1392 2523 1588 2557 latitudinis
1606 2523 1889 2567 septentrionalis
1907 2522 2052 2556 Saturni
2069 2530 2102 2557 et
2118 2524 2178 2557 Io-

1202 2574 1255 2607 vis
1268 2574 1358 2607 circa
1371 2573 1585 2618 principium
1595 2573 1736 2614 Librae,
1762 2573 1947 2607 intervallo
1967 2574 2083 2607 decem
2100 2585 2179 2618 gra-

1207 2625 1318 2660 duum
1335 2624 1522 2667 distantes,
1546 2623 1672 2659 Martis
1686 2635 1767 2660 vero
1784 2624 1823 2657 in
1838 2623 1905 2657 fine
1919 2622 2056 2659 Cancri.
