2379 2948
139 78 214 115 897
539 76 585 112 V.

139 164 278 198 venturi
303 163 476 198 sacrificii.
536 161 710 197 Exhibito
737 170 854 197 autem
885 163 961 206 ipso
987 161 1131 203 Messia‚

138 216 319 258 signorum
337 215 442 247 finem
461 215 556 252 fore,
584 215 689 248 rebus
707 212 872 248 exhibitis
897 213 1041 246 umbras
1059 225 1130 246 ces—

137 273 273 300 saturas
293 278 375 299 esse.
431 264 580 299 7Messias
595 266 750 298 incoavit
774 264 948 298 iusticiam
973 271 1006 296 et
1024 264 1129 296 vitam

138 324 317 350 aeternam
337 319 418 350 dato
439 315 635 359 Evangelio
657 323 689 349 et
709 315 846 359 Spiritu
863 321 993 349 sancto,
1036 313 1131 347 Haec
1156 336 1158 356 9

137 369 294 412 ingentia
321 367 488 400 beneficia
509 378 737 409 agnoscamus
761 373 793 399 et
812 365 1041 409 accipiamus,
1069 378 1131 399 nec

140 420 336 463 spectacula
356 418 636 452 ceremoniarum
656 424 833 457 veterum,
862 417 898 449 in
917 416 1047 461 quibus
1067 414 1131 449 hae
1156 424 1157 439 ¹

138 483 193 503 res
208 471 436 503 adumbratae
455 468 596 501 fuerunt
609 494 618 508 ‚
646 468 879 512 requiramus.

242 527 308 562 Est
326 540 406 571 ergo
424 526 608 560 sententia.
653 525 694 558 In
717 527 867 560 dimidio
885 524 1132 568 hebdomadis,
1156 551 1158 557 .

140 588 325 625 postquam
347 576 509 612 Christus
534 588 636 610 suum
667 578 876 611 sacrificium
901 578 1041 619 fecerit,
1077 591 1131 611 re-

140 630 347 672 surrexerit,
382 635 413 661 et
438 628 576 661 dederit
601 627 774 672 Spiritum
799 636 978 668 sanctum,
1013 637 1130 674 postea

139 683 286 715 reiectae
332 680 477 713 fuerunt
518 680 739 712 ceremoniae
781 679 969 715 Leviticae.

138 740 258 777 postea
277 730 451 775 Apostoli,
478 730 570 763 utin
590 729 688 764 Actis
706 739 877 765 narratur.
889 744 963 775 cap.
980 731 1034 765 15.
1052 744 1131 776 per-

138 784 258 828 spicuo
278 783 417 815 decreto
440 782 656 825 abrogarunt
676 782 981 815 circumcisionem
1000 790 1032 816 et
1048 783 1130 816 reli-

139 845 226 879 quos
254 833 428 866 Leviticos
462 832 561 867 ritus.
623 830 669 866 Et
702 833 846 867 dimicat
875 834 994 866 eadem
1021 836 1063 868 de
1096 847 1132 867 re

137 884 306 918 acerrime
336 883 485 923 Paulus,
518 890 557 917 ut
590 891 735 918 constat.
797 882 1021 918 Observetur
1051 897 1131 929 ergo

137 936 229 978 apud
255 934 436 967 Danielem
461 932 528 967 hoc
551 935 815 975 testimonium,
844 936 937 980 quod
959 937 1133 976 adfirmat,

137 993 215 1030 post
233 985 382 1019 Messiae
407 986 705 1029 praedicationem
725 993 916 1020 cessaturas
936 998 1007 1020 esse
1025 987 1132 1021 Levi-

137 1037 223 1071 tiens
241 1037 468 1070 ceremonias.

138 1151 186 1182 Et<
208 1160 323 1193 snper
349 1149 453 1182 alam
476 1147 776 1183 abominationes
800 1150 1067 1191 desolationis,
1097 1154 1133 1183 et

138 1211 256 1245 usque
287 1199 338 1233 ad
365 1203 720 1234 consmmnalimzem
748 1200 945 1248 definitam
971 1200 1130 1235 stillabit
1157 1227 1159 1235 Α

449 1263 564 1296 super
581 1255 816 1286 vastitatem.

240 1328 336 1361 Haec
353 1328 476 1361 ultima
503 1339 583 1372 pars
602 1329 758 1360 vaticinii
777 1329 935 1362 continet
960 1341 1042 1362 vere
1069 1329 1132 1362 tri-

138 1387 226 1414 stem
252 1379 477 1413 sententiam.
542 1378 750 1421 Superiores
782 1391 904 1412 versus
937 1391 992 1413 res
1025 1380 1132 1413 laetas

137 1431 396 1475 promiserunt,
430 1431 637 1463 duraturam
661 1441 734 1463 esse
765 1431 927 1474 politiam
952 1443 1064 1476 usque
1088 1432 1130 1463 ad

137 1482 291 1516 messiae
310 1483 522 1524 adventum,
551 1488 741 1514 venturum
763 1493 835 1514 esse
851 1481 1040 1520 Blessiam,
1069 1483 1130 1514 da-

138 1541 260 1567 turum
293 1532 462 1565 beneficia
497 1539 640 1565 aeterno
678 1533 819 1565 foedere
854 1534 1015 1577 patribus
1049 1545 1131 1577 pro-

139 1585 255 1619 missa.
311 1582 379 1617 Sed
405 1583 524 1616 addita
540 1583 605 1616 fuit
623 1584 795 1616 sententia
814 1586 858 1617 de
882 1585 1018 1617 excidio
1044 1585 1131 1617 civi-

138 1635 230 1670 tatis.
291 1633 355 1667 Est
387 1640 502 1667 autem
533 1634 646 1667 multo
680 1634 837 1675 tristius,
872 1637 966 1680 quod
1003 1633 1060 1669 hic
1089 1637 1131 1668 de

139 1686 272 1730 templo
291 1686 438 1718 dicitur:
467 1684 544 1718 Hoc
563 1685 678 1728 ipsum
697 1686 880 1729 templum,
896 1687 933 1718 in
953 1699 1022 1731 quo
1035 1686 1132 1720 Deus

139 1738 225 1771 olim
252 1736 409 1769 invocari
434 1736 564 1776 voluit,
592 1736 653 1769 ubi
673 1737 868 1777 exaudivit,
894 1739 987 1782 quod
1010 1738 1131 1771 defen·
1156 1735 1158 1765 Ι
1219 1763 1226 1770 .
1412 1763 1434 1794 t.
1593 1761 1613 1778 .·
1636 1761 1659 1793 ί.

139 1789 203 1827 dit,
232 1788 301 1820 iam
322 1788 369 1820 ita
389 1787 476 1820 (liris
492 1787 773 1820 execrationibus
787 1789 993 1825 damnatur,
1022 1795 1059 1821 ut
1078 1790 1133 1821 di-
1156 1779 1159 1820 l
1185 1771 1226 1797 δυ
1247 1775 1407 1796 resurr&
1427 1773 1542 1794 “mem
1562 1773 1632 1793 em
1652 1773 1734 1792 'mo'

140 1846 194 1874 cat
211 1839 393 1883 deinceps,
421 1846 499 1882 post
518 1836 651 1872 Christi
672 1839 970 1882 praedicationem
988 1840 1062 1873 sore
1080 1851 1133 1872 se-

140 1893 219 1925 dem
239 1890 425 1924 execrandi
442 1889 530 1922 idoli
550 1890 720 1922 vastantis
737 1890 870 1923 cultum
887 1889 968 1924 Dei.

242 1948 320 1984 Etsi
336 1957 450 1983 autem
470 1955 502 1982 et
526 1946 609 1982 huic
634 1949 711 1982 loco
733 1948 894 1982 Iudaicae
913 1950 1133 1994 corruptelae
1158 1957 1160 1990 ᾖ
1364 1974 1387 2006 l.
1416 1973 1440 2006 ,ί
1466 1980 1476 2005 t
1569 1972 1586 2004 f
1611 1972 1640 1997 α.

141 2002 304 2036 tenebras
330 2001 525 2039 inducunt,
555 2007 672 2033 tamen
699 1998 791 2033 nibil
817 2001 965 2034 dubium
991 2008 1041 2035 est
1066 1999 1133 2034 hoc
1157 1999 1160 2063 ἰ
1186 1986 1360 2059 Ξῗῖἰιῃξῐὶο
1380 1986 1424 2006 ¹x¹
1444 1986 1460 2005 a
1481 1984 1533 2005 em
1586 1984 1720 2015 ''Dum'’

1358 2050 1366 2062 5

143 2053 258 2086 dicere
273 2052 468 2094 Angelum,
496 2051 533 2084 in
555 2052 686 2095 templo
709 2053 827 2086 futura
845 2063 917 2085 esse
941 2053 1034 2085 idola
1054 2064 1133 2085 exe-

143 2103 273 2137 cranda
285 2127 294 2145 ‚
321 2109 400 2146 post
415 2115 503 2146 quae
519 2109 679 2136 secutura
699 2103 742 2136 sit
761 2110 927 2147 perpetua
945 2103 1085 2137 vastitas
1102 2110 1134 2137 et

143 2154 311 2188 solitudo.
354 2152 412 2186 Sic
429 2153 680 2197 interpretatus
698 2161 747 2187 est
765 2152 929 2188 Christus
946 2155 1019 2198 ipse
1037 2152 1133 2189 hunc

144 2212 296 2239 textum:
323 2202 413 2237 Cum
431 2204 597 2238 videbitis
620 2205 921 2239 abominationem
942 2206 1132 2240 desolatio-

144 2257 220 2297 nis,
247 2255 376 2288 dictam
391 2266 453 2298 per
469 2254 652 2302 Danielem
669 2253 901 2301 prophetam,
927 2264 1077 2291 stantem
1095 2257 1133 2290 in

144 2308 223 2341 loco
249 2312 368 2339 sancto
389 2305 469 2350 (qui
491 2306 575 2349 legit
598 2306 809 2354 intelligat),
836 2307 942 2341 Tunc
961 2308 1022 2353 qui
1051 2315 1133 2342 sunt

145 2358 184 2392 in
208 2357 338 2392 Iudaea
360 2356 499 2399 fugiant
522 2364 585 2390 etc.
640 2357 789 2402 Signum
813 2359 938 2393 excidii
960 2359 1134 2405 lerosoly-

144 2420 240 2450 mae,
274 2415 307 2442 et
336 2407 500 2441 interitus
534 2409 646 2450 gentis
672 2409 852 2452 Iudaicae,
893 2411 968 2444 fore
1000 2410 1135 2456 inquit,

145 2459 236 2494 Cum
261 2460 300 2492 in
328 2459 407 2492 loco
439 2465 559 2492 sancto
584 2459 689 2493 stabit
718 2461 876 2502 idolum,

640 76 689 111 IN
716 74 978 111 DANIELEM
1004 72 1323 110 PROPHETAM
1350 72 1773 112 COMMENTARIUS.

1048 680 1130 714 Ideo
1156 670 1158 707 l

2100 75 2174 110 898

1181 162 1278 195 misit
1304 159 1400 194 Deus
1427 169 1503 204 post
1528 161 1823 195 resurrectionem
1856 161 2026 205 templum
2052 162 2175 196 multis

1182 213 1281 247 tetris
1300 213 1468 256 exemplis
1486 211 1715 257 prophanari.

1284 269 1330 304 Et
1349 284 1551 316 quanquam
1569 272 1619 314 pii
1647 272 1912 315 intelligebant,
1941 272 2056 305 cultus
2080 272 2174 317 ipsos

1182 329 1379 366 pugnantes
1406 335 1483 355 cum
1513 322 1605 355 Filio
1630 323 1720 360 Dei,
1759 336 1813 356 res
1847 335 1920 356 esse
1948 324 2130 356 damnatas
2156 335 2174 356 a

1182 373 1275 414 Deo,
1318 385 1378 405 seu
1412 373 1580 406 sacrificia
1615 385 1756 414 eorum,
1799 375 1859 418 qui
1897 376 2175 407 adversabantur

1182 423 1397 467 Evangelio,
1433 424 1619 467 displicere
1642 422 1738 464 Deo,
1765 432 1795 457 et
1823 437 1902 458 vere
1926 437 1997 459 esse
2021 426 2116 458 idola
2141 431 2175 458 et

1181 473 1442 523 χ’)’δελύγλιιατω
1473 474 1553 519 quia
1573 474 1670 507 nulla
1688 474 1864 507 invocatio
1883 477 1995 519 placet
2012 475 2087 509 Deo
2105 476 2174 509 nisi

1183 539 1241 567 ea,
1270 539 1357 571 quae
1374 527 1411 559 fit
1430 526 1467 558 in
1493 525 1673 568 agnitione
1692 537 1773 557 vera
1798 533 1829 559 et
1850 526 1974 560 fiducia
1993 526 2076 559 Filii
2102 539 2175 560 me-

1183 578 1349 618 diatoris,
1379 576 1517 610 Tamen
1538 577 1692 609 arbitror
1710 576 1814 609 etiam
1834 584 1993 610 externas
2019 575 2174 622 propha-

1184 630 1344 662 nationes
1368 628 1550 661 accessisse
1575 627 1795 660 incurrentes
1822 627 1859 659 in
1888 628 2025 667 oculos,
2052 636 2090 662 ut
2117 641 2175 662 ve-

1182 681 1264 712 xilla
1282 679 1420 713 Tiberii
1447 685 1479 711 et
1498 679 1619 711 caedes
1642 678 1748 711 factas
1767 678 1802 711 in
1822 678 1897 722 ipso
1917 679 2069 722 templo,
2096 691 2175 712 cum

1184 731 1303 764 Iudaei
1329 730 1455 764 vexilla
1479 730 1604 762 eiicere
1627 738 1859 769 conarentur,
1888 738 1920 764 et
1943 730 2089 763 fortasse
2106 736 2176 762 sta—

1184 789 1259 815 tuas
1285 782 1485 824 Caligulae,
1515 781 1576 813 etsi
1605 777 1777 823 Iosephus
1803 792 1877 813 eam
1902 778 2087 813 historiam
2111 780 2176 813 ali-

1184 840 1315 878 quanto
1347 833 1449 865 aliter
1477 838 1608 866 narrat.
1671 831 1792 864 Fuisse
1825 831 1917 864 enim
1946 832 2063 877 aliqua
2089 837 2176 865 tetra

1183 885 1280 927 sigua
1298 884 1516 917 incurrentia
1542 883 1579 915 in
1600 883 1738 921 oculos,
1765 894 1854 926 quae
1881 883 1955 926 pios
1981 883 2177 916 admonue-

1184 943 1266 968 runt
1285 937 1326 967 de
1343 934 1582 977 praedictione
1601 933 1761 967 Danielis
1783 940 1815 966 et
1833 931 1984 972 Christi,
2014 940 2046 967 et
2068 934 2177 977 signi-

1183 987 1331 1020 ficarunt
1349 987 1480 1019 instare
1501 992 1638 1029 tempus
1657 984 1795 1025 excidii,
1819 992 2094 1019 consentaneum
2115 993 2176 1021 est.

1288 1045 1335 1079 Ut
1360 1058 1454 1079 nunc
1479 1046 1520 1078 ad
1549 1045 1734 1088 opiniones
1759 1057 1883 1088 pravas
1906 1043 2177 1090 Episcoporum,

1157 1095 1159 1120 ῗ
1183 1097 1445 1132 Canonicorum
1475 1104 1508 1129 et
1525 1093 1786 1129 Monachorum
1815 1097 1985 1129 accedunt
2016 1103 2178 1129 externae

1185 1156 1305 1189 notae,
1342 1149 1563 1181 incurrentes
1589 1147 1625 1179 in
1649 1147 1787 1184 oculos,
1824 1160 1913 1191 quae
1936 1148 2176 1180 commonefa-

1184 1213 1260 1233 cere
1285 1200 1480 1232 mcdiocres
1508 1196 1668 1231 homines
1694 1205 1857 1241 possunt,
1887 1198 2001 1231 cultus
2019 1196 2175 1231 hostium

1183 1251 1370 1294 Evangelii
1388 1252 1571 1283 damnatos
1587 1261 1671 1281 esse.
1725 1248 1782 1282 Fit
1799 1261 1989 1282 concursus
2008 1251 2049 1282 ad
2067 1256 2177 1282 certas

1184 1310 1324 1345 statuas,
1355 1302 1486 1346 petitur
1501 1302 1542 1333 ab
1562 1298 1767 1333 hominibus
1787 1301 1936 1333 mortuis
1954 1300 2123 1333 auxilium
2143 1306 2178 1333 et

1184 1354 1296 1393 salus,
1326 1364 1467 1396 prorsus
1485 1360 1523 1386 ut
1540 1352 1625 1385 olim
1644 1352 1688 1383 ab
1704 1349 1876 1389 Hercule,
1904 1350 2067 1391 Castore,
2093 1350 2177 1384 Pol-

1184 1406 1260 1438 luce
1286 1411 1318 1437 et
1341 1404 1528 1438 similibuS.
1582 1401 1722 1436 Coenae
1746 1400 1893 1434 Domini
1919 1402 2105 1446 multiplex
2128 1408 2177 1435 est

1184 1463 1217 1490 et
1235 1455 1416 1488 manifesta
1444 1452 1699 1498 prophanatio,
1726 1460 1764 1486 ut
1789 1453 1879 1485 infra
1898 1454 2023 1486 dicam.
2079 1452 2177 1495 Quid

1184 1514 1319 1540 caetera
1347 1517 1642 1543 commemorem,
1675 1516 1781 1547 vagae
1806 1504 1974 1537 libidines
2000 1504 2178 1537 sacrificu-

1184 1559 1299 1592 lorum
1325 1564 1416 1591 certe
1440 1553 1685 1604 βδελίχιιαῖα
1710 1562 1814 1596 sunt,
1849 1562 1880 1588 et
1905 1563 2078 1589 testantur
2102 1553 2178 1588 Deo

1184 1610 1368 1654 displicere
1387 1607 1453 1641 hoc
1472 1620 1580 1651 genus
1598 1607 1888 1650 sacrificulorum,
1918 1608 2010 1651 quod
2033 1618 2119 1650 pene
2137 1606 2176 1638 in

1184 1662 1347 1705 epicureo
1371 1666 1551 1692 contemtu
1576 1657 1640 1692 Dei
1668 1658 1764 1692 vivit.
1822 1657 1871 1691 Ita
1895 1658 2001 1690 fuisse
2024 1657 2179 1699 insignes

1185 1720 1284 1746 notas
1305 1718 1463 1744 externas
1490 1709 1680 1754 impietatis
1697 1710 1788 1752 apud
1811 1707 1958 1742 ludaeos
1977 1716 2054 1753 post
2072 1706 2177 1742 Chri-

1287 1821 1357 1855 Sed
1379 1821 1484 1853 verba
1500 1826 1614 1853 textus
1632 1820 1881 1862 expendamus.
1934 1816 2004 1851 Res
2025 1818 2098 1862 ipsa
2123 1817 2177 1850 lo-

1186 1873 1307 1917 quitur
1333 1871 1479 1904 Iudaeos
1504 1877 1647 1914 propter
1669 1870 1844 1903 inscitiam
1870 1865 2042 1914 quaedam
2066 1880 2177 1900 mem-

1188 1926 1246 1957 bra
1264 1921 1320 1956 hic
1340 1922 1572 1955 insulsissime
1589 1921 1825 1964 interpretari.
1882 1919 1927 1954 Ut
1944 1926 2060 1953 autem
2077 1919 2177 1952 ocio-

1772 1971 2004 2004 deliramenta
2036 1969 2177 2003 ludaica

1400 2031 1432 2058 et
1463 2023 1616 2056 breviter
1649 2023 1977 2066 interpretationem
2009 2021 2176 2057 recitabo,

1190 2077 1303 2111 Verba
1321 2073 1407 2109 haec
1425 2081 1508 2109 sunt
1526 2075 1564 2107 in
1583 2081 1692 2108 textu:

1289 2172 1334 2204 Et
1360 2180 1473 2214 super
1505 2169 1609 2202 alam
1638 2172 1748 2203 crunt
1774 2167 2073 2202 abominationes

1358 2220 1615 2255 desolationis.

1287 2298 1471 2332 BIiranttir
1487 2297 1588 2330 multi
1606 2294 1696 2329 hanc
1712 2296 1871 2338 figuram,
1891 2305 1972 2328 cum
1983 2293 2086 2327 dicit:
2107 2292 2176 2327 Su·-

1187 2363 1248 2396 per
1271 2351 1374 2383 alam.

1187 2402 1366 2448 perspicua
1386 2407 1435 2434 est
1452 2399 1637 2433 enarratio,
1691 2397 1805 2441 Super
1822 2397 1934 2437 alam,
1962 2396 1998 2428 id
2024 2402 2091 2435 est,
2116 2407 2176 2428 su—

912 2463 1005 2507 qnod
1033 2468 1135 2495 vocat
1160 2479 1161 2498 ¹
1186 2466 1249 2498 per
1274 2449 1469 2486 Cherubim
1500 2456 1629 2484 stantes
1655 2448 1692 2481 in
1716 2448 1835 2481 tabula
1867 2446 2108 2492 propiciatorii
2137 2446 2175 2479 in

144 2509 297 2546 Ebraica
315 2509 572 2543 consuetudine
586 2507 795 2558 βδέλυγμα.
840 2512 1054 2558 Quanquam
1072 2525 1135 2546 au-
1159 2500 1162 2543 l,
1186 2511 1306 2539 sancto
1325 2510 1538 2536 sanctorum.

147 2569 216 2596 tem
236 2561 392 2605 Angelus
415 2567 529 2595 totum
555 2561 690 2594 cultum
711 2562 877 2606 intelligit
899 2564 976 2597 fore
998 2564 1134 2598 idolum

1291 2562 1348 2596 Sic
1364 2559 1527 2595 Christus
1542 2560 1805 2603 interpretatur,
1824 2558 1884 2602 qui
1902 2557 1960 2598 ait,
1979 2554 2175 2604 βδέλυγμα

147 2613 403 2653 execrandum,
452 2618 641 2657 postquam
680 2613 862 2655 pontifices
896 2615 1137 2649 interfecerint
1160 2617 1163 2647 ἶ
1190 2610 1425 2659 ἐρημώσεως,
1453 2609 1495 2645 τὸ
1518 2607 1632 2655 ῥηθὲν
1647 2607 1709 2644 διὰ
1726 2607 1867 2654 Δανιὴλ
1882 2610 1950 2643 τοῦ
1967 2608 2175 2654 Προφήτου

147 2663 334 2704 Messiam,
361 2670 479 2697 tamen
504 2670 545 2697 ut
563 2662 719 2706 conspici
745 2663 796 2698 ira
810 2662 877 2697 Dei
902 2666 1029 2709 possit,
1056 2677 1135 2710 per-

198 2717 374 2748 Memmi.
405 2717 508 2749 Ormi.
533 2717 615 2747 VoL.
645 2714 738 2747 XIII.

1190 2663 1294 2703 ἑστὸς
1317 2663 1355 2698 ἐν
1378 2662 1481 2709 τόπῳ
1502 2659 1619 2710 ἁγίῳ,
1648 2661 1682 2693 id
1702 2668 1767 2695 est:
1797 2660 1868 2695 Seu
1887 2660 2024 2694 idolum
2049 2670 2176 2692 manu-

1622 2711 1671 2749 57

1430 2349 1499 2383 Sed
1527 2348 1706 2391 expedsta,
1743 2346 1911 2390 simplex,
1947 2344 2120 2378 concinna
2143 2350 2176 2378 et
2226 2347 2232 2350 “
