2379 2948
189 132 260 168 551

192 219 253 258 tis,
281 228 395 256 verax,
423 214 587 253 benefica,
614 211 714 250 iusta,
739 214 840 249 casta,
866 207 1059 248 liberrima,
1087 218 1175 251 qnae

192 276 241 302 est
271 275 370 312 pater
395 273 576 302 aeternus,
611 261 671 306 qui
699 259 819 303 genuit
846 260 958 292 filium
984 258 1176 300 imaginem
1202 261 1204 299 ξ

192 332 309 359 suam,
337 325 367 350 et
388 317 497 357 filins,
527 313 586 358 qui
606 319 655 346 est
678 311 792 354 imago
818 311 945 354 patriS,
973 316 1005 342 et
1024 308 1177 352 Spiritus

193 370 228 405 S.
246 371 334 403 sicut
351 366 511 412 patefecit
529 376 564 397 se
580 363 759 402 divinitas,
787 363 847 407 qui
865 360 1023 394 condidit
1041 360 1175 392 coelum

193 428 226 454 et
244 428 388 455 terram,
418 424 449 450 et
470 422 621 450 caeteras
638 421 781 447 naturas
799 413 835 445 in
855 413 921 453 eis,
949 419 981 445 et
999 411 1036 443 in
1054 420 1178 453 genere

193 470 348 504 humano
365 468 432 501 sibi
451 467 586 509 colligit
603 473 780 499 aeternam
798 462 1001 503 Ecclesiam,
1029 468 1061 494 et
1081 472 1178 493 suam

192 522 409 554 voluntatem
436 518 636 551 illustribus
662 515 890 554 testimoniis,
927 520 966 546 ut
993 512 1178 545 resuscita-

192 573 289 606 tione
308 577 550 608 mortuorum,
578 567 777 601 declaravit.
816 565 874 598 Sic
891 565 926 596 in
946 561 1100 597 Ecclesia
1117 573 1179 593 ne-

192 634 283 656 cesse
317 629 366 655 est
392 620 474 654 addi
500 620 670 664 quaedam
697 615 926 659 descriptioni
952 613 1036 653 Dei,
1074 624 1178 657 quam

191 680 325 706 mentes
356 670 620 711 humanaesua
647 669 724 701 luce
748 673 916 705 cernunt,
957 665 1039 709 quia
1064 663 1178 695 Deum

193 736 330 758 necesse
348 730 397 757 est
415 721 557 765 agnosci
576 727 609 754 et
627 718 802 757 invocari,
830 718 918 749 sicut
935 728 969 748 sc
988 714 1159 759 patefecit.

517 801 602 840 Quid
629 803 677 832 est
702 796 853 832 coelum?

294 865 357 900 Est
374 864 570 899 substantia
588 863 704 899 finita,
733 872 912 904 corporea,
940 859 1098 902 simplex,
1125 857 1180 889 lu-

192 919 268 951 cida
296 918 425 959 figurae
457 914 657 954 circularis,
701 911 885 945 dissimilis
909 909 1091 942 elementis
1117 919 1181 939 nec

193 968 346 1002 obnoxia
384 965 626 1010 corruptioni,
668 971 706 997 ut
741 963 930 1000 elementa,
971 959 1180 993 circundans

193 1019 312 1052 omnia
337 1018 472 1062 reliqua
508 1015 632 1049 mundi
667 1026 825 1057 corpora.
881 1013 921 1044 ln
956 1009 1020 1043 hac
1051 1009 1181 1043 descri—

192 1071 313 1114 ptione
329 1069 427 1101 vides
448 1067 556 1100 multa
577 1066 734 1098 membra
751 1064 841 1096 sumi
862 1076 900 1095 ex
920 1062 1048 1095 tabella
1074 1059 1180 1093 huius
1207 1080 1208 1110 Ξ
1234 1077 1292 1110 lia.

192 1119 478 1164 praedicamenti.
538 1116 617 1149 Non
643 1117 771 1148 addam
797 1114 899 1157 plura
924 1112 1101 1155 exempla,
1136 1123 1180 1142 ne

192 1184 279 1215 opus
297 1170 485 1202 immodice
503 1176 642 1201 crescat.
695 1165 765 1199 Sed
783 1172 902 1198 tamen
929 1163 1039 1196 sciant
1062 1162 1182 1194 iunio-

192 1233 263 1262 res,
294 1218 351 1253 hic
374 1231 515 1263 parvam
541 1217 708 1251 tabellam
734 1215 904 1260 proponi,
931 1221 969 1247 ut
993 1214 1098 1246 series
1126 1225 1180 1244 re-

192 1285 271 1306 rum
289 1271 550 1309 consideretur,
577 1280 726 1313 quarum
746 1266 929 1310 explicatio
954 1265 1089 1307 integra
1117 1275 1182 1307 po-

192 1330 262 1357 stea
284 1322 437 1356 traditur
454 1322 491 1353 in
509 1319 655 1364 reliquis
674 1315 924 1361 Philosophiae
944 1316 1113 1359 partibuS.

221 1415 288 1450 Ubi
313 1411 554 1448 collocandae
576 1406 670 1445 sunt¹
684 1413 817 1453 partes
836 1405 1157 1441 substantiarum?

294 1481 381 1514 Pars
408 1491 544 1524 semper
569 1479 606 1511 in
629 1478 750 1510 eodem
777 1475 903 1508 ordine
931 1474 1094 1518 ponenda
1121 1478 1182 1509 est,

194 1535 231 1566 in
256 1545 326 1578 quo
354 1538 467 1565 totum
492 1530 698 1563 collocatur.

196 1592 277 1618 sunt
293 1590 409 1628 partes
425 1581 588 1615 animalis
600 1607 608 1620 ‚
636 1586 668 1612 et
685 1590 807 1611 revera
824 1584 904 1610 sunt
923 1575 1150 1608 substantiae.

297 1642 384 1676 Item
397 1669 404 1682 ‚
433 1638 611 1673 Privativa
630 1638 774 1670 nomina
793 1637 990 1669 referantur
1009 1635 1052 1666 ad
1069 1633 1184 1666 domi-

195 1695 274 1728 cilia
303 1704 422 1727 earum
439 1703 574 1730 rernm,
602 1690 730 1734 quibus
748 1694 997 1730 opponuntur,
1023 1692 1077 1717 ut:
1107 1684 1182 1717 Lux

197 1752 248 1778 est
263 1745 432 1790 qualitaS‚
460 1743 501 1775 ad
520 1742 612 1773 idem
638 1739 857 1772 domicilium
882 1744 914 1770 et
939 1736 1104 1769 tenebrae
1130 1747 1183 1767 re-

194 1797 363 1829 serantur.
416 1794 469 1826 Ita
489 1800 520 1826 et
543 1792 620 1824 loco
640 1792 790 1824 cadaver
818 1789 991 1821 reseratur
1014 1788 1055 1819 ad
1084 1797 1183 1830 prae-

195 1845 384 1880 dicamenti
405 1844 548 1883 seriem,
572 1843 632 1876 ubi
650 1841 781 1874 animal
799 1845 1007 1872 recensetur.

197 1937 272 1969 Cum
287 1935 438 1967 dicimus:
463 1932 597 1964 Roscius
621 1931 757 1962 sustinet
773 1940 945 1971 personam
961 1929 1183 1969 Ayamemuo-

325 1978 393 2016 nis,
426 1976 609 2007 Persona
634 1974 666 2005 in
688 1984 747 2014 quo
769 1968 1056 2012 praedicamento?

299 2038 363 2073 Est
381 2046 413 2072 et
428 2036 513 2071 haec
530 2035 678 2077 insignis
692 2034 826 2066 utilitas
843 2033 1024 2065 doctrinae
1045 2031 1184 2074 praedi-

199 2098 460 2128 camentorum,
489 2087 582 2132 quod
599 2084 769 2118 vocabula
797 2084 980 2127 perspicue
1003 2082 1182 2115 discernit.

197 2143 288 2178 Cum
300 2142 393 2175 dico:
419 2138 569 2173 Roscius
588 2136 734 2169 sustinet
753 2146 937 2178 personam
949 2132 1184 2176 Agamemno-

199 2196 272 2235 nis,
306 2191 362 2225 hic
398 2200 545 2234 persona
571 2198 794 2232 nequaquam
823 2185 994 2227 significat
1022 2184 1184 2216 snbstan-

199 2246 302 2284 tiam,
328 2244 386 2276 sed
406 2251 537 2274 nomen
563 2238 768 2276 relativum,
797 2242 846 2269 est
872 2233 937 2267 hoc
961 2235 1037 2267 loco
1066 2246 1184 2277 perso-

201 2308 288 2335 nae,
315 2293 515 2337 significans
531 2301 602 2323 esse
619 2288 843 2325 ordinatum,
871 2292 908 2319 ut
926 2285 969 2318 sit
992 2286 1106 2328 imago
1133 2285 1184 2318 al-

202 2347 328 2386 terius,
361 2345 417 2377 vel
444 2341 641 2375 imitatione
665 2339 774 2371 alium
800 2343 1052 2381 repraesentet,
1086 2336 1184 2380 quasi

203 2398 291 2430 alius
316 2396 376 2428 ille
401 2395 445 2428 sit
471 2394 508 2425 in
533 2397 733 2435 conspectu.
786 2387 853 2422 Sed
883 2388 986 2429 longe
1009 2387 1110 2420 aliter
1129 2387 1184 2418 in-

425 127 632 163 SCRIPTA
661 124 736 158 PH.
764 121 878 156 MEL.
908 118 979 155 AD
1004 119 1130 155 HIST.
1158 117 1302 155 PROF.
1329 117 1394 153 ET
1423 116 1614 152 PHILOS.
1643 117 1964 154 SPECTANTIA.

753 1527 888 1570 capnt,
914 1527 1038 1569 pedes’
1065 1530 1183 1567 pedus
1209 1549 1210 1583 J
1237 1540 1420 1572 differunt.
1456 1539 1524 1573 Sed
1550 1536 1635 1570 haec
1651 1539 1835 1571 annotatio
1854 1551 1925 1571 non
1943 1545 1993 1571 est
2009 1539 2128 1581 magni
2144 1551 2221 1571 mo-

1209 1594 1210 1598 ’
1237 1591 1367 1631 menti,
1394 1602 1458 1622 nec
1475 1589 1653 1622 subtiliter
1671 1589 1713 1622 de
1730 1602 1767 1621 ea
1790 1589 2043 1633 disputandum
2061 1602 2195 1624 censeo.

2139 114 2212 151 539

1595 200 1672 233 Cum
1701 201 1852 232 dicimus:

1256 251 1385 283 Verba
1416 252 1599 293 puellarum
1627 250 1716 293 foliis
1745 251 1865 282 leviora
1894 251 2029 283 caducis.
2088 251 2127 282 In
2156 262 2190 283 eo

1303 295 1405 326 dicto:
1443 295 1612 327 Verbum
1635 294 1668 325 in
1691 303 1750 335 quo
1772 292 2033 333 praedicamento
2056 293 2129 326 est?

1333 355 1373 388 ln
1391 357 1673 400 praedicamento
1691 354 1892 397 Qualitatis.
1921 353 2099 397 Significat
2118 355 2210 387 enim

1231 417 1348 447 sonos,
1376 408 1436 451 qui
1451 414 1533 440 sunt
1553 407 1794 451 percussiones
1811 407 1848 438 in
1861 407 1941 439 ae're
1960 414 2213 446 evanescentes,

1231 463 1264 490 et
1282 464 1364 490 sunt
1380 458 1584 492 accidentia.
1638 456 1685 490 At
1703 457 1805 499 longe
1824 457 1913 490 alius
1929 467 2012 489 usus
2040 462 2090 488 est
2109 467 2213 488 voca-

1231 508 1318 548 buli,
1336 520 1412 541 cum
1426 508 1537 542 Filius
1546 507 1612 542 Dei
1624 515 1771 542 vocatur
1783 507 1950 547 Verbum,
1977 513 2016 539 ut
2028 504 2149 539 Iohan.
2164 506 2214 541 1.:

1232 557 1272 591 ln
1299 559 1475 603 principio
1500 567 1572 592 erat
1594 560 1760 597 verbum,
1797 567 1830 593 et
1852 559 1999 591 verbum
2023 564 2095 590 erat
2121 557 2215 600 apud

1231 607 1365 649 Deum,
1400 617 1433 642 ct
1460 608 1553 642 Deus
1580 617 1651 643 erat
1678 611 1835 644 verbum.
1892 609 1959 642 Hic
1987 609 2080 641 enim
2110 605 2217 655 λόγος

1232 660 1402 702 significat
1419 659 1551 693 Filium
1571 659 1650 693 Dei.
1706 660 1746 692 ln
1767 674 1804 693 ea
1830 660 2085 704 significatione
2111 655 2217 706 λόγος

1232 710 1385 754 pertinet
1403 712 1444 742 ad
1464 711 1785 754 praedicamentum
1808 711 2033 746 substantiae.
2078 708 2218 743 Dicitur

1205 782 1207 798 ,1
1232 768 1348 794 autem
1368 760 1480 794 Filius
1507 760 1573 794 Dei
1601 758 1726 807 λόγος,
1760 763 1841 806 quia
1867 769 1917 796 est
1942 762 2056 804 imago
2083 760 2217 794 aeterni

1231 811 1365 853 Patris,
1389 813 1600 855 cogitatione
1618 812 1746 855 genita.

1356 908 1449 947 Quot
1464 909 1551 939 sunt
1564 907 1822 949 proprietates
1836 904 2075 940 substantiae
2085 904 2102 939 ?

1337 973 1437 1009 Tres.
1482 973 1600 1006 Prima
1615 1001 1623 1014 ‚
1649 974 1874 1007 Substantiae
1893 986 1965 1006 non
1985 980 2066 1006 sunt
2082 974 2119 1005 in
2136 973 2218 1006 sub-

1235 1025 1341 1065 iecto,
1368 1032 1408 1058 ut
1425 1025 1637 1064 accidentia,
1664 1026 1722 1057 sed
1742 1025 1836 1068 ipsae
1860 1025 2033 1057 sustinent
2057 1024 2219 1057 acciden-

1347 1074 1424 1108 Etsi
1456 1082 1571 1108 autem
1595 1082 1709 1119 partes
1734 1076 1950 1108 substantiae
1973 1081 2054 1108 sunt
2082 1076 2119 1107 iu
2142 1086 2219 1107 cor-

1234 1139 1338 1171 pore,
1371 1133 1411 1159 ut
1435 1127 1471 1158 in
1498 1132 1588 1166 toto,
1616 1134 1655 1159 ut
1676 1127 1816 1169 sanguis
1843 1133 1892 1159 est
1914 1127 1950 1158 in
1976 1138 2122 1170 corpore
2149 1123 2219 1158 hu-

1235 1190 1359 1218 mano,
1394 1184 1511 1210 tamen
1541 1178 1644 1209 aliter
1669 1177 1859 1210 accidentia
1884 1184 1967 1210 sunt
1990 1177 2028 1209 in
2051 1176 2220 1216 subiecto,

1234 1229 1317 1273 quia
1344 1228 1447 1262 etiam
1474 1228 1614 1270 sanguis
1639 1228 1822 1272 proprium
1848 1239 1919 1260 esse
1938 1225 2064 1268 habet,
2091 1233 2124 1260 et
2142 1239 2220 1260 cor-

1235 1291 1299 1323 pus
1318 1286 1367 1312 est
1383 1280 1570 1322 peculiare.
1625 1279 1693 1312 Sed
1713 1279 1915 1312 accidentia.
1929 1285 2066 1312 tantum
2088 1276 2221 1311 habent

1235 1342 1307 1363 esse
1324 1331 1360 1362 in
1381 1330 1555 1369 subiecto,
1584 1337 1617 1363 et
1633 1342 1651 1362 a
1670 1330 1817 1362 subiecti
1835 1329 2041 1362 substantia.

1337 1389 1516 1427 Secunda,
1543 1388 1678 1420 Usitate
1695 1387 1901 1419 sicdicitur:
1931 1386 2135 1420 Substantia
2146 1399 2220 1420 non

1209 1450 1210 1471 3
1236 1439 1360 1482 recipit
1386 1438 1514 1480 magis,
1541 1449 1605 1470 nec
1628 1437 1763 1477 minus,
1796 1444 1852 1470 ut:
1880 1438 2050 1470 Hercules
2072 1450 2145 1471 non
2171 1445 2221 1472 est

1236 1490 1345 1531 magis
1363 1487 1470 1521 homo
1493 1500 1598 1533 quam
1617 1487 1736 1528 Paris,
1762 1489 1825 1521 etsi
1850 1488 2091 1521 accidentibus
2117 1489 2235 1544 valde><

1340 1648 1457 1681 Tertia
1478 1648 1672 1692 proprietas
1690 1648 1802 1680 levior
1818 1655 1851 1681 et
1864 1648 2026 1691 frigidior
2043 1655 2108 1682 est:
2126 1648 2220 1683 Sub-

1209 1730 1211 1741 Ι,
1238 1700 1386 1733 stantiae
1416 1700 1574 1732 diversae
1603 1710 1676 1730 non
1707 1699 1875 1732 dicuntur
1905 1700 2120 1740 contrariae,
2159 1701 2221 1733 sed

2138 1749 2219 1784 Usi-

1238 1752 1454 1794 disparatae,
1479 1758 1517 1783 ut
1535 1750 1625 1793 ignis
1642 1756 1674 1782 et
1691 1762 1780 1794 aqua
1792 1775 1800 1788 ,
1829 1750 1933 1794 lupus
1951 1757 1984 1783 et
1996 1750 2083 1784 ovis.

1210 1834 1211 1845 ἶ
1238 1809 1347 1835 tatum
1366 1808 1416 1834 est
1434 1801 1527 1834 enim
1545 1800 1827 1834 contrarietatem
1843 1801 1982 1844 proprie
1992 1801 2221 1846 qualitatibus

1210 1865 1211 1869 ¹
1238 1854 1329 1887 inter
1354 1865 1388 1885 se
1415 1852 1653 1895 pugnantibus
1681 1852 1850 1884 tribuere.

1908 1851 2003 1884 Haec
2028 1852 2221 1885 recitantur

1239 1911 1381 1948 propter
1404 1901 1603 1936 scholarum
1629 1902 1940 1942 consuetudinem,
1981 1908 2072 1946 quae
2094 1902 2143 1935 sic
2165 1902 2220 1935 lo-

1238 1962 1408 1999 quuntur.
1437 1953 1507 1986 Nec
1524 1965 1639 1986 reseco
1655 1954 1697 1985 ad
1715 1953 1832 1985 vivum
1851 1950 1935 1984 haec
1951 1953 2055 1991 dicta,
2078 1953 2120 1986 de
2139 1955 2220 1998 qui-

1238 2007 1304 2038 bus
1327 2003 1468 2049 Physici
1497 2004 1661 2037 subtilius
1691 2003 1869 2046 disputare
1889 2010 2047 2047 possent,
2079 2004 2140 2048 qui
2165 2005 2221 2037 di-

1239 2064 1337 2089 cunt:
1363 2055 1542 2100 Quicquid
1561 2054 1810 2098 corrumpitur,
1832 2066 1849 2086 a
1867 2054 2043 2087 contrario
2061 2060 2221 2088 corPum-

1240 2108 1352 2152 pitur,
1380 2113 1417 2139 ut
1440 2113 1531 2139 terra
1558 2105 1601 2138 ab
1627 2105 1713 2147 igni.
1749 2103 1825 2138 Etsi
1842 2111 1956 2138 autem
1973 2105 2023 2138 ihi
2044 2105 2081 2139 fit
2098 2118 2220 2139 corru-

1210 2170 1212 2179 =
1238 2159 1311 2203 ptio
1332 2170 1392 2201 per
1410 2157 1618 2190 contrariam
1637 2156 1859 2200 qualitatem,
1884 2163 2002 2190 tamen
2026 2157 2220 2201 principale

1238 2220 1342 2252 agens
1360 2215 1409 2241 est
1425 2209 1535 2240 forma
1553 2207 1653 2250 ignis.
1707 2206 1773 2240 Sed
1794 2204 1878 2239 haec
1895 2207 2031 2242 omitto.
2065 2207 2220 2242 Vitanda

1238 2267 1288 2293 est
1319 2259 1412 2291 enirn
1442 2259 1548 2290 nimia
1581 2258 1776 2296 subtilitas,
1807 2264 1846 2291 ut
1878 2270 1958 2291 vere
1989 2259 2121 2292 dictum
2153 2265 2216 2291 est:

1210 2316 1211 2341 3
1238 2311 1349 2345 Crede
1366 2307 1474 2350 mihi,
1502 2321 1621 2353 sapere
1637 2315 1686 2342 est
1702 2320 1773 2341 non
1793 2309 1943 2342 nimium
1961 2320 2091 2354 sapere.

203 2447 379 2489 telligatur
396 2443 628 2479 vocabulum,
656 2441 821 2479 Persona,
848 2451 924 2472 cum
945 2439 1048 2471 dicis:
1071 2437 1184 2470 Filius
1210 2450 1211 2454 ¹

203 2497 269 2532 Dei
288 2504 337 2530 est
351 2507 511 2539 persona.
565 2492 632 2526 Hic
650 2492 742 2525 enim
762 2502 909 2535 persona
930 2501 1010 2522 vere
1024 2495 1074 2522 est
1100 2488 1184 2521 sub-

205 2548 349 2585 stantia,
375 2547 461 2579 sicut
478 2543 693 2590 hypostasis,
721 2549 752 2575 et
772 2553 899 2574 nomen
919 2552 1086 2584 personae
1112 2539 1184 2571 col-

205 2600 340 2633 locetur
356 2597 392 2629 in
411 2596 690 2639 praedicamento
710 2593 942 2632 substantiae,
971 2591 1059 2624 sicut
1084 2590 1184 2623 Plato
1209 2608 1210 2611 =

205 2657 265 2684 aut
289 2646 480 2682 Iohannes,

205 2701 382 2743 telligens‚
411 2695 754 2730 incommunicabile.

533 2645 712 2686 Significat
737 2644 828 2676 enim
854 2643 1100 2682 individuum,
1128 2641 1183 2673 in-
1209 2678 1210 2685 ἵ

1209 2694 1211 2710 ”
1238 2687 1363 2722 dividi.
1405 2685 1482 2720 Etsi
1499 2693 1613 2720 autem
1632 2697 1704 2718 non
1722 2696 1810 2729 opus
1826 2691 1876 2718 est
1892 2685 2028 2719 curiose
2049 2697 2216 2730 quaerere

1208 2714 1211 2731 l

1369 2427 1435 2467 De
1462 2426 1801 2466 Praedicamento
1821 2426 2084 2475 Quantitatis.

1522 2514 1617 2556 Quid
1631 2520 1687 2550 est
1704 2514 1931 2557 Quantitas?

1340 2584 1527 2627 Quantitas
1553 2591 1602 2617 est
1625 2585 1830 2627 magnitudo
1852 2583 1921 2623 rei,
1956 2584 2011 2616 vel
2036 2596 2215 2619 nnmeruS.

1238 2635 1283 2670 Et
1316 2635 1505 2681 quantitati
1535 2635 1676 2679 proprie
1711 2634 1875 2668 convenit
1906 2635 2118 2675 mensurari,
2160 2636 2214 2667 vel
