2379 2948
147 100 223 138 697

145 187 257 222 ctrina
287 193 321 221 et
342 187 385 220 ad
411 199 642 232 personarum
668 190 893 232 collationes,
931 191 975 224 de
996 188 1051 224 his
1077 191 1131 224 lo—
1154 193 1157 214 ¹
1182 194 1299 228 cendit
1332 195 1476 241 aliquod
1509 198 1686 241 gaudium.

893 240 992 275 Sicut
1014 253 1049 274 se
1068 240 1131 275 ha-
1181 244 1379 287 luctantur,
1416 248 1528 282 donec
1552 251 1693 283 tandem
1719 250 1830 284 vincit
1852 251 1954 291 fides,
1986 257 2018 284 et
2043 251 2164 292 gaudii

143 244 303 283 quuntur
327 239 489 282 vulgares
513 240 627 273 libelli
652 241 840 281 dialectici,

141 288 201 321 bet
225 289 442 332 gubernator
459 291 559 323 navis
577 292 619 324 ad
638 292 774 331 navim,
801 292 849 324 sic
867 303 901 324 se
919 289 1022 326 habet
1040 290 1129 336 Epi-

141 350 267 383 scopus
291 341 335 373 ad
354 338 566 381 Ecclesiam,
594 348 656 374 etc.
708 339 754 374 Et
777 339 844 374 hoc
867 343 973 376 modo
990 341 1129 377 Aristo-

141 390 226 423 teles
249 403 290 424 ex
315 392 607 435 proportionibus
630 391 766 425 erudite
785 398 818 425 et
836 400 982 427 venuste
1000 394 1128 428 extruit

140 441 340 475 doctrinam
357 443 400 475 de
417 442 569 475 iusticia:
600 440 742 475 Gradus
758 449 842 476 sunt
858 455 977 477 rerum
993 444 1029 476 in
1046 445 1128 486 vita,

292 490 396 537 Opus
413 499 463 525 est
480 492 594 533 victu,
622 493 782 526 doctrina
796 518 805 531 ‚
834 495 1051 535 defensione,

291 541 386 586 Ergo
412 549 446 576 et
470 543 650 585 agricolis,
679 551 712 578 et
734 545 956 587 doctoribus,
984 553 1016 580 et
1033 547 1127 580 mili-

344 593 437 626 tibus
453 605 542 636 opus
562 600 623 627 est.

239 652 400 696 Cumque
417 652 566 694 singulis
582 653 752 696 gradibus
769 665 857 699 opus
872 655 926 695 sit,
952 667 1035 688 suus
1051 656 1126 689 cui-

138 716 205 749 que
221 704 317 738 locus
335 709 368 735 et
384 699 499 735 honos
515 703 727 738 tribuendus
744 712 805 739 est.
857 704 904 739 Et
919 713 958 739 ut
976 719 1124 750 propor-

136 755 250 789 tiones
265 753 425 786 miranda
441 753 515 796 lege
532 766 710 788 connexae
724 762 818 796 sunt,
847 757 937 791 sicut
954 757 990 789 in
1001 755 1125 791 Arith—

136 806 259 839 metica
278 804 455 842 cernitur,
483 805 530 838 ita
548 807 593 839 sit
614 813 780 850 perpetua
801 804 930 840 horum
951 809 1123 851 graduum

135 855 325 900 copulatio.
377 854 447 889 Sed
465 853 549 889 haec
566 857 650 890 alibi
671 858 876 901 explicanda
894 865 987 893 sunt.

352 982 499 1024 Locus
531 995 557 1024 a
586 985 893 1039 pugnantibus.

234 1073 435 1118 Pugnantia
478 1083 561 1109 sunt
605 1076 869 1121 quadruplicia:
923 1076 1124 1118 Contraria,

130 1123 308 1159 Privative
331 1125 510 1170 opposita,
536 1125 700 1161 Relative
724 1127 905 1171 opposita,
932 1127 1123 1162 Contradi-

130 1176 251 1209 ctoria.

299 1272 404 1312 Quae
424 1274 609 1305 vocantur
633 1269 698 1304 hic
722 1270 947 1306 contraria?

228 1335 416 1371 Contraria
445 1337 588 1381 proprie
612 1334 670 1369 hic
697 1337 867 1371 dicuntur
891 1339 981 1371 duae
1005 1338 1120 1383 quali-

128 1392 214 1421 tates
239 1387 333 1422 inter
355 1399 391 1422 se
414 1387 616 1432 oppositae,
643 1399 793 1431 quarum
821 1400 892 1421 una
914 1388 1013 1432 pellit
1031 1390 1117 1423 alte-

126 1448 224 1478 ram,
258 1446 319 1473 aut
348 1450 498 1484 quarum
523 1449 594 1471 una
618 1437 730 1481 posita
755 1438 792 1470 in
814 1440 982 1482 gradibus
1006 1440 1119 1473 excel-

126 1488 300 1530 lentibus,
327 1490 436 1523 altera
459 1490 497 1522 in
522 1489 646 1523 eodem
668 1488 824 1523 subiecto
839 1490 944 1523 simul
963 1502 1035 1524 non
1054 1503 1118 1535 po-

127 1539 246 1580 nitur,
279 1547 318 1574 ut
343 1540 438 1573 calor
463 1539 592 1583 frigus,
619 1537 812 1573 humiditas
836 1541 988 1582 siccitas,
1015 1542 1118 1575 iusti-

126 1590 179 1623 cia
209 1590 408 1631 iniusticia,
456 1590 569 1624 virtus
601 1590 748 1631 vitium,
791 1591 927 1625 laeticia
959 1593 1116 1626 tristicia.

124 1638 307 1675 Differunt
325 1648 440 1675 autem
458 1641 645 1674 contraria.
700 1639 780 1674 Alia
798 1649 877 1675 sunt
898 1641 1117 1682 Immediata‚

124 1697 164 1725 ut
189 1692 325 1726 siccitas
349 1699 382 1726 et
406 1689 613 1726 humiditas,
666 1689 748 1724 Alia
773 1699 854 1725 sunt
872 1692 1028 1726 Mediata
1043 1720 1051 1734 ,
1078 1700 1117 1727 ut

125 1742 273 1784 albedo,
301 1743 460 1787 nigredo.
515 1741 607 1776 Sunt
632 1742 727 1774 enim
750 1743 858 1775 medii
878 1743 1030 1785 colores,
1055 1757 1116 1779 ru-

123 1792 198 1838 sus,
225 1794 368 1836 viridis,
394 1793 596 1831 coeruleus,
624 1793 759 1836 gilvus,
786 1793 916 1832 ssavus,
942 1794 1070 1829 fuscus.

453 1923 542 1956 Dic
572 1921 780 1968 reyulas.

521 2002 635 2034 Prima
658 2005 718 2034 est.

227 2063 331 2098 Valet
354 2064 604 2098 universaliter
628 2062 713 2098 haec
733 2064 869 2107 regula:
906 2062 1006 2098 Duae
1028 2076 1112 2098 con-

125 2114 254 2149 trariae
279 2115 464 2160 qualitates
484 2116 656 2159 graduum
676 2115 922 2149 excellentium
940 2127 1013 2148 non
1031 2123 1113 2150 sunt

126 2165 232 2199 simul
259 2164 297 2198 in
320 2166 442 2199 eodem
466 2166 642 2208 subiecto,
669 2173 726 2207 ut,
755 2178 844 2212 aqua
864 2166 966 2200 valde
985 2167 1111 2201 calefa-

125 2223 179 2250 cta
204 2227 278 2249 non
302 2222 417 2260 potest
439 2216 545 2250 simul
569 2229 643 2251 esse
666 2217 807 2261 frigida.
848 2216 918 2251 Sed
942 2218 1110 2261 gradibus

124 2266 280 2300 remissis
311 2266 349 2299 in
374 2267 496 2300 eodem
521 2268 677 2303 subiecto
704 2268 901 2302 contrariae
924 2268 1109 2314 qualitates

123 2317 218 2352 inter
241 2329 276 2351 se
300 2317 483 2351 luctandes
499 2329 570 2352 esse
586 2326 751 2363 possunt,
780 2326 838 2360 ut,
864 2332 943 2353 cum
962 2321 1109 2355 remittit

124 2369 220 2402 calor
243 2368 280 2401 in
303 2380 414 2413 aqua,
440 2368 633 2411 frigiditas,
657 2383 746 2416 quae
764 2377 814 2405 est
829 2371 1002 2405 naturalis
1019 2383 1106 2417 qua-

124 2419 222 2459 litas,
250 2419 420 2463 paulatim
444 2419 570 2462 recipit
592 2421 702 2462 vires,
730 2428 762 2455 et
786 2433 908 2456 rursus
934 2423 1107 2466 extinguit

124 2470 288 2505 calorem.
341 2469 399 2504 Sic
413 2470 450 2502 in
466 2470 572 2503 corde
590 2468 745 2506 hominis
756 2473 861 2506 simul
874 2485 946 2506 esse
958 2481 1106 2518 possunt

122 2532 232 2564 pavor
269 2528 303 2554 et
331 2521 486 2562 laeticia,
528 2521 587 2554 sed
619 2521 657 2554 in
689 2522 856 2565 gradibus
886 2525 1040 2558 remissis
1073 2531 1106 2559 et

122 2571 214 2605 inter
238 2583 273 2605 se
297 2572 489 2611 luctantes,
523 2578 584 2612 ut,
614 2570 730 2606 David
755 2586 834 2607 cum
859 2575 1104 2619 obiurgatione

121 2620 262 2656 Nathan
275 2629 537 2664 consternatus,
565 2629 682 2667 postea
699 2624 800 2657 audit
815 2626 1104 2668 consolationem,

121 2673 290 2716 paulatim
311 2685 347 2708 se
369 2674 489 2719 erigit,
513 2680 547 2709 et
573 2674 658 2708 fides
682 2674 767 2708 levit
789 2675 967 2716 dolorem,
994 2684 1027 2712 et
1043 2689 1101 2712 ac-

766 102 809 139 V.
870 102 1193 140 EROTEMATA
1227 105 1561 147 DlALECTICES.

2093 112 2167 147 698

1747 197 1797 232 Ηί
1829 199 1973 233 affectus
2006 199 2097 232 inter
2130 212 2164 232 se

1180 307 1301 329 sensus
1317 305 1466 341 superat.
1518 297 1597 332 Non
1616 301 1723 343 igitur
1738 302 1830 335 valet
1846 301 2114 346 consequentia:

1333 346 1374 380 In
1401 347 1538 382 Davide
1570 358 1620 384 est
1641 352 1768 385 fiducia
1799 360 1832 386 et
1854 352 2020 396 gaudium
2046 351 2165 385 audita

1383 400 1636 439 consolatione,

1330 446 1425 492 Ergo
1445 462 1517 482 non
1537 457 1586 483 est
1606 452 1641 483 in
1661 464 1701 485 eo
1719 453 1918 497 trepidatio,

1279 505 1369 540 Nam
1393 508 1534 552 utrique
1551 509 1694 544 affectus
1711 511 1747 543 in
1765 512 1931 554 gradibus
1948 512 2101 546 remissis
2116 512 2163 545 si—

1178 558 1251 591 mul
1270 569 1342 591 esse
1359 566 1517 602 possunt.

1277 616 1360 650 Non
1380 618 1470 651 valet
1490 620 1755 664 consequentia:

1328 667 1480 702 Dilectio
1499 669 1592 702 foras
1608 671 1706 714 pellit
1724 671 1899 712 timorem,

1328 716 1510 752 Abraham
1528 720 1644 763 diligit
1660 720 1788 762 Deum,

1328 767 1423 813 Ergo
1441 769 1620 804 Abraham
1639 784 1713 805 non
1731 773 1830 806 timet
1844 771 1971 808 Deum.

1279 827 1432 863 Possunt
1449 830 1543 862 enim
1560 831 1702 876 utrique
1719 832 1862 865 affectus
1877 832 1982 865 simul
1999 842 2082 872 esse,
2105 832 2164 865 sed

1176 878 1267 912 inter
1291 891 1325 912 se
1349 880 1521 914 luctantes
1545 888 1577 914 et
1600 882 1834 915 dissimilibus
1850 883 2029 925 gradibus.
2082 882 2164 917 Ideo

1175 929 1277 971 dicit,
1304 931 1405 975 pellit
1420 932 1603 974 timorem,
1630 940 1670 967 ut
1685 934 1777 967 lucta
1797 934 2023 977 significetur.

1522 1032 1672 1064 Secunda
1695 1033 1816 1074 reyula.

1276 1098 1329 1133 De
1352 1101 1518 1135 omnibus
1542 1104 1781 1146 pugnantibus
1802 1105 2022 1138 observanda
2043 1111 2092 1137 est
2108 1115 2163 1136 re-

1175 1151 1271 1194 gula:
1302 1148 1450 1196 Opponi
1474 1165 1511 1185 ea
1533 1154 1627 1187 iuxta
1647 1154 1885 1195 differentias,
1913 1155 2042 1200 quibus
2060 1154 2163 1187 dissi-

1174 1202 1279 1243 dent,
1307 1213 1381 1236 non
1403 1203 1497 1236 iuxta
1521 1215 1631 1247 genus
1656 1212 1715 1239 aut
1739 1206 1940 1240 communia
1958 1205 2163 1246 accidentia,

1173 1259 1212 1286 ut
1230 1265 1302 1286 non
1320 1254 1413 1288 valet
1430 1256 1698 1300 consequentia:

1324 1303 1432 1338 Calor
1449 1313 1498 1338 est
1517 1306 1680 1350 qualitas,

1374 1354 1470 1398 Ergo
1488 1356 1663 1399 frigiditas
1681 1369 1754 1391 non
1771 1364 1821 1391 est
1838 1357 2001 1402 qualitas,

1325 1404 1430 1439 Pater
1447 1413 1497 1440 est
1515 1408 1691 1446 robustus,

1375 1454 1470 1500 Ergo
1487 1458 1579 1491 filius
1594 1470 1667 1491 non
1686 1465 1736 1492 est
1755 1459 1931 1494 robustus.

1275 1515 1345 1550 Sed
1362 1515 1458 1550 iuxta
1477 1517 1695 1551 differentias
1710 1518 1769 1552 fiat
1789 1519 1984 1563 oppositio,
2012 1525 2070 1552 ut:

1324 1565 1428 1600 Pater
1445 1568 1578 1610 genuit,

1375 1615 1471 1661 Ergo
1491 1619 1583 1652 filius
1601 1631 1673 1652 non
1691 1619 1823 1662 genuit.

1271 1673 1324 1709 Ex
1339 1673 1405 1709 bac
1421 1677 1542 1718 regula
1558 1677 1707 1711 iudicari
1725 1685 1838 1722 potest
1855 1687 1952 1713 vetus
1964 1679 2158 1714 cavillatio:

1322 1725 1519 1770 Virginitas
1535 1735 1583 1761 est
1601 1730 1706 1769 bona,

1377 1776 1489 1820 Igitur
1507 1779 1711 1822 coniugium
1731 1790 1805 1812 non
1822 1786 1872 1813 est
1888 1780 2036 1816 honum.

1270 1833 1350 1868 Non
1374 1836 1466 1870 valet
1483 1838 1753 1882 consequentia,
1782 1838 1864 1883 quia
1882 1839 2016 1872 bonum
2033 1847 2081 1874 est
2098 1853 2156 1884 ge-

1168 1896 1235 1918 nus
1257 1897 1445 1920 commune
1469 1887 1664 1930 virginitati
1689 1895 1722 1922 et
1739 1889 1904 1932 coniugio
1918 1917 1926 1931 ,
1953 1902 2017 1924 nec
2035 1892 2072 1925 fit
2092 1905 2156 1936 op-

1167 1936 1294 1979 positio
1318 1937 1413 1970 iuxta
1435 1938 1664 1974 differentias.
1717 1938 1808 1973 Nam
1832 1941 1966 1974 bonum
1984 1942 2156 1985 significat

1166 1984 1233 2020 hoc
1248 1987 1326 2021 loco
1345 2000 1418 2021 rem
1435 2002 1453 2023 a
1469 1987 1544 2023 Deo
1561 2001 1760 2023 concessam
1777 1998 1809 2025 et
1824 1993 2007 2033 probatam
2019 2019 2028 2034 ,
2055 2001 2087 2028 et
2105 2001 2156 2028 est

1165 2049 1275 2081 genus
1299 2041 1533 2083 complectens
1556 2052 1680 2074 omnes
1702 2053 1756 2075 res
1781 2054 1800 2076 a
1818 2040 1894 2077 Deo
1918 2055 2097 2078 concessas
2121 2052 2153 2079 et

1164 2089 1341 2133 probatas.

1531 2190 1644 2222 Tertia
1667 2191 1790 2233 reyula.

1263 2259 1305 2294 In
1329 2260 1426 2294 omni
1448 2262 1673 2305 oppositione
1697 2263 1838 2297 vitanda
1859 2271 1909 2298 est
1926 2266 2147 2309 ambiguitas.

1159 2311 1252 2345 Nam
1278 2324 1359 2346 vera
1383 2313 1558 2357 oppositio
1578 2313 1638 2346 illa
1656 2314 1803 2354 dicitur,
1831 2327 1920 2360 quae
1938 2316 2149 2361 intelligitur

1158 2364 1205 2397 de
1233 2364 1355 2397 eodem
1387 2371 1562 2407 tempore,
1596 2365 1719 2397 eodem
1750 2365 1906 2399 subiecto
1932 2374 1964 2400 et
1988 2377 2146 2413 respectu

1157 2414 1334 2455 eiusdem,
1360 2422 1399 2448 ut
1418 2427 1490 2448 non
1509 2415 1620 2459 placet
1636 2416 1900 2460 consequentia:

1310 2463 1483 2510 Aethiops
1500 2473 1549 2500 est
1564 2466 1676 2506 albus,
1704 2466 1786 2510 quia
1802 2467 1925 2501 dentes
1941 2466 2047 2505 habet
2062 2483 2145 2505 can-

1366 2517 1487 2555 didos,
1516 2523 1548 2550 et
1565 2516 1680 2559 niger,
1708 2517 1790 2562 quia
1808 2518 1912 2552 facies
1931 2527 1980 2555 est
1996 2528 2082 2558 atra,

1310 2565 1405 2610 Ergo
1424 2574 1474 2600 est
1491 2568 1591 2600 albus
1607 2574 1639 2601 et
1655 2567 1765 2610 niger.

1258 2627 1349 2661 Sunt
1367 2626 1460 2658 enim
1480 2626 1605 2660 albedo
1623 2633 1655 2660 et
1673 2626 1822 2671 nigredo
1839 2629 1877 2662 in
1893 2629 2040 2665 diversis
2058 2634 2142 2667 sub-

1155 2678 1253 2712 iectis
1272 2677 1453 2722 proximiS.
