<?xml version="1.0" encoding="UTF-8"?>
<!DOCTYPE html PUBLIC "-//W3C//DTD XHTML 1.0 Transitional//EN"
    "http://www.w3.org/TR/xhtml1/DTD/xhtml1-transitional.dtd">
<html xmlns="http://www.w3.org/1999/xhtml" xml:lang="en" lang="en">
 <head>
  <title>
</title>
<meta http-equiv="Content-Type" content="text/html;charset=utf-8" />
  <meta name='ocr-system' content='tesseract 3.04.00' />
  <meta name='ocr-capabilities' content='ocr_page ocr_carea ocr_par ocr_line ocrx_word'/>
</head>
<body>
  <div class='ocr_page' id='page_1' title='image "./operaquaesupersu13melauoft_0203.png"; bbox 0 0 2379 2948; ppageno 0'>
   <div class='ocr_carea' id='block_1_1' title="bbox 142 97 797 135">
    <p class='ocr_par' dir='ltr' id='par_1_1' title="bbox 142 97 797 135">
     <span class='ocr_line' id='line_1_1' title="bbox 142 97 797 135; baseline -0.002 -1"><span class='ocrx_word' id='word_1_1' title='bbox 142 99 215 135; x_wconf 80' lang='lat'>381</span> <span class='ocrx_word' id='word_1_2' title='bbox 732 97 797 133; x_wconf 91' lang='grc' dir='ltr'>ΙΙΙ.</span> 
     </span>
    </p>
   </div>
   <div class='ocr_carea' id='block_1_2' title="bbox 850 93 2179 144">
    <p class='ocr_par' dir='ltr' id='par_1_2' title="bbox 850 93 2179 144">
     <span class='ocr_line' id='line_1_2' title="bbox 850 93 2179 144; baseline 0.01 -15"><span class='ocrx_word' id='word_1_3' title='bbox 850 95 1006 131; x_wconf 84' lang='lat' dir='ltr'>INlTIA</span> <span class='ocrx_word' id='word_1_4' title='bbox 1032 93 1330 134; x_wconf 79' lang='lat' dir='ltr'>DOCTRINAE</span> <span class='ocrx_word' id='word_1_5' title='bbox 1357 100 1614 140; x_wconf 81' lang='lat' dir='ltr'>PHYSICAE.</span> <span class='ocrx_word' id='word_1_6' title='bbox 2104 107 2179 144; x_wconf 78' lang='lat'>382</span> 
     </span>
    </p>
   </div>
   <div class='ocr_carea' id='block_1_3' title="bbox 915 265 1396 300">
    <p class='ocr_par' dir='ltr' id='par_1_3' title="bbox 915 265 1396 300">
     <span class='ocr_line' id='line_1_3' title="bbox 915 265 1396 300; baseline 0.004 -3"><span class='ocrx_word' id='word_1_7' title='bbox 915 265 1089 298; x_wconf 88' lang='lat' dir='ltr'><strong>LIBER</strong></span> <span class='ocrx_word' id='word_1_8' title='bbox 1125 265 1396 300; x_wconf 82' lang='lat' dir='ltr'>TERTIUS.</span> 
     </span>
    </p>
   </div>
   <div class='ocr_carea' id='block_1_4' title="bbox 251 361 2055 418">
    <p class='ocr_par' dir='ltr' id='par_1_4' title="bbox 251 361 2055 418">
     <span class='ocr_line' id='line_1_4' title="bbox 251 361 2055 418; baseline 0.003 -11"><span class='ocrx_word' id='word_1_9' title='bbox 251 367 319 409; x_wconf 88' lang='lat' dir='ltr'>De</span> <span class='ocrx_word' id='word_1_10' title='bbox 349 365 580 409; x_wconf 77' lang='lat' dir='ltr'>Elementis</span> <span class='ocrx_word' id='word_1_11' title='bbox 617 369 657 405; x_wconf 88' lang='lat' dir='ltr'>et</span> <span class='ocrx_word' id='word_1_12' title='bbox 687 374 827 404; x_wconf 84' lang='lat' dir='ltr'>eorum</span> <span class='ocrx_word' id='word_1_13' title='bbox 865 361 1139 415; x_wconf 84' lang='lat' dir='ltr'>qualitatibus</span> <span class='ocrx_word' id='word_1_14' title='bbox 1172 366 1211 402; x_wconf 88' lang='lat' dir='ltr'>et</span> <span class='ocrx_word' id='word_1_15' title='bbox 1240 363 1529 405; x_wconf 84' lang='lat' dir='ltr'>alterationum</span> <span class='ocrx_word' id='word_1_16' title='bbox 1563 371 1602 406; x_wconf 87' lang='lat' dir='ltr'>et</span> <span class='ocrx_word' id='word_1_17' title='bbox 1632 368 1871 414; x_wconf 80' lang='lat' dir='ltr'>mixtionum</span> <span class='ocrx_word' id='word_1_18' title='bbox 1900 376 2055 418; x_wconf 81' lang='lat' dir='ltr'>causis,</span> 
     </span>
    </p>
   </div>
   <div class='ocr_carea' id='block_1_5' title="bbox 136 458 1123 723">
    <p class='ocr_par' dir='ltr' id='par_1_5' title="bbox 136 458 1123 723">
     <span class='ocr_line' id='line_1_5' title="bbox 138 458 1123 520; baseline -0.008 -5"><span class='ocrx_word' id='word_1_19' title='bbox 138 458 238 514; x_wconf 84' lang='lat' dir='ltr'>Non</span> <span class='ocrx_word' id='word_1_20' title='bbox 254 481 366 515; x_wconf 85' lang='lat' dir='ltr'>solum</span> <span class='ocrx_word' id='word_1_21' title='bbox 384 479 533 514; x_wconf 87' lang='lat' dir='ltr'>Medicis</span> <span class='ocrx_word' id='word_1_22' title='bbox 552 478 746 512; x_wconf 88' lang='lat' dir='ltr'>necessaria</span> <span class='ocrx_word' id='word_1_23' title='bbox 765 483 814 510; x_wconf 90' lang='lat' dir='ltr'>est</span> <span class='ocrx_word' id='word_1_24' title='bbox 833 475 1005 513; x_wconf 87' lang='lat' dir='ltr'>doctrina,</span> <span class='ocrx_word' id='word_1_25' title='bbox 1034 486 1123 520; x_wconf 91' lang='lat' dir='ltr'>quae</span> 
     </span>
     <span class='ocr_line' id='line_1_6' title="bbox 138 526 1123 575; baseline -0.008 -10"><span class='ocrx_word' id='word_1_26' title='bbox 138 543 325 565; x_wconf 86' lang='lat' dir='ltr'>numerum</span> <span class='ocrx_word' id='word_1_27' title='bbox 343 531 536 575; x_wconf 84' lang='lat' dir='ltr'>primarum</span> <span class='ocrx_word' id='word_1_28' title='bbox 554 529 781 574; x_wconf 83' lang='lat' dir='ltr'>qualitatum,</span> <span class='ocrx_word' id='word_1_29' title='bbox 804 534 837 561; x_wconf 89' lang='lat' dir='ltr'>et</span> <span class='ocrx_word' id='word_1_30' title='bbox 864 527 1024 571; x_wconf 87' lang='lat' dir='ltr'>proprias</span> <span class='ocrx_word' id='word_1_31' title='bbox 1049 526 1123 558; x_wconf 89' lang='lat' dir='ltr'>sin-</span> 
     </span>
     <span class='ocr_line' id='line_1_7' title="bbox 139 577 1123 625; baseline -0.007 -9"><span class='ocrx_word' id='word_1_32' title='bbox 139 584 301 625; x_wconf 87' lang='lat' dir='ltr'>gularum</span> <span class='ocrx_word' id='word_1_33' title='bbox 315 581 470 615; x_wconf 75' lang='lat' dir='ltr'><strong>actiones</strong></span> <span class='ocrx_word' id='word_1_34' title='bbox 486 580 634 625; x_wconf 91' lang='lat' dir='ltr'>quaerit,</span> <span class='ocrx_word' id='word_1_35' title='bbox 662 581 720 613; x_wconf 91' lang='lat' dir='ltr'>sed</span> <span class='ocrx_word' id='word_1_36' title='bbox 739 580 843 613; x_wconf 87' lang='lat' dir='ltr'>etiam</span> <span class='ocrx_word' id='word_1_37' title='bbox 859 578 937 611; x_wconf 90' lang='lat' dir='ltr'>aliis</span> <span class='ocrx_word' id='word_1_38' title='bbox 956 577 1123 610; x_wconf 88' lang='lat' dir='ltr'>omnibus</span> 
     </span>
     <span class='ocr_line' id='line_1_8' title="bbox 137 627 1120 676; baseline -0.005 -11"><span class='ocrx_word' id='word_1_39' title='bbox 137 634 175 665; x_wconf 91' lang='lat' dir='ltr'>in</span> <span class='ocrx_word' id='word_1_40' title='bbox 192 633 340 676; x_wconf 84' lang='lat' dir='ltr'>regenda</span> <span class='ocrx_word' id='word_1_41' title='bbox 360 631 580 671; x_wconf 88' lang='lat' dir='ltr'>valetudine,</span> <span class='ocrx_word' id='word_1_42' title='bbox 607 638 641 665; x_wconf 91' lang='lat' dir='ltr'>et</span> <span class='ocrx_word' id='word_1_43' title='bbox 657 630 694 663; x_wconf 90' lang='lat' dir='ltr'>in</span> <span class='ocrx_word' id='word_1_44' title='bbox 709 630 830 663; x_wconf 90' lang='lat' dir='ltr'>multis</span> <span class='ocrx_word' id='word_1_45' title='bbox 848 629 926 662; x_wconf 90' lang='lat' dir='ltr'>aliis</span> <span class='ocrx_word' id='word_1_46' title='bbox 943 628 1049 661; x_wconf 89' lang='lat' dir='ltr'>rebus</span> <span class='ocrx_word' id='word_1_47' title='bbox 1066 627 1120 661; x_wconf 91' lang='lat' dir='ltr'>iu-</span> 
     </span>
     <span class='ocr_line' id='line_1_9' title="bbox 136 680 992 723; baseline -0.006 -6"><span class='ocrx_word' id='word_1_48' title='bbox 136 683 295 717; x_wconf 87' lang='lat' dir='ltr'>dicandis</span> <span class='ocrx_word' id='word_1_49' title='bbox 307 709 316 723; x_wconf 92' lang='lat'><em>‚</em></span> <span class='ocrx_word' id='word_1_50' title='bbox 343 680 429 715; x_wconf 88' lang='lat' dir='ltr'>haec</span> <span class='ocrx_word' id='word_1_51' title='bbox 444 682 680 716; x_wconf 80' lang='lat' dir='ltr'>consideratio</span> <span class='ocrx_word' id='word_1_52' title='bbox 698 681 798 713; x_wconf 83' lang='lat' dir='ltr'>valde</span> <span class='ocrx_word' id='word_1_53' title='bbox 815 680 913 713; x_wconf 85' lang='lat' dir='ltr'>utilis</span> <span class='ocrx_word' id='word_1_54' title='bbox 928 686 992 712; x_wconf 85' lang='lat' dir='ltr'>est.</span> 
     </span>
    </p>
   </div>
   <div class='ocr_carea' id='block_1_6' title="bbox 119 745 1119 1714">
    <p class='ocr_par' dir='ltr' id='par_1_6' title="bbox 125 745 1119 1342">
     <span class='ocr_line' id='line_1_10' title="bbox 230 745 1119 783; baseline -0.004 -1"><span class='ocrx_word' id='word_1_55' title='bbox 230 749 368 782; x_wconf 86' lang='lat' dir='ltr'>Deinde</span> <span class='ocrx_word' id='word_1_56' title='bbox 385 748 482 783; x_wconf 84' lang='lat' dir='ltr'>iuvat</span> <span class='ocrx_word' id='word_1_57' title='bbox 499 749 604 783; x_wconf 86' lang='lat' dir='ltr'>etiam</span> <span class='ocrx_word' id='word_1_58' title='bbox 629 747 850 782; x_wconf 89' lang='lat' dir='ltr'>considerare</span> <span class='ocrx_word' id='word_1_59' title='bbox 875 745 1119 780; x_wconf 81' lang='lat' dir='ltr'>admirandam</span> 
     </span>
     <span class='ocr_line' id='line_1_11' title="bbox 134 797 1118 844; baseline -0.006 -9"><span class='ocrx_word' id='word_1_60' title='bbox 134 800 200 835; x_wconf 88' lang='lat' dir='ltr'>Dei</span> <span class='ocrx_word' id='word_1_61' title='bbox 216 801 348 844; x_wconf 84' lang='lat' dir='ltr'>opificis</span> <span class='ocrx_word' id='word_1_62' title='bbox 365 806 486 835; x_wconf 88' lang='lat' dir='ltr'>artem.</span> <span class='ocrx_word' id='word_1_63' title='bbox 547 799 636 833; x_wconf 92' lang='lat' dir='ltr'>Cum</span> <span class='ocrx_word' id='word_1_64' title='bbox 662 806 732 833; x_wconf 88' lang='lat' dir='ltr'>tam</span> <span class='ocrx_word' id='word_1_65' title='bbox 757 798 874 831; x_wconf 78' lang='lat' dir='ltr'>variae</span> <span class='ocrx_word' id='word_1_66' title='bbox 898 797 968 830; x_wconf 89' lang='lat' dir='ltr'>sint</span> <span class='ocrx_word' id='word_1_67' title='bbox 992 808 1118 840; x_wconf 89' lang='lat' dir='ltr'>corpo-</span> 
     </span>
     <span class='ocr_line' id='line_1_12' title="bbox 132 849 1117 891; baseline -0.004 -7"><span class='ocrx_word' id='word_1_68' title='bbox 132 863 212 885; x_wconf 90' lang='lat' dir='ltr'>rum</span> <span class='ocrx_word' id='word_1_69' title='bbox 236 851 465 891; x_wconf 83' lang='lat' dir='ltr'>mutationes,</span> <span class='ocrx_word' id='word_1_70' title='bbox 488 850 732 888; x_wconf 75' lang='lat' dir='ltr'>alterationes,</span> <span class='ocrx_word' id='word_1_71' title='bbox 756 849 962 888; x_wconf 82' lang='lat' dir='ltr'>mixtiones,</span> <span class='ocrx_word' id='word_1_72' title='bbox 989 859 1117 890; x_wconf 87' lang='lat' dir='ltr'>coagu-</span> 
     </span>
     <span class='ocr_line' id='line_1_13' title="bbox 132 897 1116 946; baseline -0.005 -11"><span class='ocrx_word' id='word_1_73' title='bbox 132 902 299 943; x_wconf 83' lang='lat' dir='ltr'>lationes,</span> <span class='ocrx_word' id='word_1_74' title='bbox 321 901 587 946; x_wconf 76' lang='lat' dir='ltr'>dissipationes,</span> <span class='ocrx_word' id='word_1_75' title='bbox 621 900 829 940; x_wconf 86' lang='lat' dir='ltr'>tractiones,</span> <span class='ocrx_word' id='word_1_76' title='bbox 865 897 1116 936; x_wconf 80' lang='lat' dir='ltr'>exhalationes,</span> 
     </span>
     <span class='ocr_line' id='line_1_14' title="bbox 130 950 1116 997; baseline -0.004 -11"><span class='ocrx_word' id='word_1_77' title='bbox 130 953 423 997; x_wconf 83' lang='lat' dir='ltr'>putrefactiones,</span> <span class='ocrx_word' id='word_1_78' title='bbox 464 951 730 996; x_wconf 82' lang='lat' dir='ltr'>corruptiones,</span> <span class='ocrx_word' id='word_1_79' title='bbox 770 950 1034 994; x_wconf 83' lang='lat' dir='ltr'>generationes,</span> <span class='ocrx_word' id='word_1_80' title='bbox 1076 956 1116 982; x_wconf 89' lang='lat' dir='ltr'>ut</span> 
     </span>
     <span class='ocr_line' id='line_1_15' title="bbox 130 1001 1114 1048; baseline -0.004 -12"><span class='ocrx_word' id='word_1_81' title='bbox 130 1004 222 1037; x_wconf 86' lang='lat' dir='ltr'>infra</span> <span class='ocrx_word' id='word_1_82' title='bbox 241 1004 369 1048; x_wconf 89' lang='lat' dir='ltr'>species</span> <span class='ocrx_word' id='word_1_83' title='bbox 393 1003 529 1048; x_wconf 90' lang='lat' dir='ltr'>aliquas</span> <span class='ocrx_word' id='word_1_84' title='bbox 554 1002 801 1042; x_wconf 84' lang='lat' dir='ltr'>recitabimus,</span> <span class='ocrx_word' id='word_1_85' title='bbox 831 1009 945 1034; x_wconf 79' lang='lat' dir='ltr'>tamen</span> <span class='ocrx_word' id='word_1_86' title='bbox 964 1001 1114 1033; x_wconf 85' lang='lat' dir='ltr'>varieta-</span> 
     </span>
     <span class='ocr_line' id='line_1_16' title="bbox 127 1050 1114 1100; baseline -0.004 -12"><span class='ocrx_word' id='word_1_87' title='bbox 127 1061 198 1088; x_wconf 86' lang='lat' dir='ltr'>tem</span> <span class='ocrx_word' id='word_1_88' title='bbox 219 1061 353 1100; x_wconf 84' lang='lat' dir='ltr'>tantam</span> <span class='ocrx_word' id='word_1_89' title='bbox 377 1066 394 1087; x_wconf 91' lang='lat' dir='ltr'>a</span> <span class='ocrx_word' id='word_1_90' title='bbox 413 1055 532 1099; x_wconf 89' lang='lat' dir='ltr'>paucis</span> <span class='ocrx_word' id='word_1_91' title='bbox 555 1053 784 1098; x_wconf 90' lang='lat' dir='ltr'>qualitatibus</span> <span class='ocrx_word' id='word_1_92' title='bbox 808 1051 950 1096; x_wconf 85' lang='lat' dir='ltr'>primis,</span> <span class='ocrx_word' id='word_1_93' title='bbox 983 1050 1114 1084; x_wconf 90' lang='lat' dir='ltr'>scilicet</span> 
     </span>
     <span class='ocr_line' id='line_1_17' title="bbox 131 1101 1113 1147; baseline -0.005 -9"><span class='ocrx_word' id='word_1_94' title='bbox 131 1106 265 1146; x_wconf 86' lang='lat' dir='ltr'>calore,</span> <span class='ocrx_word' id='word_1_95' title='bbox 290 1106 440 1147; x_wconf 83' lang='lat' dir='ltr'>frigore,</span> <span class='ocrx_word' id='word_1_96' title='bbox 466 1103 678 1138; x_wconf 86' lang='lat' dir='ltr'>humiditate</span> <span class='ocrx_word' id='word_1_97' title='bbox 701 1111 734 1137; x_wconf 87' lang='lat' dir='ltr'>et</span> <span class='ocrx_word' id='word_1_98' title='bbox 751 1103 902 1135; x_wconf 86' lang='lat' dir='ltr'>siccitate</span> <span class='ocrx_word' id='word_1_99' title='bbox 922 1101 1113 1145; x_wconf 87' lang='lat' dir='ltr'>gubernari</span> 
     </span>
     <span class='ocr_line' id='line_1_18' title="bbox 128 1152 1113 1201; baseline -0.006 -11"><span class='ocrx_word' id='word_1_100' title='bbox 128 1156 226 1190; x_wconf 85' lang='lat' dir='ltr'>Deus</span> <span class='ocrx_word' id='word_1_101' title='bbox 244 1156 369 1189; x_wconf 52' lang='lat' dir='ltr'>soluit.</span> <span class='ocrx_word' id='word_1_102' title='bbox 404 1155 477 1188; x_wconf 90' lang='lat' dir='ltr'>Has</span> <span class='ocrx_word' id='word_1_103' title='bbox 493 1155 680 1201; x_wconf 89' lang='lat' dir='ltr'>qualitates</span> <span class='ocrx_word' id='word_1_104' title='bbox 697 1161 864 1198; x_wconf 84' lang='lat' dir='ltr'>tanquam</span> <span class='ocrx_word' id='word_1_105' title='bbox 881 1160 989 1185; x_wconf 87' lang='lat' dir='ltr'>metas</span> <span class='ocrx_word' id='word_1_106' title='bbox 1004 1152 1113 1185; x_wconf 92' lang='lat' dir='ltr'>actio-</span> 
     </span>
     <span class='ocr_line' id='line_1_19' title="bbox 130 1203 1113 1247; baseline -0.005 -7"><span class='ocrx_word' id='word_1_107' title='bbox 130 1220 215 1240; x_wconf 85' lang='lat' dir='ltr'>num</span> <span class='ocrx_word' id='word_1_108' title='bbox 234 1206 436 1247; x_wconf 88' lang='lat' dir='ltr'>constituit,</span> <span class='ocrx_word' id='word_1_109' title='bbox 463 1213 495 1239; x_wconf 91' lang='lat' dir='ltr'>et</span> <span class='ocrx_word' id='word_1_110' title='bbox 514 1218 633 1239; x_wconf 88' lang='lat' dir='ltr'>earum</span> <span class='ocrx_word' id='word_1_111' title='bbox 650 1205 806 1238; x_wconf 82' lang='lat' dir='ltr'>actiones</span> <span class='ocrx_word' id='word_1_112' title='bbox 823 1203 1046 1243; x_wconf 72' lang='lat' dir='ltr'>monstravit,</span> <span class='ocrx_word' id='word_1_113' title='bbox 1073 1208 1113 1236; x_wconf 91' lang='lat' dir='ltr'>ut</span> 
     </span>
     <span class='ocr_line' id='line_1_20' title="bbox 128 1253 1112 1300; baseline -0.004 -11"><span class='ocrx_word' id='word_1_114' title='bbox 128 1258 210 1291; x_wconf 87' lang='lat' dir='ltr'>inde</span> <span class='ocrx_word' id='word_1_115' title='bbox 229 1257 376 1290; x_wconf 89' lang='lat' dir='ltr'>iudicari</span> <span class='ocrx_word' id='word_1_116' title='bbox 391 1268 512 1290; x_wconf 89' lang='lat' dir='ltr'>causae</span> <span class='ocrx_word' id='word_1_117' title='bbox 527 1256 663 1300; x_wconf 88' lang='lat' dir='ltr'>possint</span> <span class='ocrx_word' id='word_1_118' title='bbox 686 1256 877 1289; x_wconf 84' lang='lat' dir='ltr'>multarum</span> <span class='ocrx_word' id='word_1_119' title='bbox 901 1255 937 1286; x_wconf 91' lang='lat' dir='ltr'>in</span> <span class='ocrx_word' id='word_1_120' title='bbox 954 1253 1112 1297; x_wconf 86' lang='lat' dir='ltr'>corpori-</span> 
     </span>
     <span class='ocr_line' id='line_1_21' title="bbox 125 1308 456 1342; baseline 0.003 -1"><span class='ocrx_word' id='word_1_121' title='bbox 125 1310 192 1342; x_wconf 88' lang='lat' dir='ltr'>bus</span> <span class='ocrx_word' id='word_1_122' title='bbox 207 1308 456 1342; x_wconf 87' lang='lat' dir='ltr'>mutationum.</span> 
     </span>
    </p>

    <p class='ocr_par' dir='ltr' id='par_1_7' title="bbox 119 1363 1109 1714">
     <span class='ocr_line' id='line_1_22' title="bbox 226 1363 1109 1408; baseline -0.003 -9"><span class='ocrx_word' id='word_1_123' title='bbox 226 1366 408 1400; x_wconf 86' lang='lat' dir='ltr'>Mirentur</span> <span class='ocrx_word' id='word_1_124' title='bbox 431 1365 492 1398; x_wconf 81' lang='lat' dir='ltr'>alii</span> <span class='ocrx_word' id='word_1_125' title='bbox 518 1376 662 1408; x_wconf 86' lang='lat' dir='ltr'>magnas</span> <span class='ocrx_word' id='word_1_126' title='bbox 685 1364 846 1405; x_wconf 71' lang='lat' dir='ltr'>divitias,</span> <span class='ocrx_word' id='word_1_127' title='bbox 870 1364 928 1396; x_wconf 86' lang='lat' dir='ltr'>sed</span> <span class='ocrx_word' id='word_1_128' title='bbox 955 1363 1109 1407; x_wconf 87' lang='lat' dir='ltr'>profecto</span> 
     </span>
     <span class='ocr_line' id='line_1_23' title="bbox 124 1413 1109 1461; baseline -0.005 -11"><span class='ocrx_word' id='word_1_129' title='bbox 124 1417 350 1461; x_wconf 81' lang='lat' dir='ltr'>amplissimis</span> <span class='ocrx_word' id='word_1_130' title='bbox 366 1416 493 1460; x_wconf 89' lang='lat' dir='ltr'>opibus</span> <span class='ocrx_word' id='word_1_131' title='bbox 506 1416 732 1449; x_wconf 84' lang='lat' dir='ltr'>anteferenda</span> <span class='ocrx_word' id='word_1_132' title='bbox 759 1421 810 1447; x_wconf 89' lang='lat' dir='ltr'>est</span> <span class='ocrx_word' id='word_1_133' title='bbox 835 1413 919 1447; x_wconf 85' lang='lat' dir='ltr'>haec</span> <span class='ocrx_word' id='word_1_134' title='bbox 947 1414 1109 1447; x_wconf 85' lang='lat' dir='ltr'>conside-</span> 
     </span>
     <span class='ocr_line' id='line_1_24' title="bbox 124 1465 1109 1513; baseline -0.005 -11"><span class='ocrx_word' id='word_1_135' title='bbox 124 1470 214 1502; x_wconf 89' lang='lat' dir='ltr'>ratio</span> <span class='ocrx_word' id='word_1_136' title='bbox 229 1468 450 1513; x_wconf 85' lang='lat' dir='ltr'>qualitatum,</span> <span class='ocrx_word' id='word_1_137' title='bbox 468 1479 556 1512; x_wconf 89' lang='lat' dir='ltr'>quae</span> <span class='ocrx_word' id='word_1_138' title='bbox 576 1474 608 1500; x_wconf 86' lang='lat' dir='ltr'>et</span> <span class='ocrx_word' id='word_1_139' title='bbox 625 1466 716 1500; x_wconf 69' lang='lat' dir='ltr'>vitae</span> <span class='ocrx_word' id='word_1_140' title='bbox 736 1465 833 1498; x_wconf 90' lang='lat' dir='ltr'>utilis</span> <span class='ocrx_word' id='word_1_141' title='bbox 850 1472 910 1505; x_wconf 90' lang='lat' dir='ltr'>est,</span> <span class='ocrx_word' id='word_1_142' title='bbox 926 1471 960 1498; x_wconf 87' lang='lat' dir='ltr'>et</span> <span class='ocrx_word' id='word_1_143' title='bbox 977 1465 1109 1498; x_wconf 88' lang='lat' dir='ltr'>doctri—</span> 
     </span>
     <span class='ocr_line' id='line_1_25' title="bbox 122 1516 1108 1563; baseline -0.003 -11"><span class='ocrx_word' id='word_1_144' title='bbox 122 1531 204 1553; x_wconf 89' lang='lat' dir='ltr'>nam</span> <span class='ocrx_word' id='word_1_145' title='bbox 223 1518 474 1563; x_wconf 86' lang='lat' dir='ltr'>amplissimam</span> <span class='ocrx_word' id='word_1_146' title='bbox 497 1518 673 1557; x_wconf 86' lang='lat' dir='ltr'>continet,</span> <span class='ocrx_word' id='word_1_147' title='bbox 698 1523 729 1550; x_wconf 91' lang='lat' dir='ltr'>et</span> <span class='ocrx_word' id='word_1_148' title='bbox 755 1523 794 1549; x_wconf 88' lang='lat' dir='ltr'>ut</span> <span class='ocrx_word' id='word_1_149' title='bbox 817 1516 951 1554; x_wconf 83' lang='lat' dir='ltr'>dicam,</span> <span class='ocrx_word' id='word_1_150' title='bbox 979 1516 1108 1549; x_wconf 88' lang='lat' dir='ltr'>multas</span> 
     </span>
     <span class='ocr_line' id='line_1_26' title="bbox 122 1566 1108 1612; baseline -0.005 -8"><span class='ocrx_word' id='word_1_151' title='bbox 122 1581 267 1604; x_wconf 84' lang='lat' dir='ltr'>arcanas</span> <span class='ocrx_word' id='word_1_152' title='bbox 293 1581 346 1602; x_wconf 83' lang='lat' dir='ltr'>res</span> <span class='ocrx_word' id='word_1_153' title='bbox 371 1570 405 1601; x_wconf 91' lang='lat' dir='ltr'>in</span> <span class='ocrx_word' id='word_1_154' title='bbox 431 1576 556 1603; x_wconf 86' lang='lat' dir='ltr'>natura</span> <span class='ocrx_word' id='word_1_155' title='bbox 582 1567 763 1612; x_wconf 80' lang='lat' dir='ltr'>patefacit,</span> <span class='ocrx_word' id='word_1_156' title='bbox 792 1573 824 1599; x_wconf 91' lang='lat' dir='ltr'>et</span> <span class='ocrx_word' id='word_1_157' title='bbox 846 1566 982 1600; x_wconf 86' lang='lat' dir='ltr'>illustre</span> <span class='ocrx_word' id='word_1_158' title='bbox 1009 1566 1108 1600; x_wconf 90' lang='lat' dir='ltr'>testi-</span> 
     </span>
     <span class='ocr_line' id='line_1_27' title="bbox 119 1615 1107 1661; baseline -0.005 -6"><span class='ocrx_word' id='word_1_159' title='bbox 119 1622 281 1655; x_wconf 88' lang='lat' dir='ltr'>monium</span> <span class='ocrx_word' id='word_1_160' title='bbox 299 1628 364 1661; x_wconf 89' lang='lat' dir='ltr'>est,</span> <span class='ocrx_word' id='word_1_161' title='bbox 384 1632 457 1652; x_wconf 92' lang='lat' dir='ltr'>non</span> <span class='ocrx_word' id='word_1_162' title='bbox 476 1632 555 1653; x_wconf 89' lang='lat' dir='ltr'>casu</span> <span class='ocrx_word' id='word_1_163' title='bbox 572 1619 723 1652; x_wconf 83' lang='lat' dir='ltr'>extitisse</span> <span class='ocrx_word' id='word_1_164' title='bbox 747 1615 837 1650; x_wconf 87' lang='lat' dir='ltr'>hanc</span> <span class='ocrx_word' id='word_1_165' title='bbox 862 1625 1024 1651; x_wconf 83' lang='lat' dir='ltr'>naturam</span> <span class='ocrx_word' id='word_1_166' title='bbox 1050 1629 1107 1650; x_wconf 90' lang='lat' dir='ltr'>re-</span> 
     </span>
     <span class='ocr_line' id='line_1_28' title="bbox 121 1668 1107 1714; baseline -0.004 -8"><span class='ocrx_word' id='word_1_167' title='bbox 121 1685 220 1714; x_wconf 88' lang='lat' dir='ltr'>rum,</span> <span class='ocrx_word' id='word_1_168' title='bbox 249 1673 308 1705; x_wconf 87' lang='lat' dir='ltr'>sed</span> <span class='ocrx_word' id='word_1_169' title='bbox 333 1684 351 1704; x_wconf 91' lang='lat' dir='ltr'>a</span> <span class='ocrx_word' id='word_1_170' title='bbox 376 1678 493 1705; x_wconf 88' lang='lat' dir='ltr'>mente</span> <span class='ocrx_word' id='word_1_171' title='bbox 521 1669 817 1707; x_wconf 82' lang='lat' dir='ltr'>architectatrice,</span> <span class='ocrx_word' id='word_1_172' title='bbox 852 1668 1007 1701; x_wconf 78' lang='lat' dir='ltr'>mirabili</span> <span class='ocrx_word' id='word_1_173' title='bbox 1033 1674 1107 1702; x_wconf 88' lang='lat' dir='ltr'>arte</span> 
     </span>
    </p>
   </div>
   <div class='ocr_carea' id='block_1_7' title="bbox 120 1725 400 1758">
    <p class='ocr_par' dir='ltr' id='par_1_8' title="bbox 120 1725 400 1758">
     <span class='ocr_line' id='line_1_29' title="bbox 120 1725 400 1758; baseline -0.007 0"><span class='ocrx_word' id='word_1_174' title='bbox 120 1725 298 1758; x_wconf 85' lang='lat' dir='ltr'>conditam</span> <span class='ocrx_word' id='word_1_175' title='bbox 317 1734 400 1756; x_wconf 78' lang='lat' dir='ltr'>esse.</span> 
     </span>
    </p>
   </div>
   <div class='ocr_carea' id='block_1_8' title="bbox 118 1785 1105 2292">
    <p class='ocr_par' dir='ltr' id='par_1_9' title="bbox 118 1785 1105 2292">
     <span class='ocr_line' id='line_1_30' title="bbox 222 1785 1105 1834; baseline -0.005 -9"><span class='ocrx_word' id='word_1_176' title='bbox 222 1792 273 1826; x_wconf 88' lang='lat' dir='ltr'>Ac</span> <span class='ocrx_word' id='word_1_177' title='bbox 284 1790 415 1824; x_wconf 76' lang='lat' dir='ltr'>Medici</span> <span class='ocrx_word' id='word_1_178' title='bbox 433 1788 575 1834; x_wconf 90' lang='lat' dir='ltr'>quidem</span> <span class='ocrx_word' id='word_1_179' title='bbox 594 1787 705 1820; x_wconf 85' lang='lat' dir='ltr'>exorsi</span> <span class='ocrx_word' id='word_1_180' title='bbox 721 1794 802 1821; x_wconf 89' lang='lat' dir='ltr'>sunt</span> <span class='ocrx_word' id='word_1_181' title='bbox 819 1798 917 1820; x_wconf 85' lang='lat' dir='ltr'>suam</span> <span class='ocrx_word' id='word_1_182' title='bbox 937 1785 1105 1832; x_wconf 69' lang='lat' dir='ltr'>physicen</span> 
     </span>
     <span class='ocr_line' id='line_1_31' title="bbox 119 1839 1104 1884; baseline -0.006 -6"><span class='ocrx_word' id='word_1_183' title='bbox 119 1845 163 1878; x_wconf 88' lang='lat' dir='ltr'>ab</span> <span class='ocrx_word' id='word_1_184' title='bbox 189 1842 372 1876; x_wconf 80' lang='lat' dir='ltr'>elementis</span> <span class='ocrx_word' id='word_1_185' title='bbox 396 1847 430 1874; x_wconf 91' lang='lat' dir='ltr'>et</span> <span class='ocrx_word' id='word_1_186' title='bbox 454 1840 577 1884; x_wconf 82' lang='lat' dir='ltr'>primis</span> <span class='ocrx_word' id='word_1_187' title='bbox 607 1839 854 1883; x_wconf 84' lang='lat' dir='ltr'>qualitatibus,</span> <span class='ocrx_word' id='word_1_188' title='bbox 885 1840 942 1870; x_wconf 88' lang='lat' dir='ltr'>sed</span> <span class='ocrx_word' id='word_1_189' title='bbox 964 1839 1104 1872; x_wconf 66' lang='lat' dir='ltr'>Aristo—</span> 
     </span>
     <span class='ocr_line' id='line_1_32' title="bbox 119 1889 1104 1936; baseline -0.006 -7"><span class='ocrx_word' id='word_1_190' title='bbox 119 1896 203 1929; x_wconf 89' lang='lat' dir='ltr'>teles</span> <span class='ocrx_word' id='word_1_191' title='bbox 220 1891 302 1926; x_wconf 91' lang='lat' dir='ltr'>huic</span> <span class='ocrx_word' id='word_1_192' title='bbox 319 1891 411 1936; x_wconf 88' lang='lat' dir='ltr'>parti</span> <span class='ocrx_word' id='word_1_193' title='bbox 430 1891 631 1935; x_wconf 85' lang='lat' dir='ltr'>praeposuit</span> <span class='ocrx_word' id='word_1_194' title='bbox 649 1890 770 1933; x_wconf 82' lang='lat' dir='ltr'>exigua</span> <span class='ocrx_word' id='word_1_195' title='bbox 795 1889 965 1934; x_wconf 87' lang='lat' dir='ltr'>quaedam</span> <span class='ocrx_word' id='word_1_196' title='bbox 992 1889 1104 1923; x_wconf 87' lang='lat' dir='ltr'>initia.</span> 
     </span>
     <span class='ocr_line' id='line_1_33' title="bbox 118 1940 1102 1986; baseline -0.003 -9"><span class='ocrx_word' id='word_1_197' title='bbox 118 1945 244 1979; x_wconf 77' lang='lat' dir='ltr'>Voluit</span> <span class='ocrx_word' id='word_1_198' title='bbox 267 1944 361 1977; x_wconf 89' lang='lat' dir='ltr'>enim</span> <span class='ocrx_word' id='word_1_199' title='bbox 386 1942 484 1986; x_wconf 86' lang='lat' dir='ltr'>prius</span> <span class='ocrx_word' id='word_1_200' title='bbox 514 1953 676 1979; x_wconf 86' lang='lat' dir='ltr'>monere,</span> <span class='ocrx_word' id='word_1_201' title='bbox 709 1952 818 1986; x_wconf 88' lang='lat' dir='ltr'>quare</span> <span class='ocrx_word' id='word_1_202' title='bbox 841 1940 1012 1973; x_wconf 89' lang='lat' dir='ltr'>elementa</span> <span class='ocrx_word' id='word_1_203' title='bbox 1036 1941 1102 1974; x_wconf 88' lang='lat' dir='ltr'>alia</span> 
     </span>
     <span class='ocr_line' id='line_1_34' title="bbox 119 1991 1104 2037; baseline -0.003 -8"><span class='ocrx_word' id='word_1_204' title='bbox 119 1997 156 2029; x_wconf 87' lang='lat' dir='ltr'>in</span> <span class='ocrx_word' id='word_1_205' title='bbox 181 1996 246 2028; x_wconf 87' lang='lat' dir='ltr'>alia</span> <span class='ocrx_word' id='word_1_206' title='bbox 272 1993 401 2028; x_wconf 87' lang='lat' dir='ltr'>mutari</span> <span class='ocrx_word' id='word_1_207' title='bbox 424 1993 569 2037; x_wconf 90' lang='lat' dir='ltr'>possint.</span> <span class='ocrx_word' id='word_1_208' title='bbox 633 1991 772 2025; x_wconf 90' lang='lat' dir='ltr'>Deinde</span> <span class='ocrx_word' id='word_1_209' title='bbox 796 1991 990 2035; x_wconf 88' lang='lat' dir='ltr'>prudenter</span> <span class='ocrx_word' id='word_1_210' title='bbox 1012 1992 1104 2026; x_wconf 86' lang='lat' dir='ltr'>vidit</span> 
     </span>
     <span class='ocr_line' id='line_1_35' title="bbox 120 2041 1102 2091; baseline -0.001 -14"><span class='ocrx_word' id='word_1_211' title='bbox 120 2047 217 2091; x_wconf 78' lang='lat' dir='ltr'>prius</span> <span class='ocrx_word' id='word_1_212' title='bbox 242 2045 490 2079; x_wconf 87' lang='lat' dir='ltr'>discernendas</span> <span class='ocrx_word' id='word_1_213' title='bbox 511 2055 582 2077; x_wconf 88' lang='lat' dir='ltr'>esse</span> <span class='ocrx_word' id='word_1_214' title='bbox 597 2055 659 2088; x_wconf 90' lang='lat' dir='ltr'>per</span> <span class='ocrx_word' id='word_1_215' title='bbox 675 2055 710 2076; x_wconf 88' lang='lat' dir='ltr'>se</span> <span class='ocrx_word' id='word_1_216' title='bbox 726 2053 845 2076; x_wconf 88' lang='lat' dir='ltr'>causas</span> <span class='ocrx_word' id='word_1_217' title='bbox 869 2053 887 2073; x_wconf 91' lang='lat' dir='ltr'>a</span> <span class='ocrx_word' id='word_1_218' title='bbox 909 2041 1021 2075; x_wconf 81' lang='lat' dir='ltr'>causis</span> <span class='ocrx_word' id='word_1_219' title='bbox 1040 2054 1102 2086; x_wconf 92' lang='lat' dir='ltr'>per</span> 
     </span>
     <span class='ocr_line' id='line_1_36' title="bbox 119 2092 1101 2137; baseline -0.008 -7"><span class='ocrx_word' id='word_1_220' title='bbox 119 2097 290 2135; x_wconf 82' lang='lat' dir='ltr'>accidens,</span> <span class='ocrx_word' id='word_1_221' title='bbox 314 2103 345 2130; x_wconf 87' lang='lat' dir='ltr'>et</span> <span class='ocrx_word' id='word_1_222' title='bbox 362 2102 470 2129; x_wconf 88' lang='lat' dir='ltr'>metas</span> <span class='ocrx_word' id='word_1_223' title='bbox 487 2106 668 2128; x_wconf 85' lang='lat' dir='ltr'>causarum</span> <span class='ocrx_word' id='word_1_224' title='bbox 688 2094 725 2126; x_wconf 89' lang='lat' dir='ltr'>in</span> <span class='ocrx_word' id='word_1_225' title='bbox 740 2105 866 2137; x_wconf 83' lang='lat' dir='ltr'>genere</span> <span class='ocrx_word' id='word_1_226' title='bbox 883 2092 1101 2126; x_wconf 78' lang='lat' dir='ltr'>constituen-</span> 
     </span>
     <span class='ocr_line' id='line_1_37' title="bbox 118 2143 1100 2188; baseline -0.002 -7"><span class='ocrx_word' id='word_1_227' title='bbox 118 2150 179 2181; x_wconf 89' lang='lat' dir='ltr'>das</span> <span class='ocrx_word' id='word_1_228' title='bbox 197 2159 280 2180; x_wconf 84' lang='lat' dir='ltr'>esse.</span> <span class='ocrx_word' id='word_1_229' title='bbox 331 2147 446 2180; x_wconf 85' lang='lat' dir='ltr'>Pauca</span> <span class='ocrx_word' id='word_1_230' title='bbox 462 2146 565 2180; x_wconf 88' lang='lat' dir='ltr'>etiam</span> <span class='ocrx_word' id='word_1_231' title='bbox 590 2145 727 2178; x_wconf 88' lang='lat' dir='ltr'>addidit</span> <span class='ocrx_word' id='word_1_232' title='bbox 749 2146 791 2178; x_wconf 91' lang='lat' dir='ltr'>de</span> <span class='ocrx_word' id='word_1_233' title='bbox 813 2143 1100 2188; x_wconf 84' lang='lat' dir='ltr'>proprietatibus,</span> 
     </span>
     <span class='ocr_line' id='line_1_38' title="bbox 118 2195 1098 2244; baseline -0.003 -12"><span class='ocrx_word' id='word_1_234' title='bbox 118 2211 206 2244; x_wconf 78' lang='lat' dir='ltr'>quae</span> <span class='ocrx_word' id='word_1_235' title='bbox 223 2198 467 2231; x_wconf 87' lang='lat' dir='ltr'>universaliter</span> <span class='ocrx_word' id='word_1_236' title='bbox 484 2197 602 2230; x_wconf 89' lang='lat' dir='ltr'>omnia</span> <span class='ocrx_word' id='word_1_237' title='bbox 626 2208 773 2241; x_wconf 85' lang='lat' dir='ltr'>corpora</span> <span class='ocrx_word' id='word_1_238' title='bbox 797 2195 1011 2230; x_wconf 88' lang='lat' dir='ltr'>comitantur</span> <span class='ocrx_word' id='word_1_239' title='bbox 1024 2222 1032 2235; x_wconf 90' lang='lat'>,</span> <span class='ocrx_word' id='word_1_240' title='bbox 1055 2198 1098 2231; x_wconf 92' lang='lat' dir='ltr'>de</span> 
     </span>
     <span class='ocr_line' id='line_1_39' title="bbox 119 2249 555 2292; baseline -0.002 -10"><span class='ocrx_word' id='word_1_241' title='bbox 119 2257 239 2287; x_wconf 88' lang='lat' dir='ltr'>motu,</span> <span class='ocrx_word' id='word_1_242' title='bbox 264 2249 360 2288; x_wconf 91' lang='lat' dir='ltr'>loco,</span> <span class='ocrx_word' id='word_1_243' title='bbox 388 2254 555 2292; x_wconf 88' lang='lat' dir='ltr'>tempore.</span> 
     </span>
    </p>
   </div>
   <div class='ocr_carea' id='block_1_9' title="bbox 218 2303 1871 2398">
    <p class='ocr_par' dir='ltr' id='par_1_10' title="bbox 218 2303 1871 2398">
     <span class='ocr_line' id='line_1_40' title="bbox 218 2303 1127 2351; baseline -0.002 -10"><span class='ocrx_word' id='word_1_244' title='bbox 218 2307 315 2341; x_wconf 80' lang='lat' dir='ltr'>Haec</span> <span class='ocrx_word' id='word_1_245' title='bbox 332 2307 450 2339; x_wconf 87' lang='lat' dir='ltr'>tenuia</span> <span class='ocrx_word' id='word_1_246' title='bbox 469 2307 570 2340; x_wconf 87' lang='lat' dir='ltr'>initia</span> <span class='ocrx_word' id='word_1_247' title='bbox 587 2318 666 2340; x_wconf 91' lang='lat' dir='ltr'>cum</span> <span class='ocrx_word' id='word_1_248' title='bbox 684 2306 723 2340; x_wconf 88' lang='lat' dir='ltr'>in</span> <span class='ocrx_word' id='word_1_249' title='bbox 739 2305 913 2340; x_wconf 81' lang='lat' dir='ltr'>vestibulo</span> <span class='ocrx_word' id='word_1_250' title='bbox 939 2303 1100 2351; x_wconf 78' lang='lat' dir='ltr'>physices</span> <span class='ocrx_word' id='word_1_251' title='bbox 1126 2318 1127 2339; x_wconf 69' lang='lat'>1</span> 
     </span>
     <span class='ocr_line' id='line_1_41' title="bbox 1126 2354 1871 2398; baseline -0.009 -8"><span class='ocrx_word' id='word_1_252' title='bbox 1126 2356 1127 2361; x_wconf 73' lang='grc'>’</span> <span class='ocrx_word' id='word_1_253' title='bbox 1153 2367 1209 2390; x_wconf 80' lang='lat' dir='ltr'>res</span> <span class='ocrx_word' id='word_1_254' title='bbox 1237 2367 1310 2389; x_wconf 88' lang='lat' dir='ltr'>esse</span> <span class='ocrx_word' id='word_1_255' title='bbox 1336 2354 1512 2398; x_wconf 87' lang='lat' dir='ltr'>simplices</span> <span class='ocrx_word' id='word_1_256' title='bbox 1536 2361 1569 2387; x_wconf 89' lang='lat' dir='ltr'>et</span> <span class='ocrx_word' id='word_1_257' title='bbox 1600 2361 1711 2386; x_wconf 76' lang='lat' dir='ltr'>rectos</span> <span class='ocrx_word' id='word_1_258' title='bbox 1736 2359 1871 2391; x_wconf 88' lang='lat' dir='ltr'>motus,</span> 
     </span>
    </p>
   </div>
   <div class='ocr_carea' id='block_1_10' title="bbox 119 2357 1100 2402">
    <p class='ocr_par' dir='ltr' id='par_1_11' title="bbox 119 2357 1100 2402">
     <span class='ocr_line' id='line_1_42' title="bbox 119 2357 1100 2402; baseline -0.005 -8"><span class='ocrx_word' id='word_1_259' title='bbox 119 2360 280 2399; x_wconf 81' lang='lat' dir='ltr'>tradidit,</span> <span class='ocrx_word' id='word_1_260' title='bbox 316 2364 434 2402; x_wconf 83' lang='lat' dir='ltr'>postea</span> <span class='ocrx_word' id='word_1_261' title='bbox 459 2357 583 2401; x_wconf 89' lang='lat' dir='ltr'>incipit</span> <span class='ocrx_word' id='word_1_262' title='bbox 605 2357 718 2402; x_wconf 85' lang='lat' dir='ltr'>prima</span> <span class='ocrx_word' id='word_1_263' title='bbox 742 2369 890 2401; x_wconf 86' lang='lat' dir='ltr'>corpora</span> <span class='ocrx_word' id='word_1_264' title='bbox 913 2363 946 2389; x_wconf 90' lang='lat' dir='ltr'>et</span> <span class='ocrx_word' id='word_1_265' title='bbox 969 2357 1100 2401; x_wconf 90' lang='lat' dir='ltr'>primas</span> 
     </span>
    </p>
   </div>
   <div class='ocr_carea' id='block_1_11' title="bbox 1168 487 2166 923">
    <p class='ocr_par' dir='ltr' id='par_1_12' title="bbox 1168 487 2166 923">
     <span class='ocr_line' id='line_1_43' title="bbox 1177 487 2166 534; baseline 0.015 -22"><span class='ocrx_word' id='word_1_266' title='bbox 1177 487 1340 521; x_wconf 88' lang='lat' dir='ltr'>naturae,</span> <span class='ocrx_word' id='word_1_267' title='bbox 1374 493 1579 527; x_wconf 90' lang='lat' dir='ltr'>sequamur,</span> <span class='ocrx_word' id='word_1_268' title='bbox 1611 496 1673 518; x_wconf 90' lang='lat' dir='ltr'>nec</span> <span class='ocrx_word' id='word_1_269' title='bbox 1707 499 1916 530; x_wconf 74' lang='lat' dir='ltr'>quaeramus</span> <span class='ocrx_word' id='word_1_270' title='bbox 1943 498 2166 534; x_wconf 74' lang='lat' dir='ltr'>portentosas</span> 
     </span>
     <span class='ocr_line' id='line_1_44' title="bbox 1176 531 2162 585; baseline 0.015 -23"><span class='ocrx_word' id='word_1_271' title='bbox 1176 531 1381 574; x_wconf 85' lang='lat' dir='ltr'>opiniones,</span> <span class='ocrx_word' id='word_1_272' title='bbox 1409 534 1528 578; x_wconf 85' lang='lat' dir='ltr'>quales</span> <span class='ocrx_word' id='word_1_273' title='bbox 1545 543 1627 568; x_wconf 91' lang='lat' dir='ltr'>sunt</span> <span class='ocrx_word' id='word_1_274' title='bbox 1645 548 1778 579; x_wconf 88' lang='lat' dir='ltr'>eorum,</span> <span class='ocrx_word' id='word_1_275' title='bbox 1805 541 1864 583; x_wconf 90' lang='lat' dir='ltr'>qui</span> <span class='ocrx_word' id='word_1_276' title='bbox 1884 542 2076 585; x_wconf 80' lang='lat' dir='ltr'>disputant,</span> <span class='ocrx_word' id='word_1_277' title='bbox 2102 545 2162 576; x_wconf 65' lang='lat' dir='ltr'>ae-</span> 
     </span>
     <span class='ocr_line' id='line_1_45' title="bbox 1174 585 2158 636; baseline 0.012 -22"><span class='ocrx_word' id='word_1_278' title='bbox 1174 593 1266 620; x_wconf 90' lang='lat' dir='ltr'>rem,</span> <span class='ocrx_word' id='word_1_279' title='bbox 1293 589 1436 624; x_wconf 82' lang='lat' dir='ltr'>terram,</span> <span class='ocrx_word' id='word_1_280' title='bbox 1463 585 1626 618; x_wconf 87' lang='lat' dir='ltr'>animalia</span> <span class='ocrx_word' id='word_1_281' title='bbox 1651 598 1733 622; x_wconf 80' lang='lat' dir='ltr'>esse.</span> <span class='ocrx_word' id='word_1_282' title='bbox 1786 587 2018 625; x_wconf 83' lang='lat' dir='ltr'>Retineamus</span> <span class='ocrx_word' id='word_1_283' title='bbox 2041 594 2158 636; x_wconf 89' lang='lat' dir='ltr'>potius</span> 
     </span>
     <span class='ocr_line' id='line_1_46' title="bbox 1174 632 2160 684; baseline 0.012 -20"><span class='ocrx_word' id='word_1_284' title='bbox 1174 632 1368 677; x_wconf 91' lang='lat' dir='ltr'>simplicem</span> <span class='ocrx_word' id='word_1_285' title='bbox 1391 634 1592 668; x_wconf 78' lang='lat' dir='ltr'>Aristotelis</span> <span class='ocrx_word' id='word_1_286' title='bbox 1618 637 1833 679; x_wconf 89' lang='lat' dir='ltr'>doctrinam,</span> <span class='ocrx_word' id='word_1_287' title='bbox 1866 653 1955 684; x_wconf 88' lang='lat' dir='ltr'>quae</span> <span class='ocrx_word' id='word_1_288' title='bbox 1985 650 2078 675; x_wconf 90' lang='lat' dir='ltr'>recto</span> <span class='ocrx_word' id='word_1_289' title='bbox 2102 656 2160 676; x_wconf 88' lang='lat' dir='ltr'>or-</span> 
     </span>
     <span class='ocr_line' id='line_1_47' title="bbox 1174 683 2160 734; baseline 0.011 -19"><span class='ocrx_word' id='word_1_290' title='bbox 1174 683 1256 716; x_wconf 92' lang='lat' dir='ltr'>dine</span> <span class='ocrx_word' id='word_1_291' title='bbox 1272 696 1312 717; x_wconf 87' lang='lat' dir='ltr'>ex</span> <span class='ocrx_word' id='word_1_292' title='bbox 1328 685 1419 718; x_wconf 90' lang='lat' dir='ltr'>veris</span> <span class='ocrx_word' id='word_1_293' title='bbox 1443 686 1626 730; x_wconf 87' lang='lat' dir='ltr'>principiis</span> <span class='ocrx_word' id='word_1_294' title='bbox 1642 695 1675 721; x_wconf 91' lang='lat' dir='ltr'>et</span> <span class='ocrx_word' id='word_1_295' title='bbox 1693 690 1906 733; x_wconf 88' lang='lat' dir='ltr'>experientia</span> <span class='ocrx_word' id='word_1_296' title='bbox 1926 698 2079 726; x_wconf 84' lang='lat' dir='ltr'>extructa</span> <span class='ocrx_word' id='word_1_297' title='bbox 2098 701 2160 734; x_wconf 88' lang='lat' dir='ltr'>est,</span> 
     </span>
     <span class='ocr_line' id='line_1_48' title="bbox 1173 733 2159 784; baseline 0.009 -18"><span class='ocrx_word' id='word_1_298' title='bbox 1173 740 1206 766; x_wconf 92' lang='lat' dir='ltr'>et</span> <span class='ocrx_word' id='word_1_299' title='bbox 1227 735 1269 767; x_wconf 89' lang='lat' dir='ltr'>ad</span> <span class='ocrx_word' id='word_1_300' title='bbox 1296 733 1423 774; x_wconf 77' lang='grc' dir='ltr'><em>κοιιὰς</em></span> <span class='ocrx_word' id='word_1_301' title='bbox 1447 734 1590 775; x_wconf 48' lang='lat'>8111&#39;0100·</span> <span class='ocrx_word' id='word_1_302' title='bbox 1615 740 1793 781; x_wconf 87' lang='lat' dir='ltr'>congruit,</span> <span class='ocrx_word' id='word_1_303' title='bbox 1822 753 1910 784; x_wconf 87' lang='lat' dir='ltr'>quae</span> <span class='ocrx_word' id='word_1_304' title='bbox 1930 748 2013 775; x_wconf 88' lang='lat' dir='ltr'>sunt</span> <span class='ocrx_word' id='word_1_305' title='bbox 2030 743 2159 775; x_wconf 87' lang='lat' dir='ltr'>artium</span> 
     </span>
     <span class='ocr_line' id='line_1_49' title="bbox 1171 785 2159 834; baseline 0.009 -18"><span class='ocrx_word' id='word_1_306' title='bbox 1171 791 1205 817; x_wconf 88' lang='lat' dir='ltr'>et</span> <span class='ocrx_word' id='word_1_307' title='bbox 1220 785 1376 819; x_wconf 64' lang='lat' dir='ltr'>xemtans</span> <span class='ocrx_word' id='word_1_308' title='bbox 1393 798 1555 828; x_wconf 87' lang='lat' dir='ltr'>normae,</span> <span class='ocrx_word' id='word_1_309' title='bbox 1580 788 1652 822; x_wconf 89' lang='lat' dir='ltr'>imo</span> <span class='ocrx_word' id='word_1_310' title='bbox 1672 790 1775 822; x_wconf 85' lang='lat' dir='ltr'>etiam</span> <span class='ocrx_word' id='word_1_311' title='bbox 1800 793 1963 834; x_wconf 88' lang='lat' dir='ltr'>congruit</span> <span class='ocrx_word' id='word_1_312' title='bbox 1990 804 2068 825; x_wconf 89' lang='lat' dir='ltr'>cum</span> <span class='ocrx_word' id='word_1_313' title='bbox 2095 793 2159 825; x_wconf 87' lang='lat' dir='ltr'>do-</span> 
     </span>
     <span class='ocr_line' id='line_1_50' title="bbox 1169 835 2156 880; baseline 0.008 -12"><span class='ocrx_word' id='word_1_314' title='bbox 1169 835 1280 869; x_wconf 85' lang='lat' dir='ltr'>ctrina</span> <span class='ocrx_word' id='word_1_315' title='bbox 1303 838 1473 880; x_wconf 82' lang='lat' dir='ltr'>patefacta</span> <span class='ocrx_word' id='word_1_316' title='bbox 1493 838 1685 880; x_wconf 87' lang='lat' dir='ltr'>divinitus,</span> <span class='ocrx_word' id='word_1_317' title='bbox 1717 841 1824 874; x_wconf 91' lang='lat' dir='ltr'>modo</span> <span class='ocrx_word' id='word_1_318' title='bbox 1848 849 1887 875; x_wconf 93' lang='lat' dir='ltr'>ut</span> <span class='ocrx_word' id='word_1_319' title='bbox 1906 843 2046 876; x_wconf 88' lang='lat' dir='ltr'>accedat</span> <span class='ocrx_word' id='word_1_320' title='bbox 2071 844 2156 876; x_wconf 78' lang='lat' dir='ltr'>dex-</span> 
     </span>
     <span class='ocr_line' id='line_1_51' title="bbox 1168 886 1561 923; baseline 0.008 -3"><span class='ocrx_word' id='word_1_321' title='bbox 1168 886 1288 920; x_wconf 89' lang='lat' dir='ltr'>teritas</span> <span class='ocrx_word' id='word_1_322' title='bbox 1305 887 1341 920; x_wconf 93' lang='lat' dir='ltr'>in</span> <span class='ocrx_word' id='word_1_323' title='bbox 1359 887 1561 923; x_wconf 87' lang='lat' dir='ltr'>iudicando.</span> 
     </span>
    </p>
   </div>
   <div class='ocr_carea' id='block_1_12' title="bbox 1431 1015 1879 1056">
    <p class='ocr_par' dir='ltr' id='par_1_13' title="bbox 1431 1015 1879 1056">
     <span class='ocr_line' id='line_1_52' title="bbox 1431 1015 1879 1056; baseline 0.007 -7"><span class='ocrx_word' id='word_1_324' title='bbox 1431 1015 1527 1056; x_wconf 80' lang='lat' dir='ltr'>Quid</span> <span class='ocrx_word' id='word_1_325' title='bbox 1543 1020 1600 1050; x_wconf 81' lang='lat' dir='ltr'>est</span> <span class='ocrx_word' id='word_1_326' title='bbox 1616 1016 1879 1052; x_wconf 79' lang='lat' dir='ltr'>Elementum?</span> 
     </span>
    </p>
   </div>
   <div class='ocr_carea' id='block_1_13' title="bbox 1160 1096 2154 1499">
    <p class='ocr_par' dir='ltr' id='par_1_14' title="bbox 1160 1096 2154 1499">
     <span class='ocr_line' id='line_1_53' title="bbox 1265 1096 2154 1147; baseline 0.006 -15"><span class='ocrx_word' id='word_1_327' title='bbox 1265 1096 1490 1133; x_wconf 86' lang='lat' dir='ltr'>Elementum</span> <span class='ocrx_word' id='word_1_328' title='bbox 1508 1107 1557 1134; x_wconf 90' lang='lat' dir='ltr'>est</span> <span class='ocrx_word' id='word_1_329' title='bbox 1575 1112 1720 1145; x_wconf 88' lang='lat' dir='ltr'>corpus,</span> <span class='ocrx_word' id='word_1_330' title='bbox 1747 1114 1786 1134; x_wconf 88' lang='lat' dir='ltr'>ex</span> <span class='ocrx_word' id='word_1_331' title='bbox 1804 1115 1875 1147; x_wconf 89' lang='lat' dir='ltr'>quo</span> <span class='ocrx_word' id='word_1_332' title='bbox 1892 1103 2038 1137; x_wconf 84' lang='lat' dir='ltr'>mixtum</span> <span class='ocrx_word' id='word_1_333' title='bbox 2057 1116 2154 1137; x_wconf 86' lang='lat' dir='ltr'>com—</span> 
     </span>
     <span class='ocr_line' id='line_1_54' title="bbox 1165 1150 2153 1196; baseline 0.006 -15"><span class='ocrx_word' id='word_1_334' title='bbox 1165 1150 1332 1193; x_wconf 87' lang='lat' dir='ltr'>ponitur,</span> <span class='ocrx_word' id='word_1_335' title='bbox 1370 1157 1536 1195; x_wconf 84' lang='lat' dir='ltr'>tanquam</span> <span class='ocrx_word' id='word_1_336' title='bbox 1563 1163 1603 1184; x_wconf 87' lang='lat' dir='ltr'>ex</span> <span class='ocrx_word' id='word_1_337' title='bbox 1629 1159 1728 1195; x_wconf 90' lang='lat' dir='ltr'>parte</span> <span class='ocrx_word' id='word_1_338' title='bbox 1752 1152 1922 1196; x_wconf 87' lang='lat' dir='ltr'>simplici,</span> <span class='ocrx_word' id='word_1_339' title='bbox 1954 1166 2013 1186; x_wconf 88' lang='lat' dir='ltr'>seu</span> <span class='ocrx_word' id='word_1_340' title='bbox 2037 1161 2075 1187; x_wconf 91' lang='lat' dir='ltr'>ut</span> <span class='ocrx_word' id='word_1_341' title='bbox 2099 1154 2153 1186; x_wconf 86' lang='lat' dir='ltr'>lo-</span> 
     </span>
     <span class='ocr_line' id='line_1_55' title="bbox 1163 1200 2152 1246; baseline 0.004 -14"><span class='ocrx_word' id='word_1_342' title='bbox 1163 1207 1323 1244; x_wconf 90' lang='lat' dir='ltr'>quuntur</span> <span class='ocrx_word' id='word_1_343' title='bbox 1338 1200 1499 1241; x_wconf 87' lang='lat' dir='ltr'>minima,</span> <span class='ocrx_word' id='word_1_344' title='bbox 1527 1213 1615 1246; x_wconf 89' lang='lat' dir='ltr'>quae</span> <span class='ocrx_word' id='word_1_345' title='bbox 1632 1213 1705 1235; x_wconf 92' lang='lat' dir='ltr'>non</span> <span class='ocrx_word' id='word_1_346' title='bbox 1722 1209 1835 1245; x_wconf 88' lang='lat' dir='ltr'>potest</span> <span class='ocrx_word' id='word_1_347' title='bbox 1850 1203 1962 1237; x_wconf 89' lang='lat' dir='ltr'>dividi</span> <span class='ocrx_word' id='word_1_348' title='bbox 1979 1204 2016 1236; x_wconf 91' lang='lat' dir='ltr'>in</span> <span class='ocrx_word' id='word_1_349' title='bbox 2034 1204 2152 1236; x_wconf 83' lang='lat' dir='ltr'>diver-</span> 
     </span>
     <span class='ocr_line' id='line_1_56' title="bbox 1162 1251 2151 1295; baseline 0.004 -13"><span class='ocrx_word' id='word_1_350' title='bbox 1162 1262 1279 1283; x_wconf 82' lang='lat' dir='ltr'>sarum</span> <span class='ocrx_word' id='word_1_351' title='bbox 1295 1251 1489 1294; x_wconf 89' lang='lat' dir='ltr'>specierum</span> <span class='ocrx_word' id='word_1_352' title='bbox 1511 1263 1669 1295; x_wconf 82' lang='lat' dir='ltr'>corpora.</span> <span class='ocrx_word' id='word_1_353' title='bbox 1721 1251 1816 1286; x_wconf 87' lang='lat' dir='ltr'>Haec</span> <span class='ocrx_word' id='word_1_354' title='bbox 1840 1254 1999 1288; x_wconf 88' lang='lat' dir='ltr'>definitio</span> <span class='ocrx_word' id='word_1_355' title='bbox 2023 1254 2151 1287; x_wconf 90' lang='lat' dir='ltr'>alludit</span> 
     </span>
     <span class='ocr_line' id='line_1_57' title="bbox 1161 1301 2151 1349; baseline 0.004 -16"><span class='ocrx_word' id='word_1_356' title='bbox 1161 1302 1203 1333; x_wconf 92' lang='lat' dir='ltr'>ad</span> <span class='ocrx_word' id='word_1_357' title='bbox 1222 1301 1483 1334; x_wconf 74' lang='lat' dir='ltr'>Aristotelicam</span> <span class='ocrx_word' id='word_1_358' title='bbox 1497 1328 1506 1341; x_wconf 91' lang='lat'>,</span> <span class='ocrx_word' id='word_1_359' title='bbox 1533 1313 1623 1346; x_wconf 90' lang='lat' dir='ltr'>quae</span> <span class='ocrx_word' id='word_1_360' title='bbox 1640 1308 1758 1335; x_wconf 82' lang='lat' dir='ltr'>tamen</span> <span class='ocrx_word' id='word_1_361' title='bbox 1781 1304 1953 1346; x_wconf 86' lang='lat' dir='ltr'>generalis</span> <span class='ocrx_word' id='word_1_362' title='bbox 1971 1311 2039 1344; x_wconf 89' lang='lat' dir='ltr'>est,</span> <span class='ocrx_word' id='word_1_363' title='bbox 2063 1316 2151 1349; x_wconf 85' lang='lat' dir='ltr'>quae</span> 
     </span>
     <span class='ocr_line' id='line_1_58' title="bbox 1163 1349 2149 1398; baseline 0.003 -14"><span class='ocrx_word' id='word_1_364' title='bbox 1163 1358 1253 1384; x_wconf 80' lang='lat' dir='ltr'>extat</span> <span class='ocrx_word' id='word_1_365' title='bbox 1270 1352 1307 1384; x_wconf 91' lang='lat' dir='ltr'>in</span> <span class='ocrx_word' id='word_1_366' title='bbox 1324 1358 1449 1396; x_wconf 87' lang='lat' dir='ltr'>quarto</span> <span class='ocrx_word' id='word_1_367' title='bbox 1465 1352 1556 1384; x_wconf 91' lang='lat' dir='ltr'>libro</span> <span class='ocrx_word' id='word_1_368' title='bbox 1574 1349 1668 1395; x_wconf 74' lang='grc' dir='ltr'>μετὰ</span> <span class='ocrx_word' id='word_1_369' title='bbox 1684 1350 1730 1385; x_wconf 78' lang='grc' dir='ltr'>τὰ</span> <span class='ocrx_word' id='word_1_370' title='bbox 1747 1352 1904 1398; x_wconf 70' lang='grc' dir='ltr'>ᾳυσικὰε</span> <span class='ocrx_word' id='word_1_371' title='bbox 1925 1353 2149 1387; x_wconf 86' lang='lat' dir='ltr'>Elementum</span> 
     </span>
     <span class='ocr_line' id='line_1_59' title="bbox 1162 1402 2151 1448; baseline 0.002 -14"><span class='ocrx_word' id='word_1_372' title='bbox 1162 1408 1224 1442; x_wconf 88' lang='lat' dir='ltr'>est,</span> <span class='ocrx_word' id='word_1_373' title='bbox 1248 1414 1288 1434; x_wconf 83' lang='lat' dir='ltr'>ex</span> <span class='ocrx_word' id='word_1_374' title='bbox 1315 1414 1385 1447; x_wconf 90' lang='lat' dir='ltr'>quo</span> <span class='ocrx_word' id='word_1_375' title='bbox 1402 1402 1536 1446; x_wconf 88' lang='lat' dir='ltr'>aliquid</span> <span class='ocrx_word' id='word_1_376' title='bbox 1556 1403 1782 1445; x_wconf 90' lang='lat' dir='ltr'>componitur</span> <span class='ocrx_word' id='word_1_377' title='bbox 1796 1411 1964 1448; x_wconf 86' lang='lat' dir='ltr'>tanquam</span> <span class='ocrx_word' id='word_1_378' title='bbox 1980 1415 2020 1437; x_wconf 87' lang='lat' dir='ltr'>ex</span> <span class='ocrx_word' id='word_1_379' title='bbox 2036 1404 2151 1448; x_wconf 82' lang='lat' dir='ltr'>prima</span> 
     </span>
     <span class='ocr_line' id='line_1_60' title="bbox 1160 1452 2125 1499; baseline 0.001 -13"><span class='ocrx_word' id='word_1_380' title='bbox 1160 1458 1258 1497; x_wconf 87' lang='lat' dir='ltr'>parte</span> <span class='ocrx_word' id='word_1_381' title='bbox 1275 1464 1349 1486; x_wconf 92' lang='lat' dir='ltr'>non</span> <span class='ocrx_word' id='word_1_382' title='bbox 1367 1452 1538 1486; x_wconf 90' lang='lat' dir='ltr'>divisibili</span> <span class='ocrx_word' id='word_1_383' title='bbox 1557 1452 1593 1485; x_wconf 90' lang='lat' dir='ltr'>in</span> <span class='ocrx_word' id='word_1_384' title='bbox 1613 1464 1668 1486; x_wconf 90' lang='lat' dir='ltr'>res</span> <span class='ocrx_word' id='word_1_385' title='bbox 1685 1453 1904 1491; x_wconf 87' lang='lat' dir='ltr'>diversarum</span> <span class='ocrx_word' id='word_1_386' title='bbox 1920 1454 2125 1499; x_wconf 82' lang='lat' dir='ltr'>specierum.</span> 
     </span>
    </p>
   </div>
   <div class='ocr_carea' id='block_1_14' title="bbox 1431 1579 1884 1619">
    <p class='ocr_par' dir='ltr' id='par_1_15' title="bbox 1431 1579 1884 1619">
     <span class='ocr_line' id='line_1_61' title="bbox 1431 1579 1884 1619; baseline 0.009 -8"><span class='ocrx_word' id='word_1_387' title='bbox 1431 1580 1525 1619; x_wconf 83' lang='lat' dir='ltr'>Quot</span> <span class='ocrx_word' id='word_1_388' title='bbox 1549 1582 1639 1612; x_wconf 76' lang='lat' dir='ltr'>sunt</span> <span class='ocrx_word' id='word_1_389' title='bbox 1661 1580 1857 1615; x_wconf 73' lang='lat' dir='ltr'>Elementa</span> <span class='ocrx_word' id='word_1_390' title='bbox 1867 1579 1884 1614; x_wconf 82' lang='lat'><em>?</em></span> 
     </span>
    </p>
   </div>
   <div class='ocr_carea' id='block_1_15' title="bbox 1153 1662 2146 2063">
    <p class='ocr_par' dir='ltr' id='par_1_16' title="bbox 1153 1662 2146 2063">
     <span class='ocr_line' id='line_1_62' title="bbox 1260 1662 2145 1711; baseline 0.002 -14"><span class='ocrx_word' id='word_1_391' title='bbox 1260 1662 1392 1706; x_wconf 77' lang='lat' dir='ltr'>Magna</span> <span class='ocrx_word' id='word_1_392' title='bbox 1409 1662 1477 1696; x_wconf 88' lang='lat' dir='ltr'>fuit</span> <span class='ocrx_word' id='word_1_393' title='bbox 1492 1662 1627 1696; x_wconf 84' lang='lat' dir='ltr'>vanitas</span> <span class='ocrx_word' id='word_1_394' title='bbox 1641 1662 1865 1707; x_wconf 83' lang='lat' dir='ltr'>ingeniorum</span> <span class='ocrx_word' id='word_1_395' title='bbox 1876 1690 1887 1706; x_wconf 88' lang='lat'>,</span> <span class='ocrx_word' id='word_1_396' title='bbox 1915 1677 2004 1711; x_wconf 91' lang='lat' dir='ltr'>quae</span> <span class='ocrx_word' id='word_1_397' title='bbox 2019 1665 2145 1699; x_wconf 90' lang='lat' dir='ltr'>omissa</span> 
     </span>
     <span class='ocr_line' id='line_1_63' title="bbox 1159 1713 2146 1760; baseline 0.001 -13"><span class='ocrx_word' id='word_1_398' title='bbox 1159 1715 1340 1748; x_wconf 88' lang='lat' dir='ltr'>communi</span> <span class='ocrx_word' id='word_1_399' title='bbox 1367 1713 1528 1746; x_wconf 86' lang='lat' dir='ltr'>doctrina</span> <span class='ocrx_word' id='word_1_400' title='bbox 1557 1715 1808 1757; x_wconf 86' lang='lat' dir='ltr'>quaesiverunt</span> <span class='ocrx_word' id='word_1_401' title='bbox 1831 1716 2049 1759; x_wconf 84' lang='lat' dir='ltr'>prodigiosas</span> <span class='ocrx_word' id='word_1_402' title='bbox 2067 1717 2146 1760; x_wconf 87' lang='lat' dir='ltr'>opi-</span> 
     </span>
     <span class='ocr_line' id='line_1_64' title="bbox 1158 1763 2145 1806; baseline 0.001 -8"><span class='ocrx_word' id='word_1_403' title='bbox 1158 1766 1295 1806; x_wconf 88' lang='lat' dir='ltr'>niones,</span> <span class='ocrx_word' id='word_1_404' title='bbox 1322 1771 1359 1798; x_wconf 91' lang='lat' dir='ltr'>ut</span> <span class='ocrx_word' id='word_1_405' title='bbox 1377 1763 1601 1797; x_wconf 86' lang='lat' dir='ltr'>Democritus</span> <span class='ocrx_word' id='word_1_406' title='bbox 1619 1764 1720 1803; x_wconf 85' lang='lat' dir='ltr'>dixit,</span> <span class='ocrx_word' id='word_1_407' title='bbox 1748 1765 1885 1799; x_wconf 88' lang='lat' dir='ltr'>infinita</span> <span class='ocrx_word' id='word_1_408' title='bbox 1902 1777 1973 1799; x_wconf 81' lang='lat' dir='ltr'>esse</span> <span class='ocrx_word' id='word_1_409' title='bbox 1992 1766 2145 1799; x_wconf 87' lang='lat' dir='ltr'>elemen-</span> 
     </span>
     <span class='ocr_line' id='line_1_65' title="bbox 1157 1813 2144 1857; baseline -0.001 -8"><span class='ocrx_word' id='word_1_410' title='bbox 1157 1823 1210 1854; x_wconf 81' lang='lat' dir='ltr'>ta,</span> <span class='ocrx_word' id='word_1_411' title='bbox 1246 1814 1472 1857; x_wconf 81' lang='lat' dir='ltr'>Anaxagoras</span> <span class='ocrx_word' id='word_1_412' title='bbox 1495 1813 1640 1846; x_wconf 91' lang='lat' dir='ltr'>unicum</span> <span class='ocrx_word' id='word_1_413' title='bbox 1663 1820 1812 1850; x_wconf 87' lang='lat' dir='ltr'>tantum.</span> <span class='ocrx_word' id='word_1_414' title='bbox 1874 1816 1921 1850; x_wconf 75' lang='lat' dir='ltr'>At</span> <span class='ocrx_word' id='word_1_415' title='bbox 1946 1817 2144 1850; x_wconf 82' lang='lat' dir='ltr'>communis</span> 
     </span>
     <span class='ocr_line' id='line_1_66' title="bbox 1157 1863 2145 1911; baseline 0 -12"><span class='ocrx_word' id='word_1_416' title='bbox 1157 1866 1330 1900; x_wconf 87' lang='lat' dir='ltr'>sententia</span> <span class='ocrx_word' id='word_1_417' title='bbox 1352 1863 1596 1909; x_wconf 86' lang='lat' dir='ltr'>antiquissima</span> <span class='ocrx_word' id='word_1_418' title='bbox 1623 1872 1695 1903; x_wconf 89' lang='lat' dir='ltr'>est,</span> <span class='ocrx_word' id='word_1_419' title='bbox 1726 1873 1863 1909; x_wconf 87' lang='lat' dir='ltr'>praeter</span> <span class='ocrx_word' id='word_1_420' title='bbox 1893 1867 2030 1900; x_wconf 87' lang='lat' dir='ltr'>coelum</span> <span class='ocrx_word' id='word_1_421' title='bbox 2059 1879 2145 1911; x_wconf 88' lang='lat' dir='ltr'>qua-</span> 
     </span>
     <span class='ocr_line' id='line_1_67' title="bbox 1155 1914 2145 1960; baseline -0.001 -10"><span class='ocrx_word' id='word_1_422' title='bbox 1155 1924 1236 1950; x_wconf 88' lang='lat' dir='ltr'>tuor</span> <span class='ocrx_word' id='word_1_423' title='bbox 1260 1928 1332 1949; x_wconf 84' lang='lat' dir='ltr'>esse</span> <span class='ocrx_word' id='word_1_424' title='bbox 1358 1927 1505 1959; x_wconf 90' lang='lat' dir='ltr'>corpora</span> <span class='ocrx_word' id='word_1_425' title='bbox 1528 1914 1702 1958; x_wconf 87' lang='lat' dir='ltr'>simplicia</span> <span class='ocrx_word' id='word_1_426' title='bbox 1724 1923 1758 1950; x_wconf 89' lang='lat' dir='ltr'>et</span> <span class='ocrx_word' id='word_1_427' title='bbox 1772 1917 1902 1960; x_wconf 86' lang='lat' dir='ltr'>prima,</span> <span class='ocrx_word' id='word_1_428' title='bbox 1930 1929 2004 1950; x_wconf 86' lang='lat' dir='ltr'>non</span> <span class='ocrx_word' id='word_1_429' title='bbox 2020 1917 2145 1949; x_wconf 84' lang='lat' dir='ltr'>viven-</span> 
     </span>
     <span class='ocr_line' id='line_1_68' title="bbox 1154 1965 2144 2012; baseline 0 -11"><span class='ocrx_word' id='word_1_430' title='bbox 1154 1968 1222 2008; x_wconf 87' lang='lat' dir='ltr'>tia,</span> <span class='ocrx_word' id='word_1_431' title='bbox 1249 1978 1338 2012; x_wconf 86' lang='lat' dir='ltr'>quae</span> <span class='ocrx_word' id='word_1_432' title='bbox 1363 1977 1427 1999; x_wconf 89' lang='lat' dir='ltr'>nec</span> <span class='ocrx_word' id='word_1_433' title='bbox 1450 1966 1544 1998; x_wconf 84' lang='lat' dir='ltr'>inter</span> <span class='ocrx_word' id='word_1_434' title='bbox 1569 1965 1744 2008; x_wconf 79' lang='lat' dir='ltr'>animata,</span> <span class='ocrx_word' id='word_1_435' title='bbox 1770 1978 1835 2000; x_wconf 88' lang='lat' dir='ltr'>nec</span> <span class='ocrx_word' id='word_1_436' title='bbox 1859 1968 1951 2000; x_wconf 87' lang='lat' dir='ltr'>inter</span> <span class='ocrx_word' id='word_1_437' title='bbox 1976 1967 2144 2001; x_wconf 84' lang='lat' dir='ltr'>animalia</span> 
     </span>
     <span class='ocr_line' id='line_1_69' title="bbox 1153 2015 2143 2063; baseline -0.001 -11"><span class='ocrx_word' id='word_1_438' title='bbox 1153 2017 1333 2052; x_wconf 85' lang='lat' dir='ltr'>numerari</span> <span class='ocrx_word' id='word_1_439' title='bbox 1349 2016 1494 2061; x_wconf 89' lang='lat' dir='ltr'>possint,</span> <span class='ocrx_word' id='word_1_440' title='bbox 1520 2015 1652 2050; x_wconf 88' lang='lat' dir='ltr'>scilicet</span> <span class='ocrx_word' id='word_1_441' title='bbox 1672 2016 1806 2061; x_wconf 87' lang='lat' dir='ltr'>Ignem,</span> <span class='ocrx_word' id='word_1_442' title='bbox 1833 2017 1978 2059; x_wconf 67' lang='lat' dir='ltr'>Aerem,</span> <span class='ocrx_word' id='word_1_443' title='bbox 2004 2018 2143 2063; x_wconf 75' lang='lat' dir='ltr'>Aquam</span> 
     </span>
    </p>
   </div>
   <div class='ocr_carea' id='block_1_16' title="bbox 1152 2068 2111 2178">
    <p class='ocr_par' dir='ltr' id='par_1_17' title="bbox 1152 2068 2111 2178">
     <span class='ocr_line' id='line_1_70' title="bbox 1152 2068 1369 2103; baseline -0.014 0"><span class='ocrx_word' id='word_1_444' title='bbox 1152 2076 1186 2103; x_wconf 89' lang='lat' dir='ltr'>et</span> <span class='ocrx_word' id='word_1_445' title='bbox 1209 2068 1369 2103; x_wconf 90' lang='lat' dir='ltr'>Terram.</span> 
     </span>
     <span class='ocr_line' id='line_1_71' title="bbox 1254 2133 2111 2178; baseline -0.001 -10"><span class='ocrx_word' id='word_1_446' title='bbox 1254 2134 1350 2168; x_wconf 88' lang='lat' dir='ltr'>Haec</span> <span class='ocrx_word' id='word_1_447' title='bbox 1369 2135 1544 2169; x_wconf 84' lang='lat' dir='ltr'>sententia</span> <span class='ocrx_word' id='word_1_448' title='bbox 1563 2135 1793 2169; x_wconf 86' lang='lat' dir='ltr'>confirmatur</span> <span class='ocrx_word' id='word_1_449' title='bbox 1811 2133 1866 2168; x_wconf 79' lang='lat' dir='ltr'>his</span> <span class='ocrx_word' id='word_1_450' title='bbox 1883 2134 2111 2178; x_wconf 75' lang='lat' dir='ltr'>argumentis.</span> 
     </span>
    </p>
   </div>
   <div class='ocr_carea' id='block_1_17' title="bbox 1152 2199 2142 2294">
    <p class='ocr_par' dir='ltr' id='par_1_18' title="bbox 1152 2199 2142 2294">
     <span class='ocr_line' id='line_1_72' title="bbox 1254 2199 2141 2246; baseline -0.002 -11"><span class='ocrx_word' id='word_1_451' title='bbox 1254 2201 1375 2235; x_wconf 87' lang='lat' dir='ltr'>Prima</span> <span class='ocrx_word' id='word_1_452' title='bbox 1394 2208 1427 2235; x_wconf 88' lang='lat' dir='ltr'>et</span> <span class='ocrx_word' id='word_1_453' title='bbox 1451 2201 1625 2246; x_wconf 86' lang='lat' dir='ltr'>simplicia</span> <span class='ocrx_word' id='word_1_454' title='bbox 1663 2214 1809 2245; x_wconf 85' lang='lat' dir='ltr'>corpora</span> <span class='ocrx_word' id='word_1_455' title='bbox 1839 2199 1969 2235; x_wconf 88' lang='lat' dir='ltr'>habent</span> <span class='ocrx_word' id='word_1_456' title='bbox 2001 2201 2141 2245; x_wconf 87' lang='lat' dir='ltr'>simpli-</span> 
     </span>
     <span class='ocr_line' id='line_1_73' title="bbox 1152 2252 2142 2294; baseline -0.002 -7"><span class='ocrx_word' id='word_1_457' title='bbox 1152 2266 1207 2288; x_wconf 88' lang='lat' dir='ltr'>ces</span> <span class='ocrx_word' id='word_1_458' title='bbox 1231 2260 1360 2287; x_wconf 78' lang='lat' dir='ltr'>motus·</span> <span class='ocrx_word' id='word_1_459' title='bbox 1415 2252 1506 2285; x_wconf 87' lang='lat' dir='ltr'>Nam</span> <span class='ocrx_word' id='word_1_460' title='bbox 1534 2253 1722 2285; x_wconf 84' lang='lat' dir='ltr'>mixtorum</span> <span class='ocrx_word' id='word_1_461' title='bbox 1753 2258 1833 2284; x_wconf 90' lang='lat' dir='ltr'>sunt</span> <span class='ocrx_word' id='word_1_462' title='bbox 1866 2252 1983 2294; x_wconf 85' lang='lat' dir='ltr'>plures</span> <span class='ocrx_word' id='word_1_463' title='bbox 2015 2258 2142 2291; x_wconf 88' lang='lat' dir='ltr'>motus,</span> 
     </span>
    </p>
   </div>
   <div class='ocr_carea' id='block_1_18' title="bbox 1152 2301 2142 2396">
    <p class='ocr_par' dir='ltr' id='par_1_19' title="bbox 1152 2301 2142 2396">
     <span class='ocr_line' id='line_1_74' title="bbox 1152 2301 2141 2347; baseline -0.004 -8"><span class='ocrx_word' id='word_1_464' title='bbox 1152 2305 1245 2339; x_wconf 89' lang='lat' dir='ltr'>utin</span> <span class='ocrx_word' id='word_1_465' title='bbox 1263 2303 1504 2337; x_wconf 90' lang='lat' dir='ltr'>animantibus</span> <span class='ocrx_word' id='word_1_466' title='bbox 1521 2304 1675 2347; x_wconf 81' lang='lat' dir='ltr'>adparet.</span> <span class='ocrx_word' id='word_1_467' title='bbox 1733 2301 1903 2334; x_wconf 79' lang='lat' dir='ltr'>Videmus</span> <span class='ocrx_word' id='word_1_468' title='bbox 1920 2308 2035 2334; x_wconf 87' lang='lat' dir='ltr'>autem</span> <span class='ocrx_word' id='word_1_469' title='bbox 2061 2303 2141 2345; x_wconf 91' lang='lat' dir='ltr'>plu-</span> 
     </span>
     <span class='ocr_line' id='line_1_75' title="bbox 1916 2360 2142 2396; baseline 0 -11"><span class='ocrx_word' id='word_1_470' title='bbox 1916 2363 1999 2396; x_wconf 75' lang='lat' dir='ltr'>quia</span> <span class='ocrx_word' id='word_1_471' title='bbox 2028 2363 2087 2386; x_wconf 89' lang='lat' dir='ltr'>aer</span> <span class='ocrx_word' id='word_1_472' title='bbox 2108 2360 2142 2385; x_wconf 88' lang='lat' dir='ltr'>et</span> 
     </span>
    </p>
   </div>
   <div class='ocr_carea' id='block_1_19' title="bbox 119 2400 2141 2457">
    <p class='ocr_par' dir='ltr' id='par_1_20' title="bbox 119 2400 2141 2457">
     <span class='ocr_line' id='line_1_76' title="bbox 119 2400 2141 2457; baseline -0.004 -13"><span class='ocrx_word' id='word_1_473' title='bbox 119 2411 302 2457; x_wconf 80' lang='lat' dir='ltr'>qualitates</span> <span class='ocrx_word' id='word_1_474' title='bbox 320 2414 533 2448; x_wconf 87' lang='lat' dir='ltr'>monstrare,</span> <span class='ocrx_word' id='word_1_475' title='bbox 560 2420 627 2453; x_wconf 86' lang='lat' dir='ltr'>qua</span> <span class='ocrx_word' id='word_1_476' title='bbox 652 2409 690 2441; x_wconf 90' lang='lat' dir='ltr'>in</span> <span class='ocrx_word' id='word_1_477' title='bbox 712 2416 809 2453; x_wconf 86' lang='lat' dir='ltr'>parte</span> <span class='ocrx_word' id='word_1_478' title='bbox 835 2408 998 2451; x_wconf 86' lang='lat' dir='ltr'>congruit</span> <span class='ocrx_word' id='word_1_479' title='bbox 1022 2420 1102 2441; x_wconf 89' lang='lat' dir='ltr'>cum</span> <span class='ocrx_word' id='word_1_480' title='bbox 1125 2400 1128 2426; x_wconf 67' lang='lat'><strong>¹</strong></span> <span class='ocrx_word' id='word_1_481' title='bbox 1154 2406 1246 2450; x_wconf 84' lang='lat' dir='ltr'>ignis</span> <span class='ocrx_word' id='word_1_482' title='bbox 1262 2418 1324 2440; x_wconf 88' lang='lat' dir='ltr'>sua</span> <span class='ocrx_word' id='word_1_483' title='bbox 1341 2412 1467 2443; x_wconf 87' lang='lat' dir='ltr'>natura</span> <span class='ocrx_word' id='word_1_484' title='bbox 1486 2416 1622 2437; x_wconf 90' lang='lat' dir='ltr'>sursum</span> <span class='ocrx_word' id='word_1_485' title='bbox 1638 2404 1801 2435; x_wconf 89' lang='lat' dir='ltr'>feruntur</span> <span class='ocrx_word' id='word_1_486' title='bbox 1817 2409 1907 2436; x_wconf 86' lang='lat' dir='ltr'>recta</span> <span class='ocrx_word' id='word_1_487' title='bbox 1927 2402 2033 2437; x_wconf 87' lang='lat' dir='ltr'>linea.</span> <span class='ocrx_word' id='word_1_488' title='bbox 2067 2401 2141 2436; x_wconf 84' lang='lat' dir='ltr'>De-</span> 
     </span>
    </p>
   </div>
   <div class='ocr_carea' id='block_1_20' title="bbox 118 2458 1101 2705">
    <p class='ocr_par' dir='ltr' id='par_1_21' title="bbox 118 2458 1101 2705">
     <span class='ocr_line' id='line_1_77' title="bbox 120 2458 1101 2504; baseline -0.004 -9"><span class='ocrx_word' id='word_1_489' title='bbox 120 2462 343 2495; x_wconf 76' lang='lat' dir='ltr'>Medicorum</span> <span class='ocrx_word' id='word_1_490' title='bbox 364 2458 523 2491; x_wconf 87' lang='lat' dir='ltr'>doctrina</span> <span class='ocrx_word' id='word_1_491' title='bbox 535 2481 548 2501; x_wconf 88' lang='lat'>,</span> <span class='ocrx_word' id='word_1_492' title='bbox 575 2465 607 2492; x_wconf 89' lang='lat' dir='ltr'>et</span> <span class='ocrx_word' id='word_1_493' title='bbox 621 2459 776 2504; x_wconf 86' lang='lat' dir='ltr'>propriis</span> <span class='ocrx_word' id='word_1_494' title='bbox 794 2459 910 2492; x_wconf 88' lang='lat' dir='ltr'>verbis</span> <span class='ocrx_word' id='word_1_495' title='bbox 927 2459 1042 2492; x_wconf 89' lang='lat' dir='ltr'>utitur</span> <span class='ocrx_word' id='word_1_496' title='bbox 1063 2459 1101 2491; x_wconf 88' lang='lat' dir='ltr'>in</span> 
     </span>
     <span class='ocr_line' id='line_1_78' title="bbox 118 2509 1099 2556; baseline -0.003 -11"><span class='ocrx_word' id='word_1_497' title='bbox 118 2514 273 2556; x_wconf 87' lang='lat' dir='ltr'>ipsarum</span> <span class='ocrx_word' id='word_1_498' title='bbox 291 2510 500 2555; x_wconf 86' lang='lat' dir='ltr'>qualitatum</span> <span class='ocrx_word' id='word_1_499' title='bbox 518 2515 550 2542; x_wconf 89' lang='lat' dir='ltr'>et</span> <span class='ocrx_word' id='word_1_500' title='bbox 562 2509 739 2542; x_wconf 89' lang='lat' dir='ltr'>actionum</span> <span class='ocrx_word' id='word_1_501' title='bbox 755 2509 1003 2553; x_wconf 87' lang='lat' dir='ltr'>descriptione,</span> <span class='ocrx_word' id='word_1_502' title='bbox 1027 2521 1099 2542; x_wconf 89' lang='lat' dir='ltr'>non</span> 
     </span>
     <span class='ocr_line' id='line_1_79' title="bbox 118 2558 1098 2605; baseline -0.004 -9"><span class='ocrx_word' id='word_1_503' title='bbox 118 2563 209 2596; x_wconf 89' lang='lat' dir='ltr'>ludit</span> <span class='ocrx_word' id='word_1_504' title='bbox 233 2561 431 2604; x_wconf 83' lang='lat' dir='ltr'>allegoriis,</span> <span class='ocrx_word' id='word_1_505' title='bbox 457 2567 496 2593; x_wconf 86' lang='lat' dir='ltr'>ut</span> <span class='ocrx_word' id='word_1_506' title='bbox 513 2559 613 2593; x_wconf 89' lang='lat' dir='ltr'>Plato</span> <span class='ocrx_word' id='word_1_507' title='bbox 636 2559 673 2591; x_wconf 86' lang='lat' dir='ltr'>in</span> <span class='ocrx_word' id='word_1_508' title='bbox 690 2558 856 2601; x_wconf 78' lang='lat' dir='ltr'>Timaeo,</span> <span class='ocrx_word' id='word_1_509' title='bbox 883 2572 968 2605; x_wconf 90' lang='lat' dir='ltr'>quas</span> <span class='ocrx_word' id='word_1_510' title='bbox 993 2571 1098 2593; x_wconf 89' lang='lat' dir='ltr'>nemo</span> 
     </span>
     <span class='ocr_line' id='line_1_80' title="bbox 119 2610 1098 2655; baseline -0.003 -9"><span class='ocrx_word' id='word_1_511' title='bbox 119 2613 300 2655; x_wconf 79' lang='lat' dir='ltr'>intelligit,</span> <span class='ocrx_word' id='word_1_512' title='bbox 324 2613 383 2644; x_wconf 87' lang='lat' dir='ltr'>scd</span> <span class='ocrx_word' id='word_1_513' title='bbox 410 2611 571 2654; x_wconf 76' lang='lat' dir='ltr'>congruit</span> <span class='ocrx_word' id='word_1_514' title='bbox 591 2610 790 2643; x_wconf 79' lang='lat' dir='ltr'>Aristotelis</span> <span class='ocrx_word' id='word_1_515' title='bbox 812 2611 924 2645; x_wconf 88' lang='lat' dir='ltr'>oratio</span> <span class='ocrx_word' id='word_1_516' title='bbox 943 2623 1021 2644; x_wconf 91' lang='lat' dir='ltr'>cum</span> <span class='ocrx_word' id='word_1_517' title='bbox 1041 2622 1098 2643; x_wconf 90' lang='lat' dir='ltr'>re-</span> 
     </span>
     <span class='ocr_line' id='line_1_81' title="bbox 119 2661 1098 2705; baseline 0 -9"><span class='ocrx_word' id='word_1_518' title='bbox 119 2665 194 2699; x_wconf 80' lang='lat' dir='ltr'>bus.</span> <span class='ocrx_word' id='word_1_519' title='bbox 247 2662 347 2696; x_wconf 87' lang='lat' dir='ltr'>Hanc</span> <span class='ocrx_word' id='word_1_520' title='bbox 362 2662 470 2705; x_wconf 78' lang='lat' dir='ltr'>igitur</span> <span class='ocrx_word' id='word_1_521' title='bbox 486 2661 702 2702; x_wconf 88' lang='lat' dir='ltr'>doctrinam,</span> <span class='ocrx_word' id='word_1_522' title='bbox 755 2672 819 2694; x_wconf 86' lang='lat' dir='ltr'>uae</span> <span class='ocrx_word' id='word_1_523' title='bbox 836 2661 935 2705; x_wconf 88' lang='lat' dir='ltr'>quasi</span> <span class='ocrx_word' id='word_1_524' title='bbox 958 2673 1026 2694; x_wconf 80' lang='lat' dir='ltr'>vox</span> <span class='ocrx_word' id='word_1_525' title='bbox 1048 2668 1098 2696; x_wconf 84' lang='lat' dir='ltr'>est</span> 
     </span>
    </p>
   </div>
   <div class='ocr_carea' id='block_1_21' title="bbox 1153 2451 2139 2700">
    <p class='ocr_par' dir='ltr' id='par_1_22' title="bbox 1153 2451 2139 2700">
     <span class='ocr_line' id='line_1_82' title="bbox 1153 2451 2137 2498; baseline -0.006 -6"><span class='ocrx_word' id='word_1_526' title='bbox 1153 2470 1273 2495; x_wconf 85' lang='lat' dir='ltr'>orsum</span> <span class='ocrx_word' id='word_1_527' title='bbox 1291 2468 1374 2489; x_wconf 88' lang='lat' dir='ltr'>vero</span> <span class='ocrx_word' id='word_1_528' title='bbox 1390 2457 1553 2489; x_wconf 88' lang='lat' dir='ltr'>feruntur</span> <span class='ocrx_word' id='word_1_529' title='bbox 1568 2465 1657 2498; x_wconf 90' lang='lat' dir='ltr'>aqua</span> <span class='ocrx_word' id='word_1_530' title='bbox 1682 2459 1713 2485; x_wconf 87' lang='lat' dir='ltr'>et</span> <span class='ocrx_word' id='word_1_531' title='bbox 1741 2460 1843 2486; x_wconf 86' lang='lat' dir='ltr'>terra.</span> <span class='ocrx_word' id='word_1_532' title='bbox 1900 2451 2012 2495; x_wconf 83' lang='lat' dir='ltr'>Igitur</span> <span class='ocrx_word' id='word_1_533' title='bbox 2037 2453 2137 2497; x_wconf 87' lang='lat' dir='ltr'>plura</span> 
     </span>
     <span class='ocr_line' id='line_1_83' title="bbox 1153 2503 2139 2548; baseline -0.007 -5"><span class='ocrx_word' id='word_1_534' title='bbox 1153 2516 1235 2546; x_wconf 88' lang='lat' dir='ltr'>sunt</span> <span class='ocrx_word' id='word_1_535' title='bbox 1251 2515 1284 2542; x_wconf 92' lang='lat' dir='ltr'>et</span> <span class='ocrx_word' id='word_1_536' title='bbox 1302 2508 1438 2541; x_wconf 86' lang='lat' dir='ltr'>diversa</span> <span class='ocrx_word' id='word_1_537' title='bbox 1461 2516 1607 2548; x_wconf 77' lang='lat' dir='ltr'>corpora</span> <span class='ocrx_word' id='word_1_538' title='bbox 1629 2503 1802 2547; x_wconf 88' lang='lat' dir='ltr'>simplicia</span> <span class='ocrx_word' id='word_1_539' title='bbox 1820 2510 1852 2536; x_wconf 91' lang='lat' dir='ltr'>et</span> <span class='ocrx_word' id='word_1_540' title='bbox 1871 2504 1995 2547; x_wconf 84' lang='lat' dir='ltr'>prima.</span> <span class='ocrx_word' id='word_1_541' title='bbox 2051 2503 2139 2537; x_wconf 86' lang='lat' dir='ltr'>Sur-</span> 
     </span>
     <span class='ocr_line' id='line_1_84' title="bbox 1154 2555 2139 2597; baseline -0.007 -4"><span class='ocrx_word' id='word_1_542' title='bbox 1154 2573 1231 2596; x_wconf 82' lang='lat' dir='ltr'>sum</span> <span class='ocrx_word' id='word_1_543' title='bbox 1249 2565 1366 2592; x_wconf 90' lang='lat' dir='ltr'>autem</span> <span class='ocrx_word' id='word_1_544' title='bbox 1383 2558 1545 2589; x_wconf 86' lang='lat' dir='ltr'>feruntur</span> <span class='ocrx_word' id='word_1_545' title='bbox 1560 2566 1621 2587; x_wconf 88' lang='lat' dir='ltr'>sua</span> <span class='ocrx_word' id='word_1_546' title='bbox 1641 2560 1767 2587; x_wconf 87' lang='lat' dir='ltr'>natura</span> <span class='ocrx_word' id='word_1_547' title='bbox 1789 2555 1872 2594; x_wconf 90' lang='lat' dir='ltr'>duo,</span> <span class='ocrx_word' id='word_1_548' title='bbox 1900 2561 1970 2595; x_wconf 73' lang='lat' dir='ltr'>aer,</span> <span class='ocrx_word' id='word_1_549' title='bbox 1998 2562 2030 2588; x_wconf 85' lang='lat' dir='ltr'>et</span> <span class='ocrx_word' id='word_1_550' title='bbox 2047 2555 2139 2597; x_wconf 85' lang='lat' dir='ltr'>ignis</span> 
     </span>
     <span class='ocr_line' id='line_1_85' title="bbox 1153 2605 2138 2651; baseline -0.015 -5"><span class='ocrx_word' id='word_1_551' title='bbox 1153 2611 1297 2647; x_wconf 86' lang='lat' dir='ltr'>evolans</span> <span class='ocrx_word' id='word_1_552' title='bbox 1313 2618 1417 2651; x_wconf 90' lang='lat' dir='ltr'>supra</span> <span class='ocrx_word' id='word_1_553' title='bbox 1434 2608 1547 2639; x_wconf 77' lang='lat' dir='ltr'>aerem</span> <span class='ocrx_word' id='word_1_554' title='bbox 1559 2629 1568 2643; x_wconf 86' lang='lat'>‚</span> <span class='ocrx_word' id='word_1_555' title='bbox 1596 2606 1667 2638; x_wconf 92' lang='lat' dir='ltr'>duo</span> <span class='ocrx_word' id='word_1_556' title='bbox 1685 2605 1849 2639; x_wconf 86' lang='lat' dir='ltr'>deorsum</span> <span class='ocrx_word' id='word_1_557' title='bbox 1861 2629 1870 2644; x_wconf 89' lang='lat'>‚</span> <span class='ocrx_word' id='word_1_558' title='bbox 1898 2617 1986 2650; x_wconf 80' lang='lat' dir='ltr'>aqua</span> <span class='ocrx_word' id='word_1_559' title='bbox 1998 2632 2007 2646; x_wconf 90' lang='lat'>‚</span> <span class='ocrx_word' id='word_1_560' title='bbox 2035 2612 2067 2638; x_wconf 82' lang='lat' dir='ltr'>et</span> <span class='ocrx_word' id='word_1_561' title='bbox 2084 2605 2138 2637; x_wconf 79' lang='lat' dir='ltr'>in-</span> 
     </span>
     <span class='ocr_line' id='line_1_86' title="bbox 1153 2655 2138 2700; baseline -0.011 -3"><span class='ocrx_word' id='word_1_562' title='bbox 1153 2665 1206 2697; x_wconf 82' lang='lat' dir='ltr'>fra</span> <span class='ocrx_word' id='word_1_563' title='bbox 1232 2660 1323 2694; x_wconf 86' lang='lat' dir='ltr'>hanc</span> <span class='ocrx_word' id='word_1_564' title='bbox 1347 2664 1452 2691; x_wconf 78' lang='lat' dir='ltr'>terra.</span> <span class='ocrx_word' id='word_1_565' title='bbox 1510 2655 1581 2689; x_wconf 71' lang='lat' dir='ltr'>vNec</span> <span class='ocrx_word' id='word_1_566' title='bbox 1602 2656 1705 2700; x_wconf 85' lang='lat' dir='ltr'>plura</span> <span class='ocrx_word' id='word_1_567' title='bbox 1730 2663 1811 2690; x_wconf 84' lang='lat' dir='ltr'>sunt</span> <span class='ocrx_word' id='word_1_568' title='bbox 1833 2667 1979 2700; x_wconf 85' lang='lat' dir='ltr'>corpora</span> <span class='ocrx_word' id='word_1_569' title='bbox 2002 2655 2138 2699; x_wconf 86' lang='lat' dir='ltr'>simpli-</span> 
     </span>
    </p>
   </div>
  </div>
 </body>
</html>
