2379 2948
1120 593 1199 633 lv.

472 698 652 739 PHIL.
694 697 853 739 MEL.
897 695 1291 737 ELEMEN'PA
1335 692 1801 737 RHETORICES.

116 937 224 995 Libri
254 964 295 994 (le
333 968 404 994 arte
439 963 617 1001 rhetorica,
656 972 739 1002 quae
770 962 994 992 Melantlionis
1028 963 1153 992 nomine
1184 960 1371 1002 prodierunt
1400 962 1513 1002 triplici
1543 961 1767 1000 inscriptione,
1805 960 1885 990 inter
1909 968 1946 988 se
1978 958 2141 989 differunt.

119 1022 267 1053 Primum
291 1023 375 1052 enim
399 1020 592 1052 Melanthon
616 1021 687 1059 ipse
710 1021 739 1050 in
765 1029 859 1050 usum
884 1021 1017 1050 scholae
1042 1029 1121 1050 suae
1146 1020 1242 1051 edidit
1266 1020 1407 1050 libellum
1431 1021 1475 1050 ita
1498 1018 1705 1057 inscriptum:

204 1079 285 1118 „De
310 1078 471 1110 rhetorica
495 1077 572 1108 libri
594 1080 692 1108 tres.”
734 1078 788 1117 (ln
820 1078 919 1117 finez)
951 1078 1214 1117 „Vuittenburgii
1247 1079 1276 1107 in
1309 1076 1438 1107 officina
1471 1078 1583 1108 loann.
1608 1075 1854 1113 Grnnenbergii.
1904 1074 2016 1104 1519.”
2042 1090 2082 1095 —
2114 1075 2143 1101 4.

203 1140 224 1168 9
248 1138 358 1178 plagg.
383 1155 422 1159 -
467 1136 603 1167 Dicatus
628 1142 680 1166 est
705 1137 783 1166 liber
804 1136 966 1165 Bernardo
991 1136 1114 1166 Mauro.
1161 1135 1236 1165 vid.
1261 1135 1342 1174 Epp.
1368 1134 1441 1165 Vol.
1467 1136 1490 1164 1.
1515 1144 1543 1173 p.
1569 1133 1620 1163 (32.

119 1212 274 1242 Recusus
299 1217 352 1241 est
376 1211 429 1240 hic
453 1210 532 1239 liber
554 1207 660 1239 eodem
685 1208 775 1239 modo
798 1208 992 1248 inscriptus,
1014 1209 1165 1239 Basileae
1188 1208 1272 1248 apud
1288 1209 1334 1238 Io.
1352 1207 1563 1242 Frobcnium,
1588 1215 1699 1235 mense
1725 1205 1811 1235 Maio
1836 1206 1880 1235 M.
1893 1205 2030 1235 D.x1x.
2054 1206 2082 1233 4.
2104 1221 2143 1226 —

118 1269 251 1308 Lipsiae
275 1278 317 1299 ex
340 1268 473 1298 officina
496 1267 658 1297 Valentini
675 1267 875 1298 Schumanni
904 1266 994 1296 1521.
1019 1268 1046 1296 4.
1071 1284 1111 1288 —
1160 1266 1317 1296 Coloniae
1341 1265 1424 1305 apud
1442 1265 1575 1295 Hieron.
1593 1263 1784 1303 Alopccium
1812 1263 1903 1293 1521.
1928 1263 1949 1292 8
1965 1262 2076 1301 plagg.
2104 1278 2143 1283 --

117 1327 253 1358 Parisiis
277 1336 319 1356 ex
343 1325 430 1356 offic.
455 1324 589 1355 Roberti
614 1325 771 1364 Stephani
797 1324 889 1354 1527.
914 1324 946 1353 S.
965 1329 997 1353 et
1021 1324 1093 1354 ibid.
1120 1324 1212 1355 1529.

185 1399 332 1430 Secundo
356 1400 426 1429 loco
452 1397 567 1438 prodiit
590 1397 717 1427 libellus
741 1397 782 1427 de
803 1403 872 1427 arte
897 1397 1057 1427 rhetorica
1082 1407 1110 1427 a.
1139 1397 1231 1427 1521.
1255 1397 1305 1427 sic
1329 1397 1520 1436 inscriptus:

245 1456 492 1494 „Institutiones
508 1453 702 1485 Rhetoricae
728 1451 810 1485 Phil.
834 1455 973 1485 Meian3'
1019 1455 1200 1495 Hagenoae
1224 1455 1253 1484 in
1278 1454 1412 1485 aedibus
1437 1454 1584 1483 'rhomae
1601 1453 1773 1483 Anslielmi
1792 1452 1961 1490 Badensis,
1983 1460 2033 1483 an.
2053 1450 2145 1481 1521.

243 1516 264 1544 5
287 1515 396 1554 plagg.
442 1515 471 1543 4.

117 1589 180 1619 Hic
210 1588 290 1620 liber
320 1587 446 1617 dicatus
470 1592 522 1617 est
545 1587 655 1616 Ioanni
681 1587 855 1626 Agricolae
881 1587 963 1625 (vid.
989 1585 1127 1616 dedicat.
1154 1586 1226 1617 Vol.
1247 1587 1270 1616 1.
1296 1597 1326 1625 p.
1344 1585 1456 1625 452),
1487 1594 1593 1623 neque
1623 1594 1641 1614 a
1665 1584 1875 1614 Melantlione
1900 1584 1992 1623 ipso,
2023 1581 2081 1612 sed
2106 1582 2144 1611 ab

117 1647 219 1677 amico
243 1647 331 1684 eius,
362 1645 525 1676 nescimus
550 1654 630 1683 qu0‚
659 1645 768 1675 editus
789 1652 849 1676 est.
897 1645 1015 1676 Scribit
1039 1645 1122 1673 enim
1150 1644 1227 1674 Mel.
1253 1644 1292 1674 ad
1318 1643 1523 1682 Agricolam:

248 1711 531 1750 „Qualescunque
555 1715 630 1740 sunt
654 1710 716 1740 liae
738 1710 981 1748 praeceptiones
1004 1709 1205 1748 rhetoricae,
1230 1720 1311 1750 quas
1336 1710 1540 1748 dictavimus,
1567 1719 1627 1739 non
1653 1710 1853 1749 scripsimus,
1877 1714 1952 1747 opto
1977 1713 2012 1737 ut
2035 1707 2146 1736 lectori

230 1769 406 1807 „prosinh
454 1768 539 1798 Nam
563 1767 647 1807 quod
671 1768 711 1798 ad
737 1777 787 1797 me
810 1769 943 1805 attinet,
973 1768 1129 1798 malebam
1155 1769 1292 1807 periisse
1317 1769 1378 1798 lioc
1402 1767 1476 1797 milii
1502 1768 1636 1803 laboris,
1661 1775 1754 1805 quam
1780 1766 1904 1804 vulgari
1929 1765 2037 1794 multis
2062 1763 2146 1803 qnod
2184 1773 2195 1777 r

248 1826 442 1865 „exciderat
473 1831 594 1856 tantum
626 1826 832 1856 tumultuaria
861 1834 958 1864 opera
982 1825 1129 1863 docenti,
1162 1827 1189 1856 si
1214 1836 1270 1865 per
1293 1827 1433 1861 amicos,
1464 1829 1499 1853 nt
1523 1824 1607 1861 scis,
1638 1824 1792 1854 licuisset.
1838 1824 1937 1853 Porro
1962 1831 2080 1861 magna
2104 1830 2146 1850 ex

247 1890 365 1923 „parte
390 1892 443 1913 res
469 1883 628 1913 rhetorica
651 1884 760 1923 purius
785 1883 1050 1922 emendatiusque
1076 1889 1209 1914 tractata
1235 1889 1305 1920 est,
1337 1892 1431 1922 quam
1456 1882 1484 1910 in
1512 1881 1669 1919 prioribus
1694 1881 1776 1910 meis
1801 1880 1952 1910 libellis.’'

119 1958 311 1997 Intelligitur
341 1958 467 1997 itaque,
507 1957 590 1988 haec
621 1967 704 1997 qnae
735 1958 785 1987 hic
818 1957 903 1986 edita
928 1963 1020 1995 sunt,
1050 1957 1170 1987 dictata
1194 1967 1270 1987 esse
1295 1967 1313 1987 a
1337 1955 1548 1987 Melanthone
1573 1956 1601 1984 in
1627 1956 1758 1992 schola,
1790 1960 1823 1984 et
1847 1955 1885 1984 ab
1910 1954 2039 1990 amicis,
2064 1962 2146 1991 pro-

120 2017 215 2047 bante
240 2016 451 2047 Melantlione
477 2015 573 2046 edita.
627 2015 715 2045 Idem
743 2016 887 2053 libellus,
918 2014 1026 2045 eodem
1051 2014 1141 2045 modo
1166 2014 1359 2054 inscriptus,
1389 2013 1520 2053 prodiit:
1551 2014 1708 2043 Coloniae
1732 2012 1815 2052 apud
1842 2012 1931 2043 Hier.
1956 2011 2147 2050 Alopecium

121 2074 214 2104 1521.
239 2076 268 2104 4.
292 2075 311 2103 4
336 2075 446 2113 plagg.
471 2091 510 2096 --
542 2074 676 2103 Parisiis
700 2073 785 2114 apud
811 2073 976 2103 Simonem
1000 2073 1213 2109 Colinaeum,
1235 2083 1320 2103 anno
1342 2073 1386 2102 M.
1399 2072 1568 2102 D.xxnl.
1594 2073 1615 2101 S
1649 2089 1689 2094 —-
1723 2071 1929 2110 Argentorati
1954 2079 1981 2100 a.
2000 2068 2144 2098 1524.—

120 2133 239 2162 Iterum
270 2133 362 2162 simul
395 2142 467 2162 cum
499 2130 686 2162 dialectica:
718 2132 946 2170 „Dialectices
977 2131 1035 2161 Ph.
1062 2131 1139 2161 Mel.
1171 2131 1239 2160 libri
1273 2133 1426 2170 quatuor,
1450 2148 1490 2152 ψ
1529 2131 1610 2160 Item
1642 2128 1787 2159 eiusdem
1812 2127 1986 2158 rhetorices
2007 2134 2145 2164 praece-

118 2188 306 2230 ple'nnculae
330 2190 483 2220 doctiss.''
526 2191 708 2230 Hagenoae
732 2199 782 2230 ap.
808 2191 850 2219 Io.
874 2191 1056 2220 Seeerium.
1091 2189 1182 2219 1521.
1227 2191 1254 2219 S

207 2256 330 2285 Postea
353 2257 541 2287 Melantlion
568 2263 669 2287 totum
694 2263 920 2297 argumentum
946 2257 1137 2295 recognovit
1161 2261 1193 2285 et
1217 2254 1350 2285 tertiam
1375 2255 1546 2285 editionem
1574 2253 1750 2283 rhetorices
1775 2253 1914 2291 paravit,
1951 2259 2045 2290 qnam
2071 2249 2146 2279 filiis

120 2314 202 2345 Guil.
228 2313 464 2344 Reiffensteinii
488 2315 605 2345 dicavit
629 2315 711 2354 (vid.
733 2315 837 2355 Epist.
860 2314 933 2345 Vol.
951 2315 989 2344 11.
1015 2325 1044 2354 p.
1062 2314 1174 2354 542),
1200 2320 1232 2344 et
1255 2315 1301 2344 sic
1326 2314 1506 2353 inscripsit:

206 2396 225 2411 „
237 2372 319 2401 Phil.
346 2371 423 2400 Mel.
449 2370 688 2403 Elementorum
710 2371 888 2404 rhetorices
911 2372 988 2403 libra·
1013 2371 1057 2402 ΙΙ.
1105 2372 1228 2402 Witeb.
1252 2382 1304 2411 ap.
1331 2372 1450 2411 Geor-g.
1477 2371 1593 2401 Rliaw.
1618 2380 1666 2399 an.
1695 2368 1806 2398 1531.”
1852 2368 1880 2397 S.
1929 2366 1968 2396 12
1991 2367 2032 2405 ple

122 2437 275 2469 Recusus
305 2442 358 2467 est
389 2437 441 2467 hic
472 2437 568 2474 liber,
605 2448 698 2477 quem
728 2445 844 2478 postea
875 2439 1066 2470 Melantlion
1099 2450 1160 2469 non
1192 2440 1342 2477 mutavit,
1380 2439 1487 2468 eodem
1520 2437 1608 2467 modo
1640 2435 1829 2474 inscriptus:
1874 2434 2025 2472 Parisiis,
2061 2434 2145 2474 apud

123 2497 288 2527 Simonem
320 2494 510 2526 Colinaeum
541 2495 633 2526 1532.
666 2498 695 2526 S.
728 2514 769 2519 —
821 2498 900 2529 lbid.
932 2508 974 2528 ex
1005 2497 1134 2528 officina
1166 2498 1322 2537 Stephani
1357 2497 1447 2527 1534.
1473 2513 1512 2517 -—
1558 2495 1773 2532 witebergae
1799 2492 1891 2523 1536.
1938 2493 2146 2532 Argentorati

127 2555 219 2585 1542.
243 2560 275 2584 et
297 2555 439 2594 saepius.
463 2571 502 2575 ——
547 2554 653 2584 Etiam
676 2555 704 2583 in
729 2557 880 2594 operibns
904 2556 1125 2587 Melanthonis
1149 2556 1394 2586 Basileensibns
1418 2555 1509 2583 Toni.
1526 2553 1565 2582 V.
1592 2562 1622 2591 p.
1639 2551 1712 2581 237.

209 2620 315 2658 Quum
340 2621 531 2651 Melantlion
556 2621 668 2650 librum
693 2619 797 2650 denuo
823 2622 1046 2653 excudendum
1071 2632 1098 2652 a.
1125 2622 1216 2652 1542.
1241 2624 1507 2660 recognosceret,
1546 2627 1618 2648 cum
1643 2618 1732 2647 anxit
1755 2616 1982 2647 additamentis
2006 2616 2142 2656 quibus-

125 2677 213 2715 dam,
250 2679 399 2709 videlicet
428 2678 548 2710 addidit
578 2680 608 2710 in
639 2678 719 2709 fine:
757 2679 795 2718 1)
825 2680 1023 2718 „epistolam
1053 2681 1202 2711 Senecae
1235 2678 1274 2708 de
1305 2678 1427 2707 ratione
1458 2681 1490 2706 et
1521 2675 1629 2705 ordine
1658 2675 1775 2714 studii3
1814 2675 1853 2714 2)
1877 2675 1969 2705 aliam
1996 2674 2147 2704 Senecae
