<?xml version="1.0" encoding="UTF-8"?>
<!DOCTYPE html PUBLIC "-//W3C//DTD XHTML 1.0 Transitional//EN"
    "http://www.w3.org/TR/xhtml1/DTD/xhtml1-transitional.dtd">
<html xmlns="http://www.w3.org/1999/xhtml" xml:lang="en" lang="en">
 <head>
  <title>
</title>
<meta http-equiv="Content-Type" content="text/html;charset=utf-8" />
  <meta name='ocr-system' content='tesseract 3.04.00' />
  <meta name='ocr-capabilities' content='ocr_page ocr_carea ocr_par ocr_line ocrx_word'/>
</head>
<body>
  <div class='ocr_page' id='page_1' title='image "./operaquaesupersu13melauoft_0422.png"; bbox 0 0 2379 2948; ppageno 0'>
   <div class='ocr_carea' id='block_1_1' title="bbox 178 129 250 167">
    <p class='ocr_par' dir='ltr' id='par_1_1' title="bbox 178 129 250 167">
     <span class='ocr_line' id='line_1_1' title="bbox 178 129 250 167; baseline -0.069 0"><span class='ocrx_word' id='word_1_1' title='bbox 178 129 250 167; x_wconf 88' lang='grc'>819</span> 
     </span>
    </p>
   </div>
   <div class='ocr_carea' id='block_1_2' title="bbox 181 207 1195 1523">
    <p class='ocr_par' dir='ltr' id='par_1_2' title="bbox 181 207 1194 602">
     <span class='ocr_line' id='line_1_2' title="bbox 182 207 1163 260; baseline -0.008 -11"><span class='ocrx_word' id='word_1_2' title='bbox 182 223 213 249; x_wconf 83' lang='lat' dir='ltr'>et</span> <span class='ocrx_word' id='word_1_3' title='bbox 235 215 466 260; x_wconf 87' lang='lat' dir='ltr'>opponendae</span> <span class='ocrx_word' id='word_1_4' title='bbox 490 219 571 246; x_wconf 89' lang='lat' dir='ltr'>sunt</span> <span class='ocrx_word' id='word_1_5' title='bbox 595 210 865 244; x_wconf 80' lang='lat' dir='ltr'>consolationes.</span> <span class='ocrx_word' id='word_1_6' title='bbox 931 207 1021 243; x_wconf 90' lang='lat' dir='ltr'>Cum</span> <span class='ocrx_word' id='word_1_7' title='bbox 1047 215 1163 242; x_wconf 88' lang='lat' dir='ltr'>autem</span> 
     </span>
     <span class='ocr_line' id='line_1_3' title="bbox 182 259 1191 300; baseline -0.008 -1"><span class='ocrx_word' id='word_1_8' title='bbox 182 267 295 300; x_wconf 89' lang='lat' dir='ltr'>omnis</span> <span class='ocrx_word' id='word_1_9' title='bbox 317 264 508 298; x_wconf 87' lang='lat' dir='ltr'>consolatio</span> <span class='ocrx_word' id='word_1_10' title='bbox 526 263 705 295; x_wconf 89' lang='lat' dir='ltr'>intueatur</span> <span class='ocrx_word' id='word_1_11' title='bbox 722 261 898 294; x_wconf 89' lang='lat' dir='ltr'>obiectum</span> <span class='ocrx_word' id='word_1_12' title='bbox 917 261 1069 300; x_wconf 88' lang='lat' dir='ltr'>bonum,</span> <span class='ocrx_word' id='word_1_13' title='bbox 1097 259 1165 292; x_wconf 88' lang='lat' dir='ltr'>tria</span> <span class='ocrx_word' id='word_1_14' title='bbox 1189 280 1191 297; x_wconf 37' lang='lat' dir='ltr'>g</span> 
     </span>
     <span class='ocr_line' id='line_1_4' title="bbox 181 310 1164 357; baseline -0.008 -7"><span class='ocrx_word' id='word_1_15' title='bbox 181 315 238 350; x_wconf 79' lang='lat' dir='ltr'>liic</span> <span class='ocrx_word' id='word_1_16' title='bbox 271 317 361 349; x_wconf 89' lang='lat' dir='ltr'>bona</span> <span class='ocrx_word' id='word_1_17' title='bbox 390 320 632 353; x_wconf 89' lang='lat' dir='ltr'>recensentur,</span> <span class='ocrx_word' id='word_1_18' title='bbox 665 324 815 357; x_wconf 86' lang='lat' dir='ltr'>quorum</span> <span class='ocrx_word' id='word_1_19' title='bbox 843 311 1076 345; x_wconf 76' lang='lat' dir='ltr'>consideratio</span> <span class='ocrx_word' id='word_1_20' title='bbox 1102 310 1164 343; x_wconf 89' lang='lat' dir='ltr'>tri-</span> 
     </span>
     <span class='ocr_line' id='line_1_5' title="bbox 181 360 1166 412; baseline -0.007 -12"><span class='ocrx_word' id='word_1_21' title='bbox 181 368 307 412; x_wconf 90' lang='lat' dir='ltr'>plicem</span> <span class='ocrx_word' id='word_1_22' title='bbox 324 364 598 398; x_wconf 78' lang='lat' dir='ltr'>consolationem</span> <span class='ocrx_word' id='word_1_23' title='bbox 617 363 726 407; x_wconf 88' lang='lat' dir='ltr'>parit,</span> <span class='ocrx_word' id='word_1_24' title='bbox 753 363 908 407; x_wconf 91' lang='lat' dir='ltr'>primum</span> <span class='ocrx_word' id='word_1_25' title='bbox 926 362 962 394; x_wconf 90' lang='lat' dir='ltr'>in</span> <span class='ocrx_word' id='word_1_26' title='bbox 979 360 1166 405; x_wconf 80' lang='lat' dir='ltr'>conspectu</span> 
     </span>
     <span class='ocr_line' id='line_1_6' title="bbox 183 413 1167 460; baseline -0.008 -10"><span class='ocrx_word' id='word_1_27' title='bbox 183 424 254 450; x_wconf 90' lang='lat' dir='ltr'>erat</span> <span class='ocrx_word' id='word_1_28' title='bbox 279 415 346 449; x_wconf 88' lang='lat' dir='ltr'>hoc</span> <span class='ocrx_word' id='word_1_29' title='bbox 370 417 523 455; x_wconf 87' lang='lat' dir='ltr'>bonum,</span> <span class='ocrx_word' id='word_1_30' title='bbox 549 415 642 460; x_wconf 92' lang='lat' dir='ltr'>quod</span> <span class='ocrx_word' id='word_1_31' title='bbox 669 414 810 447; x_wconf 85' lang='lat' dir='ltr'>videbat</span> <span class='ocrx_word' id='word_1_32' title='bbox 836 413 1000 446; x_wconf 79' lang='lat' dir='ltr'>Ieremias</span> <span class='ocrx_word' id='word_1_33' title='bbox 1022 424 1094 445; x_wconf 92' lang='lat' dir='ltr'>non</span> <span class='ocrx_word' id='word_1_34' title='bbox 1113 417 1167 443; x_wconf 86' lang='lat' dir='ltr'>to-</span> 
     </span>
     <span class='ocr_line' id='line_1_7' title="bbox 182 462 1193 510; baseline -0.006 -10"><span class='ocrx_word' id='word_1_35' title='bbox 182 476 250 501; x_wconf 87' lang='lat' dir='ltr'>tam</span> <span class='ocrx_word' id='word_1_36' title='bbox 275 474 411 510; x_wconf 81' lang='lat' dir='ltr'>gentem</span> <span class='ocrx_word' id='word_1_37' title='bbox 437 465 567 506; x_wconf 90' lang='lat' dir='ltr'>deleri,</span> <span class='ocrx_word' id='word_1_38' title='bbox 593 466 650 497; x_wconf 92' lang='lat' dir='ltr'>sed</span> <span class='ocrx_word' id='word_1_39' title='bbox 679 465 811 498; x_wconf 87' lang='lat' dir='ltr'>servari</span> <span class='ocrx_word' id='word_1_40' title='bbox 836 465 958 497; x_wconf 88' lang='lat' dir='ltr'>ssorem</span> <span class='ocrx_word' id='word_1_41' title='bbox 981 462 1168 502; x_wconf 77' lang='lat' dir='ltr'>Ecclesiae,</span> <span class='ocrx_word' id='word_1_42' title='bbox 1191 473 1193 506; x_wconf 35' lang='grc' dir='ltr'><em>ἆ</em></span> 
     </span>
     <span class='ocr_line' id='line_1_8' title="bbox 182 513 1194 561; baseline -0.006 -11"><span class='ocrx_word' id='word_1_43' title='bbox 182 530 314 561; x_wconf 84' lang='lat' dir='ltr'>regem,</span> <span class='ocrx_word' id='word_1_44' title='bbox 341 528 517 550; x_wconf 89' lang='lat' dir='ltr'>summum</span> <span class='ocrx_word' id='word_1_45' title='bbox 538 517 751 549; x_wconf 81' lang='lat' dir='ltr'>sacerdotem</span> <span class='ocrx_word' id='word_1_46' title='bbox 770 515 977 553; x_wconf 83' lang='lat' dir='ltr'>Danielem,</span> <span class='ocrx_word' id='word_1_47' title='bbox 1006 521 1038 547; x_wconf 86' lang='lat' dir='ltr'>et</span> <span class='ocrx_word' id='word_1_48' title='bbox 1057 513 1166 545; x_wconf 87' lang='lat' dir='ltr'>multa</span> <span class='ocrx_word' id='word_1_49' title='bbox 1191 531 1194 559; x_wconf 52' lang='lat'>1</span> 
     </span>
     <span class='ocr_line' id='line_1_9' title="bbox 182 568 454 602; baseline 0.004 -1"><span class='ocrx_word' id='word_1_50' title='bbox 182 569 293 601; x_wconf 86' lang='lat' dir='ltr'>millia</span> <span class='ocrx_word' id='word_1_51' title='bbox 313 568 454 602; x_wconf 86' lang='lat' dir='ltr'>civium.</span> 
     </span>
    </p>

    <p class='ocr_par' dir='ltr' id='par_1_3' title="bbox 183 616 1195 1422">
     <span class='ocr_line' id='line_1_10' title="bbox 285 616 1168 662; baseline -0.007 -10"><span class='ocrx_word' id='word_1_52' title='bbox 285 618 403 652; x_wconf 85' lang='lat' dir='ltr'>Prima</span> <span class='ocrx_word' id='word_1_53' title='bbox 421 618 529 662; x_wconf 84' lang='lat' dir='ltr'>igitur</span> <span class='ocrx_word' id='word_1_54' title='bbox 543 617 736 651; x_wconf 88' lang='lat' dir='ltr'>consolatio</span> <span class='ocrx_word' id='word_1_55' title='bbox 755 624 803 650; x_wconf 84' lang='lat' dir='ltr'>est</span> <span class='ocrx_word' id='word_1_56' title='bbox 822 629 861 650; x_wconf 82' lang='lat' dir='ltr'>ex</span> <span class='ocrx_word' id='word_1_57' title='bbox 879 617 953 659; x_wconf 89' lang='lat' dir='ltr'>ipso</span> <span class='ocrx_word' id='word_1_58' title='bbox 968 616 1057 649; x_wconf 87' lang='lat' dir='ltr'>sacto</span> <span class='ocrx_word' id='word_1_59' title='bbox 1073 626 1168 647; x_wconf 86' lang='lat' dir='ltr'>sum-</span> 
     </span>
     <span class='ocr_line' id='line_1_11' title="bbox 183 666 1169 712; baseline -0.005 -10"><span class='ocrx_word' id='word_1_60' title='bbox 183 677 227 703; x_wconf 87' lang='lat' dir='ltr'>ta.</span> <span class='ocrx_word' id='word_1_61' title='bbox 261 668 350 702; x_wconf 90' lang='lat' dir='ltr'>Cum</span> <span class='ocrx_word' id='word_1_62' title='bbox 367 668 460 702; x_wconf 90' lang='lat' dir='ltr'>Deus</span> <span class='ocrx_word' id='word_1_63' title='bbox 479 669 626 702; x_wconf 78' lang='lat' dir='ltr'>servarit</span> <span class='ocrx_word' id='word_1_64' title='bbox 643 669 765 702; x_wconf 82' lang='lat' dir='ltr'>florem</span> <span class='ocrx_word' id='word_1_65' title='bbox 782 668 923 712; x_wconf 90' lang='lat' dir='ltr'>populi,</span> <span class='ocrx_word' id='word_1_66' title='bbox 951 679 1023 699; x_wconf 89' lang='lat' dir='ltr'>non</span> <span class='ocrx_word' id='word_1_67' title='bbox 1040 666 1169 706; x_wconf 82' lang='lat' dir='ltr'>doleas,</span> 
     </span>
     <span class='ocr_line' id='line_1_12' title="bbox 184 716 1167 764; baseline -0.005 -11"><span class='ocrx_word' id='word_1_68' title='bbox 184 720 283 764; x_wconf 89' lang='lat' dir='ltr'>quasi</span> <span class='ocrx_word' id='word_1_69' title='bbox 308 720 467 753; x_wconf 85' lang='lat' dir='ltr'>funditus</span> <span class='ocrx_word' id='word_1_70' title='bbox 492 719 635 763; x_wconf 88' lang='lat' dir='ltr'>perierit</span> <span class='ocrx_word' id='word_1_71' title='bbox 650 718 825 757; x_wconf 86' lang='lat' dir='ltr'>Ecclesia,</span> <span class='ocrx_word' id='word_1_72' title='bbox 853 724 1037 762; x_wconf 89' lang='lat' dir='ltr'>propterea</span> <span class='ocrx_word' id='word_1_73' title='bbox 1063 716 1167 749; x_wconf 86' lang='lat' dir='ltr'>dicit:</span> 
     </span>
     <span class='ocr_line' id='line_1_13' title="bbox 184 767 1168 814; baseline -0.005 -10"><span class='ocrx_word' id='word_1_74' title='bbox 184 770 450 804; x_wconf 84' lang='lat' dir='ltr'>Misericordiae</span> <span class='ocrx_word' id='word_1_75' title='bbox 474 769 639 810; x_wconf 91' lang='lat' dir='ltr'>Domini,</span> <span class='ocrx_word' id='word_1_76' title='bbox 675 770 768 814; x_wconf 91' lang='lat' dir='ltr'>quod</span> <span class='ocrx_word' id='word_1_77' title='bbox 803 781 875 801; x_wconf 89' lang='lat' dir='ltr'>non</span> <span class='ocrx_word' id='word_1_78' title='bbox 905 767 1079 801; x_wconf 74' lang='lat' dir='ltr'>consumti</span> <span class='ocrx_word' id='word_1_79' title='bbox 1111 779 1168 800; x_wconf 92' lang='lat' dir='ltr'>su-</span> 
     </span>
     <span class='ocr_line' id='line_1_14' title="bbox 183 819 1169 864; baseline -0.003 -11"><span class='ocrx_word' id='word_1_80' title='bbox 183 833 270 855; x_wconf 85' lang='lat' dir='ltr'>mus.</span> <span class='ocrx_word' id='word_1_81' title='bbox 325 821 451 864; x_wconf 84' lang='lat' dir='ltr'>lugens</span> <span class='ocrx_word' id='word_1_82' title='bbox 469 819 534 854; x_wconf 80' lang='lat' dir='ltr'>Dei</span> <span class='ocrx_word' id='word_1_83' title='bbox 555 820 765 853; x_wconf 81' lang='lat' dir='ltr'>beneficium</span> <span class='ocrx_word' id='word_1_84' title='bbox 787 827 854 860; x_wconf 86' lang='lat' dir='ltr'>est,</span> <span class='ocrx_word' id='word_1_85' title='bbox 881 820 974 864; x_wconf 90' lang='lat' dir='ltr'>quod</span> <span class='ocrx_word' id='word_1_86' title='bbox 994 819 1169 851; x_wconf 78' lang='lat' dir='ltr'>non&#39;fun-</span> 
     </span>
     <span class='ocr_line' id='line_1_15' title="bbox 184 869 1194 911; baseline -0.002 -8"><span class='ocrx_word' id='word_1_87' title='bbox 184 872 277 905; x_wconf 86' lang='lat' dir='ltr'>ditus</span> <span class='ocrx_word' id='word_1_88' title='bbox 297 872 400 904; x_wconf 90' lang='lat' dir='ltr'>deleti</span> <span class='ocrx_word' id='word_1_89' title='bbox 418 883 546 904; x_wconf 87' lang='lat' dir='ltr'>sumus.</span> <span class='ocrx_word' id='word_1_90' title='bbox 601 870 663 911; x_wconf 87' lang='lat' dir='ltr'>Ut,</span> <span class='ocrx_word' id='word_1_91' title='bbox 691 883 769 904; x_wconf 88' lang='lat' dir='ltr'>cum</span> <span class='ocrx_word' id='word_1_92' title='bbox 787 869 902 904; x_wconf 89' lang='lat' dir='ltr'>Adam</span> <span class='ocrx_word' id='word_1_93' title='bbox 922 882 959 902; x_wconf 93' lang='lat' dir='ltr'>ac</span> <span class='ocrx_word' id='word_1_94' title='bbox 975 869 1072 902; x_wconf 83' lang='lat' dir='ltr'>Heva</span> <span class='ocrx_word' id='word_1_95' title='bbox 1095 881 1168 901; x_wconf 89' lang='lat' dir='ltr'>me-</span> <span class='ocrx_word' id='word_1_96' title='bbox 1193 885 1194 893; x_wconf 31' lang='grc' dir='ltr'><strong>κ</strong></span> 
     </span>
     <span class='ocr_line' id='line_1_16' title="bbox 183 920 1194 962; baseline -0.002 -8"><span class='ocrx_word' id='word_1_97' title='bbox 183 923 335 955; x_wconf 81' lang='lat' dir='ltr'>ruissent</span> <span class='ocrx_word' id='word_1_98' title='bbox 358 928 537 955; x_wconf 87' lang='lat' dir='ltr'>aeternum</span> <span class='ocrx_word' id='word_1_99' title='bbox 554 921 719 962; x_wconf 83' lang='lat' dir='ltr'>exitium,</span> <span class='ocrx_word' id='word_1_100' title='bbox 746 928 860 954; x_wconf 90' lang='lat' dir='ltr'>tamen</span> <span class='ocrx_word' id='word_1_101' title='bbox 880 921 1048 953; x_wconf 88' lang='lat' dir='ltr'>immensa</span> <span class='ocrx_word' id='word_1_102' title='bbox 1066 920 1167 952; x_wconf 86' lang='lat' dir='ltr'>mise-</span> <span class='ocrx_word' id='word_1_103' title='bbox 1193 941 1194 946; x_wconf 62' lang='lat'>,</span> 
     </span>
     <span class='ocr_line' id='line_1_17' title="bbox 183 971 1195 1015; baseline -0.004 -10"><span class='ocrx_word' id='word_1_104' title='bbox 183 973 334 1005; x_wconf 87' lang='lat' dir='ltr'>ricordia</span> <span class='ocrx_word' id='word_1_105' title='bbox 358 971 422 1005; x_wconf 86' lang='lat' dir='ltr'>Dei</span> <span class='ocrx_word' id='word_1_106' title='bbox 449 971 597 1005; x_wconf 72' lang='lat' dir='ltr'>restituti</span> <span class='ocrx_word' id='word_1_107' title='bbox 623 979 724 1013; x_wconf 91' lang='lat' dir='ltr'>sunt,</span> <span class='ocrx_word' id='word_1_108' title='bbox 749 971 813 1015; x_wconf 88' lang='lat' dir='ltr'>ita,</span> <span class='ocrx_word' id='word_1_109' title='bbox 843 983 922 1004; x_wconf 90' lang='lat' dir='ltr'>cum</span> <span class='ocrx_word' id='word_1_110' title='bbox 945 978 1064 1005; x_wconf 88' lang='lat' dir='ltr'>nostra</span> <span class='ocrx_word' id='word_1_111' title='bbox 1089 982 1168 1014; x_wconf 87' lang='lat' dir='ltr'>pec-</span> <span class='ocrx_word' id='word_1_112' title='bbox 1193 974 1195 1001; x_wconf 68' lang='lat'>1&#39;</span> 
     </span>
     <span class='ocr_line' id='line_1_18' title="bbox 184 1021 1167 1067; baseline -0.003 -11"><span class='ocrx_word' id='word_1_113' title='bbox 184 1030 258 1057; x_wconf 84' lang='lat' dir='ltr'>cata</span> <span class='ocrx_word' id='word_1_114' title='bbox 290 1023 499 1056; x_wconf 84' lang='lat' dir='ltr'>meruissent</span> <span class='ocrx_word' id='word_1_115' title='bbox 530 1022 702 1056; x_wconf 81' lang='lat' dir='ltr'>tristiores</span> <span class='ocrx_word' id='word_1_116' title='bbox 734 1033 882 1067; x_wconf 77' lang='lat' dir='ltr'>poena5‚</span> <span class='ocrx_word' id='word_1_117' title='bbox 918 1029 1034 1055; x_wconf 89' lang='lat' dir='ltr'>tamen</span> <span class='ocrx_word' id='word_1_118' title='bbox 1061 1021 1167 1059; x_wconf 90' lang='lat' dir='ltr'>Deus,</span> 
     </span>
     <span class='ocr_line' id='line_1_19' title="bbox 184 1072 1168 1117; baseline -0.003 -10"><span class='ocrx_word' id='word_1_119' title='bbox 184 1086 228 1107; x_wconf 92' lang='lat' dir='ltr'>ne</span> <span class='ocrx_word' id='word_1_120' title='bbox 259 1085 367 1117; x_wconf 83' lang='lat' dir='ltr'>genus</span> <span class='ocrx_word' id='word_1_121' title='bbox 397 1072 592 1107; x_wconf 88' lang='lat' dir='ltr'>humanum</span> <span class='ocrx_word' id='word_1_122' title='bbox 626 1074 754 1108; x_wconf 86' lang='lat' dir='ltr'>frustra</span> <span class='ocrx_word' id='word_1_123' title='bbox 781 1073 964 1107; x_wconf 88' lang='lat' dir='ltr'>conditum</span> <span class='ocrx_word' id='word_1_124' title='bbox 989 1073 1050 1114; x_wconf 92' lang='lat' dir='ltr'>sit,</span> <span class='ocrx_word' id='word_1_125' title='bbox 1085 1072 1168 1104; x_wconf 87' lang='lat' dir='ltr'>reli-</span> 
     </span>
     <span class='ocr_line' id='line_1_20' title="bbox 184 1124 1194 1169; baseline -0.003 -11"><span class='ocrx_word' id='word_1_126' title='bbox 184 1125 283 1169; x_wconf 87' lang='lat' dir='ltr'>quias</span> <span class='ocrx_word' id='word_1_127' title='bbox 301 1124 477 1158; x_wconf 87' lang='lat' dir='ltr'>Ecclesiae</span> <span class='ocrx_word' id='word_1_128' title='bbox 502 1125 570 1157; x_wconf 91' lang='lat' dir='ltr'>sibi</span> <span class='ocrx_word' id='word_1_129' title='bbox 595 1124 688 1158; x_wconf 91' lang='lat' dir='ltr'>inter</span> <span class='ocrx_word' id='word_1_130' title='bbox 710 1136 774 1157; x_wconf 92' lang='lat' dir='ltr'>nos</span> <span class='ocrx_word' id='word_1_131' title='bbox 799 1124 968 1162; x_wconf 81' lang='lat' dir='ltr'>servavit,</span> <span class='ocrx_word' id='word_1_132' title='bbox 997 1125 1068 1156; x_wconf 89' lang='lat' dir='ltr'>imo</span> <span class='ocrx_word' id='word_1_133' title='bbox 1095 1135 1168 1155; x_wconf 89' lang='lat' dir='ltr'>ma-</span> <span class='ocrx_word' id='word_1_134' title='bbox 1193 1160 1194 1165; x_wconf 20' lang='lat'>¹</span> 
     </span>
     <span class='ocr_line' id='line_1_21' title="bbox 183 1175 1166 1219; baseline -0.002 -11"><span class='ocrx_word' id='word_1_135' title='bbox 183 1176 257 1208; x_wconf 92' lang='lat' dir='ltr'>iore</span> <span class='ocrx_word' id='word_1_136' title='bbox 280 1176 389 1218; x_wconf 81' lang='lat' dir='ltr'>gloria</span> <span class='ocrx_word' id='word_1_137' title='bbox 414 1187 478 1208; x_wconf 90' lang='lat' dir='ltr'>nos</span> <span class='ocrx_word' id='word_1_138' title='bbox 502 1175 538 1208; x_wconf 92' lang='lat' dir='ltr'>in</span> <span class='ocrx_word' id='word_1_139' title='bbox 563 1175 666 1208; x_wconf 82' lang='lat' dir='ltr'>exilio</span> <span class='ocrx_word' id='word_1_140' title='bbox 687 1177 848 1215; x_wconf 81' lang='lat' dir='ltr'>ornavit,</span> <span class='ocrx_word' id='word_1_141' title='bbox 876 1187 980 1219; x_wconf 90' lang='lat' dir='ltr'>quam</span> <span class='ocrx_word' id='word_1_142' title='bbox 1000 1182 1166 1219; x_wconf 89' lang='lat' dir='ltr'>quantam</span> 
     </span>
     <span class='ocr_line' id='line_1_22' title="bbox 183 1223 1168 1269; baseline -0.002 -10"><span class='ocrx_word' id='word_1_143' title='bbox 183 1226 280 1259; x_wconf 87' lang='lat' dir='ltr'>domi</span> <span class='ocrx_word' id='word_1_144' title='bbox 311 1223 510 1261; x_wconf 80' lang='lat' dir='ltr'>habuimus,</span> <span class='ocrx_word' id='word_1_145' title='bbox 565 1225 738 1259; x_wconf 83' lang='lat' dir='ltr'>Miracula</span> <span class='ocrx_word' id='word_1_146' title='bbox 769 1226 925 1269; x_wconf 83' lang='lat' dir='ltr'>ingentia</span> <span class='ocrx_word' id='word_1_147' title='bbox 959 1226 1049 1259; x_wconf 90' lang='lat' dir='ltr'>edita</span> <span class='ocrx_word' id='word_1_148' title='bbox 1076 1231 1168 1265; x_wconf 90' lang='lat' dir='ltr'>sunt,</span> 
     </span>
     <span class='ocr_line' id='line_1_23' title="bbox 184 1275 1166 1318; baseline -0.001 -9"><span class='ocrx_word' id='word_1_149' title='bbox 184 1289 261 1310; x_wconf 88' lang='lat' dir='ltr'>cum</span> <span class='ocrx_word' id='word_1_150' title='bbox 287 1277 414 1309; x_wconf 79' lang='lat' dir='ltr'>servati</span> <span class='ocrx_word' id='word_1_151' title='bbox 438 1284 519 1310; x_wconf 89' lang='lat' dir='ltr'>sunt</span> <span class='ocrx_word' id='word_1_152' title='bbox 541 1276 609 1309; x_wconf 84' lang='lat' dir='ltr'>viri</span> <span class='ocrx_word' id='word_1_153' title='bbox 632 1275 809 1310; x_wconf 71' lang='lat' dir='ltr'>Israelitae</span> <span class='ocrx_word' id='word_1_154' title='bbox 834 1277 871 1309; x_wconf 90' lang='lat' dir='ltr'>in</span> <span class='ocrx_word' id='word_1_155' title='bbox 892 1276 985 1318; x_wconf 81' lang='lat' dir='ltr'>igni,</span> <span class='ocrx_word' id='word_1_156' title='bbox 1010 1288 1087 1309; x_wconf 91' lang='lat' dir='ltr'>cum</span> <span class='ocrx_word' id='word_1_157' title='bbox 1109 1288 1166 1308; x_wconf 83' lang='lat' dir='ltr'>rex</span> 
     </span>
     <span class='ocr_line' id='line_1_24' title="bbox 183 1326 1165 1366; baseline -0.002 -6"><span class='ocrx_word' id='word_1_158' title='bbox 183 1338 370 1360; x_wconf 77' lang='lat' dir='ltr'>conversus</span> <span class='ocrx_word' id='word_1_159' title='bbox 392 1334 458 1366; x_wconf 90' lang='lat' dir='ltr'>est,</span> <span class='ocrx_word' id='word_1_160' title='bbox 489 1339 567 1360; x_wconf 89' lang='lat' dir='ltr'>cum</span> <span class='ocrx_word' id='word_1_161' title='bbox 586 1326 713 1360; x_wconf 83' lang='lat' dir='ltr'>Daniel</span> <span class='ocrx_word' id='word_1_162' title='bbox 735 1327 944 1360; x_wconf 85' lang='lat' dir='ltr'>vaticinatus</span> <span class='ocrx_word' id='word_1_163' title='bbox 969 1334 1018 1360; x_wconf 86' lang='lat' dir='ltr'>est</span> <span class='ocrx_word' id='word_1_164' title='bbox 1040 1329 1082 1359; x_wconf 89' lang='lat' dir='ltr'>de</span> <span class='ocrx_word' id='word_1_165' title='bbox 1101 1327 1165 1358; x_wconf 89' lang='lat' dir='ltr'>im-</span> 
     </span>
     <span class='ocr_line' id='line_1_25' title="bbox 183 1378 1082 1422; baseline 0.001 -11"><span class='ocrx_word' id='word_1_166' title='bbox 183 1378 307 1422; x_wconf 88' lang='lat' dir='ltr'>periis,</span> <span class='ocrx_word' id='word_1_167' title='bbox 335 1385 367 1410; x_wconf 89' lang='lat' dir='ltr'>et</span> <span class='ocrx_word' id='word_1_168' title='bbox 381 1384 537 1411; x_wconf 77' lang='lat' dir='ltr'>servatus</span> <span class='ocrx_word' id='word_1_169' title='bbox 555 1378 647 1410; x_wconf 84' lang='lat' dir='ltr'>inter</span> <span class='ocrx_word' id='word_1_170' title='bbox 663 1378 800 1416; x_wconf 87' lang='lat' dir='ltr'>leones,</span> <span class='ocrx_word' id='word_1_171' title='bbox 827 1385 859 1410; x_wconf 92' lang='lat' dir='ltr'>et</span> <span class='ocrx_word' id='word_1_172' title='bbox 878 1378 945 1410; x_wconf 88' lang='lat' dir='ltr'>alia</span> <span class='ocrx_word' id='word_1_173' title='bbox 963 1378 1082 1412; x_wconf 84' lang='lat' dir='ltr'>multa.</span> 
     </span>
    </p>

    <p class='ocr_par' dir='ltr' id='par_1_4' title="bbox 184 1427 1167 1523">
     <span class='ocr_line' id='line_1_26' title="bbox 285 1427 1166 1472; baseline -0.001 -12"><span class='ocrx_word' id='word_1_174' title='bbox 285 1428 487 1461; x_wconf 89' lang='lat' dir='ltr'>Secundum</span> <span class='ocrx_word' id='word_1_175' title='bbox 511 1429 665 1468; x_wconf 90' lang='lat' dir='ltr'>bonum,</span> <span class='ocrx_word' id='word_1_176' title='bbox 693 1429 786 1472; x_wconf 92' lang='lat' dir='ltr'>quod</span> <span class='ocrx_word' id='word_1_177' title='bbox 813 1428 970 1461; x_wconf 89' lang='lat' dir='ltr'>intuetur</span> <span class='ocrx_word' id='word_1_178' title='bbox 992 1427 1166 1466; x_wconf 79' lang='lat' dir='ltr'>Ieremias,</span> 
     </span>
     <span class='ocr_line' id='line_1_27' title="bbox 184 1476 1167 1523; baseline -0.003 -11"><span class='ocrx_word' id='word_1_179' title='bbox 184 1486 232 1512; x_wconf 74' lang='lat' dir='ltr'>est</span> <span class='ocrx_word' id='word_1_180' title='bbox 264 1479 449 1523; x_wconf 84' lang='lat' dir='ltr'>promissio</span> <span class='ocrx_word' id='word_1_181' title='bbox 482 1481 673 1512; x_wconf 80' lang='lat' dir='ltr'>servandae</span> <span class='ocrx_word' id='word_1_182' title='bbox 699 1486 730 1512; x_wconf 90' lang='lat' dir='ltr'>et</span> <span class='ocrx_word' id='word_1_183' title='bbox 755 1479 958 1512; x_wconf 86' lang='lat' dir='ltr'>liberandae</span> <span class='ocrx_word' id='word_1_184' title='bbox 980 1476 1167 1518; x_wconf 74' lang='lat' dir='ltr'>Ecclesiae,</span> 
     </span>
    </p>
   </div>
   <div class='ocr_carea' id='block_1_3' title="bbox 772 120 1604 159">
    <p class='ocr_par' dir='ltr' id='par_1_5' title="bbox 772 120 1604 159">
     <span class='ocr_line' id='line_1_28' title="bbox 772 120 1604 159; baseline -0.002 0"><span class='ocrx_word' id='word_1_185' title='bbox 772 123 896 159; x_wconf 87' lang='lat' dir='ltr'>PHlL.</span> <span class='ocrx_word' id='word_1_186' title='bbox 923 122 1038 159; x_wconf 83' lang='lat' dir='ltr'>MEL.</span> <span class='ocrx_word' id='word_1_187' title='bbox 1067 120 1276 157; x_wconf 87' lang='lat' dir='ltr'><strong>SCRIPTA</strong></span> <span class='ocrx_word' id='word_1_188' title='bbox 1305 120 1604 158; x_wconf 87' lang='lat' dir='ltr'>EXEGETICA.</span> 
     </span>
    </p>
   </div>
   <div class='ocr_carea' id='block_1_4' title="bbox 1192 1374 2044 1420">
    <p class='ocr_par' dir='ltr' id='par_1_6' title="bbox 1192 1374 2044 1420">
     <span class='ocr_line' id='line_1_29' title="bbox 1192 1374 2044 1420; baseline 0.002 -12"><span class='ocrx_word' id='word_1_189' title='bbox 1192 1401 1193 1408; x_wconf 38' lang='lat'>1</span> <span class='ocrx_word' id='word_1_190' title='bbox 1219 1389 1277 1420; x_wconf 87' lang='lat' dir='ltr'>pes</span> <span class='ocrx_word' id='word_1_191' title='bbox 1311 1377 1345 1408; x_wconf 91' lang='lat' dir='ltr'>in</span> <span class='ocrx_word' id='word_1_192' title='bbox 1379 1374 1445 1409; x_wconf 82' lang='lat' dir='ltr'>boc</span> <span class='ocrx_word' id='word_1_193' title='bbox 1476 1377 1631 1420; x_wconf 79' lang='lat' dir='ltr'>periculo</span> <span class='ocrx_word' id='word_1_194' title='bbox 1658 1377 1733 1408; x_wconf 85' lang='lat' dir='ltr'>sore</span> <span class='ocrx_word' id='word_1_195' title='bbox 1757 1377 1956 1409; x_wconf 87' lang='lat' dir='ltr'>defensores</span> <span class='ocrx_word' id='word_1_196' title='bbox 1981 1383 2044 1411; x_wconf 87' lang='lat' dir='ltr'>etc.</span> 
     </span>
    </p>
   </div>
   <div class='ocr_carea' id='block_1_5' title="bbox 1194 1005 1196 1576">
    <p class='ocr_par' dir='ltr' id='par_1_7' title="bbox 1194 1005 1196 1576">
     <span class='ocr_line' id='line_1_30' title="bbox 1194 1005 1196 1576; baseline 0 0"><span class='ocrx_word' id='word_1_197' title='bbox 1194 1005 1196 1576; x_wconf 95' lang='lat' dir='ltr'> </span> 
     </span>
    </p>
   </div>
   <div class='ocr_carea' id='block_1_6' title="bbox 181 1528 1193 2741">
    <p class='ocr_par' dir='ltr' id='par_1_8' title="bbox 181 1528 1193 2632">
     <span class='ocr_line' id='line_1_31' title="bbox 183 1528 1166 1573; baseline -0.002 -10"><span class='ocrx_word' id='word_1_198' title='bbox 183 1530 245 1563; x_wconf 90' lang='lat' dir='ltr'>scit</span> <span class='ocrx_word' id='word_1_199' title='bbox 279 1528 441 1562; x_wconf 88' lang='lat' dir='ltr'>[eremias</span> <span class='ocrx_word' id='word_1_200' title='bbox 472 1529 721 1573; x_wconf 86' lang='lat' dir='ltr'>promissiones</span> <span class='ocrx_word' id='word_1_201' title='bbox 749 1528 814 1562; x_wconf 91' lang='lat' dir='ltr'>Dei</span> <span class='ocrx_word' id='word_1_202' title='bbox 845 1541 917 1562; x_wconf 89' lang='lat' dir='ltr'>non</span> <span class='ocrx_word' id='word_1_203' title='bbox 942 1530 1016 1562; x_wconf 88' lang='lat' dir='ltr'>sore</span> <span class='ocrx_word' id='word_1_204' title='bbox 1039 1529 1166 1571; x_wconf 83' lang='lat' dir='ltr'>irritas,</span> 
     </span>
     <span class='ocr_line' id='line_1_32' title="bbox 182 1579 1167 1624; baseline -0.001 -12"><span class='ocrx_word' id='word_1_205' title='bbox 182 1581 242 1613; x_wconf 89' lang='lat' dir='ltr'>sed</span> <span class='ocrx_word' id='word_1_206' title='bbox 268 1586 361 1613; x_wconf 88' lang='lat' dir='ltr'>certo</span> <span class='ocrx_word' id='word_1_207' title='bbox 388 1591 569 1612; x_wconf 88' lang='lat' dir='ltr'>mansuras</span> <span class='ocrx_word' id='word_1_208' title='bbox 595 1591 667 1613; x_wconf 89' lang='lat' dir='ltr'>esse</span> <span class='ocrx_word' id='word_1_209' title='bbox 694 1580 814 1624; x_wconf 89' lang='lat' dir='ltr'>populi</span> <span class='ocrx_word' id='word_1_210' title='bbox 840 1580 1006 1624; x_wconf 79' lang='lat' dir='ltr'>reliquias</span> <span class='ocrx_word' id='word_1_211' title='bbox 1022 1587 1053 1613; x_wconf 87' lang='lat' dir='ltr'>et</span> <span class='ocrx_word' id='word_1_212' title='bbox 1071 1579 1167 1612; x_wconf 83' lang='lat' dir='ltr'>redi-</span> 
     </span>
     <span class='ocr_line' id='line_1_33' title="bbox 183 1630 1193 1674; baseline -0.002 -10"><span class='ocrx_word' id='word_1_213' title='bbox 183 1638 297 1670; x_wconf 86' lang='lat' dir='ltr'>turas,</span> <span class='ocrx_word' id='word_1_214' title='bbox 340 1630 474 1664; x_wconf 88' lang='lat' dir='ltr'>etiamsi</span> <span class='ocrx_word' id='word_1_215' title='bbox 515 1643 609 1663; x_wconf 90' lang='lat' dir='ltr'>nunc</span> <span class='ocrx_word' id='word_1_216' title='bbox 647 1631 881 1674; x_wconf 87' lang='lat' dir='ltr'>dissipantur,</span> <span class='ocrx_word' id='word_1_217' title='bbox 921 1631 1002 1674; x_wconf 89' lang='lat' dir='ltr'>quia</span> <span class='ocrx_word' id='word_1_218' title='bbox 1038 1630 1167 1662; x_wconf 81' lang='lat' dir='ltr'>sciebat</span> <span class='ocrx_word' id='word_1_219' title='bbox 1192 1640 1193 1655; x_wconf 61' lang='lat'>¹</span> 
     </span>
     <span class='ocr_line' id='line_1_34' title="bbox 182 1678 1193 1725; baseline -0.004 -11"><span class='ocrx_word' id='word_1_220' title='bbox 182 1689 344 1725; x_wconf 89' lang='lat' dir='ltr'>oportere</span> <span class='ocrx_word' id='word_1_221' title='bbox 367 1680 553 1721; x_wconf 83' lang='lat' dir='ltr'>Messiam,</span> <span class='ocrx_word' id='word_1_222' title='bbox 580 1688 691 1714; x_wconf 90' lang='lat' dir='ltr'>stante</span> <span class='ocrx_word' id='word_1_223' title='bbox 715 1678 828 1713; x_wconf 83' lang='lat' dir='ltr'>adbuc</span> <span class='ocrx_word' id='word_1_224' title='bbox 851 1681 973 1724; x_wconf 91' lang='lat' dir='ltr'>politia</span> <span class='ocrx_word' id='word_1_225' title='bbox 999 1679 1167 1720; x_wconf 84' lang='lat' dir='ltr'>Mosaica,</span> <span class='ocrx_word' id='word_1_226' title='bbox 1192 1694 1193 1709; x_wconf 70' lang='lat'>1</span> 
     </span>
     <span class='ocr_line' id='line_1_35' title="bbox 182 1730 1166 1775; baseline -0.002 -10"><span class='ocrx_word' id='word_1_227' title='bbox 182 1733 296 1772; x_wconf 88' lang='lat' dir='ltr'>nasci,</span> <span class='ocrx_word' id='word_1_228' title='bbox 330 1732 552 1772; x_wconf 83' lang='lat' dir='ltr'>concionari,</span> <span class='ocrx_word' id='word_1_229' title='bbox 587 1732 658 1775; x_wconf 89' lang='lat' dir='ltr'>pati</span> <span class='ocrx_word' id='word_1_230' title='bbox 691 1739 724 1765; x_wconf 90' lang='lat' dir='ltr'>et</span> <span class='ocrx_word' id='word_1_231' title='bbox 759 1743 951 1775; x_wconf 83' lang='lat' dir='ltr'>resurgere.</span> <span class='ocrx_word' id='word_1_232' title='bbox 1014 1730 1166 1764; x_wconf 85' lang='lat' dir='ltr'>Facilius</span> 
     </span>
     <span class='ocr_line' id='line_1_36' title="bbox 181 1782 1193 1824; baseline -0.001 -9"><span class='ocrx_word' id='word_1_233' title='bbox 181 1790 297 1816; x_wconf 87' lang='lat' dir='ltr'>autem</span> <span class='ocrx_word' id='word_1_234' title='bbox 327 1783 517 1816; x_wconf 85' lang='lat' dir='ltr'>toleramus</span> <span class='ocrx_word' id='word_1_235' title='bbox 548 1784 710 1824; x_wconf 77' lang='lat' dir='ltr'>adversa,</span> <span class='ocrx_word' id='word_1_236' title='bbox 746 1795 824 1815; x_wconf 91' lang='lat' dir='ltr'>cum</span> <span class='ocrx_word' id='word_1_237' title='bbox 856 1782 984 1815; x_wconf 89' lang='lat' dir='ltr'>scimus</span> <span class='ocrx_word' id='word_1_238' title='bbox 1014 1793 1078 1815; x_wconf 89' lang='lat' dir='ltr'>nos</span> <span class='ocrx_word' id='word_1_239' title='bbox 1107 1788 1167 1814; x_wconf 90' lang='lat' dir='ltr'>aut</span> <span class='ocrx_word' id='word_1_240' title='bbox 1192 1803 1193 1808; x_wconf 62' lang='lat'>,</span> 
     </span>
     <span class='ocr_line' id='line_1_37' title="bbox 183 1833 1166 1872; baseline -0.002 -6"><span class='ocrx_word' id='word_1_241' title='bbox 183 1841 321 1867; x_wconf 89' lang='lat' dir='ltr'>nostros</span> <span class='ocrx_word' id='word_1_242' title='bbox 350 1834 564 1866; x_wconf 87' lang='lat' dir='ltr'>eluctaturos</span> <span class='ocrx_word' id='word_1_243' title='bbox 589 1845 679 1872; x_wconf 91' lang='lat' dir='ltr'>esse,</span> <span class='ocrx_word' id='word_1_244' title='bbox 714 1840 746 1867; x_wconf 90' lang='lat' dir='ltr'>et</span> <span class='ocrx_word' id='word_1_245' title='bbox 770 1833 863 1866; x_wconf 84' lang='lat' dir='ltr'>hanc</span> <span class='ocrx_word' id='word_1_246' title='bbox 887 1833 1166 1866; x_wconf 83' lang='lat' dir='ltr'>consolationem</span> 
     </span>
     <span class='ocr_line' id='line_1_38' title="bbox 182 1882 1193 1928; baseline 0 -12"><span class='ocrx_word' id='word_1_247' title='bbox 182 1885 219 1917; x_wconf 88' lang='lat' dir='ltr'>in</span> <span class='ocrx_word' id='word_1_248' title='bbox 246 1884 323 1917; x_wconf 84' lang='lat' dir='ltr'>aliis</span> <span class='ocrx_word' id='word_1_249' title='bbox 342 1883 575 1917; x_wconf 85' lang='lat' dir='ltr'>concionibus</span> <span class='ocrx_word' id='word_1_250' title='bbox 592 1896 692 1928; x_wconf 88' lang='lat' dir='ltr'>saepe</span> <span class='ocrx_word' id='word_1_251' title='bbox 709 1885 835 1928; x_wconf 87' lang='lat' dir='ltr'>repetit</span> <span class='ocrx_word' id='word_1_252' title='bbox 853 1891 883 1918; x_wconf 87' lang='lat' dir='ltr'>et</span> <span class='ocrx_word' id='word_1_253' title='bbox 901 1884 1066 1919; x_wconf 84' lang='lat' dir='ltr'>inculcat.</span> <span class='ocrx_word' id='word_1_254' title='bbox 1120 1882 1167 1917; x_wconf 89' lang='lat' dir='ltr'>Et</span> <span class='ocrx_word' id='word_1_255' title='bbox 1192 1887 1193 1925; x_wconf 47' lang='lat' dir='ltr'>l</span> 
     </span>
     <span class='ocr_line' id='line_1_39' title="bbox 182 1933 1166 1979; baseline 0 -12"><span class='ocrx_word' id='word_1_256' title='bbox 182 1933 241 1967; x_wconf 85' lang='lat' dir='ltr'>bic</span> <span class='ocrx_word' id='word_1_257' title='bbox 259 1934 557 1979; x_wconf 81' lang='lat' dir='ltr'>breviterinquit:</span> <span class='ocrx_word' id='word_1_258' title='bbox 586 1934 670 1968; x_wconf 90' lang='lat' dir='ltr'>Pars</span> <span class='ocrx_word' id='word_1_259' title='bbox 685 1948 758 1968; x_wconf 90' lang='lat' dir='ltr'>mea</span> <span class='ocrx_word' id='word_1_260' title='bbox 769 1934 954 1976; x_wconf 86' lang='lat' dir='ltr'>Dominus,</span> <span class='ocrx_word' id='word_1_261' title='bbox 983 1941 1166 1979; x_wconf 86' lang='lat' dir='ltr'>propterea</span> 
     </span>
     <span class='ocr_line' id='line_1_40' title="bbox 183 1985 1168 2029; baseline 0 -11"><span class='ocrx_word' id='word_1_262' title='bbox 183 1985 369 2029; x_wconf 75' lang='lat' dir='ltr'>expectabo</span> <span class='ocrx_word' id='word_1_263' title='bbox 401 1997 493 2019; x_wconf 91' lang='lat' dir='ltr'>eum.</span> <span class='ocrx_word' id='word_1_264' title='bbox 558 1985 658 2019; x_wconf 89' lang='lat' dir='ltr'>Sicut</span> <span class='ocrx_word' id='word_1_265' title='bbox 681 1998 745 2019; x_wconf 91' lang='lat' dir='ltr'>nos</span> <span class='ocrx_word' id='word_1_266' title='bbox 770 1986 838 2018; x_wconf 90' lang='lat' dir='ltr'>iam</span> <span class='ocrx_word' id='word_1_267' title='bbox 865 1986 903 2018; x_wconf 90' lang='lat' dir='ltr'>in</span> <span class='ocrx_word' id='word_1_268' title='bbox 930 1997 1053 2029; x_wconf 87' lang='lat' dir='ltr'>magna</span> <span class='ocrx_word' id='word_1_269' title='bbox 1081 1998 1168 2018; x_wconf 89' lang='lat' dir='ltr'>con—</span> 
     </span>
     <span class='ocr_line' id='line_1_41' title="bbox 182 2035 1193 2081; baseline 0 -13"><span class='ocrx_word' id='word_1_270' title='bbox 182 2037 319 2070; x_wconf 84' lang='lat' dir='ltr'>fusione</span> <span class='ocrx_word' id='word_1_271' title='bbox 336 2035 564 2080; x_wconf 88' lang='lat' dir='ltr'>imperiorum</span> <span class='ocrx_word' id='word_1_272' title='bbox 582 2043 614 2069; x_wconf 87' lang='lat' dir='ltr'>et</span> <span class='ocrx_word' id='word_1_273' title='bbox 633 2038 855 2079; x_wconf 84' lang='lat' dir='ltr'>dogmatum,</span> <span class='ocrx_word' id='word_1_274' title='bbox 881 2045 1020 2081; x_wconf 81' lang='lat' dir='ltr'>oportet</span> <span class='ocrx_word' id='word_1_275' title='bbox 1036 2036 1167 2069; x_wconf 80' lang='lat' dir='ltr'>intueri</span> <span class='ocrx_word' id='word_1_276' title='bbox 1192 2069 1193 2079; x_wconf 17' lang='grc' dir='ltr'>η</span> 
     </span>
     <span class='ocr_line' id='line_1_42' title="bbox 182 2084 1193 2151; baseline 0 -32"><span class='ocrx_word' id='word_1_277' title='bbox 182 2084 274 2120; x_wconf 86' lang='lat' dir='ltr'>hanc</span> <span class='ocrx_word' id='word_1_278' title='bbox 299 2086 592 2127; x_wconf 84' lang='lat' dir='ltr'>consolationem,</span> <span class='ocrx_word' id='word_1_279' title='bbox 626 2087 809 2127; x_wconf 72' lang='lat' dir='ltr'>videlicet,</span> <span class='ocrx_word' id='word_1_280' title='bbox 845 2089 938 2132; x_wconf 84' lang='lat' dir='ltr'>quod</span> <span class='ocrx_word' id='word_1_281' title='bbox 962 2088 1167 2132; x_wconf 83' lang='lat' dir='ltr'>promissio-</span> <span class='ocrx_word' id='word_1_282' title='bbox 1191 2114 1193 2151; x_wconf 47' lang='lat'><strong>⁴</strong></span> 
     </span>
     <span class='ocr_line' id='line_1_43' title="bbox 183 2136 1168 2182; baseline 0.001 -12"><span class='ocrx_word' id='word_1_283' title='bbox 183 2150 246 2170; x_wconf 89' lang='lat' dir='ltr'>nes</span> <span class='ocrx_word' id='word_1_284' title='bbox 275 2137 378 2170; x_wconf 91' lang='lat' dir='ltr'>nobis</span> <span class='ocrx_word' id='word_1_285' title='bbox 410 2137 559 2170; x_wconf 85' lang='lat' dir='ltr'>traditae</span> <span class='ocrx_word' id='word_1_286' title='bbox 590 2145 688 2177; x_wconf 89' lang='lat' dir='ltr'>sunt,</span> <span class='ocrx_word' id='word_1_287' title='bbox 724 2150 812 2182; x_wconf 87' lang='lat' dir='ltr'>quae</span> <span class='ocrx_word' id='word_1_288' title='bbox 836 2139 1022 2172; x_wconf 83' lang='lat' dir='ltr'>adfirmant</span> <span class='ocrx_word' id='word_1_289' title='bbox 1045 2136 1168 2171; x_wconf 76' lang='lat' dir='ltr'>Eccle-</span> 
     </span>
     <span class='ocr_line' id='line_1_44' title="bbox 183 2187 1193 2234; baseline 0.001 -14"><span class='ocrx_word' id='word_1_290' title='bbox 183 2189 268 2221; x_wconf 86' lang='lat' dir='ltr'>siam</span> <span class='ocrx_word' id='word_1_291' title='bbox 293 2199 494 2221; x_wconf 85' lang='lat' dir='ltr'>mansuram</span> <span class='ocrx_word' id='word_1_292' title='bbox 520 2199 610 2229; x_wconf 89' lang='lat' dir='ltr'>esse,</span> <span class='ocrx_word' id='word_1_293' title='bbox 637 2195 676 2222; x_wconf 87' lang='lat' dir='ltr'>ut</span> <span class='ocrx_word' id='word_1_294' title='bbox 700 2188 813 2222; x_wconf 84' lang='lat' dir='ltr'>Filius</span> <span class='ocrx_word' id='word_1_295' title='bbox 836 2187 899 2222; x_wconf 89' lang='lat' dir='ltr'>Dei</span> <span class='ocrx_word' id='word_1_296' title='bbox 926 2189 1057 2234; x_wconf 87' lang='lat' dir='ltr'>inquit:</span> <span class='ocrx_word' id='word_1_297' title='bbox 1087 2188 1166 2222; x_wconf 82' lang='lat' dir='ltr'>Ma·</span> <span class='ocrx_word' id='word_1_298' title='bbox 1191 2193 1193 2205; x_wconf 69' lang='lat'><strong>¹</strong></span> 
     </span>
     <span class='ocr_line' id='line_1_45' title="bbox 185 2239 1166 2283; baseline 0.001 -12"><span class='ocrx_word' id='word_1_299' title='bbox 185 2250 251 2272; x_wconf 86' lang='lat' dir='ltr'>neo</span> <span class='ocrx_word' id='word_1_300' title='bbox 278 2239 458 2272; x_wconf 66' lang='lat' dir='ltr'>vobiscum</span> <span class='ocrx_word' id='word_1_301' title='bbox 482 2250 592 2283; x_wconf 89' lang='lat' dir='ltr'>usque</span> <span class='ocrx_word' id='word_1_302' title='bbox 616 2241 657 2272; x_wconf 93' lang='lat' dir='ltr'>ad</span> <span class='ocrx_word' id='word_1_303' title='bbox 685 2240 1023 2273; x_wconf 86' lang='lat' dir='ltr'>consummationem</span> <span class='ocrx_word' id='word_1_304' title='bbox 1048 2241 1166 2272; x_wconf 86' lang='lat' dir='ltr'>seculi.</span> 
     </span>
     <span class='ocr_line' id='line_1_46' title="bbox 184 2288 1166 2331; baseline 0.002 -9"><span class='ocrx_word' id='word_1_305' title='bbox 184 2289 272 2322; x_wconf 85' lang='lat' dir='ltr'>Item</span> <span class='ocrx_word' id='word_1_306' title='bbox 290 2288 411 2323; x_wconf 85' lang='lat' dir='ltr'>Esaiae</span> <span class='ocrx_word' id='word_1_307' title='bbox 422 2288 500 2324; x_wconf 80' lang='lat'>59.:</span> <span class='ocrx_word' id='word_1_308' title='bbox 525 2288 602 2323; x_wconf 90' lang='lat' dir='ltr'>Hoc</span> <span class='ocrx_word' id='word_1_309' title='bbox 617 2291 741 2324; x_wconf 87' lang='lat' dir='ltr'>foedus</span> <span class='ocrx_word' id='word_1_310' title='bbox 758 2303 874 2323; x_wconf 88' lang='lat' dir='ltr'>meum</span> <span class='ocrx_word' id='word_1_311' title='bbox 891 2303 969 2323; x_wconf 91' lang='lat' dir='ltr'>cum</span> <span class='ocrx_word' id='word_1_312' title='bbox 988 2291 1054 2331; x_wconf 89' lang='lat' dir='ltr'>eis,</span> <span class='ocrx_word' id='word_1_313' title='bbox 1082 2290 1166 2324; x_wconf 87' lang='lat' dir='ltr'>dicit</span> 
     </span>
     <span class='ocr_line' id='line_1_47' title="bbox 183 2338 1192 2386; baseline 0.001 -14"><span class='ocrx_word' id='word_1_314' title='bbox 183 2338 375 2382; x_wconf 84' lang='lat' dir='ltr'>Dominus,</span> <span class='ocrx_word' id='word_1_315' title='bbox 402 2340 556 2385; x_wconf 86' lang='lat' dir='ltr'>Spiritus</span> <span class='ocrx_word' id='word_1_316' title='bbox 579 2353 693 2381; x_wconf 90' lang='lat' dir='ltr'>meus,</span> <span class='ocrx_word' id='word_1_317' title='bbox 721 2342 781 2386; x_wconf 87' lang='lat' dir='ltr'>qui</span> <span class='ocrx_word' id='word_1_318' title='bbox 805 2342 909 2374; x_wconf 86' lang='lat' dir='ltr'>estin</span> <span class='ocrx_word' id='word_1_319' title='bbox 929 2349 978 2380; x_wconf 86' lang='lat' dir='ltr'>te,</span> <span class='ocrx_word' id='word_1_320' title='bbox 1007 2348 1038 2374; x_wconf 87' lang='lat' dir='ltr'>et</span> <span class='ocrx_word' id='word_1_321' title='bbox 1059 2342 1166 2374; x_wconf 85' lang='lat' dir='ltr'>verba</span> <span class='ocrx_word' id='word_1_322' title='bbox 1190 2344 1192 2377; x_wconf 60' lang='grc' dir='ltr'>ζ</span> 
     </span>
     <span class='ocr_line' id='line_1_48' title="bbox 185 2391 1165 2436; baseline 0.001 -13"><span class='ocrx_word' id='word_1_323' title='bbox 185 2403 280 2431; x_wconf 87' lang='lat' dir='ltr'>mea,</span> <span class='ocrx_word' id='word_1_324' title='bbox 316 2404 404 2436; x_wconf 85' lang='lat' dir='ltr'>quae</span> <span class='ocrx_word' id='word_1_325' title='bbox 436 2391 537 2435; x_wconf 88' lang='lat' dir='ltr'>posui</span> <span class='ocrx_word' id='word_1_326' title='bbox 571 2392 608 2424; x_wconf 91' lang='lat' dir='ltr'>in</span> <span class='ocrx_word' id='word_1_327' title='bbox 639 2405 699 2425; x_wconf 85' lang='lat' dir='ltr'>ore</span> <span class='ocrx_word' id='word_1_328' title='bbox 725 2400 805 2433; x_wconf 81' lang='lat' dir='ltr'>tuo,</span> <span class='ocrx_word' id='word_1_329' title='bbox 838 2405 909 2425; x_wconf 90' lang='lat' dir='ltr'>non</span> <span class='ocrx_word' id='word_1_330' title='bbox 938 2393 1099 2425; x_wconf 88' lang='lat' dir='ltr'>recedent</span> <span class='ocrx_word' id='word_1_331' title='bbox 1124 2393 1165 2424; x_wconf 91' lang='lat' dir='ltr'>de</span> 
     </span>
     <span class='ocr_line' id='line_1_49' title="bbox 186 2442 1165 2484; baseline 0.002 -12"><span class='ocrx_word' id='word_1_332' title='bbox 186 2453 245 2473; x_wconf 88' lang='lat' dir='ltr'>ore</span> <span class='ocrx_word' id='word_1_333' title='bbox 270 2449 349 2480; x_wconf 88' lang='lat' dir='ltr'>tuo,</span> <span class='ocrx_word' id='word_1_334' title='bbox 385 2449 417 2475; x_wconf 91' lang='lat' dir='ltr'>et</span> <span class='ocrx_word' id='word_1_335' title='bbox 440 2443 482 2475; x_wconf 90' lang='lat' dir='ltr'>de</span> <span class='ocrx_word' id='word_1_336' title='bbox 506 2454 567 2475; x_wconf 86' lang='lat' dir='ltr'>ore</span> <span class='ocrx_word' id='word_1_337' title='bbox 593 2443 737 2476; x_wconf 89' lang='lat' dir='ltr'>seminis</span> <span class='ocrx_word' id='word_1_338' title='bbox 764 2443 834 2484; x_wconf 87' lang='lat' dir='ltr'>tui,</span> <span class='ocrx_word' id='word_1_339' title='bbox 870 2444 955 2476; x_wconf 89' lang='lat' dir='ltr'>dicit</span> <span class='ocrx_word' id='word_1_340' title='bbox 979 2442 1165 2483; x_wconf 84' lang='lat' dir='ltr'>Dominus,</span> 
     </span>
     <span class='ocr_line' id='line_1_50' title="bbox 186 2492 1163 2538; baseline 0.001 -14"><span class='ocrx_word' id='word_1_341' title='bbox 186 2492 348 2535; x_wconf 81' lang='lat' dir='ltr'>deinceps</span> <span class='ocrx_word' id='word_1_342' title='bbox 370 2499 401 2525; x_wconf 92' lang='lat' dir='ltr'>et</span> <span class='ocrx_word' id='word_1_343' title='bbox 419 2493 581 2537; x_wconf 90' lang='lat' dir='ltr'>usquein</span> <span class='ocrx_word' id='word_1_344' title='bbox 601 2495 866 2538; x_wconf 86' lang='lat' dir='ltr'>sempiternum.</span> <span class='ocrx_word' id='word_1_345' title='bbox 919 2492 965 2528; x_wconf 90' lang='lat' dir='ltr'>Et</span> <span class='ocrx_word' id='word_1_346' title='bbox 981 2493 1163 2527; x_wconf 89' lang='lat' dir='ltr'>notissima</span> 
     </span>
     <span class='ocr_line' id='line_1_51' title="bbox 183 2543 1165 2588; baseline 0.004 -14"><span class='ocrx_word' id='word_1_347' title='bbox 183 2548 267 2575; x_wconf 85' lang='lat' dir='ltr'>tunc</span> <span class='ocrx_word' id='word_1_348' title='bbox 291 2543 420 2585; x_wconf 88' lang='lat' dir='ltr'>populo</span> <span class='ocrx_word' id='word_1_349' title='bbox 443 2550 516 2577; x_wconf 89' lang='lat' dir='ltr'>erat</span> <span class='ocrx_word' id='word_1_350' title='bbox 539 2545 744 2588; x_wconf 87' lang='lat' dir='ltr'>promissio:</span> <span class='ocrx_word' id='word_1_351' title='bbox 771 2545 851 2578; x_wconf 82' lang='lat' dir='ltr'>Non</span> <span class='ocrx_word' id='word_1_352' title='bbox 875 2546 1053 2578; x_wconf 85' lang='lat' dir='ltr'>auferetur</span> <span class='ocrx_word' id='word_1_353' title='bbox 1068 2556 1165 2588; x_wconf 84' lang='lat' dir='ltr'>scep-</span> 
     </span>
     <span class='ocr_line' id='line_1_52' title="bbox 182 2592 855 2632; baseline 0.004 -6"><span class='ocrx_word' id='word_1_354' title='bbox 182 2599 275 2626; x_wconf 89' lang='lat' dir='ltr'>trum</span> <span class='ocrx_word' id='word_1_355' title='bbox 294 2604 311 2624; x_wconf 93' lang='lat' dir='ltr'>a</span> <span class='ocrx_word' id='word_1_356' title='bbox 330 2592 435 2632; x_wconf 86' lang='lat' dir='ltr'>Iuda,</span> <span class='ocrx_word' id='word_1_357' title='bbox 462 2594 572 2627; x_wconf 91' lang='lat' dir='ltr'>donec</span> <span class='ocrx_word' id='word_1_358' title='bbox 591 2596 726 2629; x_wconf 80' lang='lat' dir='ltr'>venerit</span> <span class='ocrx_word' id='word_1_359' title='bbox 744 2593 855 2629; x_wconf 83' lang='lat' dir='ltr'>Silob.</span> 
     </span>
    </p>

    <p class='ocr_par' dir='ltr' id='par_1_9' title="bbox 181 2640 1162 2741">
     <span class='ocr_line' id='line_1_53' title="bbox 282 2640 1162 2687; baseline 0.006 -13"><span class='ocrx_word' id='word_1_360' title='bbox 282 2640 358 2675; x_wconf 89' lang='lat' dir='ltr'>Etsi</span> <span class='ocrx_word' id='word_1_361' title='bbox 371 2650 485 2676; x_wconf 87' lang='lat' dir='ltr'>autem</span> <span class='ocrx_word' id='word_1_362' title='bbox 498 2643 596 2687; x_wconf 86' lang='lat' dir='ltr'>impii</span> <span class='ocrx_word' id='word_1_363' title='bbox 608 2644 727 2679; x_wconf 89' lang='lat' dir='ltr'>Iudaei</span> <span class='ocrx_word' id='word_1_364' title='bbox 741 2647 1023 2685; x_wconf 86' lang='lat' dir='ltr'>offendebantur,</span> <span class='ocrx_word' id='word_1_365' title='bbox 1046 2658 1162 2679; x_wconf 83' lang='lat' dir='ltr'>eversa</span> 
     </span>
     <span class='ocr_line' id='line_1_54' title="bbox 181 2693 1162 2741; baseline 0.005 -16"><span class='ocrx_word' id='word_1_366' title='bbox 181 2693 284 2731; x_wconf 89' lang='lat' dir='ltr'>urbe,</span> <span class='ocrx_word' id='word_1_367' title='bbox 320 2693 470 2727; x_wconf 89' lang='lat' dir='ltr'>abducto</span> <span class='ocrx_word' id='word_1_368' title='bbox 497 2705 595 2737; x_wconf 85' lang='lat' dir='ltr'>rege,</span> <span class='ocrx_word' id='word_1_369' title='bbox 631 2697 797 2741; x_wconf 88' lang='lat' dir='ltr'>dissipata</span> <span class='ocrx_word' id='word_1_370' title='bbox 823 2704 940 2740; x_wconf 84' lang='lat' dir='ltr'>gente,</span> <span class='ocrx_word' id='word_1_371' title='bbox 976 2709 1013 2731; x_wconf 87' lang='lat' dir='ltr'>ac</span> <span class='ocrx_word' id='word_1_372' title='bbox 1038 2697 1162 2741; x_wconf 82' lang='lat' dir='ltr'>dispu—</span> 
     </span>
    </p>
   </div>
   <div class='ocr_carea' id='block_1_7' title="bbox 1190 2421 1192 2441">
    <p class='ocr_par' dir='ltr' id='par_1_10' title="bbox 1190 2421 1192 2441">
     <span class='ocr_line' id='line_1_55' title="bbox 1190 2421 1192 2441; baseline 0 0"><span class='ocrx_word' id='word_1_373' title='bbox 1190 2421 1192 2441; x_wconf 71' lang='grc' dir='ltr'>Ι</span> 
     </span>
    </p>
   </div>
   <div class='ocr_carea' id='block_1_8' title="bbox 1191 2390 1731 2426">
    <p class='ocr_par' dir='ltr' id='par_1_11' title="bbox 1191 2390 1731 2426">
     <span class='ocr_line' id='line_1_56' title="bbox 1191 2390 1731 2426; baseline 0.002 -2"><span class='ocrx_word' id='word_1_374' title='bbox 1191 2390 1256 2426; x_wconf 62' lang='grc' dir='ltr'>ἰιι</span> <span class='ocrx_word' id='word_1_375' title='bbox 1293 2398 1518 2425; x_wconf 65' lang='lat' dir='ltr'>convertatur</span> <span class='ocrx_word' id='word_1_376' title='bbox 1557 2399 1590 2424; x_wconf 88' lang='lat' dir='ltr'>et</span> <span class='ocrx_word' id='word_1_377' title='bbox 1626 2392 1731 2425; x_wconf 84' lang='lat' dir='ltr'>vivat.</span> 
     </span>
    </p>
   </div>
   <div class='ocr_carea' id='block_1_9' title="bbox 2125 123 2199 159">
    <p class='ocr_par' dir='ltr' id='par_1_12' title="bbox 2125 123 2199 159">
     <span class='ocr_line' id='line_1_57' title="bbox 2125 123 2199 159; baseline -0.027 0"><span class='ocrx_word' id='word_1_378' title='bbox 2125 123 2199 159; x_wconf 78' lang='lat'>820</span> 
     </span>
    </p>
   </div>
   <div class='ocr_carea' id='block_1_10' title="bbox 1215 206 2204 557">
    <p class='ocr_par' dir='ltr' id='par_1_13' title="bbox 1215 206 2204 557">
     <span class='ocr_line' id='line_1_58' title="bbox 1215 206 2199 252; baseline 0.001 -12"><span class='ocrx_word' id='word_1_379' title='bbox 1215 209 1336 243; x_wconf 87' lang='lat' dir='ltr'>tabant</span> <span class='ocrx_word' id='word_1_380' title='bbox 1369 207 1461 242; x_wconf 76' lang='lat' dir='ltr'>lianc</span> <span class='ocrx_word' id='word_1_381' title='bbox 1489 206 1759 252; x_wconf 87' lang='lat' dir='ltr'>promissionem</span> <span class='ocrx_word' id='word_1_382' title='bbox 1787 207 1930 240; x_wconf 86' lang='lat' dir='ltr'>inanem</span> <span class='ocrx_word' id='word_1_383' title='bbox 1957 219 2047 249; x_wconf 86' lang='lat' dir='ltr'>esse,</span> <span class='ocrx_word' id='word_1_384' title='bbox 2082 216 2199 243; x_wconf 88' lang='lat' dir='ltr'>tamen</span> 
     </span>
     <span class='ocr_line' id='line_1_59' title="bbox 1216 258 2199 303; baseline 0.001 -11"><span class='ocrx_word' id='word_1_385' title='bbox 1216 259 1378 292; x_wconf 86' lang='lat' dir='ltr'>Ieremias</span> <span class='ocrx_word' id='word_1_386' title='bbox 1404 267 1437 293; x_wconf 93' lang='lat' dir='ltr'>et</span> <span class='ocrx_word' id='word_1_387' title='bbox 1461 260 1520 292; x_wconf 91' lang='lat' dir='ltr'>alii</span> <span class='ocrx_word' id='word_1_388' title='bbox 1547 258 1595 303; x_wconf 87' lang='lat' dir='ltr'>pii</span> <span class='ocrx_word' id='word_1_389' title='bbox 1619 264 1748 291; x_wconf 90' lang='lat' dir='ltr'>norant</span> <span class='ocrx_word' id='word_1_390' title='bbox 1772 270 1846 290; x_wconf 87' lang='lat' dir='ltr'>eam</span> <span class='ocrx_word' id='word_1_391' title='bbox 1874 264 1983 291; x_wconf 84' lang='lat' dir='ltr'>ratam</span> <span class='ocrx_word' id='word_1_392' title='bbox 2008 265 2041 292; x_wconf 88' lang='lat' dir='ltr'>et</span> <span class='ocrx_word' id='word_1_393' title='bbox 2063 260 2199 293; x_wconf 86' lang='lat' dir='ltr'>firmam</span> 
     </span>
     <span class='ocr_line' id='line_1_60' title="bbox 1217 309 2201 355; baseline 0.002 -13"><span class='ocrx_word' id='word_1_394' title='bbox 1217 321 1307 350; x_wconf 87' lang='lat' dir='ltr'>esse,</span> <span class='ocrx_word' id='word_1_395' title='bbox 1349 311 1575 355; x_wconf 87' lang='lat' dir='ltr'>sciebantque</span> <span class='ocrx_word' id='word_1_396' title='bbox 1600 309 1852 353; x_wconf 82' lang='lat' dir='ltr'>promissiones</span> <span class='ocrx_word' id='word_1_397' title='bbox 1875 309 2052 342; x_wconf 88' lang='lat' dir='ltr'>bonorum</span> <span class='ocrx_word' id='word_1_398' title='bbox 2076 322 2201 354; x_wconf 90' lang='lat' dir='ltr'>corpo-</span> 
     </span>
     <span class='ocr_line' id='line_1_61' title="bbox 1216 359 2200 405; baseline 0 -12"><span class='ocrx_word' id='word_1_399' title='bbox 1216 361 1344 393; x_wconf 83' lang='lat' dir='ltr'>ralium</span> <span class='ocrx_word' id='word_1_400' title='bbox 1371 361 1619 405; x_wconf 82' lang='lat' dir='ltr'>intelligendas</span> <span class='ocrx_word' id='word_1_401' title='bbox 1645 371 1717 393; x_wconf 88' lang='lat' dir='ltr'>esse</span> <span class='ocrx_word' id='word_1_402' title='bbox 1738 372 1816 392; x_wconf 91' lang='lat' dir='ltr'>cum</span> <span class='ocrx_word' id='word_1_403' title='bbox 1835 359 2038 403; x_wconf 86' lang='lat' dir='ltr'>exceptione</span> <span class='ocrx_word' id='word_1_404' title='bbox 2057 361 2200 403; x_wconf 84' lang='lat' dir='ltr'>castiga-</span> 
     </span>
     <span class='ocr_line' id='line_1_62' title="bbox 1216 409 2203 455; baseline -0.001 -10"><span class='ocrx_word' id='word_1_405' title='bbox 1216 412 1324 445; x_wconf 90' lang='lat' dir='ltr'>tionis</span> <span class='ocrx_word' id='word_1_406' title='bbox 1347 419 1379 445; x_wconf 90' lang='lat' dir='ltr'>et</span> <span class='ocrx_word' id='word_1_407' title='bbox 1405 414 1536 455; x_wconf 81' lang='lat' dir='ltr'>crucis,</span> <span class='ocrx_word' id='word_1_408' title='bbox 1570 418 1608 445; x_wconf 91' lang='lat' dir='ltr'>ut</span> <span class='ocrx_word' id='word_1_409' title='bbox 1632 410 1792 443; x_wconf 90' lang='lat' dir='ltr'>Psalmus</span> <span class='ocrx_word' id='word_1_410' title='bbox 1820 411 1922 443; x_wconf 89' lang='lat' dir='ltr'>dicit:</span> <span class='ocrx_word' id='word_1_411' title='bbox 1960 409 2120 444; x_wconf 89' lang='lat' dir='ltr'>Visitabo</span> <span class='ocrx_word' id='word_1_412' title='bbox 2144 422 2203 444; x_wconf 89' lang='lat' dir='ltr'>eos</span> 
     </span>
     <span class='ocr_line' id='line_1_63' title="bbox 1218 462 2204 505; baseline 0 -11"><span class='ocrx_word' id='word_1_413' title='bbox 1218 462 1253 494; x_wconf 90' lang='lat' dir='ltr'>in</span> <span class='ocrx_word' id='word_1_414' title='bbox 1276 463 1391 505; x_wconf 72' lang='lat' dir='ltr'>virga,</span> <span class='ocrx_word' id='word_1_415' title='bbox 1426 462 1709 496; x_wconf 87' lang='lat' dir='ltr'>Misericordiam</span> <span class='ocrx_word' id='word_1_416' title='bbox 1732 469 1846 494; x_wconf 89' lang='lat' dir='ltr'>autem</span> <span class='ocrx_word' id='word_1_417' title='bbox 1872 473 1984 493; x_wconf 90' lang='lat' dir='ltr'>meam</span> <span class='ocrx_word' id='word_1_418' title='bbox 2008 473 2080 494; x_wconf 93' lang='lat' dir='ltr'>non</span> <span class='ocrx_word' id='word_1_419' title='bbox 2106 473 2204 494; x_wconf 90' lang='lat' dir='ltr'>amo-</span> 
     </span>
     <span class='ocr_line' id='line_1_64' title="bbox 1218 512 2203 557; baseline -0.001 -12"><span class='ocrx_word' id='word_1_420' title='bbox 1218 514 1307 546; x_wconf 87' lang='lat' dir='ltr'>vebo</span> <span class='ocrx_word' id='word_1_421' title='bbox 1334 514 1377 546; x_wconf 87' lang='lat' dir='ltr'>ab</span> <span class='ocrx_word' id='word_1_422' title='bbox 1401 513 1461 548; x_wconf 85' lang='lat' dir='ltr'>eis.</span> <span class='ocrx_word' id='word_1_423' title='bbox 1510 512 1711 557; x_wconf 85' lang='lat' dir='ltr'>Respondit</span> <span class='ocrx_word' id='word_1_424' title='bbox 1732 519 1877 545; x_wconf 89' lang='lat' dir='ltr'>eventus</span> <span class='ocrx_word' id='word_1_425' title='bbox 1894 512 2117 555; x_wconf 88' lang='lat' dir='ltr'>promissioni</span> <span class='ocrx_word' id='word_1_426' title='bbox 2135 512 2203 544; x_wconf 91' lang='lat' dir='ltr'>mi-</span> 
     </span>
    </p>
   </div>
   <div class='ocr_carea' id='block_1_11' title="bbox 1192 561 2204 607">
    <p class='ocr_par' dir='ltr' id='par_1_14' title="bbox 1192 561 2204 607">
     <span class='ocr_line' id='line_1_65' title="bbox 1192 561 2204 607; baseline -0.001 -10"><span class='ocrx_word' id='word_1_427' title='bbox 1192 577 1193 597; x_wconf 59' lang='lat' dir='ltr'><em>z</em></span> <span class='ocrx_word' id='word_1_428' title='bbox 1218 564 1397 604; x_wconf 85' lang='lat' dir='ltr'>rabiliter,</span> <span class='ocrx_word' id='word_1_429' title='bbox 1421 575 1494 596; x_wconf 89' lang='lat' dir='ltr'>non</span> <span class='ocrx_word' id='word_1_430' title='bbox 1511 571 1548 597; x_wconf 92' lang='lat' dir='ltr'>ut</span> <span class='ocrx_word' id='word_1_431' title='bbox 1565 561 1719 597; x_wconf 90' lang='lat' dir='ltr'>humana</span> <span class='ocrx_word' id='word_1_432' title='bbox 1737 563 1942 607; x_wconf 86' lang='lat' dir='ltr'>imaginatio</span> <span class='ocrx_word' id='word_1_433' title='bbox 1961 562 2204 603; x_wconf 87' lang='lat' dir='ltr'>ratiocinatur,</span> 
     </span>
    </p>
   </div>
   <div class='ocr_carea' id='block_1_12' title="bbox 1218 612 2204 1014">
    <p class='ocr_par' dir='ltr' id='par_1_15' title="bbox 1218 612 2204 1014">
     <span class='ocr_line' id='line_1_66' title="bbox 1219 612 2201 658; baseline -0.001 -11"><span class='ocrx_word' id='word_1_434' title='bbox 1219 614 1387 648; x_wconf 87' lang='lat' dir='ltr'>Servatur</span> <span class='ocrx_word' id='word_1_435' title='bbox 1411 614 1504 647; x_wconf 90' lang='lat' dir='ltr'>enim</span> <span class='ocrx_word' id='word_1_436' title='bbox 1526 612 1584 647; x_wconf 85' lang='lat' dir='ltr'>hic</span> <span class='ocrx_word' id='word_1_437' title='bbox 1607 615 1758 658; x_wconf 91' lang='lat' dir='ltr'>populus</span> <span class='ocrx_word' id='word_1_438' title='bbox 1780 615 1816 646; x_wconf 91' lang='lat' dir='ltr'>in</span> <span class='ocrx_word' id='word_1_439' title='bbox 1842 614 1917 658; x_wconf 90' lang='lat' dir='ltr'>ipso</span> <span class='ocrx_word' id='word_1_440' title='bbox 1940 614 2062 652; x_wconf 87' lang='lat' dir='ltr'>exilio,</span> <span class='ocrx_word' id='word_1_441' title='bbox 2098 621 2129 647; x_wconf 89' lang='lat' dir='ltr'>et</span> <span class='ocrx_word' id='word_1_442' title='bbox 2153 614 2201 646; x_wconf 90' lang='lat' dir='ltr'>ibi</span> 
     </span>
     <span class='ocr_line' id='line_1_67' title="bbox 1219 665 2204 709; baseline 0.001 -12"><span class='ocrx_word' id='word_1_443' title='bbox 1219 677 1344 708; x_wconf 84' lang='lat' dir='ltr'>magna</span> <span class='ocrx_word' id='word_1_444' title='bbox 1369 665 1480 708; x_wconf 86' lang='lat' dir='ltr'>gloria</span> <span class='ocrx_word' id='word_1_445' title='bbox 1502 671 1667 703; x_wconf 88' lang='lat' dir='ltr'>ornatur,</span> <span class='ocrx_word' id='word_1_446' title='bbox 1696 672 1728 698; x_wconf 92' lang='lat' dir='ltr'>et</span> <span class='ocrx_word' id='word_1_447' title='bbox 1751 673 1868 709; x_wconf 88' lang='lat' dir='ltr'>postea</span> <span class='ocrx_word' id='word_1_448' title='bbox 1888 665 2068 698; x_wconf 85' lang='lat' dir='ltr'>reducitur</span> <span class='ocrx_word' id='word_1_449' title='bbox 2083 666 2125 698; x_wconf 89' lang='lat' dir='ltr'>ad</span> <span class='ocrx_word' id='word_1_450' title='bbox 2143 677 2204 698; x_wconf 94' lang='lat' dir='ltr'>ur-</span> 
     </span>
     <span class='ocr_line' id='line_1_68' title="bbox 1218 715 2204 760; baseline -0.001 -11"><span class='ocrx_word' id='word_1_451' title='bbox 1218 716 1274 750; x_wconf 88' lang='lat' dir='ltr'>bis</span> <span class='ocrx_word' id='word_1_452' title='bbox 1297 723 1329 750; x_wconf 88' lang='lat' dir='ltr'>et</span> <span class='ocrx_word' id='word_1_453' title='bbox 1351 716 1473 760; x_wconf 90' lang='lat' dir='ltr'>templi</span> <span class='ocrx_word' id='word_1_454' title='bbox 1498 716 1796 749; x_wconf 86' lang='lat' dir='ltr'>restaurationem.</span> <span class='ocrx_word' id='word_1_455' title='bbox 1857 715 1928 749; x_wconf 88' lang='lat' dir='ltr'>Nec</span> <span class='ocrx_word' id='word_1_456' title='bbox 1952 716 2070 748; x_wconf 85' lang='lat' dir='ltr'>minus</span> <span class='ocrx_word' id='word_1_457' title='bbox 2096 716 2204 748; x_wconf 85' lang='lat' dir='ltr'>mira-</span> 
     </span>
     <span class='ocr_line' id='line_1_69' title="bbox 1219 767 2202 812; baseline -0.001 -12"><span class='ocrx_word' id='word_1_458' title='bbox 1219 767 1336 800; x_wconf 90' lang='lat' dir='ltr'>culum</span> <span class='ocrx_word' id='word_1_459' title='bbox 1353 774 1402 800; x_wconf 90' lang='lat' dir='ltr'>est</span> <span class='ocrx_word' id='word_1_460' title='bbox 1421 767 1627 799; x_wconf 87' lang='lat' dir='ltr'>instauratio</span> <span class='ocrx_word' id='word_1_461' title='bbox 1645 767 1705 799; x_wconf 90' lang='lat' dir='ltr'>illa</span> <span class='ocrx_word' id='word_1_462' title='bbox 1723 767 1894 809; x_wconf 87' lang='lat' dir='ltr'>collapsae</span> <span class='ocrx_word' id='word_1_463' title='bbox 1912 767 2072 811; x_wconf 83' lang='lat' dir='ltr'>politiae,</span> <span class='ocrx_word' id='word_1_464' title='bbox 2097 778 2202 812; x_wconf 88' lang='lat' dir='ltr'>quam</span> 
     </span>
     <span class='ocr_line' id='line_1_70' title="bbox 1219 815 2204 863; baseline 0 -13"><span class='ocrx_word' id='word_1_465' title='bbox 1219 818 1285 850; x_wconf 81' lang='lat' dir='ltr'>fuit</span> <span class='ocrx_word' id='word_1_466' title='bbox 1308 818 1446 851; x_wconf 88' lang='lat' dir='ltr'>eductio</span> <span class='ocrx_word' id='word_1_467' title='bbox 1472 818 1591 862; x_wconf 89' lang='lat' dir='ltr'>populi</span> <span class='ocrx_word' id='word_1_468' title='bbox 1619 830 1659 850; x_wconf 78' lang='lat' dir='ltr'>ex</span> <span class='ocrx_word' id='word_1_469' title='bbox 1681 815 1851 863; x_wconf 80' lang='lat' dir='ltr'>AegyptO.</span> <span class='ocrx_word' id='word_1_470' title='bbox 1918 817 2112 862; x_wconf 85' lang='lat' dir='ltr'>Monetque</span> <span class='ocrx_word' id='word_1_471' title='bbox 2137 815 2204 851; x_wconf 89' lang='lat' dir='ltr'>hoc</span> 
     </span>
     <span class='ocr_line' id='line_1_71' title="bbox 1220 868 2203 913; baseline -0.002 -11"><span class='ocrx_word' id='word_1_472' title='bbox 1220 869 1333 911; x_wconf 78' lang='lat' dir='ltr'>ipsum</span> <span class='ocrx_word' id='word_1_473' title='bbox 1374 870 1592 912; x_wconf 83' lang='lat' dir='ltr'>exemplum,</span> <span class='ocrx_word' id='word_1_474' title='bbox 1630 870 1808 913; x_wconf 88' lang='lat' dir='ltr'>quomodo</span> <span class='ocrx_word' id='word_1_475' title='bbox 1847 868 2096 911; x_wconf 86' lang='lat' dir='ltr'>intelligendae</span> <span class='ocrx_word' id='word_1_476' title='bbox 2133 869 2203 901; x_wconf 89' lang='lat' dir='ltr'>sint</span> 
     </span>
     <span class='ocr_line' id='line_1_72' title="bbox 1222 920 2202 963; baseline -0.001 -11"><span class='ocrx_word' id='word_1_477' title='bbox 1222 920 1468 963; x_wconf 86' lang='lat' dir='ltr'>promissiones</span> <span class='ocrx_word' id='word_1_478' title='bbox 1492 920 1728 963; x_wconf 82' lang='lat' dir='ltr'>corporalium</span> <span class='ocrx_word' id='word_1_479' title='bbox 1752 920 1947 957; x_wconf 90' lang='lat' dir='ltr'>bonorum,</span> <span class='ocrx_word' id='word_1_480' title='bbox 1977 926 2011 953; x_wconf 90' lang='lat' dir='ltr'>et</span> <span class='ocrx_word' id='word_1_481' title='bbox 2033 932 2112 952; x_wconf 92' lang='lat' dir='ltr'>cum</span> <span class='ocrx_word' id='word_1_482' title='bbox 2129 931 2202 951; x_wconf 92' lang='lat' dir='ltr'>non</span> 
     </span>
     <span class='ocr_line' id='line_1_73' title="bbox 1219 967 2204 1014; baseline -0.001 -11"><span class='ocrx_word' id='word_1_483' title='bbox 1219 972 1284 1003; x_wconf 92' lang='lat' dir='ltr'>isto</span> <span class='ocrx_word' id='word_1_484' title='bbox 1316 972 1419 1004; x_wconf 89' lang='lat' dir='ltr'>modo</span> <span class='ocrx_word' id='word_1_485' title='bbox 1449 977 1689 1014; x_wconf 87' lang='lat' dir='ltr'>praestentur,</span> <span class='ocrx_word' id='word_1_486' title='bbox 1725 982 1828 1014; x_wconf 88' lang='lat' dir='ltr'>quem</span> <span class='ocrx_word' id='word_1_487' title='bbox 1852 967 2006 1002; x_wconf 89' lang='lat' dir='ltr'>humana</span> <span class='ocrx_word' id='word_1_488' title='bbox 2032 970 2204 1013; x_wconf 85' lang='lat' dir='ltr'>imagina-</span> 
     </span>
    </p>
   </div>
   <div class='ocr_carea' id='block_1_13' title="bbox 1193 1021 2205 1066">
    <p class='ocr_par' dir='ltr' id='par_1_16' title="bbox 1193 1021 2205 1066">
     <span class='ocr_line' id='line_1_74' title="bbox 1193 1021 2205 1066; baseline -0.002 -11"><span class='ocrx_word' id='word_1_489' title='bbox 1193 1040 1195 1047; x_wconf 62' lang='grc' dir='ltr'><strong><em>ι</em></strong></span> <span class='ocrx_word' id='word_1_490' title='bbox 1220 1022 1267 1055; x_wconf 89' lang='lat' dir='ltr'>tio</span> <span class='ocrx_word' id='word_1_491' title='bbox 1289 1022 1476 1066; x_wconf 86' lang='lat' dir='ltr'>prospicit,</span> <span class='ocrx_word' id='word_1_492' title='bbox 1501 1022 1567 1054; x_wconf 89' lang='lat' dir='ltr'>fide</span> <span class='ocrx_word' id='word_1_493' title='bbox 1587 1022 1816 1064; x_wconf 89' lang='lat' dir='ltr'>expectandas</span> <span class='ocrx_word' id='word_1_494' title='bbox 1833 1032 1923 1062; x_wconf 91' lang='lat' dir='ltr'>esse,</span> <span class='ocrx_word' id='word_1_495' title='bbox 1950 1028 1989 1054; x_wconf 90' lang='lat' dir='ltr'>nt</span> <span class='ocrx_word' id='word_1_496' title='bbox 2005 1021 2089 1053; x_wconf 89' lang='lat' dir='ltr'>fides</span> <span class='ocrx_word' id='word_1_497' title='bbox 2108 1032 2205 1054; x_wconf 85' lang='lat' dir='ltr'>exer-</span> 
     </span>
    </p>
   </div>
   <div class='ocr_carea' id='block_1_14' title="bbox 1218 1072 2206 1928">
    <p class='ocr_par' dir='ltr' id='par_1_17' title="bbox 1218 1072 2206 1510">
     <span class='ocr_line' id='line_1_75' title="bbox 1219 1072 2205 1116; baseline 0 -11"><span class='ocrx_word' id='word_1_498' title='bbox 1219 1079 1354 1113; x_wconf 86' lang='lat' dir='ltr'>ceatur,</span> <span class='ocrx_word' id='word_1_499' title='bbox 1382 1079 1414 1105; x_wconf 88' lang='lat' dir='ltr'>et</span> <span class='ocrx_word' id='word_1_500' title='bbox 1438 1079 1565 1105; x_wconf 89' lang='lat' dir='ltr'>crescat</span> <span class='ocrx_word' id='word_1_501' title='bbox 1591 1072 1628 1104; x_wconf 88' lang='lat' dir='ltr'>in</span> <span class='ocrx_word' id='word_1_502' title='bbox 1653 1078 1803 1116; x_wconf 85' lang='lat' dir='ltr'>utroque</span> <span class='ocrx_word' id='word_1_503' title='bbox 1819 1083 1966 1113; x_wconf 82' lang='lat' dir='ltr'>genere,</span> <span class='ocrx_word' id='word_1_504' title='bbox 1993 1072 2030 1104; x_wconf 88' lang='lat' dir='ltr'>in</span> <span class='ocrx_word' id='word_1_505' title='bbox 2047 1078 2205 1116; x_wconf 83' lang='lat' dir='ltr'>expecta-</span> 
     </span>
     <span class='ocr_line' id='line_1_76' title="bbox 1219 1123 2205 1167; baseline 0 -11"><span class='ocrx_word' id='word_1_506' title='bbox 1219 1124 1314 1156; x_wconf 88' lang='lat' dir='ltr'>tione</span> <span class='ocrx_word' id='word_1_507' title='bbox 1338 1130 1498 1157; x_wconf 86' lang='lat' dir='ltr'>aeternae</span> <span class='ocrx_word' id='word_1_508' title='bbox 1515 1123 1636 1155; x_wconf 84' lang='lat' dir='ltr'>salutis</span> <span class='ocrx_word' id='word_1_509' title='bbox 1653 1129 1685 1156; x_wconf 86' lang='lat' dir='ltr'>et</span> <span class='ocrx_word' id='word_1_510' title='bbox 1702 1123 1941 1166; x_wconf 87' lang='lat' dir='ltr'>expectatione</span> <span class='ocrx_word' id='word_1_511' title='bbox 1956 1123 2205 1167; x_wconf 86' lang='lat' dir='ltr'>corporalium.</span> 
     </span>
     <span class='ocr_line' id='line_1_77' title="bbox 1222 1173 2204 1219; baseline -0.001 -13"><span class='ocrx_word' id='word_1_512' title='bbox 1222 1173 1303 1206; x_wconf 87' lang='lat' dir='ltr'>Ideo</span> <span class='ocrx_word' id='word_1_513' title='bbox 1332 1175 1465 1219; x_wconf 88' lang='lat' dir='ltr'>inquit:</span> <span class='ocrx_word' id='word_1_514' title='bbox 1501 1173 1641 1206; x_wconf 88' lang='lat' dir='ltr'>Bonum</span> <span class='ocrx_word' id='word_1_515' title='bbox 1674 1180 1723 1208; x_wconf 85' lang='lat' dir='ltr'>est</span> <span class='ocrx_word' id='word_1_516' title='bbox 1749 1180 1928 1217; x_wconf 78' lang='lat' dir='ltr'>expectare</span> <span class='ocrx_word' id='word_1_517' title='bbox 1955 1186 2033 1206; x_wconf 90' lang='lat' dir='ltr'>cum</span> <span class='ocrx_word' id='word_1_518' title='bbox 2063 1173 2204 1206; x_wconf 88' lang='lat' dir='ltr'>silentio</span> 
     </span>
     <span class='ocr_line' id='line_1_78' title="bbox 1220 1222 2206 1258; baseline -0.002 0"><span class='ocrx_word' id='word_1_519' title='bbox 1220 1225 1370 1258; x_wconf 84' lang='lat' dir='ltr'>salutare</span> <span class='ocrx_word' id='word_1_520' title='bbox 1395 1224 1552 1258; x_wconf 88' lang='lat' dir='ltr'>Domini.</span> <span class='ocrx_word' id='word_1_521' title='bbox 1613 1224 1738 1258; x_wconf 81' lang='lat' dir='ltr'>Servat</span> <span class='ocrx_word' id='word_1_522' title='bbox 1759 1224 1855 1256; x_wconf 87' lang='lat' dir='ltr'>Deus</span> <span class='ocrx_word' id='word_1_523' title='bbox 1878 1231 1912 1258; x_wconf 91' lang='lat' dir='ltr'>et</span> <span class='ocrx_word' id='word_1_524' title='bbox 1934 1224 2062 1258; x_wconf 86' lang='lat' dir='ltr'>liberat</span> <span class='ocrx_word' id='word_1_525' title='bbox 2083 1222 2206 1257; x_wconf 89' lang='lat' dir='ltr'>Eccle-</span> 
     </span>
     <span class='ocr_line' id='line_1_79' title="bbox 1219 1273 2206 1319; baseline -0.002 -11"><span class='ocrx_word' id='word_1_526' title='bbox 1219 1276 1324 1315; x_wconf 88' lang='lat' dir='ltr'>siam,</span> <span class='ocrx_word' id='word_1_527' title='bbox 1352 1277 1410 1308; x_wconf 88' lang='lat' dir='ltr'>sed</span> <span class='ocrx_word' id='word_1_528' title='bbox 1437 1288 1509 1308; x_wconf 91' lang='lat' dir='ltr'>non</span> <span class='ocrx_word' id='word_1_529' title='bbox 1537 1275 1611 1308; x_wconf 87' lang='lat' dir='ltr'>istis</span> <span class='ocrx_word' id='word_1_530' title='bbox 1636 1275 1766 1315; x_wconf 92' lang='lat' dir='ltr'>modis,</span> <span class='ocrx_word' id='word_1_531' title='bbox 1793 1287 1881 1319; x_wconf 88' lang='lat' dir='ltr'>quos</span> <span class='ocrx_word' id='word_1_532' title='bbox 1904 1273 2059 1308; x_wconf 89' lang='lat' dir='ltr'>humana</span> <span class='ocrx_word' id='word_1_533' title='bbox 2081 1274 2206 1317; x_wconf 83' lang='lat' dir='ltr'>imagi—</span> 
     </span>
     <span class='ocr_line' id='line_1_80' title="bbox 1219 1323 2205 1370; baseline -0.002 -11"><span class='ocrx_word' id='word_1_534' title='bbox 1219 1327 1314 1359; x_wconf 87' lang='lat' dir='ltr'>natio</span> <span class='ocrx_word' id='word_1_535' title='bbox 1342 1327 1527 1370; x_wconf 88' lang='lat' dir='ltr'>prospicit,</span> <span class='ocrx_word' id='word_1_536' title='bbox 1555 1332 1593 1359; x_wconf 90' lang='lat' dir='ltr'>ut</span> <span class='ocrx_word' id='word_1_537' title='bbox 1617 1338 1711 1358; x_wconf 89' lang='lat' dir='ltr'>nunc</span> <span class='ocrx_word' id='word_1_538' title='bbox 1736 1326 1950 1368; x_wconf 83' lang='lat' dir='ltr'>cogitamus,</span> <span class='ocrx_word' id='word_1_539' title='bbox 1984 1323 2049 1358; x_wconf 86' lang='lat' dir='ltr'>¹nos</span> <span class='ocrx_word' id='word_1_540' title='bbox 2072 1325 2205 1369; x_wconf 90' lang='lat' dir='ltr'>princi-</span> 
     </span>
     <span class='ocr_line' id='line_1_81' title="bbox 2098 1375 2204 1409; baseline -0.009 0"><span class='ocrx_word' id='word_1_541' title='bbox 2098 1375 2204 1409; x_wconf 90' lang='lat' dir='ltr'>Tales</span> 
     </span>
     <span class='ocr_line' id='line_1_82' title="bbox 1219 1425 2204 1470; baseline 0.001 -12"><span class='ocrx_word' id='word_1_542' title='bbox 1219 1427 1486 1469; x_wconf 81' lang='lat' dir='ltr'>imaginationes</span> <span class='ocrx_word' id='word_1_543' title='bbox 1511 1438 1613 1470; x_wconf 85' lang='lat' dir='ltr'>saepe</span> <span class='ocrx_word' id='word_1_544' title='bbox 1642 1427 1842 1459; x_wconf 75' lang='lat' dir='ltr'>fefellerunt</span> <span class='ocrx_word' id='word_1_545' title='bbox 1873 1425 2066 1468; x_wconf 70' lang='lat' dir='ltr'>Israelitas,</span> <span class='ocrx_word' id='word_1_546' title='bbox 2103 1438 2204 1470; x_wconf 90' lang='lat' dir='ltr'>saepe</span> 
     </span>
     <span class='ocr_line' id='line_1_83' title="bbox 1218 1477 1884 1510; baseline -0.002 0"><span class='ocrx_word' id='word_1_547' title='bbox 1218 1478 1347 1510; x_wconf 78' lang='lat' dir='ltr'>fallunt</span> <span class='ocrx_word' id='word_1_548' title='bbox 1367 1484 1398 1510; x_wconf 90' lang='lat' dir='ltr'>et</span> <span class='ocrx_word' id='word_1_549' title='bbox 1415 1478 1500 1510; x_wconf 88' lang='lat' dir='ltr'>alios</span> <span class='ocrx_word' id='word_1_550' title='bbox 1518 1478 1683 1509; x_wconf 90' lang='lat' dir='ltr'>omnibus</span> <span class='ocrx_word' id='word_1_551' title='bbox 1702 1477 1884 1510; x_wconf 85' lang='lat' dir='ltr'>aetatibus.</span> 
     </span>
    </p>

    <p class='ocr_par' dir='ltr' id='par_1_18' title="bbox 1219 1524 2205 1928">
     <span class='ocr_line' id='line_1_84' title="bbox 1322 1524 2204 1566; baseline -0.001 -5"><span class='ocrx_word' id='word_1_552' title='bbox 1322 1528 1441 1561; x_wconf 87' lang='lat' dir='ltr'>Tertia</span> <span class='ocrx_word' id='word_1_553' title='bbox 1473 1528 1666 1560; x_wconf 89' lang='lat' dir='ltr'>consolatio</span> <span class='ocrx_word' id='word_1_554' title='bbox 1699 1534 1811 1560; x_wconf 89' lang='lat' dir='ltr'>sumta</span> <span class='ocrx_word' id='word_1_555' title='bbox 1841 1534 1891 1560; x_wconf 88' lang='lat' dir='ltr'>est</span> <span class='ocrx_word' id='word_1_556' title='bbox 1924 1528 1968 1560; x_wconf 88' lang='lat' dir='ltr'>ab</span> <span class='ocrx_word' id='word_1_557' title='bbox 1998 1524 2066 1560; x_wconf 88' lang='lat' dir='ltr'>hoc</span> <span class='ocrx_word' id='word_1_558' title='bbox 2095 1528 2204 1566; x_wconf 89' lang='lat' dir='ltr'>bono,</span> 
     </span>
     <span class='ocr_line' id='line_1_85' title="bbox 1219 1578 2205 1624; baseline -0.001 -12"><span class='ocrx_word' id='word_1_559' title='bbox 1219 1580 1312 1624; x_wconf 88' lang='lat' dir='ltr'>quod</span> <span class='ocrx_word' id='word_1_560' title='bbox 1336 1579 1513 1611; x_wconf 84' lang='lat' dir='ltr'>calamitas</span> <span class='ocrx_word' id='word_1_561' title='bbox 1538 1591 1609 1611; x_wconf 92' lang='lat' dir='ltr'>non</span> <span class='ocrx_word' id='word_1_562' title='bbox 1632 1578 1675 1611; x_wconf 88' lang='lat' dir='ltr'>sit</span> <span class='ocrx_word' id='word_1_563' title='bbox 1690 1579 1829 1621; x_wconf 89' lang='lat' dir='ltr'>signum</span> <span class='ocrx_word' id='word_1_564' title='bbox 1847 1578 2054 1612; x_wconf 88' lang='lat' dir='ltr'>abiectionis</span> <span class='ocrx_word' id='word_1_565' title='bbox 2072 1578 2205 1622; x_wconf 90' lang='lat' dir='ltr'>populi,</span> 
     </span>
     <span class='ocr_line' id='line_1_86' title="bbox 1219 1627 2203 1674; baseline 0 -12"><span class='ocrx_word' id='word_1_566' title='bbox 1219 1631 1277 1662; x_wconf 87' lang='lat' dir='ltr'>sed</span> <span class='ocrx_word' id='word_1_567' title='bbox 1303 1636 1353 1662; x_wconf 86' lang='lat' dir='ltr'>est</span> <span class='ocrx_word' id='word_1_568' title='bbox 1377 1629 1580 1662; x_wconf 83' lang='lat' dir='ltr'>exercitium</span> <span class='ocrx_word' id='word_1_569' title='bbox 1604 1629 1685 1662; x_wconf 85' lang='lat' dir='ltr'>fidei</span> <span class='ocrx_word' id='word_1_570' title='bbox 1710 1629 1786 1673; x_wconf 85' lang='lat' dir='ltr'>piis.</span> <span class='ocrx_word' id='word_1_571' title='bbox 1854 1627 1937 1662; x_wconf 90' lang='lat' dir='ltr'>Ideo</span> <span class='ocrx_word' id='word_1_572' title='bbox 1963 1629 2093 1674; x_wconf 88' lang='lat' dir='ltr'>inquit:</span> <span class='ocrx_word' id='word_1_573' title='bbox 2129 1628 2203 1662; x_wconf 83' lang='lat' dir='ltr'>Bo-</span> 
     </span>
     <span class='ocr_line' id='line_1_87' title="bbox 1220 1678 2204 1723; baseline 0.001 -11"><span class='ocrx_word' id='word_1_574' title='bbox 1220 1693 1303 1713; x_wconf 87' lang='lat' dir='ltr'>num</span> <span class='ocrx_word' id='word_1_575' title='bbox 1323 1686 1373 1713; x_wconf 89' lang='lat' dir='ltr'>est</span> <span class='ocrx_word' id='word_1_576' title='bbox 1387 1680 1463 1712; x_wconf 74' lang='lat' dir='ltr'>viro</span> <span class='ocrx_word' id='word_1_577' title='bbox 1481 1687 1621 1723; x_wconf 85' lang='lat' dir='ltr'>portare</span> <span class='ocrx_word' id='word_1_578' title='bbox 1636 1680 1755 1723; x_wconf 83' lang='lat' dir='ltr'>iugum</span> <span class='ocrx_word' id='word_1_579' title='bbox 1773 1680 1816 1712; x_wconf 91' lang='lat' dir='ltr'>ab</span> <span class='ocrx_word' id='word_1_580' title='bbox 1832 1680 2077 1714; x_wconf 87' lang='lat' dir='ltr'>adolescentia.</span> <span class='ocrx_word' id='word_1_581' title='bbox 2124 1678 2204 1713; x_wconf 88' lang='lat' dir='ltr'>Hu-</span> 
     </span>
     <span class='ocr_line' id='line_1_88' title="bbox 1219 1729 2204 1776; baseline 0 -13"><span class='ocrx_word' id='word_1_582' title='bbox 1219 1743 1320 1764; x_wconf 86' lang='lat' dir='ltr'>mana</span> <span class='ocrx_word' id='word_1_583' title='bbox 1346 1731 1493 1770; x_wconf 90' lang='lat' dir='ltr'>iudicia,</span> <span class='ocrx_word' id='word_1_584' title='bbox 1521 1743 1599 1764; x_wconf 88' lang='lat' dir='ltr'>cum</span> <span class='ocrx_word' id='word_1_585' title='bbox 1624 1731 1804 1764; x_wconf 90' lang='lat' dir='ltr'>intuenter</span> <span class='ocrx_word' id='word_1_586' title='bbox 1825 1729 2093 1776; x_wconf 81' lang='lat' dir='ltr'>Hierosolymae</span> <span class='ocrx_word' id='word_1_587' title='bbox 2111 1730 2204 1763; x_wconf 80' lang='lat' dir='ltr'>exci-</span> 
     </span>
     <span class='ocr_line' id='line_1_89' title="bbox 1219 1781 2204 1827; baseline 0 -13"><span class='ocrx_word' id='word_1_588' title='bbox 1219 1782 1337 1822; x_wconf 85' lang='lat' dir='ltr'>dium,</span> <span class='ocrx_word' id='word_1_589' title='bbox 1364 1794 1436 1814; x_wconf 91' lang='lat' dir='ltr'>non</span> <span class='ocrx_word' id='word_1_590' title='bbox 1463 1782 1565 1815; x_wconf 86' lang='lat' dir='ltr'>aliter</span> <span class='ocrx_word' id='word_1_591' title='bbox 1587 1782 1744 1815; x_wconf 88' lang='lat' dir='ltr'>sentiunt</span> <span class='ocrx_word' id='word_1_592' title='bbox 1769 1794 1873 1827; x_wconf 86' lang='lat' dir='ltr'>qUam</span> <span class='ocrx_word' id='word_1_593' title='bbox 1901 1783 1944 1815; x_wconf 90' lang='lat' dir='ltr'>de</span> <span class='ocrx_word' id='word_1_594' title='bbox 1960 1781 2089 1815; x_wconf 87' lang='lat' dir='ltr'>Troiae</span> <span class='ocrx_word' id='word_1_595' title='bbox 2114 1782 2204 1815; x_wconf 86' lang='lat' dir='ltr'>exci-</span> 
     </span>
     <span class='ocr_line' id='line_1_90' title="bbox 1220 1833 2204 1876; baseline 0 -11"><span class='ocrx_word' id='word_1_596' title='bbox 1220 1833 1292 1873; x_wconf 83' lang='lat' dir='ltr'>dio,</span> <span class='ocrx_word' id='word_1_597' title='bbox 1315 1833 1514 1866; x_wconf 84' lang='lat' dir='ltr'>existimant</span> <span class='ocrx_word' id='word_1_598' title='bbox 1529 1844 1601 1865; x_wconf 89' lang='lat' dir='ltr'>uno</span> <span class='ocrx_word' id='word_1_599' title='bbox 1618 1839 1649 1865; x_wconf 90' lang='lat' dir='ltr'>et</span> <span class='ocrx_word' id='word_1_600' title='bbox 1665 1834 1787 1865; x_wconf 90' lang='lat' dir='ltr'>eodem</span> <span class='ocrx_word' id='word_1_601' title='bbox 1804 1834 1909 1866; x_wconf 88' lang='lat' dir='ltr'>modo</span> <span class='ocrx_word' id='word_1_602' title='bbox 1927 1833 2073 1876; x_wconf 87' lang='lat' dir='ltr'>imperia</span> <span class='ocrx_word' id='word_1_603' title='bbox 2090 1844 2204 1873; x_wconf 86' lang='lat' dir='ltr'>ruere,</span> 
     </span>
     <span class='ocr_line' id='line_1_91' title="bbox 1219 1882 2202 1928; baseline -0.001 -12"><span class='ocrx_word' id='word_1_604' title='bbox 1219 1884 1273 1916; x_wconf 80' lang='lat' dir='ltr'>vel</span> <span class='ocrx_word' id='word_1_605' title='bbox 1294 1895 1392 1924; x_wconf 84' lang='lat' dir='ltr'>casu,</span> <span class='ocrx_word' id='word_1_606' title='bbox 1427 1884 1483 1915; x_wconf 83' lang='lat' dir='ltr'>vel</span> <span class='ocrx_word' id='word_1_607' title='bbox 1508 1883 1619 1916; x_wconf 89' lang='lat' dir='ltr'>causis</span> <span class='ocrx_word' id='word_1_608' title='bbox 1642 1884 1827 1924; x_wconf 77' lang='lat' dir='ltr'>fatalibus,</span> <span class='ocrx_word' id='word_1_609' title='bbox 1862 1884 1917 1916; x_wconf 77' lang='lat' dir='ltr'>vel</span> <span class='ocrx_word' id='word_1_610' title='bbox 1942 1884 2023 1928; x_wconf 86' lang='lat' dir='ltr'>quia</span> <span class='ocrx_word' id='word_1_611' title='bbox 2045 1882 2140 1917; x_wconf 90' lang='lat' dir='ltr'>Deus</span> <span class='ocrx_word' id='word_1_612' title='bbox 2163 1895 2202 1916; x_wconf 87' lang='lat' dir='ltr'>ea</span> 
     </span>
    </p>
   </div>
   <div class='ocr_carea' id='block_1_15' title="bbox 1192 1932 2202 1977">
    <p class='ocr_par' dir='ltr' id='par_1_19' title="bbox 1192 1932 2202 1977">
     <span class='ocr_line' id='line_1_92' title="bbox 1192 1932 2202 1977; baseline 0.001 -11"><span class='ocrx_word' id='word_1_613' title='bbox 1192 1939 1193 1946; x_wconf 65' lang='lat'>¹</span> <span class='ocrx_word' id='word_1_614' title='bbox 1219 1941 1368 1974; x_wconf 76' lang='lat' dir='ltr'>evertat,</span> <span class='ocrx_word' id='word_1_615' title='bbox 1403 1941 1439 1967; x_wconf 91' lang='lat' dir='ltr'>nt</span> <span class='ocrx_word' id='word_1_616' title='bbox 1467 1934 1621 1977; x_wconf 83' lang='lat' dir='ltr'>exempla</span> <span class='ocrx_word' id='word_1_617' title='bbox 1647 1934 1804 1967; x_wconf 86' lang='lat' dir='ltr'>iusticiae</span> <span class='ocrx_word' id='word_1_618' title='bbox 1827 1946 1908 1967; x_wconf 88' lang='lat' dir='ltr'>suae</span> <span class='ocrx_word' id='word_1_619' title='bbox 1932 1935 2104 1968; x_wconf 88' lang='lat' dir='ltr'>ostendat.</span> <span class='ocrx_word' id='word_1_620' title='bbox 2156 1932 2202 1967; x_wconf 85' lang='lat' dir='ltr'>Et</span> 
     </span>
    </p>
   </div>
   <div class='ocr_carea' id='block_1_16' title="bbox 1218 1982 2203 2436">
    <p class='ocr_par' dir='ltr' id='par_1_20' title="bbox 1218 1982 2203 2078">
     <span class='ocr_line' id='line_1_93' title="bbox 1218 1982 2203 2029; baseline 0.001 -11"><span class='ocrx_word' id='word_1_621' title='bbox 1218 1987 1346 2018; x_wconf 84' lang='lat' dir='ltr'>fatetur</span> <span class='ocrx_word' id='word_1_622' title='bbox 1370 1984 1533 2017; x_wconf 89' lang='lat' dir='ltr'>Ieremias</span> <span class='ocrx_word' id='word_1_623' title='bbox 1565 1982 1655 2017; x_wconf 89' lang='lat' dir='ltr'>hanc</span> <span class='ocrx_word' id='word_1_624' title='bbox 1685 1985 1915 2018; x_wconf 85' lang='lat' dir='ltr'>calamitatem</span> <span class='ocrx_word' id='word_1_625' title='bbox 1940 1996 2013 2017; x_wconf 90' lang='lat' dir='ltr'>esse</span> <span class='ocrx_word' id='word_1_626' title='bbox 2040 1997 2203 2029; x_wconf 87' lang='lat' dir='ltr'>poenam,</span> 
     </span>
     <span class='ocr_line' id='line_1_94' title="bbox 1218 2035 2003 2078; baseline 0 -9"><span class='ocrx_word' id='word_1_627' title='bbox 1218 2038 1277 2069; x_wconf 90' lang='lat' dir='ltr'>sed</span> <span class='ocrx_word' id='word_1_628' title='bbox 1298 2043 1411 2069; x_wconf 88' lang='lat' dir='ltr'>tamen</span> <span class='ocrx_word' id='word_1_629' title='bbox 1430 2043 1532 2078; x_wconf 89' lang='lat' dir='ltr'>negat</span> <span class='ocrx_word' id='word_1_630' title='bbox 1548 2035 1743 2077; x_wconf 78' lang='lat' dir='ltr'>significare</span> <span class='ocrx_word' id='word_1_631' title='bbox 1759 2036 2003 2069; x_wconf 87' lang='lat' dir='ltr'>abiectionem.</span> 
     </span>
    </p>

    <p class='ocr_par' dir='ltr' id='par_1_21' title="bbox 1218 2085 2202 2436">
     <span class='ocr_line' id='line_1_95' title="bbox 1319 2085 2202 2131; baseline 0.003 -13"><span class='ocrx_word' id='word_1_632' title='bbox 1319 2085 1387 2119; x_wconf 89' lang='lat' dir='ltr'>Hic</span> <span class='ocrx_word' id='word_1_633' title='bbox 1412 2086 1707 2131; x_wconf 87' lang='lat' dir='ltr'>promissionibus</span> <span class='ocrx_word' id='word_1_634' title='bbox 1730 2086 1973 2130; x_wconf 86' lang='lat' dir='ltr'>corporalibus</span> <span class='ocrx_word' id='word_1_635' title='bbox 1997 2087 2095 2121; x_wconf 89' lang='lat' dir='ltr'>addit</span> <span class='ocrx_word' id='word_1_636' title='bbox 2122 2099 2202 2131; x_wconf 92' lang='lat' dir='ltr'>pro-</span> 
     </span>
     <span class='ocr_line' id='line_1_96' title="bbox 1219 2137 2200 2182; baseline 0 -12"><span class='ocrx_word' id='word_1_637' title='bbox 1219 2138 1421 2171; x_wconf 87' lang='lat' dir='ltr'>missionem</span> <span class='ocrx_word' id='word_1_638' title='bbox 1450 2137 1579 2179; x_wconf 83' lang='lat' dir='ltr'>gratiae</span> <span class='ocrx_word' id='word_1_639' title='bbox 1592 2165 1600 2177; x_wconf 87' lang='lat'>,</span> <span class='ocrx_word' id='word_1_640' title='bbox 1628 2149 1715 2182; x_wconf 75' lang='lat' dir='ltr'>quae</span> <span class='ocrx_word' id='word_1_641' title='bbox 1733 2139 1907 2182; x_wconf 87' lang='lat' dir='ltr'>interpres</span> <span class='ocrx_word' id='word_1_642' title='bbox 1925 2145 1973 2171; x_wconf 89' lang='lat' dir='ltr'>est</span> <span class='ocrx_word' id='word_1_643' title='bbox 1990 2150 2200 2182; x_wconf 84' lang='lat' dir='ltr'>poenarum:</span> 
     </span>
     <span class='ocr_line' id='line_1_97' title="bbox 1219 2189 2200 2231; baseline 0 -9"><span class='ocrx_word' id='word_1_644' title='bbox 1219 2189 1393 2222; x_wconf 87' lang='lat' dir='ltr'>Punimur</span> <span class='ocrx_word' id='word_1_645' title='bbox 1416 2200 1487 2221; x_wconf 90' lang='lat' dir='ltr'>non</span> <span class='ocrx_word' id='word_1_646' title='bbox 1513 2195 1550 2220; x_wconf 90' lang='lat' dir='ltr'>ut</span> <span class='ocrx_word' id='word_1_647' title='bbox 1574 2200 1773 2231; x_wconf 87' lang='lat' dir='ltr'>pereamus,</span> <span class='ocrx_word' id='word_1_648' title='bbox 1799 2189 1856 2221; x_wconf 91' lang='lat' dir='ltr'>sed</span> <span class='ocrx_word' id='word_1_649' title='bbox 1880 2195 1918 2222; x_wconf 88' lang='lat' dir='ltr'>ut</span> <span class='ocrx_word' id='word_1_650' title='bbox 1936 2201 2140 2222; x_wconf 82' lang='lat' dir='ltr'>revocemur</span> <span class='ocrx_word' id='word_1_651' title='bbox 2158 2190 2200 2222; x_wconf 90' lang='lat' dir='ltr'>ad</span> 
     </span>
     <span class='ocr_line' id='line_1_98' title="bbox 1220 2236 2199 2283; baseline 0.001 -11"><span class='ocrx_word' id='word_1_652' title='bbox 1220 2241 1488 2283; x_wconf 69' lang='lat' dir='ltr'>poenitentiam,</span> <span class='ocrx_word' id='word_1_653' title='bbox 1541 2239 1628 2272; x_wconf 89' lang='lat' dir='ltr'>sicut</span> <span class='ocrx_word' id='word_1_654' title='bbox 1660 2236 1750 2271; x_wconf 85' lang='lat' dir='ltr'>banc</span> <span class='ocrx_word' id='word_1_655' title='bbox 1782 2239 1889 2283; x_wconf 76' lang='lat' dir='ltr'>ipsam</span> <span class='ocrx_word' id='word_1_656' title='bbox 1923 2240 2199 2273; x_wconf 85' lang='lat' dir='ltr'>consolationem</span> 
     </span>
     <span class='ocr_line' id='line_1_99' title="bbox 1218 2287 2201 2334; baseline -0.001 -11"><span class='ocrx_word' id='word_1_657' title='bbox 1218 2292 1314 2324; x_wconf 79' lang='lat' dir='ltr'>Deus</span> <span class='ocrx_word' id='word_1_658' title='bbox 1339 2292 1374 2322; x_wconf 88' lang='lat' dir='ltr'>in</span> <span class='ocrx_word' id='word_1_659' title='bbox 1395 2290 1562 2323; x_wconf 87' lang='lat' dir='ltr'>concione</span> <span class='ocrx_word' id='word_1_660' title='bbox 1582 2287 1777 2322; x_wconf 75' lang='lat' dir='ltr'>Ezechielis</span> <span class='ocrx_word' id='word_1_661' title='bbox 1796 2291 1979 2334; x_wconf 87' lang='lat' dir='ltr'>proposuit</span> <span class='ocrx_word' id='word_1_662' title='bbox 1998 2291 2128 2334; x_wconf 90' lang='lat' dir='ltr'>populo</span> <span class='ocrx_word' id='word_1_663' title='bbox 2147 2288 2201 2323; x_wconf 87' lang='lat' dir='ltr'>bis</span> 
     </span>
     <span class='ocr_line' id='line_1_100' title="bbox 1219 2341 2197 2384; baseline -0.001 -10"><span class='ocrx_word' id='word_1_664' title='bbox 1219 2342 1350 2374; x_wconf 67' lang='lat' dir='ltr'>verbis:</span> <span class='ocrx_word' id='word_1_665' title='bbox 1384 2341 1476 2373; x_wconf 72' lang='lat' dir='ltr'>Vivo</span> <span class='ocrx_word' id='word_1_666' title='bbox 1501 2352 1581 2383; x_wconf 85' lang='lat' dir='ltr'>eg0‚</span> <span class='ocrx_word' id='word_1_667' title='bbox 1617 2341 1699 2373; x_wconf 91' lang='lat' dir='ltr'>nolo</span> <span class='ocrx_word' id='word_1_668' title='bbox 1723 2348 1871 2374; x_wconf 88' lang='lat' dir='ltr'>mortem</span> <span class='ocrx_word' id='word_1_669' title='bbox 1896 2342 2104 2384; x_wconf 88' lang='lat' dir='ltr'>peccatoris,</span> <span class='ocrx_word' id='word_1_670' title='bbox 2139 2341 2197 2373; x_wconf 86' lang='lat' dir='ltr'>sed</span> 
     </span>
     <span class='ocr_line' id='line_1_101' title="bbox 1802 2391 2200 2436; baseline -0.005 -11"><span class='ocrx_word' id='word_1_671' title='bbox 1802 2393 2008 2426; x_wconf 76' lang='lat' dir='ltr'>Amittimus</span> <span class='ocrx_word' id='word_1_672' title='bbox 2040 2391 2200 2436; x_wconf 88' lang='lat' dir='ltr'>patriam,</span> 
     </span>
    </p>
   </div>
   <div class='ocr_carea' id='block_1_17' title="bbox 1190 2443 2199 2538">
    <p class='ocr_par' dir='ltr' id='par_1_22' title="bbox 1190 2443 2199 2538">
     <span class='ocr_line' id='line_1_102' title="bbox 1190 2443 2199 2487; baseline 0 -11"><span class='ocrx_word' id='word_1_673' title='bbox 1190 2451 1192 2465; x_wconf 62' lang='lat'>³</span> <span class='ocrx_word' id='word_1_674' title='bbox 1217 2445 1358 2483; x_wconf 83' lang='lat' dir='ltr'>domos,</span> <span class='ocrx_word' id='word_1_675' title='bbox 1381 2450 1412 2476; x_wconf 92' lang='lat' dir='ltr'>et</span> <span class='ocrx_word' id='word_1_676' title='bbox 1437 2443 1554 2475; x_wconf 90' lang='lat' dir='ltr'>omnia</span> <span class='ocrx_word' id='word_1_677' title='bbox 1576 2449 1779 2475; x_wconf 83' lang='lat' dir='ltr'>ornamenta</span> <span class='ocrx_word' id='word_1_678' title='bbox 1798 2443 1888 2476; x_wconf 79' lang='lat' dir='ltr'>vitae</span> <span class='ocrx_word' id='word_1_679' title='bbox 1906 2443 2112 2487; x_wconf 88' lang='lat' dir='ltr'>corporalis:</span> <span class='ocrx_word' id='word_1_680' title='bbox 2139 2444 2199 2476; x_wconf 90' lang='lat' dir='ltr'>sed</span> 
     </span>
     <span class='ocr_line' id='line_1_103' title="bbox 1190 2494 2197 2538; baseline 0.001 -12"><span class='ocrx_word' id='word_1_681' title='bbox 1190 2501 1191 2507; x_wconf 64' lang='lat'>¹</span> <span class='ocrx_word' id='word_1_682' title='bbox 1216 2507 1289 2527; x_wconf 88' lang='lat' dir='ltr'>non</span> <span class='ocrx_word' id='word_1_683' title='bbox 1315 2501 1497 2538; x_wconf 78' lang='lat' dir='ltr'>propterea</span> <span class='ocrx_word' id='word_1_684' title='bbox 1521 2500 1619 2537; x_wconf 89' lang='lat' dir='ltr'>putes</span> <span class='ocrx_word' id='word_1_685' title='bbox 1642 2494 1754 2526; x_wconf 84' lang='lat' dir='ltr'>amitti</span> <span class='ocrx_word' id='word_1_686' title='bbox 1770 2494 2037 2537; x_wconf 88' lang='lat' dir='ltr'>promissionem</span> <span class='ocrx_word' id='word_1_687' title='bbox 2056 2494 2197 2536; x_wconf 83' lang='lat' dir='ltr'>gratiae.</span> 
     </span>
    </p>
   </div>
   <div class='ocr_carea' id='block_1_18' title="bbox 1215 2544 2199 2741">
    <p class='ocr_par' dir='ltr' id='par_1_23' title="bbox 1215 2544 2199 2741">
     <span class='ocr_line' id='line_1_104' title="bbox 1215 2544 2199 2589; baseline 0.001 -11"><span class='ocrx_word' id='word_1_688' title='bbox 1215 2544 1310 2578; x_wconf 86' lang='lat' dir='ltr'>Haec</span> <span class='ocrx_word' id='word_1_689' title='bbox 1332 2545 1519 2589; x_wconf 86' lang='lat' dir='ltr'>promissio</span> <span class='ocrx_word' id='word_1_690' title='bbox 1545 2544 1752 2588; x_wconf 88' lang='lat' dir='ltr'>simpliciter</span> <span class='ocrx_word' id='word_1_691' title='bbox 1774 2545 1918 2577; x_wconf 85' lang='lat' dir='ltr'>immota</span> <span class='ocrx_word' id='word_1_692' title='bbox 1941 2551 2008 2582; x_wconf 86' lang='lat' dir='ltr'>est,</span> <span class='ocrx_word' id='word_1_693' title='bbox 2036 2556 2074 2577; x_wconf 93' lang='lat' dir='ltr'>ac</span> <span class='ocrx_word' id='word_1_694' title='bbox 2097 2545 2199 2579; x_wconf 90' lang='lat' dir='ltr'>docet</span> 
     </span>
     <span class='ocr_line' id='line_1_105' title="bbox 1216 2593 2198 2638; baseline -0.001 -9"><span class='ocrx_word' id='word_1_695' title='bbox 1216 2595 1475 2629; x_wconf 79' lang='lat' dir='ltr'>commonefieri</span> <span class='ocrx_word' id='word_1_696' title='bbox 1501 2608 1564 2629; x_wconf 92' lang='lat' dir='ltr'>nos</span> <span class='ocrx_word' id='word_1_697' title='bbox 1588 2593 1653 2628; x_wconf 91' lang='lat' dir='ltr'>hac</span> <span class='ocrx_word' id='word_1_698' title='bbox 1673 2595 1915 2638; x_wconf 85' lang='lat' dir='ltr'>castigatione,</span> <span class='ocrx_word' id='word_1_699' title='bbox 1942 2601 1981 2628; x_wconf 84' lang='lat' dir='ltr'>ut</span> <span class='ocrx_word' id='word_1_700' title='bbox 1999 2595 2041 2627; x_wconf 88' lang='lat' dir='ltr'>ad</span> <span class='ocrx_word' id='word_1_701' title='bbox 2060 2595 2198 2628; x_wconf 87' lang='lat' dir='ltr'>miseri-</span> 
     </span>
     <span class='ocr_line' id='line_1_106' title="bbox 1216 2645 2196 2689; baseline 0 -10"><span class='ocrx_word' id='word_1_702' title='bbox 1216 2647 1356 2680; x_wconf 87' lang='lat' dir='ltr'>cordiae</span> <span class='ocrx_word' id='word_1_703' title='bbox 1390 2646 1605 2689; x_wconf 84' lang='lat' dir='ltr'>agnitionem</span> <span class='ocrx_word' id='word_1_704' title='bbox 1645 2653 1676 2679; x_wconf 88' lang='lat' dir='ltr'>et</span> <span class='ocrx_word' id='word_1_705' title='bbox 1715 2645 1991 2686; x_wconf 85' lang='lat' dir='ltr'>invocationem,</span> <span class='ocrx_word' id='word_1_706' title='bbox 2032 2653 2065 2679; x_wconf 89' lang='lat' dir='ltr'>et</span> <span class='ocrx_word' id='word_1_707' title='bbox 2095 2658 2196 2679; x_wconf 83' lang='lat' dir='ltr'>veros</span> 
     </span>
     <span class='ocr_line' id='line_1_107' title="bbox 1216 2696 2198 2741; baseline -0.001 -10"><span class='ocrx_word' id='word_1_708' title='bbox 1216 2699 1330 2731; x_wconf 88' lang='lat' dir='ltr'>cultus</span> <span class='ocrx_word' id='word_1_709' title='bbox 1354 2700 1546 2732; x_wconf 75' lang='lat' dir='ltr'>redeamus.</span> <span class='ocrx_word' id='word_1_710' title='bbox 1600 2696 1676 2729; x_wconf 81' lang='lat' dir='ltr'>Hoc</span> <span class='ocrx_word' id='word_1_711' title='bbox 1700 2708 1776 2728; x_wconf 90' lang='lat' dir='ltr'>cum</span> <span class='ocrx_word' id='word_1_712' title='bbox 1798 2696 1964 2738; x_wconf 79' lang='lat' dir='ltr'>facimus,</span> <span class='ocrx_word' id='word_1_713' title='bbox 1990 2697 2198 2741; x_wconf 85' lang='lat' dir='ltr'>mitigantur</span> 
     </span>
    </p>
   </div>
  </div>
 </body>
</html>
