2379 2948
241 96 336 131 1079

240 193 257 214 a
281 180 357 214 Deo
381 185 523 223 propter
546 176 785 211 calamitatum
807 175 1101 219 magnitudinem.
1153 173 1226 208 De-

241 232 324 264 inde
349 236 519 276 quaerant
543 235 575 261 et
601 227 883 267 consolationes,
916 227 1051 269 erigant
1074 239 1108 259 se
1132 225 1226 267 cogi-

240 282 372 315 tatione
409 279 703 323 promissionum,
746 278 814 311 fide
842 284 876 311 et
904 278 1144 313 invocatione,
1188 282 1252 322 ut}

240 332 356 366 David
385 331 458 374 ipse
490 342 524 362 se
556 329 786 362 sustentabat.
846 326 1081 371 Experientur
1111 333 1225 359 autem

242 382 332 416 hanc
354 382 612 414 invocationem
632 392 702 411 non
722 391 794 412 esse
812 379 960 413 irritam.

376 493 712 538 Argumentum
748 501 799 523 ac
836 490 1094 534 dispositio

531 560 687 599 Psalmi
734 558 941 599 XXXIX.

294 645 389 678 Dixi·
421 641 629 675 custodiam
658 643 739 674 vias·
766 652 890 684 meas,
929 645 969 674 ut
994 651 1063 673 non
1087 650 1228 683 peccem

296 696 422 740 Iinyua
454 703 554 733 mea,
593 691 804 725 custodiam·
835 703 874 725 os
904 702 1024 725 meum
1051 693 1229 734 capistro,

297 745 382 779 dum
402 743 523 777 adhuc
543 745 679 786 impius
698 754 821 776 coram
843 754 898 775 me
915 747 983 775 est.

347 819 410 853 Est
442 825 474 851 et
505 815 562 850 hic
586 816 744 850 Psalmus
771 816 982 856 consolatio,
1019 817 1229 859 opponenda
1253 830 1254 834 ¹

246 870 410 905 scandalo
441 868 618 901 felicitatis
647 868 857 911 impiorum,
891 879 977 910 quos
1004 879 1082 899 cum
1107 865 1231 899 florere

245 921 349 955 multi
371 920 510 959 vident,
537 927 570 952 et
584 917 776 952 Ecclesiam
800 929 999 960 oppressam
1017 929 1089 950 esse
1107 918 1230 959 ingen·
1254 931 1256 970 Ξ
1284 940 1352 971 tur,
1378 940 1410 966 et
1425 939 1528 965 ruent
1545 933 1582 964 in
1597 939 1756 965 aeternas
1773 944 1913 975 poenas·

245 973 340 1007 tibus
373 970 541 1009 miseriis,
579 968 731 1011 cogitant
764 968 880 1011 potius
910 968 1010 1000 illum
1045 968 1229 1000 florentem
1254 980 1256 1010 ζ
1285 983 1371 1027 petit
1396 995 1431 1016 se
1449 983 1601 1023 erudiri,
1628 990 1666 1016 ut
1687 989 1852 1025 agnoscat
1869 980 1974 1015 huius
1994 983 2085 1015 vitae
2101 983 2270 1025 fugacita-

1138 1017 1231 1051 Huic
1254 1021 1255 1024 ’

246 1026 382 1056 coetum
400 1021 472 1054 Deo
490 1031 592 1052 curae
608 1030 696 1058 esse,
725 1030 830 1063 quam
846 1016 910 1050 hos
928 1018 1084 1051 miseros.

245 1071 461 1107 dubitationi
477 1071 607 1103 multae
624 1069 810 1102 conciones
820 1067 1098 1112 Prophetarum,
1125 1068 1231 1102 Chri-

245 1125 289 1157 sti
314 1130 346 1156 et
364 1121 619 1165 Apostolorum
642 1120 847 1157 medentur,
874 1131 963 1164 quae
979 1121 1104 1152 docent
1124 1132 1230 1164 quare

245 1173 437 1208 Ecclesiam
459 1171 495 1203 in
513 1169 576 1204 hac
594 1171 665 1203 vita
682 1170 778 1203 Deus
797 1170 879 1204 velit
896 1170 1016 1211 adfligi
1029 1197 1036 1209 ‚
1061 1177 1092 1203 et
1109 1170 1231 1203 iubent

245 1223 378 1268 duplici
397 1222 584 1255 collatione
601 1221 703 1253 leniri
720 1221 890 1255 dolorem.
929 1219 1032 1253 Prior
1047 1227 1108 1258 est,
1135 1222 1229 1264 quod

836 89 958 124 PHIL.
986 87 1100 124 MEL.
1129 86 1341 123 SCRIPTA
1368 86 1668 123 EXEGETICA.

2171 90 2269 124 1080

1280 172 1361 207 Scio
1379 171 1469 207 hanc
1485 173 1592 206 vitam
1607 172 1852 206 brevissimam
1869 184 1958 214 esse,
1983 180 2018 207 et
2032 181 2066 207 te
2079 173 2175 208 Deus
2192 187 2267 217 oro,

1280 231 1319 258 ut
1333 236 1445 258 meam
1464 230 1617 257 mentem
1637 224 1683 257 ita
1700 234 1815 266 regas,
1841 230 1881 257 ut
1897 224 2090 267 intelligam
2108 237 2181 259 non
2199 239 2265 259 an-

1281 276 1477 309 teferendas
1508 286 1581 308 esse
1612 274 1755 308 delicias
1783 272 1888 307 huius
1917 275 2143 308 brevissimae
2174 277 2265 310 vitae

1281 326 1433 359 aeternis
1457 325 1561 359 bonis
1584 332 1617 358 et
1636 325 1769 368 poenis.
1822 323 1985 358 Accende
2002 325 2038 357 in
2058 338 2131 358 mea
2151 333 2267 360 mente

1282 375 1372 409 hanc
1398 377 1532 417 lucem,
1565 383 1604 410 ut
1625 383 1764 409 aeterna
1787 376 1880 409 bona
1903 382 1934 408 et
1959 383 2115 409 aeternas
2138 388 2268 420 poenas

1282 427 1477 469 intelligam
1504 434 1538 461 et
1564 427 1681 470 magni
1706 426 1907 469 aestimem,
1942 438 2006 459 nec
2026 438 2166 460 securus
2191 427 2268 460 sine

1282 478 1460 520 agnitione
1476 478 1624 522 peccati,
1652 478 1723 510 irae
1739 484 1836 515 tuae,
1863 483 1895 510 et
1912 477 2172 510 misericordiae
2187 483 2268 510 tuae

1283 529 1418 568 vivam,
1450 535 1489 562 ut
1519 528 1644 561 vivunt
1674 527 1860 571 Epicurei,
1894 528 2053 572 tyranni,
2087 536 2120 562 et
2146 538 2269 561 omnes

1283 579 1396 621 ignari
1421 576 1623 621 Evangelii,
1657 580 1713 611 sed
1745 590 1930 621 agnoscam
1961 576 2051 611 hanc
2078 579 2183 612 vitam
2209 576 2269 624 (ut

1284 627 1354 674 est)
1381 635 1523 672 propter
1545 636 1722 672 peccatum
1745 629 1851 662 morti
1869 636 1901 662 et
1917 629 1995 661 aliis
2012 629 2269 663 calamitatibus

1283 680 1474 712 subiectam
1500 690 1593 719 esse,
1620 690 1754 724 nosque
1779 679 1857 712 ideo
1881 679 2061 722 castigari,
2087 687 2126 713 ut
2147 691 2270 724 pecca-

1284 737 1358 763 tum
1381 737 1414 763 et
1431 731 1518 762 iram
1535 737 1629 763 tuam
1648 741 1894 773 agnoscamus,
1922 737 1953 763 et
1971 738 2129 774 petamus
2145 730 2270 763 remis-

1284 781 1420 813 sionem
1444 788 1663 824 peccatorum
1688 781 1783 816 iuxta
1804 780 2070 824 promissionem
2087 787 2204 821 tuam,
2231 781 2269 813 in

1285 844 1353 876 qua
1377 838 1409 864 te
1431 831 1635 875 patefecisti.
1687 830 1833 863 Etiamsi
1857 843 1951 863 nunc
1974 832 2103 865 florent
2118 831 2217 875 impii
2237 838 2270 864 et

1254 907 1255 910 η
1284 882 1397 916 securi
1420 880 1661 925 triumphant,
1686 889 1801 915 tamen
1821 881 2003 925 aliquanto
2022 889 2098 925 post
2113 882 2270 915 morien-

1966 931 2061 965 Haec
2076 933 2165 973 vult,
2190 944 2270 965 cum

1285 1041 1354 1067 tem
1385 1041 1417 1066 et
1442 1034 1700 1066 infirmitatem:
1738 1030 1878 1066 Notum
1893 1032 1969 1088 faa
1990 1029 2088 1065 mihi
2106 1030 2270 1066 Domine

1254 1074 1391 1129 {finem
1416 1095 1551 1122 meum,
1587 1083 1706 1116 omnis
1731 1080 1840 1117 homo
1862 1089 1912 1117 est
1939 1083 2106 1122 vanitas,
2134 1084 2270 1118 etiamsi

245 1275 345 1309 brevi
363 1281 520 1316 tempore
537 1270 692 1304 Ecclesia
709 1270 903 1314 adfligitur,
932 1278 1048 1314 postea
1067 1269 1229 1304 habitura
1255 1289 1256 1303 ι

245 1333 423 1359 aeternam
447 1323 637 1356 laeticiam:
667 1322 768 1364 impii
789 1334 870 1354 vero
888 1321 1016 1354 deinde
1031 1322 1143 1354 futuri
1161 1322 1231 1355 sint
1255 1326 1256 1330 ’

247 1378 284 1409 in
311 1373 461 1409 aeternis
488 1372 622 1417 poenis.
691 1370 814 1405 Altera
840 1379 908 1412 est,
942 1373 1038 1416 quod
1062 1373 1166 1405 etiam
1192 1373 1229 1404 in

245 1425 311 1459 hac
334 1425 405 1458 vita
429 1423 479 1468 pii
505 1429 638 1456 norunt
658 1423 898 1455 remissionem
923 1429 1163 1465 peccatorum,
1198 1429 1230 1454 et

247 1477 361 1510 sciunt
380 1473 497 1508 seDeo
512 1485 614 1507 curae
633 1484 717 1512 esse,
745 1479 777 1506 et
793 1471 895 1505 aDeo
915 1473 1067 1513 defendi,
1094 1473 1230 1506 etiamsi

246 1539 321 1561 non
345 1524 477 1558 habent
502 1523 672 1567 praesidia
696 1521 863 1558 humana.
915 1522 990 1556 Hae
1012 1524 1101 1556 duae
1123 1524 1231 1555 colla-

246 1579 359 1612 tiones
389 1573 446 1607 hic
479 1586 619 1618 quoque
649 1574 749 1606 valde
781 1573 997 1617 παθητικῶς
1025 1574 1230 1606 recitantur.

246 1624 422 1671 Propheta
448 1625 687 1657 narrationem
713 1623 867 1657 instituit
894 1635 956 1655 suo
981 1624 1140 1667 exemplo
1168 1626 1232 1656 do-

247 1689 327 1712 cens
354 1677 457 1710 alios:
486 1674 566 1708 Non
588 1675 727 1714 cedam,
755 1674 889 1719 inquit,
916 1674 1029 1706 dolori
1051 1686 1145 1713 meo,
1173 1675 1229 1706 sed

247 1729 374 1772 erigam
393 1734 425 1760 et
444 1726 659 1759 confirmabo
677 1725 854 1764 animum,
882 1736 926 1756 ne
945 1724 1103 1757 deficiam
1121 1737 1138 1757 a
1157 1724 1232 1757 Deo

247 1777 313 1812 hac
331 1777 526 1812 offensione
544 1777 638 1820 quod
657 1776 784 1819 impios
803 1776 927 1808 florere
944 1775 1058 1809 video.

249 1897 309 1930 sed
334 1896 371 1928 in
397 1894 635 1927 narrationem
660 1893 845 1926 translata:
873 1892 924 1925 Ne
947 1893 1085 1925 deficias
1109 1905 1126 1925 a
1144 1892 1233 1933 Deo,

250 1959 294 1979 ne
323 1945 462 1978 dubites
494 1944 537 1976 de
564 1943 785 1986 providentia
811 1943 946 1976 etiamsi
970 1944 1098 1977 florent
1121 1943 1232 1987 impii,

251 2004 284 2030 et
298 1995 451 2029 Ecclesia
469 1995 604 2037 magnis
621 1993 796 2026 aerumnis
813 1994 993 2037 premitur.
1044 1992 1138 2027 Huic
1154 2006 1233 2027 sen-

252 2098 410 2131 animum
426 2107 512 2129 cum
535 2094 756 2128 dubitatione
779 2101 812 2127 et
834 2094 1076 2137 indignatione
1096 2096 1233 2129 luctan-

253 2156 322 2182 tem
335 2175 342 2188 ,
370 2158 457 2191 quos
480 2152 596 2178 motus
612 2152 729 2178 tamen
748 2144 857 2188 vincit
873 2145 973 2177 fides:
1001 2142 1100 2178 Dico
1117 2150 1234 2179 custo-

253 2197 354 2231 diam
379 2196 456 2230 cias
475 2206 593 2238 meas,
623 2207 665 2228 ne
684 2206 817 2240 peccem
841 2192 972 2240 lingua
987 2207 1084 2237 mea,
1113 2197 1147 2230 id
1166 2205 1233 2232 est:

253 2249 329 2282 Etsi
352 2260 430 2281 cum
454 2247 556 2279 video
579 2247 706 2290 impios
728 2247 869 2284 florere,
899 2253 932 2279 et
955 2244 1146 2279 Ecclesiam
1170 2249 1233 2281 ad-

255 2300 345 2343 fligi,
372 2309 515 2331 moveor
532 2295 595 2330 hac
614 2297 878 2341 inaequalitate,
905 2303 939 2330 et
954 2297 997 2330 de
1014 2298 1234 2340 providentia

256 2351 416 2394 disputo,
440 2356 557 2382 tamen
581 2360 653 2381 non
678 2347 833 2380 deficiam
850 2359 868 2380 a
888 2348 994 2380 verbo
1009 2346 1075 2381 Dei
1093 2356 1236 2393 propter
1258 2367 1260 2379 >

257 2398 345 2433 hanc
369 2398 610 2432 offensionem.
660 2397 853 2431 Excrucior
869 2396 1110 2440 vehementer,
1139 2401 1234 2444 quod

257 2448 340 2483 haec
378 2450 484 2483 verba
520 2449 695 2482 indicant:
739 2444 974 2482 Conculcasit
1013 2461 1071 2482 cor
1107 2461 1235 2484 meum.

256 2499 345 2532 Nam
370 2512 464 2532 nunc
485 2500 688 2543 praesertim
705 2511 782 2532 cum
801 2500 948 2532 vincunt
962 2513 999 2533 ac
1015 2499 1235 2545 triumphant
1259 2496 1260 2513 ³

256 2549 358 2593 impii
378 2556 410 2582 et
434 2550 603 2583 insultant
626 2550 710 2593 piis,
735 2561 861 2593 magno
885 2551 1007 2584 dolore
1025 2552 1235 2585 adficiuntur

256 2598 291 2633 hi
304 2624 312 2638 ,
342 2599 402 2644 qui
421 2611 454 2631 se
469 2601 578 2642 premi
596 2607 629 2634 et
645 2601 843 2634 conculcari
862 2602 1029 2637 sentiunt.
1085 2602 1154 2637 Sed
1172 2615 1235 2646 op-

255 2662 368 2695 pono,
410 2649 543 2694 inquit‚
585 2651 671 2684 duas
700 2652 968 2686 consolationes.
1035 2652 1138 2688 Prior
1168 2660 1234 2687 est:

1285 1135 1493 1180 aliquandiu
1511 1135 1638 1168 florent
1655 1135 1777 1179 aliqui,

1387 1186 1508 1219 Altera
1526 1186 1718 1218 consolatio
1738 1193 1788 1219 est
1807 1186 1908 1229 longe
1927 1185 2052 1220 maior.
2104 1183 2269 1218 Habeant

1285 1237 1340 1269 illi
1359 1248 1460 1280 opes,
1487 1236 1652 1279 imperia,
1681 1236 1896 1280 voluptates,
1921 1236 2091 1279 gloriam,
2116 1234 2192 1279 Ego
2210 1235 2270 1268 fir-

1285 1288 1378 1320 mius
1409 1287 1622 1330 praesidium
1653 1284 1786 1325 habeo,
1827 1287 1957 1326 scilicet
1987 1285 2104 1320 Deum
2133 1287 2268 1330 ipsum:

1285 1338 1355 1371 scio
1380 1338 1621 1370 remissionem
1646 1345 1864 1380 peccatorum
1884 1338 2089 1380 promissam
2108 1348 2199 1378 esse,
2224 1334 2271 1370 Et

1285 1389 1355 1420 scio
1379 1386 1493 1420 Deum
1520 1399 1592 1419 esse
1617 1387 1835 1420 defensorem
1859 1399 1986 1421 meum.
2054 1387 2150 1420 Haec
2174 1387 2269 1419 bona

1285 1439 1387 1480 longe
1411 1438 1542 1470 maiora
1568 1444 1649 1470 sunt
1669 1438 1836 1470 omnibus
1853 1438 1977 1470 mundi
1994 1438 2139 1480 opibus,
2168 1449 2270 1480 prae-

1286 1489 1384 1521 sidiis
1409 1494 1442 1520 et
1465 1488 1716 1530 voluptatibus.
1770 1487 1853 1520 Ideo
1870 1488 1972 1521 dicit:
2001 1486 2054 1520 Et
2069 1499 2164 1520 nunc
2180 1484 2271 1534 quid

1286 1542 1429 1584 expecto
1452 1536 1638 1570 Domine?
1691 1537 1781 1582 Spes
1806 1549 1885 1570 mea
1912 1537 1950 1570 in
1974 1542 2005 1570 te
2030 1543 2101 1577 est,
2138 1538 2173 1570 id
2199 1544 2268 1571 est:

1287 1589 1345 1621 Tu
1370 1588 1464 1621 Deus
1497 1600 1531 1621 es
1562 1600 1679 1620 meum
1706 1589 1933 1631 praesidium.
2003 1588 2086 1622 Ideo
2110 1588 2270 1634 sequitur

1287 1640 1408 1684 petitio
1434 1639 1649 1671 remissionis
1673 1646 1910 1682 peccatorum:
1938 1639 2018 1673 Scio
2042 1648 2076 1674 te
2102 1640 2191 1673 velle
2214 1651 2270 1672 re-

1287 1691 1424 1723 mittere
1450 1696 1588 1733 peccata
1614 1690 1708 1722 iuxta
1732 1690 2000 1733 promissionem
2022 1698 2131 1725 tuam.
2193 1689 2270 1723 Hac

1256 1761 1257 1774 ;
1287 1741 1411 1773 fiducia
1436 1741 1478 1773 ad
1505 1747 1538 1773 te
1563 1741 1704 1773 accedo:
1734 1737 1803 1773 EJ:
1823 1740 1990 1774 omnibus
2005 1740 2270 1787 transgressio-

1256 1815 1257 1818 *
1287 1790 1396 1824 nibus
1413 1790 1500 1824 meis
1518 1790 1612 1837 eripe
1630 1802 1694 1823 me.

351 1843 413 1878 Est
436 1844 543 1887 igitur
558 1842 717 1875 Psalmus
741 1842 919 1880 doctrina,
947 1853 1005 1875 seu
1025 1842 1234 1886 paraenesis,
1256 1860 1258 1865 κ

1389 1841 1558 1886 Sequitur
1569 1848 1601 1875 et
1613 1842 1679 1875 alia
1692 1842 1813 1886 petitio
1825 1843 1867 1875 de
1877 1843 2096 1876 defensione:
2120 1842 2269 1875 Etiamsi

1288 1893 1454 1935 adfligor,
1482 1900 1598 1926 tamen
1623 1893 1669 1925 ita
1693 1900 1864 1926 sustentes
1883 1905 1955 1934 me,
1982 1906 2027 1926 ne
2044 1895 2183 1926 tandem
2203 1905 2269 1925 no-

1287 1956 1368 1976 men
1393 1951 1492 1976 tuum
1518 1943 1728 1976 contumelia
1751 1944 1949 1982 adficiatur,
1976 1945 2034 1977 sed
2060 1951 2096 1977 ut
2112 1944 2269 1987 conspici

1257 2001 1258 2031 ξ
1288 1994 1397 2038 possit
1418 1994 1634 2031 doctrinam,
1669 2006 1773 2038 quam
1799 1994 2025 2032 circumfero,
2061 2002 2156 2028 tuam
2181 2005 2269 2035 esse,

253 2047 381 2081 tentiae
403 2045 503 2078 mixti
522 2051 603 2077 sunt
621 2043 734 2076 tristes
751 2044 925 2084 adfectus,
954 2044 1014 2089 qui
1030 2045 1233 2078 describunt
1257 2045 1258 2048 ’
1485 2038 1489 2042 ⁴

1257 2385 1260 2409 1

1288 2051 1321 2078 et
1349 2052 1382 2078 te
1404 2057 1484 2078 vere
1506 2044 1670 2078 exaudire
1697 2045 1919 2077 invocantem
1944 2043 2153 2086 Ecclesiam,
2186 2045 2268 2078 iuva

1289 2102 1320 2129 et
1337 2096 1448 2128 libera
1465 2108 1530 2128 me.
1829 2126 1832 2130 .

1391 2146 1432 2179 ln
1463 2146 1599 2179 decimo
1629 2157 1731 2179 versu
1761 2145 1922 2188 repetitio
1949 2152 2000 2180 est
2023 2146 2202 2190 petitionis
2227 2149 2269 2181 de

1287 2197 1494 2230 remissione
1531 2203 1766 2240 peccatorum:
1810 2193 1928 2243 Aufer
1962 2208 1987 2229 a
2023 2209 2076 2229 me
2113 2195 2269 2243 plagam

1287 2252 1402 2282 tuam.
1455 2246 1518 2281 Est
1534 2247 1627 2280 enim
1638 2245 1789 2290 Epitasis
1807 2247 1842 2279 in
1857 2247 2009 2280 dictione
2024 2251 2143 2288 tuam,
2170 2249 2270 2293 quasi

1288 2299 1396 2332 dicat:
1431 2297 1627 2331 Hominum
1658 2298 1793 2330 furores
1816 2299 1982 2331 adversus
2010 2311 2065 2331 me
2088 2311 2162 2332 non
2186 2307 2268 2334 sunt

1288 2362 1463 2382 summum
1490 2349 1639 2381 malum:
1673 2349 1731 2381 sed
1759 2347 1816 2381 Tu
1840 2361 1913 2381 non
1932 2350 2110 2391 irascaris,
2137 2357 2175 2383 tu
2193 2362 2267 2384 non

1288 2400 1434 2433 abiicias
1458 2411 1512 2432 me
1537 2400 1573 2431 in
1598 2407 1777 2433 aeternum
1801 2399 1964 2433 exitium:
1999 2400 2087 2433 sicut
2110 2401 2266 2435 abiectus

1289 2458 1339 2484 est
1356 2448 1512 2494 Pharao,
1540 2449 1642 2490 Saul,
1678 2457 1711 2483 et
1735 2449 1794 2482 alii
1820 2450 1938 2493 impii,
1965 2449 2081 2483 Tuam
2099 2451 2187 2486 iram
2207 2463 2265 2485 su-

1289 2502 1417 2535 stinere
1437 2500 1620 2534 infirmitas
1643 2507 1760 2533 nostra
1778 2512 1851 2533 non
1869 2507 1995 2544 potest-

1391 2551 1432 2584 In
1463 2563 1565 2584 versu
1593 2551 1781 2584 undecimo
1813 2563 1969 2594 expnesse
1999 2552 2099 2585 docet
2126 2564 2264 2586 causam

1287 2603 1528 2635 adflictionum
1553 2613 1643 2641 esse,
1680 2608 1818 2644 peecata
1841 2609 1975 2634 nostra:
2011 2598 2164 2648 Propter
2192 2601 2264 2635 ini-

1287 2651 1463 2700 quitatem
1497 2651 1648 2698 corripis
1678 2649 1871 2686 hominem.
1922 2651 2024 2685 Hanc
2059 2653 2264 2687 sententiam

2357 1254 2367 1353 --.ἁ-Λ
2356 1295 2358 1298 -
2360 1218 2365 1249 ὴ»
2360 1183 2362 1188 <
