2379 2948
252 113 348 148 1287

250 198 391 232 victima
415 209 478 241 pro
503 207 627 239 genere
646 192 813 228 humano.
867 192 911 227 Et
933 199 1062 237 quanta
1089 192 1132 225 sit
1155 203 1231 224 ma-

250 250 396 293 gnitudo
423 247 546 280 harum
572 257 781 289 poenarum,
808 244 999 277 ostendunt
1025 243 1232 286 descriptio—

249 312 311 333 nes
333 300 424 343 apud
441 297 582 331 Esaiam
608 296 719 340 capite
738 296 813 328 23.:
843 294 1005 327 Yidimus
1030 306 1108 327 eum
1135 293 1232 326 infir-

249 363 364 389 mum,
393 356 426 382 et
449 348 628 380 adflictum
652 354 717 379 etc.
772 344 855 379 ltem
879 344 1010 377 Paulus
1035 345 1099 384 ait,
1128 341 1232 377 Chri-

250 409 339 435 stum
360 400 488 432 sactum
507 410 578 431 esse
598 397 822 430 maledictum
841 402 872 429 et
888 402 1085 439 peccatum,
1108 395 1142 427 id
1168 400 1229 437 est,

249 449 400 484 hostiam
426 461 490 493 pro
516 455 665 492 peccato.
727 446 822 479 Haec
847 446 1043 489 significant
1066 442 1233 478 humilia-

249 502 382 534 tionem
409 507 441 533 et
464 511 612 543 poenam
635 505 836 531 extremam.
895 496 975 530 Non
1008 497 1112 528 modo
1139 495 1234 527 enim

250 552 410 595 ingentes
436 550 611 583 cruciatus
634 548 791 591 corporis
813 548 937 587 sensit,
965 547 1023 580 sed
1051 547 1152 579 etiam
1179 546 1234 578 lu-

250 609 362 635 ctatus
378 609 427 634 est
444 613 522 634 cum
543 599 783 632 ineffabilibus
810 598 1003 632 terroribus
1027 605 1060 630 et
1083 597 1132 629 ira
1156 595 1234 630 Dei.

250 650 295 686 Et
314 653 350 685 in
371 650 517 685 historia
534 650 888 693 evangelicadicitur:
917 649 963 682 Et
978 648 1135 680 factusin
1153 658 1235 689 ago-

252 703 330 743 nia,
357 702 529 746 prolixius
545 702 686 741 orabat,
714 707 746 734 et
760 701 870 733 factus
887 707 936 732 est
951 699 1059 731 sudor
1076 698 1150 732 eius
1166 698 1232 730 sic-

252 761 291 787 ut
313 760 428 796 guttae
455 752 637 794 sanguinis
665 750 882 784 decurrentis
906 751 942 782 in
969 756 1110 783 terram.
1163 747 1235 781 Dc-

252 805 383 837 scribat
409 804 515 846 igitur
541 799 716 846 Propheta
740 801 957 845 passionem,
985 806 1017 832 et
1042 810 1163 832 omnes
1185 799 1236 831 af-

252 855 425 887 flictiones
451 851 602 893 Christi,
637 864 716 884 cum
743 852 806 884 ait:
844 850 896 884 De
931 857 1086 884 torrente
1115 850 1151 881 in
1180 849 1234 881 via

250 905 357 939 bibet.

353 952 485 998 Estque
508 951 566 985 hic
591 963 711 985 versus
737 952 895 992 additus,
925 963 968 984 ne
991 950 1151 994 superior
1175 950 1236 981 de-

252 1005 393 1048 scriptio
413 1006 454 1037 de
471 1015 576 1047 regno
595 1003 786 1046 corporali,
805 1002 945 1035 ludaico
961 1013 1076 1041 more,
1102 1000 1234 1033 intelli-

250 1063 404 1099 geretur:
451 1055 510 1087 sed
545 1054 802 1097 significaretur
838 1050 1018 1087 Christum
1051 1063 1233 1095 passurum

252 1114 285 1140 et
301 1105 514 1139 moriturum
532 1116 603 1137 esse
615 1131 624 1144 ,
651 1112 684 1138 et
699 1116 772 1136 non
789 1101 994 1136 habiturum
1011 1103 1233 1147 mundanum

254 1156 460 1200 imperium,
487 1156 545 1188 sed
563 1156 723 1188 futurum
741 1154 779 1188 in
805 1154 950 1187 summis
972 1153 1232 1186 calamitatibus

251 1214 283 1240 et
307 1206 504 1246 aerumnis,
544 1212 584 1238 ut
615 1206 673 1239 fiat
705 1203 818 1238 hostia
843 1216 904 1237 seu
927 1204 1081 1236 victima.
1143 1202 1232 1235 Nam

250 1257 472 1291 victimarum
489 1256 652 1289 mactatio
672 1268 691 1289 a
709 1255 885 1299 principio
909 1255 1034 1287 mundi
1059 1253 1234 1296 significa—

250 1315 345 1341 verat
358 1335 366 1348 ,
393 1308 625 1340 redemtorem
644 1306 854 1350 promissum
882 1305 985 1338 etiam
1003 1306 1161 1338 futurum
1178 1304 1232 1336 vi-

251 1359 392 1393 ctimam
409 1365 443 1391 et
459 1357 681 1392 moriturum.
725 1355 818 1399 Quia
835 1355 931 1389 Deus
947 1356 1061 1388 voluit
1079 1367 1151 1387 non
1168 1355 1233 1386 ali-

252 1416 303 1442 ter
319 1409 452 1441 aboleri
470 1414 649 1451 peccatum
675 1414 707 1440 et
723 1413 892 1447 mortem,
919 1407 988 1439 nisi
1011 1413 1124 1438 morte
1149 1404 1231 1437 Filii

252 1459 317 1494 sui.
372 1458 455 1491 Ideo
472 1458 575 1490 etiam
592 1456 768 1497 Ecclesia,
795 1464 832 1490 ut
849 1462 1083 1500 repraesentet
1109 1456 1231 1498 imagi-

251 1522 330 1542 nem
348 1508 430 1543 Filii
451 1508 534 1545 Dei,
561 1508 715 1541 subiecta
734 1515 783 1541 est
801 1519 937 1551 semper
953 1507 1118 1540 omnibus
1136 1518 1232 1539 suin—

251 1561 318 1593 mis
341 1559 598 1592 calamitatibus
624 1558 760 1600 generis
785 1556 948 1597 humani,
980 1564 1020 1591 ut
1044 1564 1076 1590 et
1098 1554 1229 1589 Christi

250 1610 445 1653 exemplum
471 1609 615 1648 reserat,
648 1615 680 1641 et
708 1615 746 1641 ut
776 1619 1005 1650 agnoscamus
1040 1614 1231 1652 peccatum,

251 1673 329 1693 cum
347 1662 392 1694 ita
409 1661 446 1692 in
463 1660 566 1692 nobis
583 1659 824 1692 mortificatur.
877 1657 998 1702 Itaque
1016 1658 1053 1689 in
1073 1655 1138 1690 hoc
1154 1669 1231 1689 ver-

250 1724 290 1744 su
333 1711 486 1754 primum
529 1708 662 1743 Christi
694 1709 912 1742 adflictiones
959 1708 1231 1742 consideremus.

250 1760 388 1795 Deinde
413 1760 679 1793 meminerimus
701 1767 809 1793 totam
836 1757 1029 1792 Ecclesiam
1054 1771 1071 1791 a
1098 1759 1231 1802 princi-

251 1813 310 1856 pio
341 1812 463 1844 mundi
482 1823 591 1855 usque
608 1812 650 1843 ad
671 1811 775 1842 finem
794 1810 987 1843 subiectam
1011 1821 1082 1842 esse
1105 1809 1230 1841 simili-

251 1864 318 1896 bus
337 1862 614 1904 calamitatibus,
641 1868 672 1894 et
688 1861 839 1893 sciamus
861 1858 950 1893 hanc
974 1872 1045 1893 esse
1063 1860 1228 1893 volunta-

251 1920 321 1946 tem
337 1912 421 1951 Dei,
449 1924 512 1944 nec
530 1918 711 1955 propterea
736 1922 802 1943 nos
827 1923 844 1944 a
866 1910 941 1944 Deo
966 1911 1119 1944 abiectos
1147 1922 1229 1950 esse,

252 1964 386 1997 etiamsi
404 1961 636 1995 horribilibus
659 1968 692 1994 et
708 1961 910 2004 ingentibus
933 1962 1112 1995 aerumnis
1134 1973 1229 1994 exer-

251 2025 369 2047 cemur
386 2020 415 2045 et
435 2012 637 2056 premimur.

350 2063 489 2096 Deinde
506 2063 648 2095 additur
663 2063 770 2095 altera
793 2062 963 2095 sententia
989 2063 1032 2095 de
1057 2062 1228 2105 glorifica-

252 2115 358 2148 tione.
411 2113 599 2157 Propterea
625 2113 789 2146 exaltabit
816 2120 936 2156 caput,
971 2111 1037 2145 hoc
1060 2120 1127 2150 est,
1163 2111 1229 2146 hoc

249 2166 355 2198 modo
380 2164 650 2208 glorificabitur,
683 2170 867 2208 postquam
897 2163 1002 2197 fuerit
1025 2161 1230 2197 humiliatus

251 2223 284 2248 et
308 2216 418 2248 factus
442 2215 604 2255 victima,
638 2215 727 2248 sicut
744 2215 922 2247 Dominus
949 2215 995 2247 ait
1014 2214 1129 2247 Lucae
1146 2215 1229 2247 nlti-

251 2278 326 2298 mo:
364 2265 490 2298 Nonne
516 2263 600 2297 haec
623 2266 780 2309 oportuit
805 2265 875 2309 pati
895 2262 1091 2305 Christum,
1120 2273 1152 2298 et
1181 2266 1226 2298 ita

250 2316 382 2350 intrare
406 2317 442 2348 in
465 2316 611 2358 gloriam
638 2316 759 2348 suam?
820 2315 906 2349 Item
930 2316 1099 2349 Actorum
1124 2317 1227 2348 tertio

250 2374 283 2399 et
302 2367 466 2410 septimo:
489 2364 665 2400 Christum
691 2366 847 2409 oportuit
873 2367 965 2410 pati,
994 2374 1026 2401 et
1050 2378 1226 2410 resurgere

250 2429 269 2449 a
295 2418 453 2451 mortuis.
505 2415 550 2450 Et
579 2417 729 2451 Hebrae.
754 2415 788 2451 5.
811 2418 988 2450 luculenta
1014 2418 1135 2450 concio
1163 2424 1224 2458 est,

249 2468 344 2511 quod
375 2468 569 2510 oportuerit
593 2468 789 2511 passionem
813 2469 1037 2512 praecedere,
1072 2481 1149 2501 cum
1177 2469 1226 2502 ait
1251 2494 1253 2500 .

1251 2515 1252 2520 ¹
1278 2521 1324 2554 tia
1354 2519 1581 2562 ExemplariS.

248 2523 375 2549 textus:
403 2516 563 2551 Christus
577 2530 648 2551 non
667 2519 890 2562 semetipsum
913 2519 1137 2562 glorificavit,
1165 2521 1223 2552 sed

248 2567 309 2611 qui
327 2567 464 2599 locutus
480 2575 528 2601 est
547 2570 586 2601 ad
606 2581 684 2601 eum
704 2575 767 2602 etc.

347 2617 483 2651 Deinde
504 2620 600 2652 addit
624 2620 666 2651 de
683 2619 852 2662 precibus,
882 2620 1033 2653 offerens
1052 2632 1128 2654 cum
1152 2621 1223 2654 cla-

246 2680 343 2702 more
367 2668 502 2708 valid0,
530 2675 563 2701 et
589 2669 760 2711 lacrimis,
788 2671 968 2704 exauditus
991 2678 1058 2713 est,
1082 2678 1224 2716 propter
1245 2682 1249 2707 ι

840 106 963 142 PHIL.
993 104 1107 141 MEL.
1137 105 1345 142 SCRPITA
1372 103 1668 141 EXEGETICA.

2172 108 2267 144 1288

1284 203 1379 225 suam
1407 191 1657 232 reverentiam,
1687 191 1722 224 id
1749 198 1816 230 est,
1852 190 1933 236 quia
1958 189 2120 227 Christus
2143 193 2266 227 obedi-

1284 242 1333 275 vit
1349 243 1455 286 patri,
1482 242 1665 275 exauditus
1684 248 1717 275 et
1740 242 1951 284 glorificatus
1967 248 2028 277 est.
2080 241 2127 277 Et
2142 242 2267 278 Esaiae

1283 292 1359 326 55.;
1390 293 1482 336 Quia
1505 299 1613 337 ponet
1637 293 1790 326 animam
1814 305 1910 326 suam
1936 305 1999 336 pro
2028 300 2185 336 peccato,
2212 295 2266 327 vi-

1285 344 1382 377 debit
1406 355 1525 377 semen
1550 344 1769 386 longaevum.
1823 342 1985 388 Denique
2008 343 2135 387 passim
2162 345 2267 378 obvia

1285 401 1367 428 sunt
1401 395 1601 428 testimonia
1636 394 1673 426 in
1711 394 1908 438 scripturis,
1950 406 2038 439 quac
2074 395 2266 428 ostendunt

1286 443 1377 478 hanc
1406 445 1512 478 fuisse
1539 444 1797 478 ordinationem
1823 444 1908 483 Dei,
1942 451 1981 477 ut
2011 442 2170 478 Christus
2194 445 2267 489 pri-

1287 507 1383 528 mum
1409 503 1603 539 pateretur,
1636 496 1763 529 deinde
1794 495 2058 539 glorificaretur.
2118 494 2171 528 De
2203 493 2267 529 hac

1287 546 1510 579 ordinatione
1527 546 1632 579 etiam
1655 544 1712 579 hic
1729 545 1888 579 Psalmus
1911 546 2158 589 concionatur,
2186 558 2266 579 cum

1287 597 1336 630 ait
1353 595 1533 630 Christum
1560 597 1596 628 in
1614 597 1669 629 via
1691 608 1892 640 passurum,
1919 597 2047 630 deinde
2068 596 2268 639 glorifican-

1288 648 1372 680 dum
1390 659 1473 682 esse.
1526 645 1709 680 Caeterum
1735 648 1776 679 de
1793 660 1859 692 qua
1878 647 2129 691 glorificatione
2146 658 2267 680 versus

1288 698 1539 741 intelligendus
1554 698 1616 738 sit,
1641 699 1741 730 docet
1758 698 1926 741 particula
1945 710 2049 742 supra
2071 697 2202 741 posita,
2223 698 2266 730 de

1262 761 1264 770 ¹
1289 760 1396 791 regno
1419 755 1562 781 aeterno
1595 749 1638 781 ad
1671 749 1846 781 dexteram
1872 749 1998 792 patris,
2032 746 2099 781 hoc
2123 754 2190 789 est,
2223 748 2267 781 de

1289 811 1416 842 regno,
1445 800 1482 831 in
1505 811 1575 844 quo
1592 797 1755 832 Christus
1777 799 1897 832 divina
1921 799 2077 843 potentia
2101 798 2267 833 liberabit

1289 852 1469 883 credentes
1496 861 1514 882 a
1541 857 1700 893 peccato,
1737 861 1755 882 a
1781 856 1911 888 morte,
1946 857 1978 883 et
2012 851 2175 883 defendet
2209 860 2268 882 eos

1289 907 1413 934 contra
1430 901 1563 933 diaboli
1590 907 1622 933 et
1639 899 1762 933 mundi
1781 900 1978 938 saevitiam,
2005 907 2038 933 et
2061 900 2184 944 puniet
2209 910 2268 933 eos

1288 951 1438 984 aeternis
1470 951 1607 995 poenis,
1651 950 1712 995 qui
1747 949 1942 993 Evangelio
1976 962 2049 983 non
2085 950 2268 986 obediunt.

1288 1001 1377 1035 Cum
1402 1002 1509 1045 igitur
1533 1002 1638 1040 dicit,
1666 1001 1898 1035 exaltaturum
1922 1012 1994 1034 esse
2012 1008 2134 1045 caput,
2156 1001 2268 1044 signi-

1288 1053 1364 1085 ficat
1381 1065 1459 1085 eum
1479 1049 1683 1086 habiturum
1701 1063 1772 1085 esse
1794 1053 1883 1085 illud
1903 1063 2069 1096 regnum,
2095 1052 2189 1096 quod
2206 1063 2267 1085 su-

1287 1115 1347 1147 pra
1365 1103 1558 1147 descripsit.

1387 1168 1477 1203 Cum
1512 1167 1579 1203 hoc
1611 1171 1717 1203 modo
1753 1181 1872 1202 versus
1908 1169 2137 1212 intelligitur,
2172 1170 2266 1214 quod

1287 1218 1449 1254 Christus
1470 1221 1577 1253 fuerit
1599 1232 1780 1264 passuruS,
1807 1225 1840 1253 et
1864 1220 1991 1253 deinde
2006 1220 2268 1264 glorificandus,

1286 1278 1363 1315 apte
1387 1268 1575 1304 cohaerent
1594 1272 1770 1311 membra,
1798 1278 1830 1304 et
1855 1282 1927 1303 non
1952 1278 2002 1304 est
2027 1271 2141 1304 ociosa
2157 1270 2268 1315 parti-

1286 1323 1383 1360 cula,
1408 1321 1614 1365 Propterea,
1642 1334 1730 1366 quae
1748 1328 1913 1358 testatur,
1940 1322 2034 1365 quod
2058 1321 2264 1364 glorificatio

1285 1372 1384 1417 sequi
1400 1373 1559 1404 debuerit
1578 1372 1785 1415 passionem.
1840 1371 1909 1404 Sed
1933 1372 1961 1403 si
1979 1371 2138 1404 Iudaicas
2155 1371 2266 1404 inter-

1285 1423 1499 1466 pretationes
1522 1434 1769 1467 sequeremur,
1798 1422 1915 1455 ociosa
1939 1429 2023 1455 esset
2049 1419 2133 1454 haec
2157 1421 2266 1465 parti-

1285 1474 1380 1513 cula,
1407 1472 1614 1517 Propterea,
1638 1480 1677 1506 ut
1697 1480 1849 1507 attentus
1866 1473 1976 1505 lector
1991 1472 2092 1505 facile
2110 1472 2267 1506 iudicare

1285 1531 1422 1567 poterit.

1385 1621 1560 1656 Enarrato
1590 1624 1761 1656 versiculo
1796 1624 2041 1657 admonendus
2071 1630 2121 1657 est
2145 1623 2265 1664 lector,

1284 1675 1460 1719 quomodo
1479 1674 1590 1717 passio
1609 1672 1739 1708 Christi
1756 1675 2011 1707 consideranda
2028 1674 2081 1707 sit.
2125 1672 2263 1707 Deinde

1284 1726 1472 1758 dicendum
1500 1725 1603 1757 etiam
1628 1726 1669 1757 de
1686 1723 1862 1758 Ecclesiae
1888 1725 2160 1759 adflictionibus.
2212 1725 2266 1758 De

1284 1774 1339 1808 his
1355 1776 1493 1808 duobus
1511 1775 1612 1815 locis,
1640 1775 1720 1820 quia
1745 1775 1829 1808 alibi
1849 1776 2018 1820 prolixius
2035 1776 2176 1817 dicitur,
2204 1773 2263 1809 hic

1284 1839 1342 1859 ero
1362 1826 1514 1860 brevior.
1566 1825 1656 1858 Nam
1676 1827 1821 1859 omnino
1840 1826 2031 1870 praeterire
2049 1826 2161 1867 nolui,
2181 1826 2263 1872 quia

1283 1877 1368 1910 utile
1396 1884 1447 1910 est
1470 1876 1603 1921 ubique
1626 1876 1802 1910 inculcare
1828 1877 2057 1921 principalem
2079 1878 2195 1910 locum
2219 1878 2263 1910 de

1283 1928 1442 1972 passione
1462 1924 1604 1960 Christi.

1384 1994 1542 2027 Primum
1560 1993 1666 2036 igitur
1683 1991 1750 2027 hoc
1767 1994 1948 2027 sciendum
1972 2001 2039 2035 est,
2063 1994 2261 2038 passionem

1282 2043 1412 2080 Christi
1436 2056 1508 2077 non
1533 2051 1668 2077 tantum
1693 2051 1733 2078 ut
1756 2046 1950 2088 exemplum
1974 2045 2145 2089 proponi,
2173 2045 2262 2079 sicut

1282 2103 1530 2141 proponuntur
1552 2095 1769 2128 adflictiones
1792 2095 1941 2128 aliorum
1967 2096 2195 2136 Sanctorum,
2221 2102 2261 2129 ut

1282 2149 1461 2181 imitemur
1480 2158 1601 2179 eorum
1616 2146 1831 2189 patientiam.
1885 2146 1953 2180 Sed
1970 2147 2037 2179 alia
2053 2147 2165 2180 multo
2184 2158 2260 2179 ma-

1282 2200 1336 2231 ior
1360 2205 1409 2231 est
1432 2209 1547 2230 causa:
1576 2197 1787 2240 proponitur
1809 2196 1901 2229 enirn
1920 2204 1959 2231 ut
1977 2198 2109 2231 donum
2134 2204 2169 2231 et
2193 2195 2259 2230 ho-

1281 2250 1363 2290 stia,
1390 2261 1450 2282 seu
1474 2248 1628 2291 precium
1654 2259 1715 2290 pro
1735 2253 1879 2291 peccatis
1897 2249 2044 2288 nostris,
2072 2255 2112 2282 ut
2136 2248 2258 2281 creda-

1281 2313 1358 2333 mus
1380 2299 1482 2332 nobis
1510 2298 1642 2331 remitti
1672 2304 1831 2342 peccata,
1866 2306 2009 2342 propter
2030 2299 2126 2331 illam
2155 2298 2258 2332 victi-

1281 2363 1389 2391 mam,
1414 2362 1475 2382 seu
1500 2347 1661 2382 hostiam.
1713 2348 1919 2383 Discernam
1935 2350 2041 2393 igitur
2056 2348 2255 2383 meditatio-

1281 2414 1358 2435 nem
1378 2400 1548 2445 passionis
1567 2400 1752 2444 triplicem.

1379 2469 1496 2501 Prima
1519 2475 1568 2501 est
1583 2467 1819 2511 paedagogica
1833 2496 1842 2507 ‚
1869 2469 2020 2501 secunda
2043 2467 2163 2507 Fidei,
2184 2473 2255 2501 ter-

1648 2518 1882 2562 Paedagogica
1914 2527 1963 2553 est
1996 2518 2170 2555 recitatio,
2219 2524 2253 2552 et

1276 2570 1509 2604 consideratio
1525 2577 1664 2602 externa
1682 2570 1862 2604 doctrinae
1885 2571 1927 2603 de
1950 2567 2093 2603 historia
2119 2569 2254 2612 passio-

1275 2622 1330 2654 nis
1347 2619 1498 2659 Christi,
1525 2621 1580 2653 vel
1596 2622 1637 2653 de
1653 2621 1769 2655 fructu
1790 2618 1971 2660 historiae,
1997 2620 2111 2664 qualis
2129 2628 2178 2652 est
2201 2619 2253 2651 le-

1274 2673 1353 2714 ctio,
1370 2678 1430 2706 aut
1444 2671 1697 2717 qualiscunque
1712 2671 1867 2706 recitatio
1881 2671 2132 2704 ceremonialis.
2158 2669 2254 2703 Haec
