2379 2948
103 110 180 149 205

106 207 233 242 porum
266 193 576 231 distributionem,
611 190 879 225 convenientem
902 189 1008 222 rebus
1026 199 1072 221 na

105 246 302 286 sumtibus,
328 257 417 290 quae
442 242 655 278 necessariae
678 248 760 275 sunt
781 242 825 274 ad
847 240 1015 274 tuendam
1037 238 1092 272 vi-

105 305 176 332 tam
194 296 440 330 animantium.

207 346 430 385 Secundum,
457 343 555 388 Ipsae
577 347 712 374 mentes
732 339 921 374 hominum
956 339 1091 374 intelli-

105 404 194 443 gunt
219 397 334 430 Deum
360 395 537 440 postulare
562 391 822 432 obedientiam,
847 391 940 424 iuxta
965 390 1091 424 discri-

105 461 187 482 men
210 446 439 481 honestorum
464 450 496 477 et
519 443 689 488 turpium.
750 441 859 476 Curat
884 442 992 485 igitur
1013 452 1089 479 nos,

104 500 188 545 quia
205 498 279 532 vult
295 507 358 530 nos
373 501 468 529 certo
491 494 617 527 ordine
635 493 763 527 vivere.
808 492 952 526 Frustra
971 498 1088 525 autem

104 549 311 584 instituisset
328 544 423 579 hunc
441 545 616 586 ordinem,
639 543 710 577 nisi
727 555 860 588 poenae
877 543 1090 577 comitaren-

104 607 164 635 tur
180 597 409 633 violationem
427 596 502 629 eius
517 595 664 629 ordinis.

207 647 390 687 Tertium,
415 645 640 689 Regulariter
663 652 858 690 sequuntur
879 644 1009 679 atrocia
1027 645 1088 677 de-
1113 653 1114 665 ³

104 701 202 740 licta,
229 705 362 732 atroces
392 709 547 741 poenae,
576 697 740 730 videlicet
767 696 943 740 periuria,
967 696 1088 729 caedes
1112 718 1114 725 ,

103 752 263 790 iniustas,
289 748 438 781 incestas
455 747 634 788 libidines,
656 754 694 781 ut
710 747 871 780 omnium
888 753 1086 790 temporum

102 800 269 835 historiae
291 799 501 839 ostendunt,
529 798 600 831 imo
625 797 832 831 admiranda
854 797 951 840 signa
977 797 1087 830 inter-

102 852 274 885 fectorum
299 848 507 893 corporibus
531 849 702 883 divinitus
726 848 844 882 addita
868 854 968 888 sunt,
999 859 1088 892 quae

101 906 303 935 monstrant
320 906 460 933 autores
487 899 612 933 caedis.
665 898 754 932 Nam
777 910 924 942 corpora
948 905 1088 931 mortua

102 952 238 986 stillant
255 962 434 990 cruorem,
459 961 539 983 cum
557 950 600 983 ad
625 961 663 982 ea
689 949 822 982 accedit
838 956 940 982 autor
962 949 1088 981 caedis.

204 1001 391 1045 Quartum,
418 999 563 1034 Heroici
579 1006 715 1040 motus,
743 1000 872 1044 quibus
891 999 1038 1043 imperia
1055 1006 1087 1032 et

101 1059 192 1088 artes
209 1052 466 1092 restituuntur,
491 1051 717 1084 manifestum
743 1050 984 1083 testimonium
1005 1056 1088 1083 sunt

101 1102 318 1148 praesentiae
327 1101 394 1134 Dei
409 1102 503 1135 inter
519 1099 690 1141 homines,
709 1101 924 1133 consulentis
940 1100 1086 1134 utilitati

102 1153 302 1189 hominum.
354 1152 446 1186 Sunt
476 1153 570 1185 enim
596 1150 727 1184 heroici
753 1158 887 1190 motus,
914 1151 1088 1183 excellen-

102 1212 153 1239 tes
177 1211 210 1237 et
238 1203 343 1236 sausti
363 1203 534 1245 impetus,
560 1202 621 1247 qui
639 1208 804 1245 superant
823 1202 913 1234 vires
929 1213 1086 1234 commu-

101 1266 163 1288 nes
179 1252 355 1287 humanae
370 1258 538 1293 naturae,
563 1259 603 1286 ut
618 1252 821 1284 Alexander
839 1252 978 1284 iuvenis
1001 1264 1086 1284 con-

101 1306 180 1340 silio
199 1303 310 1336 vincit
333 1303 608 1344 sapientissimos
623 1314 741 1340 senes,
768 1309 799 1335 et
823 1302 860 1334 in
882 1301 1086 1334 dimicando

100 1363 151 1390 est
173 1353 290 1388 foelix.
349 1349 579 1394 Cedunt'ipsi
609 1352 794 1394 praelianti
822 1353 991 1385 exercitus
1014 1364 1086 1385 non

100 1405 228 1440 cessuri
245 1402 334 1438 aliis.
387 1400 483 1434 Haec
497 1412 577 1434 cum
594 1400 819 1433 manifestum
838 1400 880 1434 sit
897 1403 1086 1443 gubernari

102 1455 296 1494 divinitus,
329 1452 510 1486 fatendum
536 1457 586 1484 est
609 1448 770 1484 homines
787 1450 863 1484 Deo
886 1463 989 1484 curae
1004 1463 1085 1484 esse.

101 1509 186 1542 Ideo
212 1504 301 1538 dixit
326 1501 468 1537 Cicero:
508 1501 655 1536 Nullum
679 1513 848 1545 magnum
873 1501 987 1535 virum
1013 1503 1087 1535 sine

101 1558 235 1592 adflatu
254 1554 376 1588 divino
398 1553 514 1587 fuisse.

206 1605 403 1649 Quintum,
437 1602 718 1647 significationes
739 1615 856 1636 rerum
875 1603 1087 1643 futurarum,

101 1666 140 1693 ut
152 1655 411 1703 praedictiones
434 1655 477 1687 de
499 1653 696 1687 mutatione
719 1666 929 1697 regnorum,
956 1662 988 1688 et
1005 1667 1086 1699 pro-

101 1709 195 1752 digia
216 1707 406 1741 ostendunt
425 1717 488 1738 nos
506 1704 581 1738 Deo
604 1716 708 1738 curae
725 1716 808 1738 esse.
860 1704 1086 1739 Denunciant

101 1761 197 1794 enim
220 1757 464 1801 impendentes
486 1755 717 1795 mutationes,
745 1761 779 1789 et
797 1762 835 1789 ut
857 1755 1007 1789 sciamus
1032 1768 1088 1789 eas

100 1810 176 1845 fieri
193 1807 382 1848 divinitus,
409 1813 441 1840 et
460 1813 499 1840 ut
515 1805 662 1844 moniti,
690 1805 840 1839 consilio
861 1806 978 1851 aliqua
995 1807 1086 1840 mala

99 1861 285 1896 leniamus.

202 1908 379 1944 Recensui
418 1912 644 1951 argumenta,
687 1919 838 1951 quorum
869 1907 937 1940 alia
966 1906 1088 1949 magis,

101 1963 170 1997 alia
189 1960 308 1994 minus
327 1959 479 1992 illustria
497 1964 597 1997 sunt,
622 1958 681 1990 sed
704 1964 820 1991 tamen
847 1958 1018 2002 quaedam
1041 1957 1087 1990 ita

102 2015 202 2047 firma
223 2017 322 2049 sunt,
350 2017 389 2043 ut
406 2007 608 2042 labefactari
626 2019 698 2041 non
716 2008 862 2052 possint.
915 2007 987 2041 Nos
1004 2019 1085 2040 vero

104 2077 143 2098 ex
162 2063 321 2096 doctrina
342 2059 519 2094 Ecclesiae
535 2059 770 2101 adiungamus
794 2058 996 2092 testimonia
1012 2070 1087 2091 cer-

102 2114 246 2149 tissima.
280 2112 368 2146 Nam
392 2112 466 2144 sine
482 2107 537 2143 his
553 2109 707 2143 assensio
723 2106 878 2143 humana
896 2109 1086 2143 admodum

102 2163 269 2208 languida
291 2170 352 2197 est.

206 2213 413 2247 Aristoteles
428 2208 639 2246 Ethicorum
656 2210 791 2244 decimo
820 2209 882 2251 ait,
905 2221 977 2243 esse
1003 2221 1087 2254 pro-

104 2264 320 2302 videntiam,
351 2263 414 2296 etsi
433 2261 555 2296 timide
573 2261 745 2296 adfirmat.
773 2260 813 2295 Si
829 2261 961 2306 inquit:
985 2272 1087 2294 curae

106 2323 189 2352 sunt
210 2315 287 2348 Deo
307 2324 362 2347 res
383 2310 579 2353 humanae,
608 2319 648 2346 ut
670 2312 812 2345 videtur
844 2318 878 2345 et
902 2319 1087 2345 consenta-

104 2379 232 2408 neum,
257 2371 308 2398 est
320 2363 470 2397 maxime
486 2364 518 2396 ei
538 2375 640 2396 curae
656 2369 740 2397 sunt
756 2359 918 2395 homines
935 2362 1085 2401 iusticia,

105 2426 138 2454 et
153 2418 233 2452 aliis
248 2414 439 2450 virtutibus
455 2413 617 2456 praediti.

207 2466 317 2502 Stoici
340 2463 453 2498 videri
476 2463 641 2498 volebant
663 2462 824 2497 acerrimi
847 2469 1087 2507 propugnato-

106 2531 160 2555 res
176 2516 433 2564 providentiae.
484 2512 555 2547 Sed
577 2511 617 2546 hi
638 2514 780 2548 vincula
804 2514 973 2548 iniiciunt
997 2513 1086 2553 Deo,

107 2582 197 2617 quae
226 2566 488 2614 providentiam
509 2574 635 2607 magna
661 2575 702 2597 ex
726 2572 825 2609 parte
847 2565 1010 2599 inutilem
1034 2564 1088 2598 fa-

108 2622 218 2655 ciunt.
268 2616 428 2661 Alligant
443 2614 537 2649 enim
552 2613 668 2648 Deum
691 2614 737 2647 ad
760 2626 880 2649 causas
904 2615 1086 2655 secundas,

109 2678 143 2708 et
156 2672 295 2716 fingunt
308 2679 390 2704 eum
406 2666 509 2702 aliter
522 2676 636 2710 agere,
650 2669 712 2699 aut
727 2675 870 2699 movere
884 2677 958 2700 non
973 2676 1086 2711 posse,

686 105 751 143 ΙΙΙ.
785 103 942 140 ΙΝΙΤΙΑ
967 100 1260 139 DOCTRINAE
1286 103 1523 142 PHISICAE.

2050 101 2125 137 206

1142 189 1212 222 nisi
1236 189 1325 224 sicut
1348 190 1439 224 cient
1461 203 1582 225 causae
1603 189 1787 224 secundae.
1839 186 1928 220 Inde
1952 192 2120 220 extruunt

1116 240 1117 245 ’
1142 239 1257 273 Deum
1284 241 1414 284 pariter
1440 254 1576 275 causam
1600 253 1673 274 esse
1697 241 1870 273 bonarum
1895 244 1929 271 et
1950 236 2124 270 malarum

1143 302 1260 323 rerum
1277 297 1310 324 et
1326 291 1515 326 actionum.
1568 291 1616 324 Hi
1634 292 1769 324 furores
1786 287 1979 323 damnandi
1995 293 2028 320 et
2046 298 2125 319 exe-

1142 341 1265 374 crandi
1282 347 1375 376 sunt.
1420 340 1545 383 Qualis
1561 342 1654 374 enim
1670 342 1736 375 erit
1756 339 1931 374 invocatio
1944 366 1953 379 ,
1980 337 2008 371 si
2027 348 2125 370 mens

1143 391 1315 426 existimet
1330 391 1444 424 Deum
1462 403 1532 423 non
1551 402 1650 434 posse
1674 392 1844 434 impedire
1861 400 1981 424 causas
2000 399 2126 421 secun-

1141 442 1228 475 das?
1257 441 1409 487 Ideoque
1425 441 1536 476 Stoici
1552 441 1715 474 dicebant
1732 441 1805 473 Deo
1823 439 2025 479 sacrificari,
2051 449 2126 471 non

1141 499 1181 526 ut
1198 493 1444 537 opitularetur,
1468 493 1527 525 sed
1547 499 1584 526 ut
1602 503 1666 524 nos
1684 503 1747 534 pro
1766 491 1942 535 aliquibus
1958 488 2124 523 fatalibus

1141 544 1246 577 bonis
1263 544 1411 587 gratiam
1429 544 1669 576 redderemus:
1697 539 1764 585 οὐχ
1781 539 1884 574 ἕνεκα
1895 538 2031 585 χρείας,
2046 536 2120 572 ἀλλ’

1142 592 1334 629 ἀντίδοσιν
1367 606 1450 628 τινα
1481 590 1716 637 ποιόυμειόι,
1743 598 1782 624 ut
1806 597 1922 623 narrat
1946 589 2122 623 Lucianus

1141 645 1178 677 in
1195 646 1356 688 dialogo,
1384 645 1440 678 cui
1457 645 1582 678 titulus
1605 651 1670 677 est:
1699 642 1833 686 Iupiter
1856 640 2036 673 refutatus.
2073 639 2122 673 At

1141 707 1222 729 vero
1257 694 1414 729 Ecclesia
1443 694 1558 729 Deum
1588 695 1731 727 invocat
1760 697 1904 737 propter
1937 696 2123 733 utramque

1140 757 1301 787 causam,
1329 754 1362 781 et
1381 753 1419 780 ut
1437 747 1541 780 nobis
1564 757 1666 790 opem
1689 745 1796 784 ferat,
1830 743 1936 776 etiam
1959 751 2037 773 cum
2062 740 2124 771 de-

1140 797 1290 830 serimur
1319 809 1338 831 a
1359 797 1470 830 causis
1500 796 1682 836 secundis,
1729 801 1762 828 et
1793 800 1833 827 ut
1863 792 1899 824 in
1932 789 2124 834 gratiarum

1139 847 1276 881 actione
1291 848 1516 881 testificemur
1532 846 1646 880 Deum
1667 857 1739 879 esse
1762 854 1867 887 agens
1891 841 2123 879 liberrimum,

1139 905 1171 932 et
1189 910 1268 932 vere
1285 899 1463 940 exaudire,
1490 910 1528 932 ac
1546 898 1667 931 iuvare
1679 895 1872 930 Ecclesiam
1889 893 2124 926 invocantem.

1452 1001 1512 1034 De
1541 998 1808 1044 contingentia.

1240 1075 1372 1119 Magna
1400 1081 1449 1108 est
1473 1074 1724 1108 dissimilitudo
1761 1083 1879 1105 rerum
1905 1077 1937 1104 et
1961 1076 2124 1103 motuum

1139 1127 1176 1159 in
1192 1124 1256 1160 hac
1270 1133 1342 1160 tota
1359 1126 1484 1158 mundi
1509 1122 1683 1157 machina.
1734 1121 1814 1155 Non
1833 1129 1883 1155 est
1900 1120 2124 1153 animadver-

1140 1189 1238 1216 sum,
1270 1177 1425 1221 aliquam
1452 1175 1539 1208 coeli
1566 1181 1718 1218 partem,
1761 1178 1931 1215 mutatam
1954 1182 2055 1215 esse,
2090 1176 2125 1203 et.

1140 1234 1256 1261 motus
1272 1227 1436 1260 coelestes
1453 1232 1593 1259 servant
1608 1230 1793 1268 perpetuas
1817 1223 1921 1265 leges.
1974 1219 2023 1255 At
2039 1219 2125 1253 haec

1140 1277 1308 1311 inferiora
1340 1287 1487 1320 corpora
1518 1275 1695 1308 nascentia
1725 1280 1759 1306 et
1783 1271 1977 1306 occidentia
2002 1271 2124 1304 multis

1140 1328 1396 1362 mutationibus
1413 1327 1566 1360 obnoxia
1591 1332 1683 1359 sunt.
1735 1321 1789 1357 Ex
1810 1321 1876 1356 hac
1899 1321 2126 1356 dissimilitu-

1139 1379 1222 1412 dine
1255 1379 1445 1412 extiterunt
1480 1377 1638 1410 diversae
1672 1374 1871 1418 opiniones.
1943 1369 2122 1416 Epicurus

1140 1428 1245 1468 dixit,
1272 1427 1390 1460 omnia
1407 1426 1571 1460 coelestia
1589 1431 1622 1459 et
1639 1425 1747 1458 mixta
1765 1435 1846 1457 casu
1861 1421 1967 1462 oriri,
1994 1422 2123 1454 durare

1139 1478 1404 1523 aliquantisper,
1430 1485 1463 1512 et
1481 1487 1602 1510 rursus
1624 1474 1791 1518 extingui.
1842 1473 1997 1506 Econtra
2013 1471 2126 1505 Stoici

1140 1529 1365 1563 stabilitatem
1383 1528 1583 1561 coelestium
1606 1537 1793 1570 corporum
1812 1530 1846 1558 et
1860 1529 2021 1556 motuum
2039 1534 2126 1556 con-

1140 1581 1355 1618 siderantes,
1383 1579 1548 1612 dixerunt
1572 1577 1692 1611 omnia
1719 1574 1913 1609 necessario
1939 1580 2020 1607 nata
2041 1580 2127 1614 esse,

1141 1638 1172 1665 et
1188 1631 1296 1671 nasci,
1319 1637 1352 1663 et
1369 1642 1442 1663 non
1460 1630 1573 1663 solum
1592 1640 1629 1661 ea
1646 1638 1734 1673 quae
1751 1638 1769 1660 a
1787 1625 1933 1659 materia
1949 1624 2126 1663 oriuntur,

1111 1672 1114 1707 Ῑ
1141 1681 1335 1715 necessario
1358 1681 1456 1714 nasci
1480 1686 1541 1714 aut
1566 1679 1660 1719 fieri,
1700 1678 1759 1710 sed
1793 1677 1897 1710 etiam
1928 1673 2123 1708 necessario

1140 1732 1215 1765 fieri
1232 1731 1387 1766 actiones
1404 1731 1598 1764 voluntatis
1622 1727 1797 1762 humanae
1821 1728 1932 1760 bonas
1949 1732 1982 1758 et
2004 1725 2124 1764 malas,

1141 1789 1173 1816 et
1194 1782 1425 1816 necessariam
1451 1793 1524 1815 esse
1548 1778 1803 1814 connexionem
1827 1775 2023 1810 voluntatis
2054 1772 2123 1807 hu-

1141 1845 1265 1866 manae
1283 1845 1361 1866 cum
1380 1831 1537 1867 materia.
1587 1828 1635 1864 Et
1655 1826 1747 1862 hanc
1767 1826 2022 1861 connexionem
2039 1837 2123 1858 cau-

1140 1895 1257 1916 sarum
1276 1890 1405 1917 vocant
1422 1881 1559 1916 Fatum.
1619 1878 1667 1914 Et
1690 1891 1793 1912 suum
1817 1888 1970 1911 errorem
1997 1875 2126 1909 confir-

1142 1941 1258 1974 mant,
1292 1934 1420 1978 partim
1445 1930 1599 1978 physicis
1623 1929 1856 1973 argumentis,
1889 1927 2017 1971 partim
2048 1925 2126 1958 dia-

1140 1985 1283 2020 lecticis.
1348 1981 1541 2030 Physicum
1572 1980 1723 2015 sumitur
1747 1991 1767 2013 a
1791 1978 2010 2013 connexione
2041 1989 2124 2009 cau-

1140 2047 1269 2070 sarum.

1241 2084 1424 2120 Secundae
1457 2095 1580 2119 causae
1619 2093 1693 2115 non
1737 2086 1884 2125 possunt
1914 2089 2013 2122 agere
2047 2077 2123 2109 siue

1141 2147 1264 2180 prima.

1240 2186 1440 2227 Secundae,
1478 2183 1641 2218 videlicet
1670 2182 1836 2217 coelestes
1864 2187 1897 2215 et
1917 2176 2124 2217 materiales,

1140 2237 1337 2271 necessario
1359 2243 1478 2281 agunt.

1239 2294 1334 2340 Ergo
1352 2301 1384 2329 et
1402 2295 1514 2339 prima
1531 2291 1729 2327 necessario
1756 2290 1838 2333 agit.

1240 2354 1326 2388 Item
1340 2381 1350 2395 ,
1377 2351 1514 2388 Omnes
1531 2351 1702 2386 secundae
1725 2346 1919 2382 necessario
1945 2356 2123 2381 connexae

1137 2412 1219 2440 sunt
1237 2418 1318 2439 cum
1338 2405 1464 2450 prima.

1239 2463 1334 2508 Ergo
1366 2464 1459 2498 inter
1490 2473 1563 2495 sese
1598 2458 1792 2492 necessario
1824 2467 2001 2490 connexae
2029 2462 2123 2489 sunt.

1141 2513 1262 2557 Quare
1279 2523 1312 2549 et
1328 2515 1490 2548 voluntas
1507 2510 1700 2544 necessario
1718 2520 1874 2542 connexa
1893 2514 1943 2540 est
1960 2519 2038 2540 cum
2049 2518 2124 2539 ma-

1137 2566 1237 2605 teria,
1264 2578 1328 2599 nec
1345 2570 1455 2609 potest
1469 2562 1556 2596 alios
1573 2566 1688 2594 motus
1706 2559 1856 2593 excitare
1870 2557 2035 2591 voluntas
2046 2555 2124 2591 An-

1140 2616 1248 2657 tonii,
1289 2626 1393 2660 quam
1423 2620 1463 2647 ut
1496 2611 1717 2646 voluntatem
1747 2609 1840 2644 cient
1875 2607 2124 2642 inclinationes

1138 2665 1322 2713 aynateria
1344 2670 1452 2699 ortae.
