2379 2948
85 99 132 134 86
140 98 156 131 1
484 94 529 131 V.

584 94 634 129 IN
660 91 921 129 DANIELEM
949 90 1266 127 PROPHETAM
1292 89 1714 129 COMMENTARIUS.

2039 93 2113 128 862

84 183 227 221 etesiae,
260 180 430 227 professio
461 179 688 227 propheticae
711 188 742 216 et
766 180 979 226 apostolicae
1007 181 1072 213 do-
1094 182 1100 218 1
1124 179 1187 212 filii
1205 179 1277 219 sui,
1305 179 1463 212 futurum
1480 179 1670 223 iudicium,
1698 178 1997 213 resuscitationem
2013 191 2109 212 mor-

84 234 230 269 ctrinae.
300 232 421 276 Quare
449 233 533 266 satis
557 233 741 277 perspicue
764 238 920 275 constat,
954 231 989 263 id
1016 244 1070 264 re-

82 297 191 326 gnum
216 284 292 317 Deo
324 284 457 317 bellum
487 284 635 324 inferre,
671 284 766 328 qnod
797 282 914 315 abolet
944 283 1071 326 scripta

82 333 343 380 Prophetarum
366 341 399 368 et
421 333 692 379 Apostolorum,
730 333 860 366 deinde
884 340 916 367 et
940 334 1071 366 articu-

83 388 136 421 los
168 387 376 431 praecipuos
397 383 581 428 Evangelii
612 384 752 428 penitus
780 384 882 417 delet.
951 383 1071 417 Finxit

84 436 265 473 Christum
297 448 370 472 esse
400 436 578 469 doctorem
609 435 759 468 similem
784 434 877 468 Mosi
912 442 971 468 ant
993 435 1071 467 aliis

83 486 290 533 Prophetis,
316 499 380 520 nec
404 485 560 529 agnoscit
585 497 657 518 esse
673 485 893 520 Salvatorem
916 494 948 519 et
969 486 1070 519 victi—

83 553 176 574 mam
200 552 264 584 pro
287 537 435 582 peccatis
460 535 657 572 hominum.
712 536 846 570 Abiicit
870 549 1013 581 prorsus
1032 549 1070 569 ea

83 603 172 637 quae
190 592 232 623 de
247 589 339 623 Filio
359 586 425 621 Dei
452 588 490 620 in
506 585 700 631 Evangelio
718 589 905 629 dicuntur,
934 588 1072 631 ignorat

84 653 229 688 prorsus
261 639 457 673 doctrinam
488 639 532 672 de
563 639 630 671 fide
661 646 695 673 et
723 651 803 672 vera
833 639 1072 679 invocatione,

85 692 238 737 denique
280 689 460 735 propriam
495 688 682 732 Evangelii
729 690 927 723 doctrinam
968 690 1071 724 delet.

84 743 240 777 Tantum
271 740 480 785 particulam
514 741 643 774 retinet
676 742 833 774 civilium
866 748 1071 785 praecepto-

84 807 174 834 rum,
187 804 390 838 quanquam
409 789 492 825 haec
504 804 645 837 quoque
661 792 867 836 corrumpit.
899 792 1071 825 Concedit

82 844 270 888 flagitiosas
294 843 481 883 libidines,
515 843 612 876 iubet
636 844 743 876 armis
769 843 845 885 cogi
870 841 1004 876 Gentes
1029 843 1071 874 ad

82 894 360 939 amplectendam
386 894 530 937 impiam
547 895 766 933 doctrinam,
794 901 827 927 et
841 894 990 926 interfici
1008 896 1072 926 ad-

80 951 270 980 versantes.
340 944 418 978 Hoc
449 957 529 978 vere
561 952 611 979 est
644 946 793 990 impium
827 952 859 979 et
892 945 1070 978 infinitum

81 997 308 1032 latrocinium
326 995 539 1040 praecipere.

182 1059 233 1090 De
248 1056 404 1101 potentia
417 1056 520 1089 etiam
533 1062 638 1089 notae
650 1062 731 1089 sunt
743 1052 924 1089 historiae.
980 1055 1071 1088 Tota

80 1109 224 1148 Africa,
257 1119 381 1150 magna
407 1118 485 1151 pars
511 1105 634 1146 Asiae,
661 1118 784 1150 magna
809 1104 993 1150 Europae,
1021 1113 1072 1139 te-

81 1167 187 1194 netur
209 1159 253 1191 ab
276 1159 318 1192 iis
341 1158 403 1203 qui
422 1155 617 1191 Mahometi
638 1157 848 1190 senteutiam
866 1158 1072 1192 defendunt.

79 1210 128 1246 Et
158 1221 254 1244 nunc
282 1208 393 1242 Turci
426 1208 587 1242 omnium
628 1209 798 1242 latissime
827 1209 1070 1248 dominantur,

81 1273 234 1308 quorum
263 1260 452 1305 imperium
484 1257 542 1293 hic
566 1272 639 1293 non
663 1260 895 1302 distinguitur
921 1272 939 1292 a
968 1259 1072 1293 Sara-

81 1325 215 1348 cenlco.

183 1368 251 1403 Sed
278 1365 443 1402 Ezechiel
474 1374 506 1401 et
530 1367 763 1412 Apocalypsis
794 1368 1005 1400 nominatim
1031 1368 1073 1399 de

80 1419 147 1455 hac
162 1420 328 1453 barbarie
344 1419 620 1458 concionantur,
648 1430 752 1463 quam
771 1419 892 1451 scribit
908 1415 1073 1451 Ezechiel

80 1478 266 1505 venturam
289 1471 332 1503 ab
350 1470 531 1515 Aquilone
549 1475 722 1513 postrema
743 1469 868 1502 mundi
885 1476 1014 1509 aetate,
1042 1476 1075 1502 et

81 1523 210 1557 tribuit
228 1522 278 1555 eis
293 1521 547 1565 appellationes
560 1519 640 1563 Gog
657 1527 688 1553 et
700 1519 851 1563 Mag0g‚
880 1522 973 1565 quod
988 1519 1076 1566 Scy·—

81 1571 178 1608 thico
202 1585 300 1606 more
323 1578 410 1605 tecta
435 1572 678 1614 circumferat,
706 1583 770 1604 nec
790 1569 943 1605 habeant
963 1578 1073 1604 certas

82 1626 192 1660 sedes.
234 1622 382 1658 Constat
407 1630 522 1656 autem
547 1622 685 1655 Turcos
709 1634 728 1655 a
754 1621 901 1655 Caucasi
925 1623 1074 1666 rupibus

81 1686 304 1721 progressos,
332 1680 449 1718 postea
473 1673 511 1706 in
528 1673 612 1706 Asia
640 1679 781 1716 vagatos
805 1685 878 1706 esse
895 1685 933 1706 ac
952 1673 1076 1717 paula-

81 1727 144 1761 tim
171 1725 348 1760 Galatiam
379 1732 413 1758 et
436 1723 542 1758 Ponti
573 1736 670 1757 oram
703 1736 901 1768 occupasse.
971 1722 1074 1756 Hanc

82 1777 282 1811 barbariem
312 1775 553 1810 vaticinantur
583 1772 750 1808 Ezechiel
782 1781 814 1807 et
842 1774 1075 1820 Apocalypsis

82 1835 260 1874 postremo
289 1827 540 1871 imperaturam
563 1838 654 1866 esse,
688 1832 721 1859 et
748 1825 892 1870 quidem
917 1826 985 1858 late
1014 1838 1075 1857 va-

81 1887 250 1913 staturam
277 1890 349 1911 esse
372 1876 548 1911 Ecclesias
570 1876 655 1915 Dei,
690 1883 723 1910 et
743 1878 884 1909 tandem
910 1876 947 1909 in
971 1888 1073 1909 mon-

80 1931 176 1965 tibus
195 1929 304 1963 lsrae'l
321 1929 513 1974 perituram
533 1940 622 1968 esse,
650 1934 689 1961 ut
708 1934 825 1971 postea
845 1927 971 1960 dicam.

184 1987 237 2022 De
262 1989 341 2021 loco
364 1988 627 2021 observandum
649 1993 719 2027 est,
747 1988 841 2031 qnod
862 1986 1073 2019 nominatim

84 2039 201 2084 inquit
222 2038 368 2077 Daniel,
402 2037 533 2073 Evulsa
564 2049 637 2071 esse
669 2038 786 2082 priora
816 2038 870 2070 vel
897 2037 1074 2071 anteriora

84 2101 228 2124 cornua.
295 2089 477 2133 Significat
508 2090 703 2123 defecturas
736 2088 842 2122 fuisse
874 2088 1074 2133 provincias

84 2140 268 2176 Romanas
291 2141 325 2173 in
346 2139 498 2175 Oriente
520 2142 612 2174 sitas.
679 2138 726 2174 Et
751 2140 985 2173 nominantur
1007 2140 1072 2173 tria

84 2203 233 2226 cornua.
284 2190 442 2225 Primum
467 2193 561 2225 enim
586 2191 702 2225 statim
728 2191 989 2224 coniunxerunt
1009 2190 1074 2225 Sa-

84 2242 205 2277 raceni
231 2239 298 2275 has
316 2249 388 2275 tres
409 2243 584 2286 regiones,
618 2241 836 2288 Aegyptum,
876 2241 1013 2288 Syriam
1040 2248 1074 2275 et

83 2293 230 2328 Ciliciae
257 2305 369 2328 oram.
421 2292 528 2336 Quod
549 2306 632 2327 vero
647 2300 765 2337 postea
784 2294 902 2338 plures
928 2293 1073 2336 provin-

85 2345 161 2379 ciae
174 2344 329 2378 domitae
346 2350 439 2385 sunt,
470 2344 508 2378 id
526 2357 602 2378 non
616 2351 747 2389 pugnat
764 2357 842 2379 cum
867 2351 984 2383 textu,
1012 2345 1072 2390 qui

83 2393 152 2430 hoc
176 2396 258 2429 Ioco
280 2394 424 2428 initium
449 2396 550 2438 regni·
567 2396 746 2432 describit.

186 2471 379 2516 Postquam
409 2470 572 2515 exposui,
605 2472 699 2516 quod
725 2483 871 2515 regnum
896 2472 1073 2505 describa-

85 2529 164 2564 tur,
190 2523 259 2556 iam
278 2533 399 2555 causas
414 2522 691 2562 consideremus,
715 2534 778 2555 cur
794 2521 890 2556 Deus
909 2521 993 2556 haec
1012 2536 1077 2567 pa-

86 2574 266 2608 tefecerit?
319 2572 507 2607 Humanae
534 2579 667 2605 men-tes
697 2579 779 2606 sunt
805 2574 928 2607 avidae
951 2575 1076 2617 cogni-

88 2624 196 2658 tionis
234 2625 441 2658 futurorum
478 2624 635 2670 quadam
670 2635 832 2667 perversa
860 2625 1072 2660 curiositate.

89 2674 158 2709 Sed
174 2674 269 2709 Deus
286 2676 456 2709 maximas
470 2687 525 2709 res
541 2675 650 2708 initio·
662 2673 847 2719 patefecit,
868 2673 1071 2711 Adventum
1094 2709 1096 2711 .

1125 238 1286 270 tuorum,
1326 237 1485 264 aeternas
1521 242 1652 274 poenas
1681 230 1889 274 impiorum,
1930 237 2109 264 aeternam

1124 281 1270 324 gloriam
1293 280 1451 324 piorum,
1478 293 1665 324 regnorum
1684 281 1954 326 praecipuorum
1973 292 2110 314 succes-

1123 333 1256 367 sionem
1273 343 1332 364 seu
1350 332 1510 364 ordinem
1528 339 1607 365 ante
1622 333 1785 365 ultimum
1802 331 1986 366 iudicium.
2035 330 2109 364 Has

1124 390 1235 416 tantas
1259 394 1312 415 res
1338 395 1415 415 cum
1442 394 1515 415 non
1533 383 1660 415 frustra
1680 384 1883 417 monstrarit
1902 382 2022 421 Deus,
2045 394 2110 414 vo-

1124 435 1241 467 luntas
1263 434 1337 465 eins
1362 433 1550 475 diligenter
1576 433 1829 466 consideranda
1856 440 1927 474 est,
1958 445 1997 467 ac
2024 439 2110 466 tunc

1123 485 1265 530 quidem
1282 483 1465 517 Danielem
1491 490 1524 517 et
1548 490 1700 517 caeteros
1716 481 1781 517 hac
1799 485 1963 518 doctrina
1978 483 2110 517 erudiit

1123 538 1165 569 de
1182 537 1251 569 vita
1270 542 1410 568 aeterna
1434 542 1466 567 et
1483 542 1631 568 venturo
1651 534 1796 569 iudicio.

1227 595 1298 628 Nos
1324 594 1433 637 magis
1457 594 1561 627 etiam
1585 594 1793 626 confirmare
1811 594 1930 626 eadem
1949 593 2113 627 doctrina

1124 647 1247 684 debet,
1274 646 1434 678 videmus
1459 645 1551 677 enim
1577 645 1798 688 respondisse
1816 651 1983 688 eventus,
2010 644 2112 678 Exti-

1124 704 1244 731 terunt
1268 697 1394 729 ordine
1417 703 1569 741 quatuor
1594 692 1837 733 monarchiae,
1869 694 1970 728 Nunc
1995 695 2113 728 domi-

1125 756 1229 781 natur
1253 760 1336 791 gens
1354 747 1494 780 inimica
1513 745 1587 779 Deo
1601 773 1609 786 ,
1638 758 1726 791 quae
1744 746 1857 789 palam
1876 746 1967 779 delet
1983 745 2111 789 scripta

1124 797 1328 844 prophetica
1354 805 1386 832 et
1409 797 1613 842 apostolica.
1673 796 1753 830 Non
1779 797 1982 830 dubitemus
2005 796 2113 839 igitur

1125 857 1292 883 eventura
1316 856 1349 883 et
1374 856 1507 882 caetera
1533 860 1619 893 quae
1639 848 1726 880 visio
1744 848 1919 888 ostendit,
1947 847 2113 880 videlicet

1125 903 1167 934 de
1191 901 1342 941 indicio,
1376 901 1418 933 de
1441 900 1564 944 poenis
1589 899 1800 942 impiorum,
1834 899 1876 931 de
1899 898 2010 942 gloria
2033 898 2114 942 pio-

1125 965 1215 987 rum.
1249 952 1409 985 Sciamus
1433 958 1526 984 certo
1551 948 1642 983 hanc
1667 944 1883 990 doctrinam,
1911 961 2014 994 quam
2040 947 2113 981 Da—

1125 1004 1196 1035 niel
1220 1004 1395 1044 prosessus
1414 1010 1482 1042 est,
1513 1002 1670 1034 divinam
1690 1012 1781 1044 esse,
1809 1013 1872 1034 nec
1889 1001 1934 1034 ab
1953 1012 1990 1033 ea
2008 999 2118 1033 avelli.

1125 1067 1189 1087 nos
1208 1054 1378 1086 sinamus,

1226 1112 1396 1146 Continet
1420 1118 1536 1145 autem
1562 1109 1618 1144 hic
1644 1111 1741 1144 locus
1767 1111 1985 1149 doctrinam,
2019 1122 2121 1143 com-

1124 1164 1355 1197 minationem
1377 1170 1408 1197 et
1428 1162 1719 1197 consolationem.

1226 1223 1397 1256 Doctrina
1423 1223 1466 1254 ad
1492 1219 1583 1254 hanc
1606 1221 1769 1253 nltimam
1795 1226 1942 1254 aetatem
1965 1220 2122 1253 maxime

1125 1274 1295 1319 pertinet,
1344 1273 1445 1305 valde
1483 1279 1670 1305 moventur
1710 1269 1871 1304 homines
1902 1272 2044 1304 fortuna
2077 1272 2117 1304 in

1125 1333 1311 1369 utramque
1341 1330 1486 1368 partem.
1529 1322 1620 1356 Cum
1653 1328 1769 1355 autem
1799 1322 1931 1355 fuerint
1956 1322 2116 1364 ingentes

1125 1387 1324 1415 successuS,
1352 1382 1385 1408 et
1408 1374 1637 1407 admirandae
1655 1373 1822 1406 victoriae
1842 1372 1939 1415 regni
1959 1371 2121 1412 Turcici.

1125 1425 1303 1460 Ecclesiae
1324 1438 1411 1458 vero
1434 1432 1503 1458 tam
1526 1425 1594 1458 late
1618 1429 1772 1456 vastatae
1795 1423 1883 1463 sint,
1917 1430 2122 1468 sequuntur

1126 1476 1287 1511 homines
1306 1477 1504 1515 fortunam,
1530 1474 1634 1508 multi
1651 1475 1693 1507 ad
1712 1474 1850 1508 Turcos
1870 1474 2055 1514 deficiunt,
2083 1482 2117 1508 et

1125 1530 1386 1571 amplectuntur
1413 1527 1558 1570 impiam
1584 1525 1796 1560 doctrinam.
1848 1524 1922 1558 Alii
1948 1532 2119 1569 expetunt

1124 1583 1324 1614 societatem
1356 1585 1388 1612 et
1415 1574 1636 1622 συμμαχίαν
1660 1589 1738 1610 curn
1764 1576 1911 1616 Turcis‚
1945 1583 1978 1610 et
2001 1588 2119 1622 quan-

1124 1643 1229 1676 quam
1255 1642 1328 1663 non
1352 1630 1617 1673 amplectuntur
1640 1639 1762 1661 eorum
1782 1627 1979 1661 doctrinam
1999 1634 2116 1661 tamen

1124 1694 1270 1725 regnum
1292 1681 1440 1724 impium
1458 1680 1642 1713 adiuvant.

1226 1739 1435 1772 praemonet
1449 1738 1557 1781 igitur
1573 1748 1638 1770 nos
1655 1736 1767 1777 Deus,
1794 1748 1838 1769 ne
1853 1736 1943 1781 capti
1961 1737 2121 1770 admira-

1124 1791 1220 1824 tione
1244 1790 1441 1834 potentiae,
1468 1795 1527 1822 aut
1555 1788 1657 1822 fracti
1684 1788 1813 1821 nostris
1830 1788 2027 1830 aerumnis,
2053 1789 2116 1821 de-

1125 1842 1282 1875 ficiamus
1311 1842 1355 1873 ab
1381 1838 1589 1882 Evangelio.
1653 1837 1866 1873 Manifestae
1896 1846 2001 1873 notae
2032 1846 2117 1873 sunt

1125 1893 1227 1937 impii
1243 1892 1342 1934 regni
1360 1903 1449 1935 qnae
1466 1888 1524 1924 hic
1541 1890 1809 1927 describuntur,
1839 1891 1935 1934 quod
1953 1890 2117 1923 doctrina

1125 1950 1174 1976 est
1208 1943 1461 1977 contumeliosa
1488 1942 1526 1974 in
1550 1940 1685 1981 Deum,
1720 1947 1752 1974 et
1777 1940 1926 1974 Sanctos
1951 1941 2121 1974 trucidat.

1125 1994 1194 2028 Sed
1210 1995 1353 2027 evidens
1369 1993 1508 2036 signum
1527 1992 1590 2033 sit,
1615 1992 1709 2037 quod
1727 1992 1856 2024 scimus
1871 2004 1889 2024 a
1906 1989 2119 2026 Mahometo

1127 2057 1269 2089 prorsus
1301 2044 1437 2078 aboleri
1469 2043 1597 2087 scripta
1624 2040 1827 2086 prophetica
1854 2049 1889 2076 et
1910 2043 2120 2086 apostolica.

1125 2096 1181 2130 Ad
1205 2095 1266 2130 has
1285 2102 1386 2129 notas
1405 2095 1542 2128 addidit
1557 2095 1659 2128 Deus
1674 2091 1741 2127 hoc
1758 2093 2000 2127 testimonium
2018 2094 2115 2138 quod

1125 2148 1168 2181 sit
1193 2149 1424 2181 damnaturus
1450 2152 1483 2179 et
1507 2145 1545 2178 in
1563 2145 1733 2189 supplicia
1753 2151 1895 2178 aeterna
1915 2144 2121 2178 abiecturus-

1125 2197 1215 2232 hanc
1232 2199 1397 2237 bestiam,
1425 2197 1460 2230 id
1478 2203 1545 2237 est,
1569 2203 1682 2230 totum
1700 2207 1847 2239 regnum
1866 2195 2027 2238 impium.

1224 2257 1464 2293 Comminatio
1481 2265 1529 2291 est
1547 2257 1583 2290 in
1601 2263 1716 2297 textu,
1744 2268 1850 2300 quam
1865 2257 1971 2289 modo
1988 2266 2118 2289 recen--

1123 2311 1196 2349 sui,
1223 2322 1316 2355 quae
1331 2322 1439 2353 regno
1456 2306 1696 2342 BIahometico
1714 2307 1858 2340 exitium
1877 2307 2078 2340 denunciat.

1226 2369 1294 2404 Sed
1326 2370 1393 2402 alia
1426 2368 1530 2402 etiam
1555 2366 1786 2400 comminatio
1808 2363 1871 2399 hic
1890 2366 2116 2399 observanda-

1124 2427 1194 2462 est,
1221 2433 1314 2465 quae
1335 2422 1378 2454 de
1402 2418 1659 2453 calamitatibus
1676 2415 1857 2450 Ecclesiae
1870 2417 2118 2451 concionatur-

1124 2472 1298 2506 Praedicit
1328 2483 1475 2514 regnum
1503 2466 1781 2502 Mahometicum
1813 2467 1903 2501 bella
1929 2475 2115 2501 moturum»

1123 2535 1195 2556 esse
1219 2525 1385 2557 adversus
1400 2521 1566 2560 sanctos,
1594 2525 1627 2552 et
1649 2519 1791 2552 futuras
1809 2518 2023 2552 vastationes
2040 2516 2117 2552 Ec-

1123 2574 1329 2613 clesiarum‚
1361 2580 1393 2606 et
1416 2572 1537 2605 caedes
1560 2569 1793 2604 Sanctorum.
1847 2568 1944 2603 Haec
1970 2576 2020 2603 est
2047 2569 2116 2603 tri-

1123 2625 1184 2659 stis
1206 2624 1329 2658 concio
1346 2629 1378 2656 et
1396 2622 1511 2655 aliena
1530 2632 1548 2654 a
1568 2620 1707 2654 iudiciis
1722 2618 1899 2656 humanis.
1951 2619 2026 2655 Cur
2041 2621 2115 2653 im

1123 2676 1258 2720 perium
1280 2681 1314 2709 et
1330 2673 1494 2708 victorias
1511 2672 1638 2706 tribuit·
1649 2670 1751 2705 Deus
1763 2671 1856 2715 genti
1875 2671 2020 2715 impiae,
2046 2683 2117 2716 pa-
