2379 2948
118 101 218 137 1395

719 101 782 138 lx,
836 100 1201 138 COMMENTARII
1230 102 1280 137 IN
1307 101 1550 139 PSALMOS·

2053 109 2149 145 1394

113 186 366 229 consessione,
394 188 591 221 doctrinam
614 189 657 221 de
681 195 821 233 peccato
843 196 876 223 et
891 190 1108 223 condemna·
1135 186 1138 225 Ι
1161 189 1290 229 animi,
1317 197 1378 224 aut
1399 196 1608 223 avertuntur
1632 202 1649 224 a
1671 189 1765 231 Deo,
1792 198 1905 231 metu,
1931 193 2057 227 fiducia
2081 191 2148 228 hu-

113 238 211 272 tione
243 236 420 272 humanae
442 239 621 281 iusticiae‚
655 240 854 273 doctrinam
877 241 921 273 de
945 253 1108 284 persecu-

114 289 230 331 tione,
268 290 312 322 de
343 289 434 323 veris
464 290 640 332 cultibus,
672 291 804 325 scilicet
836 291 879 323 de
905 292 1109 333 afflictione,

113 340 338 375 invocatione
363 348 396 373 et
413 341 644 374 confessione.
698 340 774 374 Hae
791 343 956 375 materiae
973 355 1105 387 propo-

112 399 249 425 nuntur
266 391 302 423 in
320 392 497 435 exemplo,
522 398 560 425 ut
577 392 615 425 fit
632 392 668 424 in
686 391 853 425 Psalmis:
883 399 1003 438 estque
1026 405 1103 436 gra-

110 493 266 533 tionem,
294 498 327 525 et
350 492 492 526 effectus
516 493 577 537 qui
600 493 707 527 secuti
726 500 819 528 sunt.

110 543 190 586 gine
211 543 403 577 traduntur
428 543 606 587 praecipui
625 544 692 576 loci
709 544 891 578 doctrinae
909 543 1104 587 Evangelii.

112 593 284 627 Terrores
309 595 515 628 describunt
538 606 657 627 veram
683 595 953 639 poenitentiam.
1006 596 1103 630 Con—

109 644 236 678 solatio
267 657 336 690 qua
362 657 397 678 se
422 652 592 679 sustentat
615 644 730 678 David
755 647 792 679 in
819 644 874 680 bis
898 648 1104 689 terroribus,
1129 660 1130 666 ¹

108 703 192 729 sunt
217 708 318 729 voces
342 696 442 729 fidei:
469 704 500 730 et
527 696 641 742 qualis
667 708 721 729 res
742 697 787 731 sit
816 698 919 738 fides,
947 705 980 731 et
1006 700 1099 744 quod

108 758 190 780 vere
222 744 317 780 hunc
349 748 482 781 cultum
508 746 604 781 Deus
626 748 798 791 postulet,
832 749 924 781 clare
949 750 1103 784 ostendit

109 796 178 831 hoc
203 798 425 841 exemplum,
454 799 635 839 videlicet,
663 800 757 843 quod
781 799 867 832 fides
891 800 956 833 niti
977 801 1101 834 debeat

108 849 182 882 sola
205 849 465 890 misericordia,
493 856 526 883 et
549 861 621 882 non
640 850 770 883 intueri
786 857 925 883 nostras
943 851 1101 892 virtutes,
1125 881 1127 895 ἶ
1153 875 1270 911 spectu
1288 868 1412 911 posita,
1441 874 1472 901 et
1490 867 1674 901 continent
1690 868 1929 901 dulcissimam
1946 870 2144 902 doctrinam

109 912 174 933 nec
196 900 311 943 frangi
331 908 363 934 et
381 901 494 935 excuti
510 908 697 944 conspectu
716 908 856 934 nostrae
874 902 1100 938 infirmitatis,

105 949 204 984 Haec
228 958 277 984 est
296 952 457 984 doctrina
475 951 661 996 peculiaris
678 950 864 995 Evangelii
883 953 1099 986 concionan-

105 1001 152 1036 tis
167 1002 210 1035 de
227 1002 377 1045 gratuita
394 1003 698 1043 reconciliatione,
724 1015 814 1048 quae
829 1003 1099 1047 diligentissime

104 1054 348 1097 cognoscenda
382 1060 413 1087 et
440 1054 671 1087 discernenda
695 1061 745 1087 est
772 1066 789 1087 a
815 1055 975 1087 doctrina
1000 1055 1095 1097 legis.

103 1103 252 1138 Necesse
276 1111 326 1137 est
343 1112 460 1138 autem
480 1105 596 1137 lucere
612 1106 648 1137 in
664 1103 819 1138 Ecclesia
839 1105 1037 1138 doctrinam
1055 1108 1097 1139 de

104 1152 162 1188 his
187 1155 459 1197 certaminibus,
488 1163 520 1189 et
544 1156 619 1199 pios
644 1168 681 1188 ea
701 1156 870 1199 experiri,
898 1157 985 1189 alios
1005 1158 1096 1201 plus,

103 1206 192 1239 alios
212 1207 345 1240 minus:
373 1219 438 1240 nec
463 1207 641 1240 invocatio
662 1218 742 1239 vera
760 1207 835 1239 sine
855 1205 919 1240 bac
937 1208 1003 1240 fide
1023 1209 1095 1240 exi-
1121 1208 1123 1211 ’

104 1263 194 1291 stere
226 1264 351 1301 potest.
405 1256 476 1292 Ubi
502 1265 618 1291 autem
645 1269 787 1291 accensa
813 1265 863 1291 est
888 1255 973 1291 haec
1000 1259 1095 1300 fides,

103 1315 303 1353 sequuntur
330 1308 526 1349 invocatio,
564 1308 755 1349 confessio,
790 1321 885 1344 crux.
940 1310 1018 1342 Hos
1043 1310 1095 1342 lo-

103 1371 162 1393 cos
185 1365 320 1393 constat
344 1371 417 1392 esse
436 1360 644 1403 praecipuos
664 1360 700 1391 in
719 1360 879 1393 doctrina
898 1358 1097 1403 Evangelii,

102 1417 135 1443 et
151 1410 189 1442 in
206 1409 276 1443 vita
294 1407 508 1446 Christiana.

203 1459 268 1494 Est
294 1461 402 1504 igitur
426 1458 485 1493 hic
504 1459 665 1494 Psalmus
689 1461 887 1504 exemplum
912 1461 1095 1494 doctrinae

100 1511 306 1555 Evangelii,
334 1519 368 1545 et
392 1511 507 1555 imago
532 1523 698 1545 verorum
723 1512 955 1544 certaminum
982 1519 1013 1545 et
1040 1523 1094 1545 sa-

100 1563 326 1597 crificiorum.
369 1562 458 1596 Nam
485 1560 542 1595 hic
565 1574 707 1607 quoque
730 1562 947 1605 significatur
969 1563 1093 1596 discri-

100 1626 182 1648 men
213 1613 393 1657 cultuum‚
428 1620 460 1647 et
489 1620 743 1658 proponuntur
768 1625 841 1645 non
864 1614 1095 1655 ceremoniae,

101 1666 161 1700 sed
186 1665 290 1708 longe
313 1665 379 1698 alia
404 1665 592 1704 sacrificia,
618 1664 749 1697 scilicet
772 1664 876 1705 fides,
904 1664 1094 1706 invocatio,

100 1716 292 1755 confessio,
329 1716 485 1751 afflictio.
546 1716 595 1750 Et
624 1715 870 1748 memorabiles
900 1716 1093 1749 sententiae

98 1768 231 1802 multae
249 1768 450 1800 traduntur.

204 1817 312 1851 luitio
336 1819 378 1851 de
402 1817 508 1851 Fide:
534 1814 675 1850 Dilexi
696 1814 796 1864 quod
810 1815 914 1850 Deus
938 1815 1092 1850 exaudit

99 1881 174 1911 me,
202 1869 235 1902 id
254 1877 323 1909 est,
352 1869 480 1909 laetor,
507 1866 573 1901 hac
591 1868 832 1902 consolatione
849 1881 904 1901 me
923 1876 1093 1910 sustento,

100 1921 195 1967 quod
220 1920 362 1954 exaudit
385 1932 441 1952 me
456 1918 552 1953 Deus
577 1920 767 1953 luctantem
795 1932 873 1952 cum
897 1920 1092 1953 terroribus

99 1980 260 2006 aeternae
276 1972 408 2005 mortis.
462 1971 562 2004 Haec
581 1977 631 2004 est
648 1983 714 2003 vox
730 1970 830 2011 fidei,
859 1982 948 2015 quae
966 1971 1092 2004 nititur

100 2024 175 2057 sola
207 2023 467 2062 misericordia,
501 2028 542 2055 ut
570 2028 688 2065 postea
713 2021 814 2054 dicit:
850 2020 944 2054 Deus
972 2030 1091 2055 noster

99 2075 296 2107 miseretur.
344 2073 450 2107 Tales
466 2073 659 2106 sententiae
675 2073 908 2117 opponendae
926 2080 1008 2106 sunt
1024 2074 1088 2106 du-

99 2125 266 2159 bitationi
291 2137 329 2157 ac
356 2124 589 2164 diffidentiae,
617 2136 706 2168 quae
725 2124 876 2157 deterret
894 2130 927 2157 et
944 2124 1089 2167 langue-

98 2177 182 2210 facit
198 2176 434 2209 invocantem.

202 2226 286 2260 ldeo
305 2233 421 2270 postea
441 2226 625 2268 coniungit
640 2225 900 2258 invocationem
925 2232 957 2258 et
973 2226 1089 2259 fidem.

100 2274 264 2319 Credidi,
287 2282 434 2324 propter
456 2274 557 2324 quod
572 2275 719 2323 loquor,
745 2276 782 2309 id
808 2283 873 2309 est:
900 2276 1031 2310 Invoco
1057 2284 1090 2311 et
1114 2319 1115 2325 ἵ

1113 2328 1115 2344 ”
1142 2327 1285 2361 scientia
1312 2326 1365 2359 sui
1390 2326 1529 2368 lapsus,
1557 2322 1684 2355 deinde
1707 2323 1904 2365 ingentium
1926 2332 1956 2357 et
1974 2321 2129 2358 horribi-

331 2328 417 2363 Saul
442 2328 524 2373 quia
552 2329 711 2366 dubitat,
739 2327 828 2369 fugit
853 2326 988 2368 Deum,
1017 2340 1087 2361 non

100 2330 278 2374 profiteor.

304 2379 425 2425 Itaque
449 2379 625 2412 invocatio
649 2379 741 2423 apud
767 2378 907 2421 ignaros
927 2387 959 2412 et
975 2377 1089 2413 hostes

99 2383 251 2415 invocat.

98 2431 304 2475 Evangelii,
332 2443 406 2464 non
431 2437 480 2464 est
498 2431 674 2464 invocatio
693 2428 779 2468 Dei,
808 2430 897 2463 sicut
916 2442 979 2463 nec
995 2431 1088 2474 apud
1114 2446 1115 2450 ¹

99 2490 229 2527 gentes.

202 2532 268 2567 Est
289 2539 322 2565 et
344 2529 412 2565 hoc
429 2523 658 2564 memorabile
676 2531 828 2572 dictum,
854 2533 948 2576 quod
968 2544 1089 2565 omnes
1113 2553 1115 2556 >

1113 2594 1115 2601 ·
1143 2595 1239 2622 nem,
1276 2588 1306 2615 et
1335 2586 1491 2624 expectat
1517 2577 1655 2610 veniam
1682 2590 1720 2610 ac
1748 2578 2008 2612 liberationem.

100 2584 263 2619 homines
287 2590 439 2616 accusat:
468 2578 604 2616 Omnis
626 2579 735 2615 homo
758 2581 939 2622 mendax,
970 2584 1004 2616 id
1028 2590 1089 2624 est,

100 2649 172 2669 non
189 2643 280 2669 recte
299 2634 453 2667 sentiens
470 2635 513 2667 de
531 2633 618 2668 Deo.
671 2633 783 2667 Nemo
802 2635 902 2668 timet
919 2643 956 2669 ut
974 2636 1089 2676 debet,

100 2699 205 2721 nemo
241 2686 387 2720 confidit
412 2684 508 2726 Deo,
541 2692 579 2718 ut
614 2685 733 2725 dehet,
765 2686 825 2719 sed
857 2686 1088 2720 inflectuntur

154 2740 333 2770 MELANTH.
353 2739 457 2770 Oriza.
486 2738 570 2770 Von.
588 2737 681 2769 XIII.

1128 672 1130 688 l

1157 413 1256 435 mors
1278 406 1489 435 sanctorum
1510 401 1547 434 in
1566 407 1751 449 conspectu
1771 401 1942 439 Domini.

111 442 242 475 tiarum
268 442 357 475 actio
382 443 693 476 commemorantis
717 443 892 486 pericula,
919 450 952 476 et
976 444 1105 477 libera-
1130 449 1132 479 ἑ

876 493 917 527 ln
932 492 997 527 hac
1016 495 1104 528 ima—

1160 252 1344 273 manarum
1384 253 1519 281 rerum,
1562 248 1736 286 quaerunt
1775 243 1946 286 praesidia
1983 242 2149 286 humana,

1159 298 1268 325 ruunt
1287 303 1406 324 amore
1424 299 1456 325 et
1474 292 1553 325 aliis
1571 293 1725 326 motibus
1742 300 1862 326 contra
1878 292 2004 330 Deum.

1976 350 2147 388 Preciosa

1995 404 2071 438 Etsi
2089 418 2148 439 co-

1156 465 1231 486 ram
1255 454 1390 486 mundo
1413 454 1579 487 videntur
1603 466 1620 485 a
1648 453 1722 486 Deo
1747 455 1890 493 abiecti,
1918 455 2064 499 negligi,
2092 456 2148 489 in-

1157 504 1280 545 terire,
1307 510 1426 537 tamen
1451 516 1572 537 revera
1591 502 1686 537 Deus
1709 503 1774 538 hoc
1791 506 2020 547 sacrificium,
2049 507 2147 539 vide-

1157 555 1237 589 licet
1253 562 1402 588 mortem
1414 581 1421 595 ‚
1449 556 1546 588 ducit
1562 567 1635 587 esse
1653 556 1849 599 preciosum
1869 565 1899 590 et
1919 558 2145 591 excellentem

1156 607 1301 640 cultum.
1362 604 1414 639 Ac
1445 606 1596 639 vicissim
1630 613 1746 647 curat,
1780 614 1895 641 servat
1921 615 1951 640 et
1975 608 2146 650 glorificat

1156 669 1224 691 eos,
1291 654 1426 702 Estque
1464 656 1707 690 testimonium
1741 659 1784 690 de
1816 659 1886 692 vita
1917 659 2035 692 futura
2068 666 2145 703 post

1156 705 1246 741 banc
1263 707 1384 741 vitam.

1255 765 1432 800 Recensui
1449 772 1482 799 et
1499 772 1746 807 argumentum
1764 765 1917 808 Psalmi,
1941 774 1973 800 et
1991 769 2144 812 excerpsi

1154 818 1324 861 quaedam
1343 818 1446 857 dicta,
1473 829 1563 861 quae
1581 816 1682 849 valde
1699 817 1842 860 prodest
1858 815 1989 850 habere
2006 818 2043 850 in
2061 830 2146 851 con-

1260 349 1323 384 Est
1352 358 1385 383 et
1417 349 1483 384 hoc
1514 353 1743 385 memorabile
1775 353 1926 386 dictum:

1152 926 1184 952 et
1214 919 1493 952 consolationem
1518 918 1678 962 piorum,
1710 918 1771 963 qui
1796 931 1869 951 non
1891 926 1970 952 sunt
1996 920 2144 953 omnino

1150 970 1278 1011 ociosi,
1305 971 1363 1002 sed
1384 976 1591 1004 exercentur
1609 969 1788 1002 aerumnis
1804 969 1983 1014 aliquibus
1996 997 2005 1011 ‚
2033 977 2066 1004 et
2084 983 2144 1014 pe-

1150 1027 1230 1055 tunt
1264 1033 1282 1054 a
1307 1019 1384 1054 Deo
1414 1021 1585 1054 auxilium
1618 1027 1649 1053 et
1680 1020 1970 1053 consolationem.
2023 1021 2075 1054 Ac
2101 1024 2144 1055 de

1149 1079 1356 1116 argumento
1377 1079 1523 1108 tantum,

1199 1171 1358 1211 Laetor,
1387 1169 1488 1220 quod
1503 1170 1657 1206 eoemtdit
1677 1170 1869 1206 Dominus
1887 1183 2000 1205 vocem
2019 1171 2140 1221 depre-

1250 1225 1436 1258 cationum
1459 1235 1636 1259 mearum.

1251 1299 1392 1333 Primus
1417 1311 1537 1332 versus
1563 1306 1612 1333 est
1639 1299 1835 1343 propositio
1861 1306 1893 1332 et
1918 1311 2053 1332 summa
2079 1313 2141 1333 ne-

1147 1351 1248 1394 gocii.
1300 1349 1389 1384 Cum
1414 1351 1508 1382 enim
1533 1350 1578 1383 sit
1600 1351 1792 1393 gratiarum
1811 1350 1920 1390 actio,
1946 1351 2063 1384 statim
2084 1352 2139 1384 in-

1148 1409 1223 1435 coat
1248 1414 1322 1434 eam
1348 1402 1392 1434 ab
1418 1399 1483 1433 hac
1506 1401 1696 1434 sententia:
1726 1399 1875 1434 Gaudeo
1901 1413 1954 1433 me
1977 1402 2140 1435 exaudiri

1148 1466 1165 1486 a
1191 1451 1285 1493 Deo,
1321 1452 1398 1494 Ago
1424 1452 1551 1493 gratias
1576 1450 1651 1484 Deo
1677 1464 1731 1484 me
1752 1452 1965 1485 exaudienti.
2002 1451 2139 1486 Obser—

1147 1505 1284 1537 vandus
1309 1509 1359 1535 est
1378 1502 1470 1534 enim
1489 1500 1698 1535 Ebraismus
1715 1502 1751 1534 in
1769 1503 1878 1535 verbo
1897 1503 2139 1537 translationis

1147 1556 1310 1588 usitatae:
1354 1552 1488 1591 Dilexi‚
1527 1553 1697 1598 quoniam
1729 1554 1902 1587 exaudiet.
1966 1553 2054 1587 Nam
2086 1556 2138 1588 vis

1147 1605 1318 1639 Ebraicae
1339 1605 1469 1646 figurae
1487 1601 1572 1636 llaec
1589 1610 1657 1641 est,
1685 1603 1786 1637 Hanc
1804 1616 1875 1637 rein
1895 1602 1983 1636 mibi
2002 1617 2042 1637 ex
2060 1606 2138 1638 ani-

1146 1670 1203 1689 mo
1228 1656 1407 1698 gratulor,
1434 1652 1499 1686 hac
1526 1666 1581 1687 me
1606 1655 1846 1688 consolatione
1870 1662 2047 1697 sustento,
2074 1654 2138 1690 hac

1148 1720 1182 1740 re
1199 1708 1372 1746 delector,
1398 1706 1493 1750 quod
1511 1703 1606 1737 Deus
1626 1717 1681 1737 me
1701 1706 1854 1741 exaudit.

1247 1764 1330 1798 Dixi
1362 1772 1478 1797 autem
1508 1770 1630 1801 antea,
1668 1761 1759 1796 banc
1792 1775 1864 1796 esse
1897 1765 1976 1797 fidei
2005 1779 2136 1808 vocem,

1147 1829 1234 1862 quae
1262 1817 1436 1849 eluctatur
1466 1827 1506 1847 ex
1539 1813 1665 1846 mediis
1689 1815 1874 1855 fluctibus,
1909 1828 1987 1849 cum
2014 1820 2135 1852 statuit

1146 1867 1259 1901 Deum
1285 1878 1366 1899 vere
1389 1866 1479 1898 velle
1501 1865 1667 1897 exaudire
1693 1872 1726 1898 et
1751 1865 1885 1899 salvare
1909 1879 1971 1910 per
1995 1868 2134 1901 miseri-

1146 1919 1322 1958 cordiam,
1363 1924 1395 1950 et
1427 1916 1532 1949 sentit
1562 1927 1627 1948 nos
1658 1927 1729 1948 non
1762 1917 1890 1949 debere
1920 1919 2042 1951 cedere
2074 1929 2133 1954 aut

1146 1972 1350 2014 desperare,
1377 1974 1562 2012 propterea
1588 1967 1681 2011 quod
1708 1974 1844 2010 peccata
1869 1977 2031 2003 accusant
2057 1982 2133 2011 nos,

1145 2028 1202 2053 aut
1227 2023 1377 2053 deterret
1404 2031 1468 2051 nos
1494 2017 1679 2050 infirmitas
1703 2025 1833 2053 nostra.
1892 2018 2023 2053 Contra
2049 2019 2134 2056 baec

1144 2073 1318 2114 erigamus
1335 2070 1490 2109 animos,
1518 2076 1551 2102 et
1566 2075 1800 2102 sustentemus
1818 2082 1882 2102 nos
1900 2072 2133 2114 promissione

1145 2122 1415 2155 misericordiae.
1477 2119 1536 2153 Sic
1560 2120 1635 2152 vult
1659 2119 1754 2152 Deus
1779 2120 1956 2164 invocari,
1991 2129 2022 2155 et
2048 2120 2131 2156 haec

1144 2173 1320 2207 invocatio
1353 2179 1402 2206 est
1434 2183 1556 2204 verum
1588 2170 1669 2202 fidei
1699 2171 1924 2212 exercitium,
1960 2179 1991 2205 et
2017 2174 2131 2208 cultus

1143 2237 1245 2270 quem
1264 2224 1360 2257 Deus
1383 2223 1513 2266 flagitat
1536 2228 1568 2254 et
1592 2221 1626 2252 in
1644 2220 1840 2264 Evangelio
1858 2223 2018 2267 requirit.
2072 2224 2129 2258 Sic

1143 2278 1282 2309 invocat
1297 2274 1432 2314 David,
1461 2273 1581 2317 pulsus
1600 2272 1634 2303 in
1654 2273 1806 2306 exilium.
1861 2272 2029 2307 Movetur
2045 2287 2129 2308 con-

1142 2379 1228 2411 lium
1246 2377 1505 2414 scandalorum,
1533 2386 1622 2419 quae
1636 2381 1750 2407 secuta
1768 2382 1850 2406 sunt
1867 2383 2009 2419 propter
2026 2376 2128 2410 illum

1142 2431 1296 2473 lapsum:
1333 2440 1406 2460 non
1438 2426 1555 2471 potuit
1588 2425 1653 2457 niti
1686 2425 1836 2465 meritis,
1876 2427 1934 2459 sed
1969 2426 2128 2461 intuetur

1144 2480 1411 2524 promissionem
1438 2476 1625 2520 gratuitam
1654 2476 1869 2508 remissionis
1893 2484 2127 2520 peccatorum.

1142 2531 1216 2565 Hac
1238 2543 1307 2564 una
1332 2542 1367 2562 se
1390 2528 1493 2571 erigit
1517 2534 1550 2560 et
1573 2533 1760 2567 sustentat,
1801 2528 1926 2570 accipit
1951 2529 2128 2562 remissio-

2077 2579 2127 2613 Ita

1141 2634 1208 2666 fide
1236 2633 1410 2666 eluctatur
1443 2642 1483 2663 ex
1515 2628 1649 2662 inferis.
1704 2628 1805 2662 Talia
1839 2630 1995 2673 exempla
2025 2643 2126 2663 mon-

1141 2692 1252 2719 strant
1267 2695 1384 2717 veram
1402 2680 1610 2715 sententiam
1626 2677 1752 2712 horum
1766 2679 1999 2721 psalmorum,
2027 2694 2127 2725 prae..

1571 2730 1618 2763 88
