<?xml version="1.0" encoding="UTF-8"?>
<!DOCTYPE html PUBLIC "-//W3C//DTD XHTML 1.0 Transitional//EN"
    "http://www.w3.org/TR/xhtml1/DTD/xhtml1-transitional.dtd">
<html xmlns="http://www.w3.org/1999/xhtml" xml:lang="en" lang="en">
 <head>
  <title>
</title>
<meta http-equiv="Content-Type" content="text/html;charset=utf-8" />
  <meta name='ocr-system' content='tesseract 3.04.00' />
  <meta name='ocr-capabilities' content='ocr_page ocr_carea ocr_par ocr_line ocrx_word'/>
</head>
<body>
  <div class='ocr_page' id='page_1' title='image "./operaquaesupersu13melauoft_0522.png"; bbox 0 0 2379 2948; ppageno 0'>
   <div class='ocr_carea' id='block_1_1' title="bbox 226 76 321 113">
    <p class='ocr_par' dir='ltr' id='par_1_1' title="bbox 226 76 321 113">
     <span class='ocr_line' id='line_1_1' title="bbox 226 76 321 113; baseline -0.032 0"><span class='ocrx_word' id='word_1_1' title='bbox 226 76 321 113; x_wconf 82' lang='lat'>1019</span> 
     </span>
    </p>
   </div>
   <div class='ocr_carea' id='block_1_2' title="bbox 362 202 1070 327">
    <p class='ocr_par' dir='ltr' id='par_1_2' title="bbox 362 202 1070 327">
     <span class='ocr_line' id='line_1_2' title="bbox 362 202 1070 258; baseline -0.016 -12"><span class='ocrx_word' id='word_1_2' title='bbox 362 211 689 258; x_wconf 67' lang='lat' dir='ltr'>Argumentum</span> <span class='ocrx_word' id='word_1_3' title='bbox 726 215 779 239; x_wconf 79' lang='lat' dir='ltr'>ac</span> <span class='ocrx_word' id='word_1_4' title='bbox 815 202 1070 248; x_wconf 70' lang='lat' dir='ltr'><em>dispositio</em></span> 
     </span>
     <span class='ocr_line' id='line_1_3' title="bbox 554 270 884 327; baseline -0.009 -14"><span class='ocrx_word' id='word_1_5' title='bbox 554 273 673 327; x_wconf 86' lang='lat' dir='ltr'>primi</span> <span class='ocrx_word' id='word_1_6' title='bbox 713 270 884 311; x_wconf 82' lang='lat' dir='ltr'>Psalmi.</span> 
     </span>
    </p>
   </div>
   <div class='ocr_carea' id='block_1_3' title="bbox 1236 151 1240 300">
    <p class='ocr_par' dir='ltr' id='par_1_3' title="bbox 1236 151 1240 300">
     <span class='ocr_line' id='line_1_4' title="bbox 1236 151 1240 300; baseline 0 2648"><span class='ocrx_word' id='word_1_7' title='bbox 1236 151 1240 300; x_wconf 95' lang='lat' dir='ltr'> </span> 
     </span>
    </p>
   </div>
   <div class='ocr_carea' id='block_1_4' title="bbox 278 305 1241 447">
    <p class='ocr_par' dir='ltr' id='par_1_4' title="bbox 278 305 1241 447">
     <span class='ocr_line' id='line_1_5' title="bbox 1238 305 1240 330; baseline 0 0"><span class='ocrx_word' id='word_1_8' title='bbox 1238 305 1240 330; x_wconf 77' lang='grc' dir='ltr'>ι</span> 
     </span>
     <span class='ocr_line' id='line_1_6' title="bbox 278 337 1241 402; baseline -0.018 -6"><span class='ocrx_word' id='word_1_9' title='bbox 278 365 422 396; x_wconf 72' lang='lat' dir='ltr'>Beatus</span> <span class='ocrx_word' id='word_1_10' title='bbox 451 360 508 392; x_wconf 76' lang='lat' dir='ltr'>ve&#39;r</span> <span class='ocrx_word' id='word_1_11' title='bbox 535 359 596 402; x_wconf 75' lang='lat' dir='ltr'>qui</span> <span class='ocrx_word' id='word_1_12' title='bbox 624 365 697 389; x_wconf 77' lang='lat' dir='ltr'>non</span> <span class='ocrx_word' id='word_1_13' title='bbox 722 352 814 388; x_wconf 76' lang='lat' dir='ltr'>abiit</span> <span class='ocrx_word' id='word_1_14' title='bbox 838 355 879 387; x_wconf 76' lang='lat' dir='ltr'>in</span> <span class='ocrx_word' id='word_1_15' title='bbox 903 352 1056 386; x_wconf 73' lang='lat' dir='ltr'>consilio</span> <span class='ocrx_word' id='word_1_16' title='bbox 1080 349 1212 392; x_wconf 82' lang='lat' dir='ltr'>impio-</span> <span class='ocrx_word' id='word_1_17' title='bbox 1239 337 1241 364; x_wconf 44' lang='lat' dir='ltr'>i</span> 
     </span>
     <span class='ocr_line' id='line_1_7' title="bbox 278 415 454 447; baseline -0.017 0"><span class='ocrx_word' id='word_1_18' title='bbox 278 424 358 447; x_wconf 83' lang='lat' dir='ltr'>rum</span> <span class='ocrx_word' id='word_1_19' title='bbox 383 415 454 446; x_wconf 76' lang='lat' dir='ltr'>etc.</span> 
     </span>
    </p>
   </div>
   <div class='ocr_carea' id='block_1_5' title="bbox 226 484 1216 1090">
    <p class='ocr_par' dir='ltr' id='par_1_5' title="bbox 226 484 1216 1090">
     <span class='ocr_line' id='line_1_8' title="bbox 226 484 1214 535; baseline -0.014 -4"><span class='ocrx_word' id='word_1_20' title='bbox 226 493 374 533; x_wconf 84' lang='lat' dir='ltr'>Primus</span> <span class='ocrx_word' id='word_1_21' title='bbox 408 493 568 527; x_wconf 88' lang='lat' dir='ltr'>Psalmus</span> <span class='ocrx_word' id='word_1_22' title='bbox 604 498 770 535; x_wconf 89' lang='lat' dir='ltr'>tanquam</span> <span class='ocrx_word' id='word_1_23' title='bbox 809 488 977 533; x_wconf 87' lang='lat' dir='ltr'>praefatio</span> <span class='ocrx_word' id='word_1_24' title='bbox 1018 493 1069 520; x_wconf 90' lang='lat' dir='ltr'>est</span> <span class='ocrx_word' id='word_1_25' title='bbox 1107 484 1214 518; x_wconf 88' lang='lat' dir='ltr'>totius</span> 
     </span>
     <span class='ocr_line' id='line_1_9' title="bbox 227 537 1213 593; baseline -0.014 -11"><span class='ocrx_word' id='word_1_26' title='bbox 227 548 360 593; x_wconf 89' lang='lat' dir='ltr'>operis,</span> <span class='ocrx_word' id='word_1_27' title='bbox 389 552 421 578; x_wconf 91' lang='lat' dir='ltr'>et</span> <span class='ocrx_word' id='word_1_28' title='bbox 446 550 495 577; x_wconf 87' lang='lat' dir='ltr'>est</span> <span class='ocrx_word' id='word_1_29' title='bbox 520 543 656 586; x_wconf 83' lang='lat' dir='ltr'>generis</span> <span class='ocrx_word' id='word_1_30' title='bbox 681 539 947 575; x_wconf 76' lang='lat' dir='ltr'>demonstrativi</span> <span class='ocrx_word' id='word_1_31' title='bbox 971 550 1030 571; x_wconf 88' lang='lat' dir='ltr'>seu</span> <span class='ocrx_word' id='word_1_32' title='bbox 1055 537 1213 570; x_wconf 87' lang='lat' dir='ltr'>didasca-</span> 
     </span>
     <span class='ocr_line' id='line_1_10' title="bbox 226 588 1213 635; baseline -0.014 -2"><span class='ocrx_word' id='word_1_33' title='bbox 226 600 300 633; x_wconf 90' lang='lat' dir='ltr'>lici:</span> <span class='ocrx_word' id='word_1_34' title='bbox 336 595 397 630; x_wconf 87' lang='lat' dir='ltr'>Est</span> <span class='ocrx_word' id='word_1_35' title='bbox 430 595 523 628; x_wconf 83' lang='lat' dir='ltr'>enirn</span> <span class='ocrx_word' id='word_1_36' title='bbox 556 592 761 635; x_wconf 73' lang='lat' dir='ltr'><strong>descriptio,</strong></span> <span class='ocrx_word' id='word_1_37' title='bbox 795 593 925 625; x_wconf 87' lang='lat' dir='ltr'>docens</span> <span class='ocrx_word' id='word_1_38' title='bbox 952 601 1040 634; x_wconf 88' lang='lat' dir='ltr'>quae</span> <span class='ocrx_word' id='word_1_39' title='bbox 1066 588 1109 621; x_wconf 90' lang='lat' dir='ltr'>sit</span> <span class='ocrx_word' id='word_1_40' title='bbox 1134 598 1213 620; x_wconf 81' lang='lat' dir='ltr'>vera</span> 
     </span>
     <span class='ocr_line' id='line_1_11' title="bbox 226 639 1214 690; baseline -0.013 -7"><span class='ocrx_word' id='word_1_41' title='bbox 226 649 380 685; x_wconf 70' lang='lat' dir='ltr'>Ecclesia</span> <span class='ocrx_word' id='word_1_42' title='bbox 405 646 490 686; x_wconf 85' lang='lat' dir='ltr'>Dei,</span> <span class='ocrx_word' id='word_1_43' title='bbox 517 656 605 690; x_wconf 89' lang='lat' dir='ltr'>quae</span> <span class='ocrx_word' id='word_1_44' title='bbox 630 643 793 676; x_wconf 86' lang='lat' dir='ltr'>videlicet</span> <span class='ocrx_word' id='word_1_45' title='bbox 817 641 1040 685; x_wconf 74' lang='lat' dir='ltr'>amplectitur</span> <span class='ocrx_word' id='word_1_46' title='bbox 1065 639 1214 671; x_wconf 78' lang='lat' dir='ltr'>verbum</span> 
     </span>
     <span class='ocr_line' id='line_1_12' title="bbox 227 690 1214 736; baseline -0.012 -3"><span class='ocrx_word' id='word_1_47' title='bbox 227 701 305 736; x_wconf 86' lang='lat' dir='ltr'>Dei.</span> <span class='ocrx_word' id='word_1_48' title='bbox 360 698 403 731; x_wconf 72' lang='lat' dir='ltr'>lit</span> <span class='ocrx_word' id='word_1_49' title='bbox 427 695 512 730; x_wconf 90' lang='lat' dir='ltr'>baec</span> <span class='ocrx_word' id='word_1_50' title='bbox 536 694 749 728; x_wconf 73' lang='lat' dir='ltr'>discernitur</span> <span class='ocrx_word' id='word_1_51' title='bbox 773 706 790 726; x_wconf 90' lang='lat' dir='ltr'>a</span> <span class='ocrx_word' id='word_1_52' title='bbox 815 691 959 725; x_wconf 83' lang='lat' dir='ltr'>caeteris</span> <span class='ocrx_word' id='word_1_53' title='bbox 979 690 1097 729; x_wconf 86' lang='lat' dir='ltr'>sectis,</span> <span class='ocrx_word' id='word_1_54' title='bbox 1125 701 1214 733; x_wconf 89' lang='lat' dir='ltr'>quae</span> 
     </span>
     <span class='ocr_line' id='line_1_13' title="bbox 227 739 1215 786; baseline -0.013 -1"><span class='ocrx_word' id='word_1_55' title='bbox 227 752 359 786; x_wconf 86' lang='lat' dir='ltr'>habent</span> <span class='ocrx_word' id='word_1_56' title='bbox 378 746 653 781; x_wconf 73' lang='lat' dir='ltr'>commentitiam</span> <span class='ocrx_word' id='word_1_57' title='bbox 673 744 868 778; x_wconf 80' lang='lat' dir='ltr'>doctrinam</span> <span class='ocrx_word' id='word_1_58' title='bbox 882 769 890 782; x_wconf 88' lang='lat'><em>‚</em></span> <span class='ocrx_word' id='word_1_59' title='bbox 918 742 993 774; x_wconf 86' lang='lat' dir='ltr'>sine</span> <span class='ocrx_word' id='word_1_60' title='bbox 1012 741 1119 773; x_wconf 90' lang='lat' dir='ltr'>verbo</span> <span class='ocrx_word' id='word_1_61' title='bbox 1137 739 1215 773; x_wconf 88' lang='lat' dir='ltr'>Dei.</span> 
     </span>
     <span class='ocr_line' id='line_1_14' title="bbox 229 792 1214 845; baseline -0.012 -10"><span class='ocrx_word' id='word_1_62' title='bbox 229 801 474 845; x_wconf 42' lang='lat' dir='ltr'>‚amplificatur</span> <span class='ocrx_word' id='word_1_63' title='bbox 504 804 619 830; x_wconf 86' lang='lat' dir='ltr'>autem</span> <span class='ocrx_word' id='word_1_64' title='bbox 649 795 836 839; x_wconf 81' lang='lat' dir='ltr'>descriptio</span> <span class='ocrx_word' id='word_1_65' title='bbox 869 792 1057 826; x_wconf 88' lang='lat' dir='ltr'>collatione</span> <span class='ocrx_word' id='word_1_66' title='bbox 1081 803 1214 824; x_wconf 87' lang='lat' dir='ltr'>succes-</span> 
     </span>
     <span class='ocr_line' id='line_1_15' title="bbox 230 843 1213 894; baseline -0.012 -8"><span class='ocrx_word' id='word_1_67' title='bbox 230 864 330 887; x_wconf 85' lang='lat' dir='ltr'>suum</span> <span class='ocrx_word' id='word_1_68' title='bbox 356 858 387 884; x_wconf 89' lang='lat' dir='ltr'>et</span> <span class='ocrx_word' id='word_1_69' title='bbox 407 859 611 894; x_wconf 86' lang='lat' dir='ltr'>poenarum.</span> <span class='ocrx_word' id='word_1_70' title='bbox 665 845 760 879; x_wconf 82' lang='lat' dir='ltr'>Ilaec</span> <span class='ocrx_word' id='word_1_71' title='bbox 778 844 918 879; x_wconf 90' lang='lat' dir='ltr'>collatio</span> <span class='ocrx_word' id='word_1_72' title='bbox 936 843 1213 877; x_wconf 74' lang='lat' dir='ltr'>consolationem</span> 
     </span>
     <span class='ocr_line' id='line_1_16' title="bbox 229 892 1216 937; baseline -0.012 0"><span class='ocrx_word' id='word_1_73' title='bbox 229 903 395 937; x_wconf 78' lang='lat' dir='ltr'>continet.</span> <span class='ocrx_word' id='word_1_74' title='bbox 449 898 489 932; x_wconf 89' lang='lat' dir='ltr'>In</span> <span class='ocrx_word' id='word_1_75' title='bbox 506 898 612 932; x_wconf 87' lang='lat' dir='ltr'>tantis</span> <span class='ocrx_word' id='word_1_76' title='bbox 628 896 805 930; x_wconf 83' lang='lat' dir='ltr'>aerumnis</span> <span class='ocrx_word' id='word_1_77' title='bbox 820 895 960 928; x_wconf 71' lang='lat' dir='ltr'>videtur</span> <span class='ocrx_word' id='word_1_78' title='bbox 970 892 1124 927; x_wconf 78' lang='lat' dir='ltr'>Ecclesia</span> <span class='ocrx_word' id='word_1_79' title='bbox 1141 893 1216 926; x_wconf 89' lang='lat' dir='ltr'>sru-</span> 
     </span>
     <span class='ocr_line' id='line_1_17' title="bbox 229 945 1214 996; baseline -0.013 -7"><span class='ocrx_word' id='word_1_80' title='bbox 229 964 297 989; x_wconf 86' lang='lat' dir='ltr'>stra</span> <span class='ocrx_word' id='word_1_81' title='bbox 316 952 491 996; x_wconf 83' lang='lat' dir='ltr'>suscipere</span> <span class='ocrx_word' id='word_1_82' title='bbox 511 950 648 983; x_wconf 87' lang='lat' dir='ltr'>labores</span> <span class='ocrx_word' id='word_1_83' title='bbox 666 955 697 981; x_wconf 88' lang='lat' dir='ltr'>et</span> <span class='ocrx_word' id='word_1_84' title='bbox 716 947 890 992; x_wconf 87' lang='lat' dir='ltr'>pericula,</span> <span class='ocrx_word' id='word_1_85' title='bbox 919 947 977 979; x_wconf 89' lang='lat' dir='ltr'>sed</span> <span class='ocrx_word' id='word_1_86' title='bbox 994 957 1066 978; x_wconf 90' lang='lat' dir='ltr'>non</span> <span class='ocrx_word' id='word_1_87' title='bbox 1086 945 1214 977; x_wconf 83' lang='lat' dir='ltr'>frustra</span> 
     </span>
     <span class='ocr_line' id='line_1_18' title="bbox 228 999 1216 1048; baseline -0.012 -9"><span class='ocrx_word' id='word_1_88' title='bbox 228 1004 394 1048; x_wconf 84' lang='lat' dir='ltr'>suscipit,</span> <span class='ocrx_word' id='word_1_89' title='bbox 421 1003 491 1034; x_wconf 89' lang='lat' dir='ltr'>imo</span> <span class='ocrx_word' id='word_1_90' title='bbox 513 1000 652 1033; x_wconf 87' lang='lat' dir='ltr'>florebit</span> <span class='ocrx_word' id='word_1_91' title='bbox 680 1006 716 1032; x_wconf 88' lang='lat' dir='ltr'>ut</span> <span class='ocrx_word' id='word_1_92' title='bbox 731 999 865 1043; x_wconf 85' lang='lat' dir='ltr'>palma,</span> <span class='ocrx_word' id='word_1_93' title='bbox 891 1003 1045 1030; x_wconf 88' lang='lat' dir='ltr'>caeterae</span> <span class='ocrx_word' id='word_1_94' title='bbox 1061 1007 1143 1028; x_wconf 89' lang='lat' dir='ltr'>vero</span> <span class='ocrx_word' id='word_1_95' title='bbox 1163 1007 1216 1028; x_wconf 88' lang='lat' dir='ltr'>se-</span> 
     </span>
     <span class='ocr_line' id='line_1_19' title="bbox 229 1054 541 1090; baseline -0.019 0"><span class='ocrx_word' id='word_1_96' title='bbox 229 1065 301 1090; x_wconf 87' lang='lat' dir='ltr'>ctae</span> <span class='ocrx_word' id='word_1_97' title='bbox 319 1054 541 1088; x_wconf 88' lang='lat' dir='ltr'>delebuntur.</span> 
     </span>
    </p>
   </div>
   <div class='ocr_carea' id='block_1_6' title="bbox 228 1115 1216 1311">
    <p class='ocr_par' dir='ltr' id='par_1_6' title="bbox 228 1115 1216 1311">
     <span class='ocr_line' id='line_1_20' title="bbox 331 1115 1216 1163; baseline -0.011 -7"><span class='ocrx_word' id='word_1_98' title='bbox 331 1123 422 1156; x_wconf 88' lang='lat' dir='ltr'>Cum</span> <span class='ocrx_word' id='word_1_99' title='bbox 459 1127 574 1154; x_wconf 89' lang='lat' dir='ltr'>autem</span> <span class='ocrx_word' id='word_1_100' title='bbox 608 1119 709 1152; x_wconf 87' lang='lat' dir='ltr'>docet</span> <span class='ocrx_word' id='word_1_101' title='bbox 741 1129 829 1163; x_wconf 87' lang='lat' dir='ltr'>quae</span> <span class='ocrx_word' id='word_1_102' title='bbox 862 1116 905 1150; x_wconf 91' lang='lat' dir='ltr'>sit</span> <span class='ocrx_word' id='word_1_103' title='bbox 935 1127 1015 1149; x_wconf 78' lang='lat' dir='ltr'>vera</span> <span class='ocrx_word' id='word_1_104' title='bbox 1049 1115 1216 1155; x_wconf 81' lang='lat' dir='ltr'>Ecclesia,</span> 
     </span>
     <span class='ocr_line' id='line_1_21' title="bbox 228 1165 1216 1213; baseline -0.011 -4"><span class='ocrx_word' id='word_1_105' title='bbox 228 1181 348 1209; x_wconf 86' lang='lat' dir='ltr'>monet</span> <span class='ocrx_word' id='word_1_106' title='bbox 370 1184 452 1212; x_wconf 86' lang='lat' dir='ltr'>nos,</span> <span class='ocrx_word' id='word_1_107' title='bbox 478 1171 656 1213; x_wconf 78' lang='lat' dir='ltr'>alligatam</span> <span class='ocrx_word' id='word_1_108' title='bbox 674 1181 746 1203; x_wconf 89' lang='lat' dir='ltr'>esse</span> <span class='ocrx_word' id='word_1_109' title='bbox 765 1169 806 1202; x_wconf 88' lang='lat' dir='ltr'>ad</span> <span class='ocrx_word' id='word_1_110' title='bbox 829 1168 974 1201; x_wconf 86' lang='lat' dir='ltr'>verbum</span> <span class='ocrx_word' id='word_1_111' title='bbox 991 1165 1078 1207; x_wconf 92' lang='lat' dir='ltr'>Dei,</span> <span class='ocrx_word' id='word_1_112' title='bbox 1105 1172 1137 1198; x_wconf 86' lang='lat' dir='ltr'>et</span> <span class='ocrx_word' id='word_1_113' title='bbox 1156 1178 1216 1198; x_wconf 93' lang='lat' dir='ltr'>co-</span> 
     </span>
     <span class='ocr_line' id='line_1_22' title="bbox 228 1217 1216 1271; baseline -0.01 -12"><span class='ocrx_word' id='word_1_114' title='bbox 228 1226 421 1271; x_wconf 88' lang='lat' dir='ltr'>gnitionem</span> <span class='ocrx_word' id='word_1_115' title='bbox 453 1222 553 1255; x_wconf 78' lang='lat' dir='ltr'>verbi</span> <span class='ocrx_word' id='word_1_116' title='bbox 583 1219 669 1262; x_wconf 83' lang='lat' dir='ltr'>Dei,</span> <span class='ocrx_word' id='word_1_117' title='bbox 717 1227 750 1253; x_wconf 89' lang='lat' dir='ltr'>et</span> <span class='ocrx_word' id='word_1_118' title='bbox 782 1218 1020 1252; x_wconf 89' lang='lat' dir='ltr'>ministerium</span> <span class='ocrx_word' id='word_1_119' title='bbox 1052 1217 1216 1250; x_wconf 87' lang='lat' dir='ltr'>omnibus</span> 
     </span>
     <span class='ocr_line' id='line_1_23' title="bbox 229 1275 461 1311; baseline -0.009 0"><span class='ocrx_word' id='word_1_120' title='bbox 229 1275 461 1311; x_wconf 83' lang='lat' dir='ltr'>commendat.</span> 
     </span>
    </p>
   </div>
   <div class='ocr_carea' id='block_1_7' title="bbox 230 1335 1218 1745">
    <p class='ocr_par' dir='ltr' id='par_1_7' title="bbox 230 1335 1218 1745">
     <span class='ocr_line' id='line_1_24' title="bbox 328 1335 1218 1381; baseline -0.01 -5"><span class='ocrx_word' id='word_1_121' title='bbox 328 1342 443 1376; x_wconf 88' lang='lat' dir='ltr'>Primi</span> <span class='ocrx_word' id='word_1_122' title='bbox 472 1341 542 1374; x_wconf 90' lang='lat' dir='ltr'>duo</span> <span class='ocrx_word' id='word_1_123' title='bbox 567 1350 686 1372; x_wconf 78' lang='lat' dir='ltr'>versus</span> <span class='ocrx_word' id='word_1_124' title='bbox 711 1345 792 1371; x_wconf 88' lang='lat' dir='ltr'>sunt</span> <span class='ocrx_word' id='word_1_125' title='bbox 816 1337 1004 1381; x_wconf 85' lang='lat' dir='ltr'>descriptio</span> <span class='ocrx_word' id='word_1_126' title='bbox 1030 1335 1218 1375; x_wconf 85' lang='lat' dir='ltr'>Ecclesiae,</span> 
     </span>
     <span class='ocr_line' id='line_1_25' title="bbox 231 1387 1216 1441; baseline -0.012 -12"><span class='ocrx_word' id='word_1_127' title='bbox 231 1406 319 1441; x_wconf 89' lang='lat' dir='ltr'>quae</span> <span class='ocrx_word' id='word_1_128' title='bbox 341 1401 390 1427; x_wconf 87' lang='lat' dir='ltr'>est</span> <span class='ocrx_word' id='word_1_129' title='bbox 415 1398 514 1426; x_wconf 87' lang='lat' dir='ltr'>aucta</span> <span class='ocrx_word' id='word_1_130' title='bbox 539 1388 715 1424; x_wconf 83' lang='lat' dir='ltr'>antithesi.</span> <span class='ocrx_word' id='word_1_131' title='bbox 768 1387 927 1421; x_wconf 86' lang='lat' dir='ltr'>Primum</span> <span class='ocrx_word' id='word_1_132' title='bbox 948 1388 1040 1419; x_wconf 86' lang='lat' dir='ltr'>enim</span> <span class='ocrx_word' id='word_1_133' title='bbox 1058 1387 1216 1430; x_wconf 80' lang='lat' dir='ltr'>negative</span> 
     </span>
     <span class='ocr_line' id='line_1_26' title="bbox 231 1436 1217 1487; baseline -0.012 -7"><span class='ocrx_word' id='word_1_134' title='bbox 231 1451 448 1484; x_wconf 83' lang='lat' dir='ltr'>recensetur,</span> <span class='ocrx_word' id='word_1_135' title='bbox 474 1442 535 1487; x_wconf 92' lang='lat' dir='ltr'>qui</span> <span class='ocrx_word' id='word_1_136' title='bbox 559 1453 633 1474; x_wconf 89' lang='lat' dir='ltr'>non</span> <span class='ocrx_word' id='word_1_137' title='bbox 658 1440 727 1473; x_wconf 89' lang='lat' dir='ltr'>sint</span> <span class='ocrx_word' id='word_1_138' title='bbox 750 1440 907 1472; x_wconf 88' lang='lat' dir='ltr'>membra</span> <span class='ocrx_word' id='word_1_139' title='bbox 932 1436 1125 1474; x_wconf 86' lang='lat' dir='ltr'>Ecclesiae,</span> <span class='ocrx_word' id='word_1_140' title='bbox 1153 1449 1217 1480; x_wconf 90' lang='lat' dir='ltr'>po-</span> 
     </span>
     <span class='ocr_line' id='line_1_27' title="bbox 230 1485 1217 1534; baseline -0.012 -3"><span class='ocrx_word' id='word_1_141' title='bbox 230 1505 301 1531; x_wconf 88' lang='lat' dir='ltr'>stea</span> <span class='ocrx_word' id='word_1_142' title='bbox 324 1495 467 1529; x_wconf 84' lang='lat' dir='ltr'>additur</span> <span class='ocrx_word' id='word_1_143' title='bbox 485 1491 702 1526; x_wconf 79' lang='lat' dir='ltr'>affirmativa.</span> <span class='ocrx_word' id='word_1_144' title='bbox 757 1488 810 1522; x_wconf 84' lang='lat' dir='ltr'>Et</span> <span class='ocrx_word' id='word_1_145' title='bbox 831 1488 868 1522; x_wconf 87' lang='lat' dir='ltr'>in</span> <span class='ocrx_word' id='word_1_146' title='bbox 888 1488 962 1534; x_wconf 71' lang='lat' dir='ltr'>lege</span> <span class='ocrx_word' id='word_1_147' title='bbox 980 1485 1141 1521; x_wconf 84' lang='lat' dir='ltr'>Domini</span> <span class='ocrx_word' id='word_1_148' title='bbox 1159 1499 1217 1520; x_wconf 70' lang='lat' dir='ltr'>co-</span> 
     </span>
     <span class='ocr_line' id='line_1_28' title="bbox 231 1538 1216 1588; baseline -0.011 -7"><span class='ocrx_word' id='word_1_149' title='bbox 231 1547 360 1581; x_wconf 79' lang='lat' dir='ltr'>lunias</span> <span class='ocrx_word' id='word_1_150' title='bbox 385 1544 481 1588; x_wconf 80' lang='lat' dir='ltr'>eius,</span> <span class='ocrx_word' id='word_1_151' title='bbox 509 1543 544 1576; x_wconf 91' lang='lat' dir='ltr'>id</span> <span class='ocrx_word' id='word_1_152' title='bbox 571 1549 639 1583; x_wconf 83' lang='lat' dir='ltr'>est,</span> <span class='ocrx_word' id='word_1_153' title='bbox 666 1541 726 1587; x_wconf 88' lang='lat' dir='ltr'>qui</span> <span class='ocrx_word' id='word_1_154' title='bbox 751 1539 818 1574; x_wconf 90' lang='lat' dir='ltr'>hoc</span> <span class='ocrx_word' id='word_1_155' title='bbox 843 1541 990 1574; x_wconf 76' lang='lat' dir='ltr'>verbum</span> <span class='ocrx_word' id='word_1_156' title='bbox 1017 1551 1033 1572; x_wconf 90' lang='lat' dir='ltr'>a</span> <span class='ocrx_word' id='word_1_157' title='bbox 1051 1538 1125 1572; x_wconf 88' lang='lat' dir='ltr'>Deo</span> <span class='ocrx_word' id='word_1_158' title='bbox 1147 1546 1216 1572; x_wconf 88' lang='lat' dir='ltr'>tra-</span> 
     </span>
     <span class='ocr_line' id='line_1_29' title="bbox 231 1588 1215 1640; baseline -0.011 -9"><span class='ocrx_word' id='word_1_159' title='bbox 231 1600 344 1633; x_wconf 87' lang='lat' dir='ltr'>ditum</span> <span class='ocrx_word' id='word_1_160' title='bbox 363 1594 606 1640; x_wconf 86' lang='lat' dir='ltr'>amplectitur,</span> <span class='ocrx_word' id='word_1_161' title='bbox 633 1600 667 1626; x_wconf 90' lang='lat' dir='ltr'>et</span> <span class='ocrx_word' id='word_1_162' title='bbox 683 1604 757 1624; x_wconf 88' lang='lat' dir='ltr'>non</span> <span class='ocrx_word' id='word_1_163' title='bbox 774 1592 932 1635; x_wconf 88' lang='lat' dir='ltr'>sequitur</span> <span class='ocrx_word' id='word_1_164' title='bbox 950 1588 1124 1623; x_wconf 86' lang='lat' dir='ltr'>humanas</span> <span class='ocrx_word' id='word_1_165' title='bbox 1141 1589 1215 1632; x_wconf 90' lang='lat' dir='ltr'>opi-</span> 
     </span>
     <span class='ocr_line' id='line_1_30' title="bbox 231 1639 1218 1685; baseline -0.012 -2"><span class='ocrx_word' id='word_1_166' title='bbox 231 1651 355 1683; x_wconf 87' lang='lat' dir='ltr'>niones</span> <span class='ocrx_word' id='word_1_167' title='bbox 378 1648 419 1680; x_wconf 91' lang='lat' dir='ltr'>de</span> <span class='ocrx_word' id='word_1_168' title='bbox 444 1645 539 1685; x_wconf 91' lang='lat' dir='ltr'>Deo,</span> <span class='ocrx_word' id='word_1_169' title='bbox 572 1655 631 1677; x_wconf 88' lang='lat' dir='ltr'>seu</span> <span class='ocrx_word' id='word_1_170' title='bbox 654 1640 842 1682; x_wconf 83' lang='lat' dir='ltr'>Ethnicas,</span> <span class='ocrx_word' id='word_1_171' title='bbox 869 1654 929 1675; x_wconf 90' lang='lat' dir='ltr'>seu</span> <span class='ocrx_word' id='word_1_172' title='bbox 954 1639 1133 1680; x_wconf 89' lang='lat' dir='ltr'>Iudaicas,</span> <span class='ocrx_word' id='word_1_173' title='bbox 1158 1651 1218 1672; x_wconf 91' lang='lat' dir='ltr'>seu</span> 
     </span>
     <span class='ocr_line' id='line_1_31' title="bbox 231 1689 1218 1745; baseline -0.01 -12"><span class='ocrx_word' id='word_1_174' title='bbox 231 1695 510 1745; x_wconf 79' lang='lat' dir='ltr'>pliilosophicaS‚</span> <span class='ocrx_word' id='word_1_175' title='bbox 536 1707 595 1729; x_wconf 87' lang='lat' dir='ltr'>seu</span> <span class='ocrx_word' id='word_1_176' title='bbox 619 1705 846 1740; x_wconf 86' lang='lat' dir='ltr'>quascunque</span> <span class='ocrx_word' id='word_1_177' title='bbox 870 1699 964 1726; x_wconf 85' lang='lat' dir='ltr'>extra</span> <span class='ocrx_word' id='word_1_178' title='bbox 990 1692 1137 1725; x_wconf 74' lang='lat' dir='ltr'>verbum</span> <span class='ocrx_word' id='word_1_179' title='bbox 1153 1689 1218 1724; x_wconf 90' lang='lat' dir='ltr'>Dei</span> 
     </span>
    </p>
   </div>
   <div class='ocr_carea' id='block_1_8' title="bbox 232 1751 405 1785">
    <p class='ocr_par' dir='ltr' id='par_1_8' title="bbox 232 1751 405 1785">
     <span class='ocr_line' id='line_1_32' title="bbox 232 1751 405 1785; baseline 0 -2"><span class='ocrx_word' id='word_1_180' title='bbox 232 1751 405 1785; x_wconf 77' lang='lat' dir='ltr'>confictas.</span> 
     </span>
    </p>
   </div>
   <div class='ocr_carea' id='block_1_9' title="bbox 233 1808 1220 2014">
    <p class='ocr_par' dir='ltr' id='par_1_9' title="bbox 233 1808 1220 2014">
     <span class='ocr_line' id='line_1_33' title="bbox 333 1808 1220 1860; baseline -0.011 -10"><span class='ocrx_word' id='word_1_181' title='bbox 333 1815 479 1860; x_wconf 82' lang='lat' dir='ltr'>Reliqui</span> <span class='ocrx_word' id='word_1_182' title='bbox 501 1823 620 1846; x_wconf 80' lang='lat' dir='ltr'>versus</span> <span class='ocrx_word' id='word_1_183' title='bbox 637 1821 759 1844; x_wconf 89' lang='lat' dir='ltr'>omnes</span> <span class='ocrx_word' id='word_1_184' title='bbox 778 1809 960 1842; x_wconf 86' lang='lat' dir='ltr'>continent</span> <span class='ocrx_word' id='word_1_185' title='bbox 976 1808 1220 1852; x_wconf 82' lang='lat' dir='ltr'>amplificatio-</span> 
     </span>
     <span class='ocr_line' id='line_1_34' title="bbox 233 1857 1220 1902; baseline -0.011 0"><span class='ocrx_word' id='word_1_186' title='bbox 233 1882 311 1902; x_wconf 86' lang='lat' dir='ltr'>nem</span> <span class='ocrx_word' id='word_1_187' title='bbox 342 1869 384 1900; x_wconf 92' lang='lat' dir='ltr'>de</span> <span class='ocrx_word' id='word_1_188' title='bbox 411 1864 627 1899; x_wconf 87' lang='lat' dir='ltr'>successibus</span> <span class='ocrx_word' id='word_1_189' title='bbox 653 1868 685 1895; x_wconf 89' lang='lat' dir='ltr'>et</span> <span class='ocrx_word' id='word_1_190' title='bbox 709 1860 882 1894; x_wconf 84' lang='lat' dir='ltr'>fructibus</span> <span class='ocrx_word' id='word_1_191' title='bbox 907 1871 1009 1893; x_wconf 72' lang='lat' dir='ltr'>verae</span> <span class='ocrx_word' id='word_1_192' title='bbox 1032 1857 1220 1897; x_wconf 76' lang='lat' dir='ltr'>Ecclesiae,</span> 
     </span>
     <span class='ocr_line' id='line_1_35' title="bbox 233 1910 1219 1958; baseline -0.01 -5"><span class='ocrx_word' id='word_1_193' title='bbox 233 1928 264 1953; x_wconf 81' lang='lat' dir='ltr'>et</span> <span class='ocrx_word' id='word_1_194' title='bbox 286 1921 328 1952; x_wconf 87' lang='lat' dir='ltr'>de</span> <span class='ocrx_word' id='word_1_195' title='bbox 351 1917 455 1951; x_wconf 75' lang='lat' dir='ltr'>exitio</span> <span class='ocrx_word' id='word_1_196' title='bbox 481 1915 683 1958; x_wconf 87' lang='lat' dir='ltr'>impiorum.</span> <span class='ocrx_word' id='word_1_197' title='bbox 737 1910 832 1944; x_wconf 86' lang='lat' dir='ltr'>Haec</span> <span class='ocrx_word' id='word_1_198' title='bbox 852 1911 1077 1954; x_wconf 83' lang='lat' dir='ltr'>amplificatio</span> <span class='ocrx_word' id='word_1_199' title='bbox 1095 1922 1219 1944; x_wconf 90' lang='lat' dir='ltr'>conso-</span> 
     </span>
     <span class='ocr_line' id='line_1_36' title="bbox 234 1963 729 2014; baseline -0.012 -11"><span class='ocrx_word' id='word_1_200' title='bbox 234 1973 326 2005; x_wconf 85' lang='lat' dir='ltr'>latur</span> <span class='ocrx_word' id='word_1_201' title='bbox 342 1969 438 2014; x_wconf 88' lang='lat' dir='ltr'>pios‚</span> <span class='ocrx_word' id='word_1_202' title='bbox 465 1973 624 2009; x_wconf 81' lang='lat' dir='ltr'>utsupra</span> <span class='ocrx_word' id='word_1_203' title='bbox 645 1963 729 1997; x_wconf 77' lang='lat' dir='ltr'>dixi.</span> 
     </span>
    </p>
   </div>
   <div class='ocr_carea' id='block_1_10' title="bbox 375 2105 1087 2160">
    <p class='ocr_par' dir='ltr' id='par_1_10' title="bbox 375 2105 1087 2160">
     <span class='ocr_line' id='line_1_37' title="bbox 375 2105 1087 2160; baseline -0.008 -13"><span class='ocrx_word' id='word_1_204' title='bbox 375 2113 703 2160; x_wconf 70' lang='lat' dir='ltr'>Aryumentum</span> <span class='ocrx_word' id='word_1_205' title='bbox 740 2118 792 2141; x_wconf 82' lang='lat' dir='ltr'>ac</span> <span class='ocrx_word' id='word_1_206' title='bbox 829 2105 1087 2152; x_wconf 78' lang='lat' dir='ltr'>dispositio</span> 
     </span>
    </p>
   </div>
   <div class='ocr_carea' id='block_1_11' title="bbox 601 2174 851 2216">
    <p class='ocr_par' dir='ltr' id='par_1_11' title="bbox 601 2174 851 2216">
     <span class='ocr_line' id='line_1_38' title="bbox 601 2174 851 2216; baseline -0.016 0"><span class='ocrx_word' id='word_1_207' title='bbox 601 2174 761 2216; x_wconf 84' lang='lat' dir='ltr'>Psalmi</span> <span class='ocrx_word' id='word_1_208' title='bbox 798 2174 851 2214; x_wconf 87' lang='grc' dir='ltr'>Π.</span> 
     </span>
    </p>
   </div>
   <div class='ocr_carea' id='block_1_12' title="bbox 287 2256 1224 2349">
    <p class='ocr_par' dir='ltr' id='par_1_12' title="bbox 287 2256 1224 2349">
     <span class='ocr_line' id='line_1_39' title="bbox 289 2256 1224 2307; baseline -0.01 -8"><span class='ocrx_word' id='word_1_209' title='bbox 289 2268 412 2306; x_wconf 82' lang='lat' dir='ltr'>Quare</span> <span class='ocrx_word' id='word_1_210' title='bbox 432 2259 675 2307; x_wconf 74' lang='lat' dir='ltr'>fremuerunt</span> <span class='ocrx_word' id='word_1_211' title='bbox 699 2260 853 2300; x_wconf 74' lang='lat' dir='ltr'>Gentes,</span> <span class='ocrx_word' id='word_1_212' title='bbox 890 2261 927 2290; x_wconf 82' lang='lat' dir='ltr'>et</span> <span class='ocrx_word' id='word_1_213' title='bbox 952 2258 1079 2301; x_wconf 73' lang='lat' dir='ltr'>popule·</span> <span class='ocrx_word' id='word_1_214' title='bbox 1102 2256 1224 2291; x_wconf 79' lang='lat' dir='ltr'>medi-</span> 
     </span>
     <span class='ocr_line' id='line_1_40' title="bbox 287 2309 739 2349; baseline -0.015 1"><span class='ocrx_word' id='word_1_215' title='bbox 287 2318 362 2349; x_wconf 67' lang='lat' dir='ltr'>tati</span> <span class='ocrx_word' id='word_1_216' title='bbox 380 2317 467 2348; x_wconf 77' lang='lat' dir='ltr'>sunt</span> <span class='ocrx_word' id='word_1_217' title='bbox 485 2309 644 2347; x_wconf 78' lang='lat' dir='ltr'>inania?</span> <span class='ocrx_word' id='word_1_218' title='bbox 670 2314 739 2344; x_wconf 79' lang='lat' dir='ltr'>etc.</span> 
     </span>
    </p>
   </div>
   <div class='ocr_carea' id='block_1_13' title="bbox 236 2381 1223 2683">
    <p class='ocr_par' dir='ltr' id='par_1_13' title="bbox 236 2381 1223 2683">
     <span class='ocr_line' id='line_1_41' title="bbox 340 2381 1221 2429; baseline -0.006 -8"><span class='ocrx_word' id='word_1_219' title='bbox 340 2388 524 2422; x_wconf 82' lang='lat' dir='ltr'>Secundus</span> <span class='ocrx_word' id='word_1_220' title='bbox 553 2393 604 2419; x_wconf 88' lang='lat' dir='ltr'>est</span> <span class='ocrx_word' id='word_1_221' title='bbox 633 2382 816 2429; x_wconf 78' lang='lat' dir='ltr'>prophetia</span> <span class='ocrx_word' id='word_1_222' title='bbox 840 2383 883 2415; x_wconf 93' lang='lat' dir='ltr'>de</span> <span class='ocrx_word' id='word_1_223' title='bbox 905 2388 1054 2415; x_wconf 84' lang='lat' dir='ltr'>venturo</span> <span class='ocrx_word' id='word_1_224' title='bbox 1080 2381 1221 2417; x_wconf 78' lang='lat' dir='ltr'>Messia-</span> 
     </span>
     <span class='ocr_line' id='line_1_42' title="bbox 238 2431 1222 2484; baseline -0.008 -10"><span class='ocrx_word' id='word_1_225' title='bbox 238 2440 283 2474; x_wconf 85' lang='lat' dir='ltr'>Et</span> <span class='ocrx_word' id='word_1_226' title='bbox 304 2450 505 2484; x_wconf 74' lang='lat' dir='ltr'>quanquam</span> <span class='ocrx_word' id='word_1_227' title='bbox 530 2437 567 2469; x_wconf 87' lang='lat' dir='ltr'>in</span> <span class='ocrx_word' id='word_1_228' title='bbox 590 2436 734 2469; x_wconf 85' lang='lat' dir='ltr'>exordio</span> <span class='ocrx_word' id='word_1_229' title='bbox 759 2442 791 2467; x_wconf 89' lang='lat' dir='ltr'>et</span> <span class='ocrx_word' id='word_1_230' title='bbox 807 2440 886 2477; x_wconf 88' lang='lat' dir='ltr'>post</span> <span class='ocrx_word' id='word_1_231' title='bbox 902 2433 1140 2467; x_wconf 86' lang='lat' dir='ltr'>narrationem</span> <span class='ocrx_word' id='word_1_232' title='bbox 1159 2431 1222 2466; x_wconf 85' lang='lat' dir='ltr'>ha-</span> 
     </span>
     <span class='ocr_line' id='line_1_43' title="bbox 236 2485 1222 2532; baseline -0.006 -9"><span class='ocrx_word' id='word_1_233' title='bbox 236 2492 297 2524; x_wconf 84' lang='lat' dir='ltr'>het</span> <span class='ocrx_word' id='word_1_234' title='bbox 326 2490 478 2532; x_wconf 81' lang='lat' dir='ltr'>insignes</span> <span class='ocrx_word' id='word_1_235' title='bbox 508 2488 681 2527; x_wconf 84' lang='lat' dir='ltr'>adfectus,</span> <span class='ocrx_word' id='word_1_236' title='bbox 720 2485 983 2527; x_wconf 86' lang='lat' dir='ltr'>obiurgationes</span> <span class='ocrx_word' id='word_1_237' title='bbox 1011 2491 1044 2518; x_wconf 89' lang='lat' dir='ltr'>et</span> <span class='ocrx_word' id='word_1_238' title='bbox 1074 2485 1222 2517; x_wconf 86' lang='lat' dir='ltr'>commi-—</span> 
     </span>
     <span class='ocr_line' id='line_1_44' title="bbox 238 2535 1222 2581; baseline -0.005 -7"><span class='ocrx_word' id='word_1_239' title='bbox 238 2542 418 2579; x_wconf 80' lang='lat' dir='ltr'>nationes,</span> <span class='ocrx_word' id='word_1_240' title='bbox 453 2547 567 2571; x_wconf 74' lang='lat' dir='ltr'>tamen</span> <span class='ocrx_word' id='word_1_241' title='bbox 597 2537 803 2581; x_wconf 88' lang='lat' dir='ltr'>principalis</span> <span class='ocrx_word' id='word_1_242' title='bbox 827 2535 983 2568; x_wconf 88' lang='lat' dir='ltr'>narratio</span> <span class='ocrx_word' id='word_1_243' title='bbox 1011 2542 1061 2568; x_wconf 88' lang='lat' dir='ltr'>est</span> <span class='ocrx_word' id='word_1_244' title='bbox 1087 2536 1222 2579; x_wconf 84' lang='lat' dir='ltr'>generis</span> 
     </span>
     <span class='ocr_line' id='line_1_45' title="bbox 240 2587 1222 2625; baseline -0.005 -1"><span class='ocrx_word' id='word_1_245' title='bbox 240 2589 525 2624; x_wconf 75' lang='lat' dir='ltr'>demonstrativi:</span> <span class='ocrx_word' id='word_1_246' title='bbox 570 2589 653 2621; x_wconf 88' lang='lat' dir='ltr'>dicit</span> <span class='ocrx_word' id='word_1_247' title='bbox 686 2589 797 2625; x_wconf 89' lang='lat' dir='ltr'>enim,</span> <span class='ocrx_word' id='word_1_248' title='bbox 843 2594 875 2620; x_wconf 90' lang='lat' dir='ltr'>et</span> <span class='ocrx_word' id='word_1_249' title='bbox 907 2587 1120 2620; x_wconf 86' lang='lat' dir='ltr'>mittendum</span> <span class='ocrx_word' id='word_1_250' title='bbox 1151 2599 1222 2619; x_wconf 89' lang='lat' dir='ltr'>esse</span> 
     </span>
     <span class='ocr_line' id='line_1_46' title="bbox 238 2636 1223 2683; baseline -0.003 -8"><span class='ocrx_word' id='word_1_251' title='bbox 238 2642 421 2680; x_wconf 74' lang='lat' dir='ltr'>Messiam,</span> <span class='ocrx_word' id='word_1_252' title='bbox 448 2645 480 2672; x_wconf 87' lang='lat' dir='ltr'>ct</span> <span class='ocrx_word' id='word_1_253' title='bbox 503 2639 580 2683; x_wconf 86' lang='lat' dir='ltr'>quis</span> <span class='ocrx_word' id='word_1_254' title='bbox 604 2639 666 2677; x_wconf 82' lang='lat' dir='ltr'>sit,</span> <span class='ocrx_word' id='word_1_255' title='bbox 696 2646 727 2672; x_wconf 86' lang='lat' dir='ltr'>et</span> <span class='ocrx_word' id='word_1_256' title='bbox 752 2638 813 2672; x_wconf 89' lang='lat' dir='ltr'>ubi</span> <span class='ocrx_word' id='word_1_257' title='bbox 837 2645 1046 2681; x_wconf 88' lang='lat' dir='ltr'>regnaturus</span> <span class='ocrx_word' id='word_1_258' title='bbox 1068 2638 1121 2672; x_wconf 85' lang='lat' dir='ltr'>sit.</span> <span class='ocrx_word' id='word_1_259' title='bbox 1177 2636 1223 2672; x_wconf 86' lang='lat' dir='ltr'>Et</span> 
     </span>
    </p>
   </div>
   <div class='ocr_carea' id='block_1_14' title="bbox 814 61 1647 106">
    <p class='ocr_par' dir='ltr' id='par_1_14' title="bbox 814 61 1647 106">
     <span class='ocr_line' id='line_1_47' title="bbox 814 61 1647 106; baseline -0.007 -3"><span class='ocrx_word' id='word_1_260' title='bbox 814 68 940 106; x_wconf 88' lang='lat' dir='ltr'>PHIL.</span> <span class='ocrx_word' id='word_1_261' title='bbox 967 65 1082 102; x_wconf 84' lang='lat' dir='ltr'><strong>MEL.</strong></span> <span class='ocrx_word' id='word_1_262' title='bbox 1109 64 1317 102; x_wconf 84' lang='lat' dir='ltr'>SCRIPTA</span> <span class='ocrx_word' id='word_1_263' title='bbox 1345 61 1647 99; x_wconf 86' lang='lat' dir='ltr'>EXEGETICA.</span> 
     </span>
    </p>
   </div>
   <div class='ocr_carea' id='block_1_15' title="bbox 1239 368 1243 522">
    <p class='ocr_par' dir='ltr' id='par_1_15' title="bbox 1239 368 1243 522">
     <span class='ocr_line' id='line_1_48' title="bbox 1239 368 1243 522; baseline 0 2426"><span class='ocrx_word' id='word_1_264' title='bbox 1239 368 1243 522; x_wconf 95' lang='lat' dir='ltr'> </span> 
     </span>
    </p>
   </div>
   <div class='ocr_carea' id='block_1_16' title="bbox 1240 519 1855 553">
    <p class='ocr_par' dir='ltr' id='par_1_16' title="bbox 1240 519 1855 553">
     <span class='ocr_line' id='line_1_49' title="bbox 1240 519 1855 553; baseline -0.002 -1"><span class='ocrx_word' id='word_1_265' title='bbox 1240 525 1243 529; x_wconf 89' lang='lat'>&#39;</span> <span class='ocrx_word' id='word_1_266' title='bbox 1266 519 1422 553; x_wconf 86' lang='lat' dir='ltr'>Esaiam:</span> <span class='ocrx_word' id='word_1_267' title='bbox 1451 519 1584 553; x_wconf 85' lang='lat' dir='ltr'>Audite</span> <span class='ocrx_word' id='word_1_268' title='bbox 1600 519 1689 552; x_wconf 88' lang='lat' dir='ltr'>coeli</span> <span class='ocrx_word' id='word_1_269' title='bbox 1706 525 1738 552; x_wconf 90' lang='lat' dir='ltr'>et</span> <span class='ocrx_word' id='word_1_270' title='bbox 1751 525 1855 552; x_wconf 89' lang='lat' dir='ltr'>terra.</span> 
     </span>
    </p>
   </div>
   <div class='ocr_carea' id='block_1_17' title="bbox 2147 64 2245 99">
    <p class='ocr_par' dir='ltr' id='par_1_17' title="bbox 2147 64 2245 99">
     <span class='ocr_line' id='line_1_50' title="bbox 2147 64 2245 99; baseline 0.02 -2"><span class='ocrx_word' id='word_1_271' title='bbox 2147 64 2245 99; x_wconf 77' lang='lat'>1020</span> 
     </span>
    </p>
   </div>
   <div class='ocr_carea' id='block_1_18' title="bbox 1264 145 2250 241">
    <p class='ocr_par' dir='ltr' id='par_1_18' title="bbox 1264 145 2250 241">
     <span class='ocr_line' id='line_1_51' title="bbox 1264 145 2250 192; baseline -0.001 -13"><span class='ocrx_word' id='word_1_272' title='bbox 1264 147 1303 179; x_wconf 91' lang='lat' dir='ltr'>in</span> <span class='ocrx_word' id='word_1_273' title='bbox 1321 146 1389 180; x_wconf 87' lang='lat' dir='ltr'>fine</span> <span class='ocrx_word' id='word_1_274' title='bbox 1405 146 1549 180; x_wconf 86' lang='lat' dir='ltr'>additur</span> <span class='ocrx_word' id='word_1_275' title='bbox 1567 145 1810 180; x_wconf 87' lang='lat' dir='ltr'>testimonium</span> <span class='ocrx_word' id='word_1_276' title='bbox 1827 145 1870 180; x_wconf 88' lang='lat' dir='ltr'>de</span> <span class='ocrx_word' id='word_1_277' title='bbox 1887 146 1973 188; x_wconf 84' lang='lat' dir='ltr'>fide,</span> <span class='ocrx_word' id='word_1_278' title='bbox 1999 160 2067 192; x_wconf 80' lang='lat' dir='ltr'>qua</span> <span class='ocrx_word' id='word_1_279' title='bbox 2083 149 2250 184; x_wconf 74' lang='lat' dir='ltr'>beneficia</span> 
     </span>
     <span class='ocr_line' id='line_1_52' title="bbox 1264 197 1744 241; baseline 0.002 -10"><span class='ocrx_word' id='word_1_280' title='bbox 1264 197 1415 231; x_wconf 89' lang='lat' dir='ltr'>Messiae</span> <span class='ocrx_word' id='word_1_281' title='bbox 1431 197 1633 241; x_wconf 86' lang='lat' dir='ltr'>accipienda</span> <span class='ocrx_word' id='word_1_282' title='bbox 1650 203 1744 232; x_wconf 86' lang='lat' dir='ltr'>sunt.</span> 
     </span>
    </p>
   </div>
   <div class='ocr_carea' id='block_1_19' title="bbox 1264 261 2255 655">
    <p class='ocr_par' dir='ltr' id='par_1_19' title="bbox 1264 261 2255 655">
     <span class='ocr_line' id='line_1_53' title="bbox 1368 261 2251 308; baseline 0.003 -11"><span class='ocrx_word' id='word_1_283' title='bbox 1368 261 1596 302; x_wconf 68' lang='lat' dir='ltr'>Exordium,</span> <span class='ocrx_word' id='word_1_284' title='bbox 1621 261 1809 297; x_wconf 83' lang='lat' dir='ltr'>vehemens</span> <span class='ocrx_word' id='word_1_285' title='bbox 1824 263 2018 308; x_wconf 85' lang='lat' dir='ltr'>increpatio</span> <span class='ocrx_word' id='word_1_286' title='bbox 2034 271 2085 299; x_wconf 85' lang='lat' dir='ltr'>est</span> <span class='ocrx_word' id='word_1_287' title='bbox 2096 262 2251 301; x_wconf 88' lang='lat' dir='ltr'>hostium</span> 
     </span>
     <span class='ocr_line' id='line_1_54' title="bbox 1264 313 2251 360; baseline 0.002 -11"><span class='ocrx_word' id='word_1_288' title='bbox 1264 315 1449 360; x_wconf 79' lang='lat' dir='ltr'>Evangelii</span> <span class='ocrx_word' id='word_1_289' title='bbox 1474 322 1507 349; x_wconf 93' lang='lat' dir='ltr'>et</span> <span class='ocrx_word' id='word_1_290' title='bbox 1530 315 1768 350; x_wconf 88' lang='lat' dir='ltr'>comminatio.</span> <span class='ocrx_word' id='word_1_291' title='bbox 1826 313 1876 347; x_wconf 86' lang='lat' dir='ltr'>Hi</span> <span class='ocrx_word' id='word_1_292' title='bbox 1901 315 2056 349; x_wconf 87' lang='lat' dir='ltr'>adfectus</span> <span class='ocrx_word' id='word_1_293' title='bbox 2077 328 2115 349; x_wconf 89' lang='lat' dir='ltr'>ac</span> <span class='ocrx_word' id='word_1_294' title='bbox 2137 324 2251 351; x_wconf 83' lang='lat' dir='ltr'>motus</span> 
     </span>
     <span class='ocr_line' id='line_1_55' title="bbox 1266 365 2253 410; baseline 0 -9"><span class='ocrx_word' id='word_1_295' title='bbox 1266 367 1483 401; x_wconf 81' lang='lat' dir='ltr'>conveniunt</span> <span class='ocrx_word' id='word_1_296' title='bbox 1509 365 1680 407; x_wconf 82' lang='lat' dir='ltr'>exordiis,</span> <span class='ocrx_word' id='word_1_297' title='bbox 1706 372 1745 399; x_wconf 86' lang='lat' dir='ltr'>ut</span> <span class='ocrx_word' id='word_1_298' title='bbox 1769 377 1809 398; x_wconf 83' lang='lat' dir='ltr'>ex</span> <span class='ocrx_word' id='word_1_299' title='bbox 1832 366 2024 409; x_wconf 89' lang='lat' dir='ltr'>praeceptis</span> <span class='ocrx_word' id='word_1_300' title='bbox 2050 367 2253 410; x_wconf 87' lang='lat' dir='ltr'>vulgaribus</span> 
     </span>
     <span class='ocr_line' id='line_1_56' title="bbox 1266 415 2254 462; baseline 0.001 -12"><span class='ocrx_word' id='word_1_301' title='bbox 1266 424 1393 451; x_wconf 90' lang='lat' dir='ltr'>notum</span> <span class='ocrx_word' id='word_1_302' title='bbox 1417 424 1476 451; x_wconf 87' lang='lat' dir='ltr'>est.</span> <span class='ocrx_word' id='word_1_303' title='bbox 1528 416 1576 451; x_wconf 86' lang='lat' dir='ltr'>Et</span> <span class='ocrx_word' id='word_1_304' title='bbox 1601 417 1786 462; x_wconf 88' lang='lat' dir='ltr'>praecipue</span> <span class='ocrx_word' id='word_1_305' title='bbox 1810 422 1890 450; x_wconf 89' lang='lat' dir='ltr'>sunt</span> <span class='ocrx_word' id='word_1_306' title='bbox 1916 417 2034 450; x_wconf 89' lang='lat' dir='ltr'>usitati</span> <span class='ocrx_word' id='word_1_307' title='bbox 2058 415 2254 462; x_wconf 84' lang='lat' dir='ltr'>Prophetis,</span> 
     </span>
     <span class='ocr_line' id='line_1_57' title="bbox 1267 467 2253 514; baseline -0.001 -12"><span class='ocrx_word' id='word_1_308' title='bbox 1267 481 1418 514; x_wconf 87' lang='lat' dir='ltr'>quorum</span> <span class='ocrx_word' id='word_1_309' title='bbox 1436 468 1537 501; x_wconf 90' lang='lat' dir='ltr'>initia</span> <span class='ocrx_word' id='word_1_310' title='bbox 1554 479 1699 511; x_wconf 89' lang='lat' dir='ltr'>magnos</span> <span class='ocrx_word' id='word_1_311' title='bbox 1716 467 1855 501; x_wconf 91' lang='lat' dir='ltr'>dolores</span> <span class='ocrx_word' id='word_1_312' title='bbox 1872 467 2080 510; x_wconf 84' lang='lat' dir='ltr'>significant,</span> <span class='ocrx_word' id='word_1_313' title='bbox 2106 475 2144 502; x_wconf 91' lang='lat' dir='ltr'>ut</span> <span class='ocrx_word' id='word_1_314' title='bbox 2160 470 2253 512; x_wconf 89' lang='lat' dir='ltr'>apud</span> 
     </span>
     <span class='ocr_line' id='line_1_58' title="bbox 1906 519 2254 563; baseline 0.006 -13"><span class='ocrx_word' id='word_1_315' title='bbox 1906 519 2156 552; x_wconf 87' lang='lat' dir='ltr'>Admonentur</span> <span class='ocrx_word' id='word_1_316' title='bbox 2172 531 2254 563; x_wconf 84' lang='lat' dir='ltr'>ergo</span> 
     </span>
     <span class='ocr_line' id='line_1_59' title="bbox 1267 567 2255 614; baseline -0.001 -10"><span class='ocrx_word' id='word_1_317' title='bbox 1267 582 1363 614; x_wconf 86' lang='lat' dir='ltr'>reges</span> <span class='ocrx_word' id='word_1_318' title='bbox 1393 577 1426 604; x_wconf 87' lang='lat' dir='ltr'>et</span> <span class='ocrx_word' id='word_1_319' title='bbox 1456 570 1650 614; x_wconf 87' lang='lat' dir='ltr'>principes,</span> <span class='ocrx_word' id='word_1_320' title='bbox 1691 581 1735 602; x_wconf 91' lang='lat' dir='ltr'>ne</span> <span class='ocrx_word' id='word_1_321' title='bbox 1765 567 1907 603; x_wconf 89' lang='lat' dir='ltr'>Christo</span> <span class='ocrx_word' id='word_1_322' title='bbox 1941 571 2188 611; x_wconf 86' lang='lat' dir='ltr'>adversentur,</span> <span class='ocrx_word' id='word_1_323' title='bbox 2222 576 2255 603; x_wconf 91' lang='lat' dir='ltr'>et</span> 
     </span>
     <span class='ocr_line' id='line_1_60' title="bbox 1268 620 1932 655; baseline 0 0"><span class='ocrx_word' id='word_1_324' title='bbox 1268 622 1481 655; x_wconf 88' lang='lat' dir='ltr'>damnantur</span> <span class='ocrx_word' id='word_1_325' title='bbox 1500 621 1569 653; x_wconf 89' lang='lat' dir='ltr'>iam</span> <span class='ocrx_word' id='word_1_326' title='bbox 1589 632 1709 653; x_wconf 89' lang='lat' dir='ltr'>omnes</span> <span class='ocrx_word' id='word_1_327' title='bbox 1728 620 1932 655; x_wconf 87' lang='lat' dir='ltr'>adversarii.</span> 
     </span>
    </p>
   </div>
   <div class='ocr_carea' id='block_1_20' title="bbox 1269 686 2257 926">
    <p class='ocr_par' dir='ltr' id='par_1_20' title="bbox 1269 686 2257 926">
     <span class='ocr_line' id='line_1_61' title="bbox 1369 686 2252 736; baseline 0.001 -15"><span class='ocrx_word' id='word_1_328' title='bbox 1369 686 1645 735; x_wconf 82' lang='lat' dir='ltr'>Dirumpamus</span> <span class='ocrx_word' id='word_1_329' title='bbox 1662 686 1806 721; x_wconf 61' lang='lat' dir='ltr'>vincula</span> <span class='ocrx_word' id='word_1_330' title='bbox 1824 686 1963 736; x_wconf 81' lang='lat' dir='ltr'>eorum]</span> <span class='ocrx_word' id='word_1_331' title='bbox 1979 690 2184 733; x_wconf 77' lang='grc' dir='ltr'><em>μιμητικῶς</em></span> <span class='ocrx_word' id='word_1_332' title='bbox 2199 688 2252 721; x_wconf 89' lang='lat' dir='ltr'>di-</span> 
     </span>
     <span class='ocr_line' id='line_1_62' title="bbox 1269 739 2257 784; baseline -0.001 -11"><span class='ocrx_word' id='word_1_333' title='bbox 1269 740 1378 781; x_wconf 88' lang='lat' dir='ltr'>citur,</span> <span class='ocrx_word' id='word_1_334' title='bbox 1412 746 1445 773; x_wconf 89' lang='lat' dir='ltr'>et</span> <span class='ocrx_word' id='word_1_335' title='bbox 1476 751 1541 773; x_wconf 89' lang='lat' dir='ltr'>vox</span> <span class='ocrx_word' id='word_1_336' title='bbox 1569 746 1618 772; x_wconf 89' lang='lat' dir='ltr'>est</span> <span class='ocrx_word' id='word_1_337' title='bbox 1641 739 1849 782; x_wconf 88' lang='lat' dir='ltr'>impiorum,</span> <span class='ocrx_word' id='word_1_338' title='bbox 1882 740 1941 784; x_wconf 91' lang='lat' dir='ltr'>qui</span> <span class='ocrx_word' id='word_1_339' title='bbox 1966 746 2094 782; x_wconf 86' lang='lat' dir='ltr'>negant</span> <span class='ocrx_word' id='word_1_340' title='bbox 2120 751 2154 772; x_wconf 91' lang='lat' dir='ltr'>se</span> <span class='ocrx_word' id='word_1_341' title='bbox 2177 751 2257 783; x_wconf 89' lang='lat' dir='ltr'>pas-</span> 
     </span>
     <span class='ocr_line' id='line_1_63' title="bbox 1269 789 2257 834; baseline -0.002 -10"><span class='ocrx_word' id='word_1_342' title='bbox 1269 802 1368 824; x_wconf 88' lang='lat' dir='ltr'>suros</span> <span class='ocrx_word' id='word_1_343' title='bbox 1387 789 1571 834; x_wconf 84' lang='lat' dir='ltr'>Evangelii</span> <span class='ocrx_word' id='word_1_344' title='bbox 1598 789 1895 834; x_wconf 85' lang='lat' dir='ltr'>propagationem.</span> <span class='ocrx_word' id='word_1_345' title='bbox 1938 790 2079 824; x_wconf 86' lang='lat' dir='ltr'>Deinde</span> <span class='ocrx_word' id='word_1_346' title='bbox 2105 790 2257 834; x_wconf 91' lang='lat' dir='ltr'>opponi-</span> 
     </span>
     <span class='ocr_line' id='line_1_64' title="bbox 1269 839 2257 875; baseline -0.001 -1"><span class='ocrx_word' id='word_1_347' title='bbox 1269 849 1327 875; x_wconf 88' lang='lat' dir='ltr'>tur</span> <span class='ocrx_word' id='word_1_348' title='bbox 1357 842 1477 875; x_wconf 77' lang='lat' dir='ltr'>divina</span> <span class='ocrx_word' id='word_1_349' title='bbox 1511 841 1753 875; x_wconf 87' lang='lat' dir='ltr'>comminatio:</span> <span class='ocrx_word' id='word_1_350' title='bbox 1787 839 1960 874; x_wconf 85' lang='lat' dir='ltr'>Habitans</span> <span class='ocrx_word' id='word_1_351' title='bbox 1986 842 2023 873; x_wconf 91' lang='lat' dir='ltr'>in</span> <span class='ocrx_word' id='word_1_352' title='bbox 2045 841 2150 874; x_wconf 88' lang='lat' dir='ltr'>coelis</span> <span class='ocrx_word' id='word_1_353' title='bbox 2176 841 2257 874; x_wconf 88' lang='lat' dir='ltr'>irri-</span> 
     </span>
     <span class='ocr_line' id='line_1_65' title="bbox 1270 893 1454 926; baseline 0 0"><span class='ocrx_word' id='word_1_354' title='bbox 1270 893 1366 926; x_wconf 89' lang='lat' dir='ltr'>debit</span> <span class='ocrx_word' id='word_1_355' title='bbox 1386 905 1454 926; x_wconf 88' lang='lat' dir='ltr'>eos.</span> 
     </span>
    </p>
   </div>
   <div class='ocr_carea' id='block_1_21' title="bbox 1270 956 2261 1257">
    <p class='ocr_par' dir='ltr' id='par_1_21' title="bbox 1270 956 2261 1257">
     <span class='ocr_line' id='line_1_66' title="bbox 1372 956 2259 1006; baseline -0.003 -12"><span class='ocrx_word' id='word_1_356' title='bbox 1372 960 1549 995; x_wconf 69' lang='lat' dir='ltr'>Narratio.</span> <span class='ocrx_word' id='word_1_357' title='bbox 1602 956 1689 1005; x_wconf 78' lang='lat' dir='ltr'>Ego</span> <span class='ocrx_word' id='word_1_358' title='bbox 1713 958 1853 1005; x_wconf 76' lang='lat' dir='ltr'>inungo</span> <span class='ocrx_word' id='word_1_359' title='bbox 1877 970 1991 1004; x_wconf 77' lang='lat' dir='ltr'>regem</span> <span class='ocrx_word' id='word_1_360' title='bbox 2018 970 2134 992; x_wconf 82' lang='lat' dir='ltr'>meum</span> <span class='ocrx_word' id='word_1_361' title='bbox 2152 970 2259 1006; x_wconf 78' lang='lat' dir='ltr'>super</span> 
     </span>
     <span class='ocr_line' id='line_1_67' title="bbox 1270 1008 2260 1045; baseline 0 -1"><span class='ocrx_word' id='word_1_362' title='bbox 1270 1009 1368 1044; x_wconf 89' lang='lat' dir='ltr'>Zion</span> <span class='ocrx_word' id='word_1_363' title='bbox 1393 1015 1549 1044; x_wconf 80' lang='lat' dir='ltr'>montem</span> <span class='ocrx_word' id='word_1_364' title='bbox 1574 1015 1754 1045; x_wconf 77' lang='lat' dir='ltr'>sanctum.</span> <span class='ocrx_word' id='word_1_365' title='bbox 1824 1010 1865 1044; x_wconf 92' lang='lat' dir='ltr'>In</span> <span class='ocrx_word' id='word_1_366' title='bbox 1890 1008 1955 1044; x_wconf 84' lang='lat' dir='ltr'>boc</span> <span class='ocrx_word' id='word_1_367' title='bbox 1981 1022 2083 1044; x_wconf 87' lang='lat' dir='ltr'>versu</span> <span class='ocrx_word' id='word_1_368' title='bbox 2109 1010 2260 1044; x_wconf 85' lang='lat' dir='ltr'>affirmat</span> 
     </span>
     <span class='ocr_line' id='line_1_68' title="bbox 1270 1060 2259 1103; baseline -0.002 -7"><span class='ocrx_word' id='word_1_369' title='bbox 1270 1062 1384 1101; x_wconf 88' lang='lat' dir='ltr'>Deus,</span> <span class='ocrx_word' id='word_1_370' title='bbox 1412 1069 1506 1096; x_wconf 88' lang='lat' dir='ltr'>certo</span> <span class='ocrx_word' id='word_1_371' title='bbox 1525 1074 1560 1096; x_wconf 90' lang='lat' dir='ltr'>se</span> <span class='ocrx_word' id='word_1_372' title='bbox 1576 1062 1766 1095; x_wconf 87' lang='lat' dir='ltr'>missurum</span> <span class='ocrx_word' id='word_1_373' title='bbox 1784 1073 1856 1094; x_wconf 90' lang='lat' dir='ltr'>esse</span> <span class='ocrx_word' id='word_1_374' title='bbox 1867 1060 2056 1103; x_wconf 85' lang='lat' dir='ltr'>Messiam,</span> <span class='ocrx_word' id='word_1_375' title='bbox 2083 1068 2117 1095; x_wconf 87' lang='lat' dir='ltr'>et</span> <span class='ocrx_word' id='word_1_376' title='bbox 2132 1062 2259 1095; x_wconf 85' lang='lat' dir='ltr'>diserte</span> 
     </span>
     <span class='ocr_line' id='line_1_69' title="bbox 1270 1109 2261 1158; baseline -0.002 -12"><span class='ocrx_word' id='word_1_377' title='bbox 1270 1113 1404 1158; x_wconf 89' lang='lat' dir='ltr'>inquit:</span> <span class='ocrx_word' id='word_1_378' title='bbox 1440 1111 1515 1156; x_wconf 89' lang='lat' dir='ltr'>Ego</span> <span class='ocrx_word' id='word_1_379' title='bbox 1547 1113 1702 1156; x_wconf 84' lang='lat' dir='ltr'>inungo,</span> <span class='ocrx_word' id='word_1_380' title='bbox 1736 1119 1773 1146; x_wconf 93' lang='lat' dir='ltr'>ut</span> <span class='ocrx_word' id='word_1_381' title='bbox 1807 1113 1956 1145; x_wconf 89' lang='lat' dir='ltr'>sciamus</span> <span class='ocrx_word' id='word_1_382' title='bbox 1988 1124 2061 1145; x_wconf 91' lang='lat' dir='ltr'>non</span> <span class='ocrx_word' id='word_1_383' title='bbox 2094 1109 2261 1145; x_wconf 87' lang='lat' dir='ltr'>humanis</span> 
     </span>
     <span class='ocr_line' id='line_1_70' title="bbox 1271 1163 2260 1205; baseline -0.002 -8"><span class='ocrx_word' id='word_1_384' title='bbox 1271 1164 1425 1205; x_wconf 88' lang='lat' dir='ltr'>viribus,</span> <span class='ocrx_word' id='word_1_385' title='bbox 1453 1165 1511 1197; x_wconf 89' lang='lat' dir='ltr'>sed</span> <span class='ocrx_word' id='word_1_386' title='bbox 1538 1164 1692 1197; x_wconf 88' lang='lat' dir='ltr'>mirabili</span> <span class='ocrx_word' id='word_1_387' title='bbox 1720 1165 1826 1197; x_wconf 90' lang='lat' dir='ltr'>modo</span> <span class='ocrx_word' id='word_1_388' title='bbox 1848 1163 2020 1197; x_wconf 81' lang='lat' dir='ltr'>divinitus</span> <span class='ocrx_word' id='word_1_389' title='bbox 2043 1163 2260 1197; x_wconf 78' lang='lat' dir='ltr'>constituen-</span> 
     </span>
     <span class='ocr_line' id='line_1_71' title="bbox 1272 1212 1709 1257; baseline 0 -8"><span class='ocrx_word' id='word_1_390' title='bbox 1272 1216 1355 1249; x_wconf 90' lang='lat' dir='ltr'>dum</span> <span class='ocrx_word' id='word_1_391' title='bbox 1376 1227 1448 1248; x_wconf 86' lang='lat' dir='ltr'>esse</span> <span class='ocrx_word' id='word_1_392' title='bbox 1465 1212 1532 1249; x_wconf 89' lang='lat' dir='ltr'>hoc</span> <span class='ocrx_word' id='word_1_393' title='bbox 1549 1226 1709 1257; x_wconf 87' lang='lat' dir='ltr'>regnum.</span> 
     </span>
    </p>
   </div>
   <div class='ocr_carea' id='block_1_22' title="bbox 1272 1278 2262 1480">
    <p class='ocr_par' dir='ltr' id='par_1_22' title="bbox 1272 1278 2262 1480">
     <span class='ocr_line' id='line_1_72' title="bbox 1375 1278 2262 1327; baseline -0.001 -11"><span class='ocrx_word' id='word_1_394' title='bbox 1375 1282 1514 1316; x_wconf 87' lang='lat' dir='ltr'>Deinde</span> <span class='ocrx_word' id='word_1_395' title='bbox 1543 1282 1643 1315; x_wconf 85' lang='lat' dir='ltr'>addit</span> <span class='ocrx_word' id='word_1_396' title='bbox 1673 1281 1751 1327; x_wconf 87' lang='lat' dir='ltr'>quis</span> <span class='ocrx_word' id='word_1_397' title='bbox 1772 1281 1816 1313; x_wconf 85' lang='lat' dir='ltr'>sit</span> <span class='ocrx_word' id='word_1_398' title='bbox 1841 1278 1899 1313; x_wconf 87' lang='lat' dir='ltr'>hic</span> <span class='ocrx_word' id='word_1_399' title='bbox 1924 1293 2002 1322; x_wconf 88' lang='lat' dir='ltr'>rex,</span> <span class='ocrx_word' id='word_1_400' title='bbox 2038 1288 2069 1315; x_wconf 88' lang='lat' dir='ltr'>et</span> <span class='ocrx_word' id='word_1_401' title='bbox 2093 1282 2196 1326; x_wconf 88' lang='lat' dir='ltr'>quale</span> <span class='ocrx_word' id='word_1_402' title='bbox 2217 1283 2262 1316; x_wconf 85' lang='lat' dir='ltr'>sit</span> 
     </span>
     <span class='ocr_line' id='line_1_73' title="bbox 1272 1331 2260 1376; baseline -0.001 -10"><span class='ocrx_word' id='word_1_403' title='bbox 1272 1331 1339 1367; x_wconf 87' lang='lat' dir='ltr'>hoc</span> <span class='ocrx_word' id='word_1_404' title='bbox 1362 1345 1510 1376; x_wconf 87' lang='lat' dir='ltr'>regnum</span> <span class='ocrx_word' id='word_1_405' title='bbox 1533 1333 1712 1371; x_wconf 85' lang='lat' dir='ltr'>futurum,</span> <span class='ocrx_word' id='word_1_406' title='bbox 1741 1331 1903 1364; x_wconf 90' lang='lat' dir='ltr'>videlicet</span> <span class='ocrx_word' id='word_1_407' title='bbox 1923 1332 1959 1364; x_wconf 88' lang='lat' dir='ltr'>in</span> <span class='ocrx_word' id='word_1_408' title='bbox 1980 1344 2050 1376; x_wconf 89' lang='lat' dir='ltr'>quo</span> <span class='ocrx_word' id='word_1_409' title='bbox 2067 1331 2179 1365; x_wconf 90' lang='lat' dir='ltr'>Filius</span> <span class='ocrx_word' id='word_1_410' title='bbox 2195 1331 2260 1366; x_wconf 90' lang='lat' dir='ltr'>Dei</span> 
     </span>
     <span class='ocr_line' id='line_1_74' title="bbox 1272 1382 2261 1428; baseline 0 -11"><span class='ocrx_word' id='word_1_411' title='bbox 1272 1391 1496 1427; x_wconf 84' lang='lat' dir='ltr'>agnoscatur,</span> <span class='ocrx_word' id='word_1_412' title='bbox 1525 1390 1559 1417; x_wconf 87' lang='lat' dir='ltr'>et</span> <span class='ocrx_word' id='word_1_413' title='bbox 1580 1384 1654 1415; x_wconf 90' lang='lat' dir='ltr'>eius</span> <span class='ocrx_word' id='word_1_414' title='bbox 1672 1382 1840 1415; x_wconf 86' lang='lat' dir='ltr'>beneficia</span> <span class='ocrx_word' id='word_1_415' title='bbox 1857 1382 2097 1424; x_wconf 87' lang='lat' dir='ltr'>celebrentur,</span> <span class='ocrx_word' id='word_1_416' title='bbox 2124 1389 2157 1416; x_wconf 92' lang='lat' dir='ltr'>et</span> <span class='ocrx_word' id='word_1_417' title='bbox 2171 1395 2261 1428; x_wconf 91' lang='lat' dir='ltr'>quo-</span> 
     </span>
     <span class='ocr_line' id='line_1_75' title="bbox 1272 1433 1806 1480; baseline -0.002 -12"><span class='ocrx_word' id='word_1_418' title='bbox 1272 1446 1381 1480; x_wconf 87' lang='lat' dir='ltr'>usque</span> <span class='ocrx_word' id='word_1_419' title='bbox 1400 1435 1486 1467; x_wconf 85' lang='lat' dir='ltr'>fines</span> <span class='ocrx_word' id='word_1_420' title='bbox 1503 1433 1706 1478; x_wconf 85' lang='lat' dir='ltr'>proferendi</span> <span class='ocrx_word' id='word_1_421' title='bbox 1725 1433 1806 1467; x_wconf 88' lang='lat' dir='ltr'>sint.</span> 
     </span>
    </p>
   </div>
   <div class='ocr_carea' id='block_1_23' title="bbox 1272 1499 2263 1594">
    <p class='ocr_par' dir='ltr' id='par_1_23' title="bbox 1272 1499 2263 1594">
     <span class='ocr_line' id='line_1_76' title="bbox 1374 1499 2263 1545; baseline 0.002 -12"><span class='ocrx_word' id='word_1_422' title='bbox 1374 1500 1557 1534; x_wconf 86' lang='lat' dir='ltr'>Postremo</span> <span class='ocrx_word' id='word_1_423' title='bbox 1586 1500 1689 1533; x_wconf 87' lang='lat' dir='ltr'>etiam</span> <span class='ocrx_word' id='word_1_424' title='bbox 1717 1499 1813 1532; x_wconf 88' lang='lat' dir='ltr'>addit</span> <span class='ocrx_word' id='word_1_425' title='bbox 1837 1500 1880 1531; x_wconf 88' lang='lat' dir='ltr'>de</span> <span class='ocrx_word' id='word_1_426' title='bbox 1904 1499 2024 1540; x_wconf 88' lang='lat' dir='ltr'>modo,</span> <span class='ocrx_word' id='word_1_427' title='bbox 2060 1512 2130 1545; x_wconf 89' lang='lat' dir='ltr'>quo</span> <span class='ocrx_word' id='word_1_428' title='bbox 2154 1501 2263 1535; x_wconf 86' lang='lat' dir='ltr'>bene-</span> 
     </span>
     <span class='ocr_line' id='line_1_77' title="bbox 1272 1549 1970 1594; baseline -0.003 -9"><span class='ocrx_word' id='word_1_429' title='bbox 1272 1551 1350 1585; x_wconf 88' lang='lat' dir='ltr'>ficia</span> <span class='ocrx_word' id='word_1_430' title='bbox 1366 1549 1473 1584; x_wconf 84' lang='lat' dir='ltr'>huius</span> <span class='ocrx_word' id='word_1_431' title='bbox 1491 1551 1590 1594; x_wconf 82' lang='lat' dir='ltr'>regni</span> <span class='ocrx_word' id='word_1_432' title='bbox 1609 1549 1832 1583; x_wconf 87' lang='lat' dir='ltr'>consecuturi</span> <span class='ocrx_word' id='word_1_433' title='bbox 1851 1549 1970 1585; x_wconf 81' lang='lat' dir='ltr'>simus.</span> 
     </span>
    </p>
   </div>
   <div class='ocr_carea' id='block_1_24' title="bbox 1272 1616 2264 1768">
    <p class='ocr_par' dir='ltr' id='par_1_24' title="bbox 1272 1616 2264 1768">
     <span class='ocr_line' id='line_1_78' title="bbox 1377 1616 2263 1662; baseline 0.002 -10"><span class='ocrx_word' id='word_1_434' title='bbox 1377 1618 1467 1662; x_wconf 86' lang='lat' dir='ltr'>Quis</span> <span class='ocrx_word' id='word_1_435' title='bbox 1491 1619 1559 1652; x_wconf 88' lang='lat' dir='ltr'>sit&#39;?</span> <span class='ocrx_word' id='word_1_436' title='bbox 1610 1617 1679 1651; x_wconf 91' lang='lat' dir='ltr'>Hic</span> <span class='ocrx_word' id='word_1_437' title='bbox 1702 1616 1850 1652; x_wconf 85' lang='lat' dir='ltr'>Messias</span> <span class='ocrx_word' id='word_1_438' title='bbox 1875 1624 1925 1651; x_wconf 86' lang='lat' dir='ltr'>est</span> <span class='ocrx_word' id='word_1_439' title='bbox 1942 1616 2054 1651; x_wconf 84' lang='lat' dir='ltr'>Filius</span> <span class='ocrx_word' id='word_1_440' title='bbox 2070 1617 2153 1653; x_wconf 91' lang='lat' dir='ltr'>Dei:</span> <span class='ocrx_word' id='word_1_441' title='bbox 2180 1618 2263 1654; x_wconf 89' lang='lat' dir='ltr'>Do-</span> 
     </span>
     <span class='ocr_line' id='line_1_79' title="bbox 1274 1665 2264 1716; baseline -0.002 -13"><span class='ocrx_word' id='word_1_442' title='bbox 1274 1669 1397 1703; x_wconf 81' lang='lat' dir='ltr'>minus</span> <span class='ocrx_word' id='word_1_443' title='bbox 1431 1667 1529 1703; x_wconf 67' lang='lat' dir='ltr'>dixit</span> <span class='ocrx_word' id='word_1_444' title='bbox 1560 1667 1615 1702; x_wconf 85' lang='lat' dir='ltr'>ad</span> <span class='ocrx_word' id='word_1_445' title='bbox 1646 1680 1715 1711; x_wconf 81' lang='lat' dir='ltr'>me,</span> <span class='ocrx_word' id='word_1_446' title='bbox 1749 1665 1878 1702; x_wconf 79' lang='lat' dir='ltr'>Filias</span> <span class='ocrx_word' id='word_1_447' title='bbox 1911 1680 1945 1702; x_wconf 80' lang='lat' dir='ltr'>es</span> <span class='ocrx_word' id='word_1_448' title='bbox 1969 1672 2024 1710; x_wconf 81' lang='lat' dir='ltr'>Iu,</span> <span class='ocrx_word' id='word_1_449' title='bbox 2060 1680 2123 1716; x_wconf 75' lang='lat' dir='ltr'>ego</span> <span class='ocrx_word' id='word_1_450' title='bbox 2156 1667 2264 1705; x_wconf 71' lang='lat' dir='ltr'>hodie</span> 
     </span>
     <span class='ocr_line' id='line_1_80' title="bbox 1272 1721 1446 1768; baseline -0.011 -12"><span class='ocrx_word' id='word_1_451' title='bbox 1272 1721 1386 1768; x_wconf 76' lang='lat' dir='ltr'>genui</span> <span class='ocrx_word' id='word_1_452' title='bbox 1404 1725 1446 1754; x_wconf 82' lang='lat' dir='ltr'>le.</span> 
     </span>
    </p>
   </div>
   <div class='ocr_carea' id='block_1_25' title="bbox 1377 1780 1763 1824">
    <p class='ocr_par' dir='ltr' id='par_1_25' title="bbox 1377 1780 1763 1824">
     <span class='ocr_line' id='line_1_81' title="bbox 1377 1780 1763 1824; baseline -0.005 -10"><span class='ocrx_word' id='word_1_453' title='bbox 1377 1780 1492 1824; x_wconf 86' lang='lat' dir='ltr'>Quale</span> <span class='ocrx_word' id='word_1_454' title='bbox 1507 1792 1654 1824; x_wconf 85' lang='lat' dir='ltr'>regnum</span> <span class='ocrx_word' id='word_1_455' title='bbox 1673 1780 1763 1813; x_wconf 72' lang='lat' dir='ltr'>erit?</span> 
     </span>
    </p>
   </div>
   <div class='ocr_carea' id='block_1_26' title="bbox 1276 1839 2265 2441">
    <p class='ocr_par' dir='ltr' id='par_1_26' title="bbox 1276 1839 2265 2441">
     <span class='ocr_line' id='line_1_82' title="bbox 1377 1839 2263 1884; baseline 0 -10"><span class='ocrx_word' id='word_1_456' title='bbox 1377 1840 1459 1874; x_wconf 79' lang='lat' dir='ltr'>Non</span> <span class='ocrx_word' id='word_1_457' title='bbox 1481 1840 1738 1884; x_wconf 89' lang='lat' dir='ltr'>gubernabitur</span> <span class='ocrx_word' id='word_1_458' title='bbox 1760 1845 1796 1872; x_wconf 87' lang='lat' dir='ltr'>ut</span> <span class='ocrx_word' id='word_1_459' title='bbox 1813 1846 1966 1879; x_wconf 89' lang='lat' dir='ltr'>caetera,</span> <span class='ocrx_word' id='word_1_460' title='bbox 1993 1839 2128 1882; x_wconf 84' lang='lat' dir='ltr'>legibus</span> <span class='ocrx_word' id='word_1_461' title='bbox 2145 1841 2263 1874; x_wconf 89' lang='lat' dir='ltr'>foren-</span> 
     </span>
     <span class='ocr_line' id='line_1_83' title="bbox 1276 1890 2264 1933; baseline 0.001 -8"><span class='ocrx_word' id='word_1_462' title='bbox 1276 1893 1371 1926; x_wconf 89' lang='lat' dir='ltr'>sibus</span> <span class='ocrx_word' id='word_1_463' title='bbox 1396 1898 1430 1926; x_wconf 87' lang='lat' dir='ltr'>et</span> <span class='ocrx_word' id='word_1_464' title='bbox 1453 1892 1578 1932; x_wconf 84' lang='lat' dir='ltr'>armis,</span> <span class='ocrx_word' id='word_1_465' title='bbox 1604 1892 1662 1924; x_wconf 88' lang='lat' dir='ltr'>sed</span> <span class='ocrx_word' id='word_1_466' title='bbox 1686 1897 1824 1933; x_wconf 86' lang='lat' dir='ltr'>regetur</span> <span class='ocrx_word' id='word_1_467' title='bbox 1842 1901 1934 1922; x_wconf 81' lang='lat' dir='ltr'>novo</span> <span class='ocrx_word' id='word_1_468' title='bbox 1951 1890 2058 1923; x_wconf 84' lang='lat' dir='ltr'>verbo</span> <span class='ocrx_word' id='word_1_469' title='bbox 2076 1891 2118 1923; x_wconf 93' lang='lat' dir='ltr'>de</span> <span class='ocrx_word' id='word_1_470' title='bbox 2135 1892 2264 1926; x_wconf 87' lang='lat' dir='ltr'>volun-</span> 
     </span>
     <span class='ocr_line' id='line_1_84' title="bbox 1276 1939 2263 1985; baseline -0.001 -8"><span class='ocrx_word' id='word_1_471' title='bbox 1276 1951 1345 1977; x_wconf 86' lang='lat' dir='ltr'>tate</span> <span class='ocrx_word' id='word_1_472' title='bbox 1379 1941 1445 1976; x_wconf 93' lang='lat' dir='ltr'>Dei</span> <span class='ocrx_word' id='word_1_473' title='bbox 1478 1942 1603 1985; x_wconf 88' lang='lat' dir='ltr'>placati</span> <span class='ocrx_word' id='word_1_474' title='bbox 1638 1953 1700 1985; x_wconf 89' lang='lat' dir='ltr'>per</span> <span class='ocrx_word' id='word_1_475' title='bbox 1727 1939 1822 1974; x_wconf 89' lang='lat' dir='ltr'>hunc</span> <span class='ocrx_word' id='word_1_476' title='bbox 1847 1940 1991 1974; x_wconf 80' lang='lat' dir='ltr'>Filium.</span> <span class='ocrx_word' id='word_1_477' title='bbox 2044 1940 2128 1974; x_wconf 89' lang='lat' dir='ltr'>Ideo</span> <span class='ocrx_word' id='word_1_478' title='bbox 2162 1943 2263 1978; x_wconf 91' lang='lat' dir='ltr'>dicit:</span> 
     </span>
     <span class='ocr_line' id='line_1_85' title="bbox 1276 1988 2262 2038; baseline 0.001 -11"><span class='ocrx_word' id='word_1_479' title='bbox 1276 1991 1506 2027; x_wconf 77' lang='lat' dir='ltr'>Praedicabo</span> <span class='ocrx_word' id='word_1_480' title='bbox 1539 1990 1580 2025; x_wconf 81' lang='lat' dir='ltr'>de</span> <span class='ocrx_word' id='word_1_481' title='bbox 1607 1995 1812 2038; x_wconf 74' lang='lat' dir='ltr'>praecepto,</span> <span class='ocrx_word' id='word_1_482' title='bbox 1855 1988 1984 2024; x_wconf 72' lang='lat' dir='ltr'>Filias</span> <span class='ocrx_word' id='word_1_483' title='bbox 2016 2001 2114 2025; x_wconf 75' lang='lat' dir='ltr'>meus</span> <span class='ocrx_word' id='word_1_484' title='bbox 2147 2004 2179 2027; x_wconf 81' lang='lat' dir='ltr'>es</span> <span class='ocrx_word' id='word_1_485' title='bbox 2211 1998 2262 2030; x_wconf 79' lang='lat' dir='ltr'>tu,</span> 
     </span>
     <span class='ocr_line' id='line_1_86' title="bbox 1276 2042 2265 2086; baseline 0.001 -8"><span class='ocrx_word' id='word_1_486' title='bbox 1276 2045 1378 2079; x_wconf 90' lang='lat' dir='ltr'>Hanc</span> <span class='ocrx_word' id='word_1_487' title='bbox 1402 2056 1530 2078; x_wconf 80' lang='lat' dir='ltr'>novam</span> <span class='ocrx_word' id='word_1_488' title='bbox 1549 2043 1755 2076; x_wconf 87' lang='lat' dir='ltr'>sententiam</span> <span class='ocrx_word' id='word_1_489' title='bbox 1776 2042 1823 2075; x_wconf 88' lang='lat' dir='ltr'>ait</span> <span class='ocrx_word' id='word_1_490' title='bbox 1840 2053 1875 2074; x_wconf 86' lang='lat' dir='ltr'>se</span> <span class='ocrx_word' id='word_1_491' title='bbox 1891 2042 2173 2086; x_wconf 85' lang='lat' dir='ltr'>praedicaturum</span> <span class='ocrx_word' id='word_1_492' title='bbox 2191 2057 2265 2079; x_wconf 90' lang='lat' dir='ltr'>esse</span> 
     </span>
     <span class='ocr_line' id='line_1_87' title="bbox 1277 2092 2264 2138; baseline 0.001 -9"><span class='ocrx_word' id='word_1_493' title='bbox 1277 2097 1320 2130; x_wconf 90' lang='lat' dir='ltr'>de</span> <span class='ocrx_word' id='word_1_494' title='bbox 1334 2095 1440 2131; x_wconf 80' lang='lat' dir='ltr'>Filio.</span> <span class='ocrx_word' id='word_1_495' title='bbox 1493 2093 1539 2128; x_wconf 89' lang='lat' dir='ltr'>Et</span> <span class='ocrx_word' id='word_1_496' title='bbox 1563 2094 1643 2138; x_wconf 88' lang='lat' dir='ltr'>quia</span> <span class='ocrx_word' id='word_1_497' title='bbox 1660 2092 1810 2127; x_wconf 77' lang='lat' dir='ltr'>affirmat</span> <span class='ocrx_word' id='word_1_498' title='bbox 1828 2104 1862 2126; x_wconf 86' lang='lat' dir='ltr'>se</span> <span class='ocrx_word' id='word_1_499' title='bbox 1879 2094 2164 2136; x_wconf 87' lang='lat' dir='ltr'>praedicaturum</span> <span class='ocrx_word' id='word_1_500' title='bbox 2182 2107 2264 2137; x_wconf 89' lang='lat' dir='ltr'>esse,</span> 
     </span>
     <span class='ocr_line' id='line_1_88' title="bbox 1277 2142 2265 2187; baseline 0.001 -7"><span class='ocrx_word' id='word_1_501' title='bbox 1277 2147 1436 2181; x_wconf 87' lang='lat' dir='ltr'>instituet</span> <span class='ocrx_word' id='word_1_502' title='bbox 1470 2145 1707 2178; x_wconf 85' lang='lat' dir='ltr'>ministerium</span> <span class='ocrx_word' id='word_1_503' title='bbox 1739 2142 1940 2187; x_wconf 77' lang='lat' dir='ltr'>Evangelii:</span> <span class='ocrx_word' id='word_1_504' title='bbox 1985 2145 2183 2179; x_wconf 89' lang='lat' dir='ltr'>docendum</span> <span class='ocrx_word' id='word_1_505' title='bbox 2214 2154 2265 2181; x_wconf 87' lang='lat' dir='ltr'>est</span> 
     </span>
     <span class='ocr_line' id='line_1_89' title="bbox 1278 2192 2264 2242; baseline 0 -11"><span class='ocrx_word' id='word_1_506' title='bbox 1278 2198 1403 2242; x_wconf 86' lang='lat' dir='ltr'>igitur,</span> <span class='ocrx_word' id='word_1_507' title='bbox 1431 2203 1465 2230; x_wconf 87' lang='lat' dir='ltr'>et</span> <span class='ocrx_word' id='word_1_508' title='bbox 1486 2197 1705 2229; x_wconf 86' lang='lat' dir='ltr'>discendum.</span> <span class='ocrx_word' id='word_1_509' title='bbox 1758 2193 1804 2228; x_wconf 85' lang='lat' dir='ltr'>Et</span> <span class='ocrx_word' id='word_1_510' title='bbox 1822 2195 1860 2227; x_wconf 89' lang='lat' dir='ltr'>in</span> <span class='ocrx_word' id='word_1_511' title='bbox 1877 2192 1944 2228; x_wconf 85' lang='lat' dir='ltr'>hoc</span> <span class='ocrx_word' id='word_1_512' title='bbox 1962 2195 2055 2229; x_wconf 90' lang='lat' dir='ltr'>dicto</span> <span class='ocrx_word' id='word_1_513' title='bbox 2074 2197 2264 2240; x_wconf 81' lang='lat' dir='ltr'>cogitemus</span> 
     </span>
     <span class='ocr_line' id='line_1_90' title="bbox 1279 2244 2263 2291; baseline -0.002 -9"><span class='ocrx_word' id='word_1_514' title='bbox 1279 2250 1321 2282; x_wconf 89' lang='lat' dir='ltr'>de</span> <span class='ocrx_word' id='word_1_515' title='bbox 1348 2248 1473 2282; x_wconf 87' lang='lat' dir='ltr'>studiis</span> <span class='ocrx_word' id='word_1_516' title='bbox 1496 2247 1643 2280; x_wconf 86' lang='lat' dir='ltr'>nostris:</span> <span class='ocrx_word' id='word_1_517' title='bbox 1671 2245 1767 2280; x_wconf 85' lang='lat' dir='ltr'>Deus</span> <span class='ocrx_word' id='word_1_518' title='bbox 1792 2245 1952 2280; x_wconf 87' lang='lat' dir='ltr'>adfirmat</span> <span class='ocrx_word' id='word_1_519' title='bbox 1975 2258 2009 2279; x_wconf 91' lang='lat' dir='ltr'>se</span> <span class='ocrx_word' id='word_1_520' title='bbox 2034 2244 2101 2280; x_wconf 90' lang='lat' dir='ltr'>hoc</span> <span class='ocrx_word' id='word_1_521' title='bbox 2116 2259 2263 2291; x_wconf 87' lang='lat' dir='ltr'>regnum</span> 
     </span>
     <span class='ocr_line' id='line_1_91' title="bbox 1278 2297 2264 2345; baseline -0.001 -12"><span class='ocrx_word' id='word_1_522' title='bbox 1278 2299 1549 2345; x_wconf 86' lang='lat' dir='ltr'>praedicationis</span> <span class='ocrx_word' id='word_1_523' title='bbox 1583 2298 1672 2331; x_wconf 86' lang='lat' dir='ltr'>velle</span> <span class='ocrx_word' id='word_1_524' title='bbox 1706 2297 1935 2330; x_wconf 86' lang='lat' dir='ltr'>constituere:</span> <span class='ocrx_word' id='word_1_525' title='bbox 1971 2297 2134 2332; x_wconf 85' lang='lat' dir='ltr'>desendet</span> <span class='ocrx_word' id='word_1_526' title='bbox 2156 2299 2264 2342; x_wconf 85' lang='lat' dir='ltr'>igitur</span> 
     </span>
     <span class='ocr_line' id='line_1_92' title="bbox 1277 2347 2263 2392; baseline -0.002 -8"><span class='ocrx_word' id='word_1_527' title='bbox 1277 2351 1392 2384; x_wconf 86' lang='lat' dir='ltr'>studia</span> <span class='ocrx_word' id='word_1_528' title='bbox 1415 2356 1449 2384; x_wconf 88' lang='lat' dir='ltr'>et</span> <span class='ocrx_word' id='word_1_529' title='bbox 1468 2349 1686 2389; x_wconf 87' lang='lat' dir='ltr'>doctrinam,</span> <span class='ocrx_word' id='word_1_530' title='bbox 1715 2360 1779 2381; x_wconf 90' lang='lat' dir='ltr'>nec</span> <span class='ocrx_word' id='word_1_531' title='bbox 1799 2348 1888 2381; x_wconf 84' lang='lat' dir='ltr'>sinet</span> <span class='ocrx_word' id='word_1_532' title='bbox 1907 2360 2049 2392; x_wconf 87' lang='lat' dir='ltr'>prorsus</span> <span class='ocrx_word' id='word_1_533' title='bbox 2067 2349 2175 2382; x_wconf 90' lang='lat' dir='ltr'>deleri</span> <span class='ocrx_word' id='word_1_534' title='bbox 2193 2347 2263 2382; x_wconf 89' lang='lat' dir='ltr'>Ec-</span> 
     </span>
     <span class='ocr_line' id='line_1_93' title="bbox 1277 2398 2061 2441; baseline -0.004 -6"><span class='ocrx_word' id='word_1_535' title='bbox 1277 2402 1416 2440; x_wconf 86' lang='lat' dir='ltr'>clesias‚</span> <span class='ocrx_word' id='word_1_536' title='bbox 1442 2398 1596 2441; x_wconf 83' lang='lat' dir='ltr'>scholas,</span> <span class='ocrx_word' id='word_1_537' title='bbox 1624 2406 1655 2433; x_wconf 85' lang='lat' dir='ltr'>et</span> <span class='ocrx_word' id='word_1_538' title='bbox 1675 2399 1853 2433; x_wconf 86' lang='lat' dir='ltr'>domicilia</span> <span class='ocrx_word' id='word_1_539' title='bbox 1870 2399 2061 2433; x_wconf 88' lang='lat' dir='ltr'>doctrinae.</span> 
     </span>
    </p>
   </div>
   <div class='ocr_carea' id='block_1_27' title="bbox 1379 2467 1942 2513">
    <p class='ocr_par' dir='ltr' id='par_1_27' title="bbox 1379 2467 1942 2513">
     <span class='ocr_line' id='line_1_94' title="bbox 1379 2467 1942 2513; baseline -0.005 -11"><span class='ocrx_word' id='word_1_540' title='bbox 1379 2468 1574 2513; x_wconf 86' lang='lat' dir='ltr'>Quousque</span> <span class='ocrx_word' id='word_1_541' title='bbox 1591 2468 1814 2512; x_wconf 82' lang='lat' dir='ltr'>proferentur</span> <span class='ocrx_word' id='word_1_542' title='bbox 1831 2467 1916 2500; x_wconf 88' lang='lat' dir='ltr'>fines</span> <span class='ocrx_word' id='word_1_543' title='bbox 1927 2467 1942 2498; x_wconf 68' lang='grc' dir='ltr'>ἶ)</span> 
     </span>
    </p>
   </div>
   <div class='ocr_carea' id='block_1_28' title="bbox 1273 2531 2263 2681">
    <p class='ocr_par' dir='ltr' id='par_1_28' title="bbox 1273 2531 2263 2681">
     <span class='ocr_line' id='line_1_95' title="bbox 1377 2531 2263 2578; baseline -0.008 -9"><span class='ocrx_word' id='word_1_544' title='bbox 1377 2535 1445 2569; x_wconf 90' lang='lat' dir='ltr'>Per</span> <span class='ocrx_word' id='word_1_545' title='bbox 1459 2542 1570 2569; x_wconf 88' lang='lat' dir='ltr'>totum</span> <span class='ocrx_word' id='word_1_546' title='bbox 1588 2546 1698 2578; x_wconf 86' lang='lat' dir='ltr'>genus</span> <span class='ocrx_word' id='word_1_547' title='bbox 1715 2531 1927 2567; x_wconf 87' lang='lat' dir='ltr'>humanum:</span> <span class='ocrx_word' id='word_1_548' title='bbox 1957 2531 2068 2565; x_wconf 82' lang='lat' dir='ltr'>Dabo</span> <span class='ocrx_word' id='word_1_549' title='bbox 2085 2533 2155 2567; x_wconf 79' lang='lat' dir='ltr'>tihi</span> <span class='ocrx_word' id='word_1_550' title='bbox 2164 2532 2263 2569; x_wconf 84' lang='lat' dir='ltr'>Gen-</span> 
     </span>
     <span class='ocr_line' id='line_1_96' title="bbox 1276 2582 2262 2625; baseline 0.001 -6"><span class='ocrx_word' id='word_1_551' title='bbox 1276 2591 1326 2620; x_wconf 81' lang='lat' dir='ltr'>ies</span> <span class='ocrx_word' id='word_1_552' title='bbox 1346 2585 1598 2621; x_wconf 88' lang='lat' dir='ltr'>haereditatem</span> <span class='ocrx_word' id='word_1_553' title='bbox 1617 2593 1712 2620; x_wconf 85' lang='lat' dir='ltr'>tuam</span> <span class='ocrx_word' id='word_1_554' title='bbox 1730 2592 1792 2618; x_wconf 87' lang='lat' dir='ltr'>etc.</span> <span class='ocrx_word' id='word_1_555' title='bbox 1805 2612 1813 2625; x_wconf 87' lang='lat'>‚</span> <span class='ocrx_word' id='word_1_556' title='bbox 1841 2582 1897 2617; x_wconf 89' lang='lat' dir='ltr'>hic</span> <span class='ocrx_word' id='word_1_557' title='bbox 1915 2584 2114 2619; x_wconf 88' lang='lat' dir='ltr'>continetur</span> <span class='ocrx_word' id='word_1_558' title='bbox 2132 2587 2262 2620; x_wconf 78' lang='lat' dir='ltr'>doctri-</span> 
     </span>
     <span class='ocr_line' id='line_1_97' title="bbox 1273 2637 1765 2681; baseline -0.006 -10"><span class='ocrx_word' id='word_1_559' title='bbox 1273 2650 1318 2671; x_wconf 89' lang='lat' dir='ltr'>na</span> <span class='ocrx_word' id='word_1_560' title='bbox 1335 2639 1378 2672; x_wconf 90' lang='lat' dir='ltr'>de</span> <span class='ocrx_word' id='word_1_561' title='bbox 1394 2638 1577 2672; x_wconf 88' lang='lat' dir='ltr'>vocatione</span> <span class='ocrx_word' id='word_1_562' title='bbox 1597 2637 1765 2681; x_wconf 81' lang='lat' dir='ltr'>gentium.</span> 
     </span>
    </p>
   </div>
   <div class='ocr_carea' id='block_1_29' title="bbox 2353 360 2379 1693">
    <p class='ocr_par' dir='ltr' id='par_1_29' title="bbox 2353 360 2379 1693">
     <span class='ocr_line' id='line_1_98' title="bbox 2353 360 2379 1693; baseline 0 0"><span class='ocrx_word' id='word_1_563' title='bbox 2353 360 2379 1693; x_wconf 95' lang='lat' dir='ltr'> </span> 
     </span>
    </p>
   </div>
  </div>
 </body>
</html>
