2379 2948
131 98 227 134 1253

125 184 229 228 gibus
255 183 409 217 iucunda
432 193 483 220 est
508 185 723 226 consolatio,
759 186 853 230 quod
880 185 994 218 sciunt
1020 196 1122 217 suum

125 235 363 268 ministerium
383 237 487 269 etiam
503 237 635 269 servire
655 244 686 270 et
702 237 840 281 placere
857 233 939 269 huic
951 236 1122 276 Domino,

125 299 205 320 cum
226 286 386 329 dirigunt
403 288 447 321 ad
463 288 612 331 gloriam
625 285 775 322 Christi.
830 285 969 321 Rursus
995 287 1119 319 admo-

732 98 796 134 IX.
852 95 1217 134 COMMENTARII
1254 96 1303 131 IN
1335 94 1579 132 PsALMOS.

125 344 185 371 net
212 337 315 371 etiam
341 350 437 381 reges
466 339 612 379 mundi,
648 346 687 372 ut
711 345 900 382 agnoscant
926 336 1022 370 hunc
1048 349 1120 371 esse
1147 348 1149 368 τ

125 387 343 429 Dominum,
384 390 628 432 obtemperent
661 389 711 430 ei,
753 401 826 421 non
864 395 1149 434 persequantur3

125 439 381 483 Evangelium,
409 440 499 473 sicut
525 447 557 473 et
580 440 684 484 paulo
710 446 788 484 post
813 440 975 485 tyrannis
1004 440 1119 473 mina—

126 497 186 524 tur
202 502 344 535 poenas.

229 541 411 580 Secundo,
436 540 499 573 etsi
517 541 704 585 appellatio
716 541 863 576 Domini
881 542 1047 576 discernit
1066 554 1121 576 re-
1146 575 1148 582 ,

125 605 211 637 gna,
241 599 359 626 tamen
386 589 552 626 Christus
583 592 767 636 disputans
799 605 879 627 cum
911 592 1120 634 pharisaeis,

125 643 335 687 significavit
363 644 467 676 etiam
490 650 636 677 naturas
671 645 844 683 discerni,
880 657 959 678 cum
986 645 1119 689 inquit:

125 695 163 729 Si
192 693 306 728 David
337 702 438 727 vocat
462 706 542 727 eum
569 693 783 734 Dominum,
820 697 1002 740 quomodo
1028 696 1120 728 filius

125 746 201 779 eius
219 747 292 778 est?
347 745 459 779 Taxat
479 745 573 778 enim
591 758 713 779 eorum
733 747 968 790 ignorantiam
998 754 1031 780 et
1052 747 1118 779 im-

125 797 307 841 pietatem,
337 797 397 841 qui
424 797 596 840 putabant
620 797 787 831 Messiam
815 805 953 831 tantum
974 795 1118 831 habitu-

125 860 203 881 rum
222 859 294 880 esse
319 846 511 880 humanam
538 855 725 890 naturum,
752 856 786 883 et
803 849 975 892 significat
993 861 1027 882 se
1044 847 1118 882 Do—

123 898 261 931 minum
275 899 427 933 Davidis
446 911 530 940 esse,
546 900 630 944 quia
648 900 692 934 sit
714 908 839 934 natura
856 899 963 941 Deus,
982 901 1116 934 etiamsi

123 950 327 983 assumserit
355 948 546 983 humanam
573 958 735 984 naturam
769 965 808 985 ex
834 953 968 984 semine
991 951 1117 992 David,

124 1007 271 1045 propter
289 1014 392 1046 quam
409 1002 540 1035 dicitur
559 1002 594 1035 in
611 1003 795 1047 scripturis
812 1003 904 1036 filius
922 1001 1051 1043 David,
1082 1010 1116 1036 ut

126 1049 257 1086 Matth.
279 1053 309 1087 1.
352 1052 497 1086 Necesse
517 1060 566 1086 est
583 1061 701 1087 autem
720 1055 820 1094 sciri,
848 1055 943 1099 quod
955 1052 1118 1087 Christus

123 1102 170 1137 sit
188 1104 312 1136 n'atura
332 1103 447 1144 Deus,
471 1104 559 1138 sicut
576 1105 650 1149 i'pse
666 1103 732 1138 hoc
749 1106 921 1142 inculcat,
944 1103 1065 1138 lohan.
1083 1104 1117 1139 5.

121 1153 210 1187 Item
224 1154 258 1189 8.
289 1153 385 1188 ltem.
400 1155 457 1190 10.
512 1154 560 1188 Ut
579 1156 673 1188 enim
696 1156 900 1189 invocemus
916 1154 1116 1190 hunc'Mes-

122 1205 209 1239 siam
222 1232 231 1246 ,
259 1217 397 1238 necesse
414 1214 464 1240 est
481 1206 517 1238 in
537 1217 577 1239 eo
594 1218 674 1239 vere
694 1214 727 1240 et
742 1207 1027 1241 substantialiter
1045 1219 1117 1239 esse

123 1256 283 1289 divinam
301 1257 508 1300 potentiam.

215 1306 328 1340 Porro
342 1309 434 1341 sicut
450 1320 522 1340 non
540 1306 997 1355 intelligebantPharisaei,
1014 1309 1117 1353 quale

123 1368 210 1392 esset
228 1359 387 1391 futurum
405 1365 555 1401 regi-ium
573 1356 727 1400 Christi,
756 1366 787 1392 et
805 1360 923 1404 qualia
949 1360 1115 1392 beneficia

123 1411 270 1443 daturus
294 1416 403 1451 esset,
429 1410 563 1443 scilicet
588 1421 717 1443 novam
743 1417 776 1443 et
800 1418 979 1443 aeternam
998 1411 1117 1450 vitam,

121 1460 171 1495 ita
194 1459 399 1494 nesciebant
424 1460 649 1494 invocatione
681 1469 714 1495 et
746 1461 814 1494 fide
843 1458 1116 1506 apprehenden-

122 1513 208 1545 dum
245 1523 317 1544 esse
347 1511 533 1544 Messiam:
590 1510 656 1545 hos
690 1524 828 1546 errores
869 1524 992 1545 omnes
1023 1519 1115 1546 taxat

121 1560 305 1602 Christus,
333 1569 365 1596 et
383 1569 529 1596 testatur
545 1562 942 1608 appellationeDomini
962 1564 1114 1597 discerni

121 1622 154 1648 et
173 1625 279 1657 regna
295 1621 327 1647 et
345 1621 502 1650 naturas.
530 1613 599 1648 Sed
618 1612 702 1648 haec
719 1615 803 1648 satis
820 1614 866 1648 sit
883 1614 1038 1648 breviter
1062 1621 1116 1648 at-

120 1665 250 1709 tigisse.

173 1747 264 1784 Sede
279 1762 303 1783 a
321 1747 463 1784 dea-tris
481 1749 582 1786 meis,

228 1817 324 1851 Haec
355 1825 405 1852 est
428 1818 616 1863 promissio
643 1818 686 1851 de
712 1828 841 1861 regno,
877 1817 976 1863 quasi
1011 1817 1116 1858 dicat,

122 1867 210 1904 haec
233 1876 283 1903 est
308 1881 406 1902 meae
430 1869 614 1903 concionis
640 1881 795 1910 summa,
829 1869 926 1914 quod
951 1868 1047 1903 Deus
1072 1869 1116 1903 sit

123 1922 271 1954 daturus
297 1920 457 1955 Domino
484 1933 561 1954 meo
585 1932 755 1964 regnum,
791 1921 828 1953 in
854 1932 925 1965 quo
951 1921 1026 1963 pari
1052 1933 1115 1965 po-

123 1972 234 2006 tentia
253 1984 331 2005 cum
357 1973 436 2006 Deo
463 1979 672 2015 regnaturus
695 1979 756 2006 est.

125 2024 283 2056 dextram
300 2021 384 2063 Dei,
408 2030 459 2057 est
485 2035 633 2067 regnare
658 2023 733 2066 pari
753 2023 906 2067 potentia
929 2035 1008 2055 cum
1030 2021 1116 2063 Deo,

124 2072 210 2107 haec
236 2080 286 2107 est
310 2073 410 2108 Pauli
437 2075 681 2119 interpretatio
706 2075 748 2106 ad
773 2071 903 2118 Ephes.
923 2074 953 2106 1.
980 2074 1040 2107 ubi
1060 2074 1114 2106 in-

125 2125 219 2170 quit:
244 2123 440 2159 Collocavit
465 2138 544 2159 eum
569 2127 610 2159 ad
631 2127 807 2159 dexteram
824 2137 922 2158 suam
942 2125 979 2157 in
1001 2125 1115 2158 coele-

125 2176 251 2214 stibus,
279 2188 385 2220 super
403 2189 543 2210 omnem
559 2177 813 2222 principatum,
841 2183 873 2209 et
890 2176 1010 2209 omnia
1028 2177 1114 2210 sub-

125 2227 208 2261 iecit
227 2227 292 2261 sub
308 2228 414 2271 pedes
433 2228 518 2264 eius.
573 2228 687 2262 Totus
705 2229 799 2261 enim
820 2228 879 2261 ille
900 2227 998 2260 locus
1021 2228 1112 2271 apud

126 2277 278 2312 Paulum
290 2291 329 2311 ex
340 2276 406 2311 hoc
417 2277 558 2313 Psalmo
570 2281 756 2324 decerptus
772 2286 836 2313 est.
863 2277 909 2312 Et
921 2279 962 2311 ad
975 2277 1069 2314 Heb.
1083 2280 1114 2313 1.

126 2330 242 2363 ferens
266 2330 385 2362 omnia
410 2330 518 2363 verbo
548 2331 725 2374 potentiae
748 2343 848 2369 suae,
876 2342 937 2374 per
964 2342 1000 2364 se
1023 2330 1113 2363 facta

126 2381 337 2425 purgatione
355 2388 575 2424 peccatorum
603 2389 826 2420 nostrorum,
854 2383 950 2415 sedet
969 2381 1010 2414 ad
1031 2382 1115 2414 dex-

126 2440 218 2467 tram
253 2431 442 2466 maiestatis
473 2433 510 2465 in
543 2433 708 2473 sublimi,
747 2440 846 2467 tanto
879 2433 1116 2478 praestantior

127 2484 261 2527 angelis
291 2490 354 2517 etc.
412 2481 509 2516 Haec
543 2484 744 2517 testimonia
777 2485 870 2518 clare
903 2485 1113 2523 ostendunt,

127 2531 193 2568 hac
224 2535 334 2578 figura
365 2534 538 2568 sermonis
565 2535 752 2577 significari
783 2537 975 2578 potentiam
1011 2546 1115 2579 super

128 2598 251 2619 omnes
272 2593 459 2620 creaturas.
524 2585 624 2620 Sicut
647 2593 680 2619 et
703 2583 866 2619 Christus
891 2587 966 2629 ipse
998 2585 1114 2630 inquit

128 2635 276 2670 Ioannis
294 2638 413 2671 tertio:
440 2636 545 2671 Pater
559 2637 674 2679 diligit
692 2635 837 2674 Filium,
866 2644 899 2670 et
915 2637 1034 2670 omnia
1052 2638 1113 2669 de-

127 2688 179 2722 dit
197 2689 232 2721 in
250 2701 359 2723 manu
375 2689 467 2730 eius,
493 2688 552 2734 qui
577 2688 686 2722 credit
705 2687 741 2721 in
759 2687 910 2729 Filium,
938 2685 1044 2721 habet
1061 2687 1112 2720 vi-

812 1971 901 2005 Nam
929 1972 1050 2004 sedere
1072 1972 1113 2004 ad
1142 1994 1144 2004 .

1147 471 1149 502 l

1146 527 1148 565 1

1146 508 1148 513 ⁴
1173 489 1345 532 significat
1362 488 1529 520 beneficia
1550 485 1654 520 huius
1670 487 1782 529 regni.

2075 97 2173 133 1254

1177 189 1247 216 tam
1272 189 1464 216 aeternam.
1519 182 1604 216 Item
1634 179 1764 216 Matth.
1791 181 1936 215 ultimo:
1974 180 2066 215 Mihi
2090 184 2170 217 data

1175 241 1226 268 est
1244 233 1363 267 omnis
1382 240 1532 277 potestas
1552 233 1588 266 in
1606 234 1706 266 coelo
1726 240 1757 266 et
1774 232 1811 266 in
1827 240 1931 269 terra.

1276 282 1459 328 Explicata
1479 285 1589 328 figura
1606 284 1798 325 sermonis,
1824 285 2036 327 cogitemus,
2065 286 2168 329 quale

1174 347 1320 379 regnum
1355 336 1547 375 describat,
1581 342 1613 368 et
1636 336 1680 368 ad
1714 336 1797 380 quid
1822 335 1932 379 prosit
1959 335 2168 379 intelligere,

1174 388 1269 432 quod
1296 384 1460 420 Christus
1484 393 1606 429 regnet
1633 386 1754 418 divina
1782 386 1952 430 potentia.
2007 385 2166 420 Primum

1174 438 1267 471 enim
1288 435 1372 470 haec
1391 437 1463 480 ipsa
1483 437 1685 484 descriptio.
1739 435 1844 470 Sedet
1860 439 1901 470 ad
1920 439 2076 470 dextram
2089 437 2168 479 Dei,

1836 488 1930 530 Quia
1950 488 2043 520 enim
2060 486 2167 521 Chri-

1173 547 1246 574 stus
1271 545 1365 573 tenet
1387 550 1536 582 regnum
1561 537 1636 571 Deo
1664 540 1805 581 placens
1831 546 1863 571 et
1888 546 2088 579 aeternum,
2117 541 2165 572 si-

1146 586 1148 612 3
1173 591 1313 634 gnificat
1336 603 1417 623 eum
1444 591 1527 622 dare
1550 588 1718 621 beneficia
1746 589 1943 632 spiritualia
1960 597 1992 622 et
2011 597 2164 624 aeterna.

1146 641 1310 675 =Omnes
1343 642 1403 686 qui
1437 638 1681 674 adhaerebunt
1713 637 1796 672 huic
1835 641 1925 682 regi,
1972 641 2166 684 placebunt

1146 699 1147 716 ἰ
1172 692 1269 734 Deo,
1299 701 1330 726 et
1351 698 1614 737 consequentur
1629 697 1770 723 aeterna
1792 690 1981 730 beneficia,
2010 704 2047 723 ac
2068 692 2165 733 talia,

1173 756 1262 789 quae
1282 756 1354 776 non
1375 751 1520 787 possunt
1538 740 1693 775 humana
1712 742 1867 785 potentia
1884 741 2012 785 parari.
2070 742 2165 776 Haec

1174 795 1281 838 igitur
1309 802 1390 828 sunt
1418 794 1478 828 illa
1510 793 1697 829 beneficia,
1733 791 1892 824 remissio
1931 799 2166 835 peccatorum,

1173 847 1394 886 iustificatio,
1422 845 1567 878 donatio
1579 843 1731 888 Spiritus
1749 843 1872 883 sancti,
1891 850 1922 876 et
1941 843 2032 876 vitae
2053 851 2164 877 aeter-

1173 910 1236 929 nae
1257 897 1460 941 promissio,
1489 897 1583 942 quod
1608 895 1702 929 Deus
1725 902 1870 938 propter
1891 891 2075 927 Christum
2103 908 2163 928 ex-

1172 949 1311 987 audiat,
1336 948 1499 981 liberatio
1523 960 1541 980 a
1567 946 1755 992 tyrannide
1779 945 1935 987 diaboli,
1971 957 1988 978 a
2019 953 2160 989 peccato

1172 1007 1204 1032 et
1223 1013 1239 1032 a
1258 1006 1382 1034 morte.
1436 998 1532 1031 Haec
1550 997 1716 1031 beneficia
1735 996 1890 1029 breviter
1907 996 2162 1039 significantur,

1172 1051 1254 1096 quia
1272 1052 1340 1083 tale
1357 1061 1505 1093 regnum
1526 1048 1757 1088 describitur,
1786 1047 1822 1079 in
1842 1060 1912 1092 quo
1931 1046 2164 1081 adhaerentes

1144 1109 1146 1130 ἒ
1172 1103 1242 1145 regi
1263 1102 1451 1145 placebunt
1472 1100 1546 1133 Deo
1560 1125 1568 1138 ,
1597 1107 1628 1133 et
1649 1097 1832 1132 habebunt
1848 1105 1989 1131 aeterna
2005 1099 2111 1134 bona.

1275 1152 1422 1186 Prodest
1443 1160 1558 1186 autem
1577 1150 1728 1193 intelligi
1745 1147 1812 1183 hoc
1830 1160 1990 1192 reguum,
2019 1157 2057 1182 ut
2074 1150 2163 1182 scia·

1172 1216 1249 1236 mus
1265 1216 1354 1248 quae
1378 1203 1546 1236 beneficia
1572 1204 1720 1246 petenda
1748 1208 1781 1234 et
1806 1201 2019 1244 expectanda
2046 1201 2115 1233 sint
2145 1213 2163 1234 a

1171 1252 1334 1295 Christo,
1363 1266 1406 1286 ne
1433 1254 1650 1287 somniemus
1678 1258 1813 1285 tantum
1841 1263 1914 1284 esse
1941 1252 2163 1284 mundanum

1172 1317 1341 1348 regnum,
1387 1305 1474 1338 sicut
1517 1303 1634 1337 ludaei
1670 1302 1907 1335 somniabant.
1986 1301 2164 1340 Secundo,

1172 1358 1314 1401 prodest
1337 1355 1506 1398 intelligi,
1543 1355 1636 1399 quod
1666 1351 1831 1387 Christus
1856 1353 1978 1385 divina
2005 1354 2163 1396 potentia

1171 1414 1308 1450 regnet,
1337 1414 1368 1440 et
1387 1407 1468 1452 quia
1485 1406 1653 1439 beneficia
1672 1405 1733 1436 illa
1753 1416 1825 1436 non
1846 1410 1994 1447 possunt
2016 1404 2083 1437 nisi
2108 1405 2162 1437 di-

1171 1459 1253 1491 vina
1272 1459 1430 1501 potentia
1456 1456 1645 1501 praestari,
1673 1462 1706 1488 et
1722 1455 1827 1487 nobis
1844 1466 1982 1487 necesse
1998 1462 2047 1488 est
2067 1462 2165 1488 tene-

1171 1522 1226 1551 re,
1255 1511 1349 1554 quod
1371 1509 1430 1542 ille
1451 1508 1600 1542 Messias
1617 1519 1722 1552 quem
1741 1506 1964 1543 invocamus,
1994 1506 2101 1550 possit
2132 1514 2165 1540 et

1172 1562 1256 1594 velit
1280 1561 1463 1601 exaudire,
1498 1566 1531 1593 et
1557 1560 1651 1603 quod
1680 1558 1721 1590 sit
1748 1557 1816 1589 fide
1841 1554 2164 1600 apprehendendus

1171 1619 1202 1645 et
1220 1612 1474 1655 expectandum
1494 1611 1538 1643 ab
1556 1622 1597 1642 eo
1613 1608 1804 1646 auxilium,
1834 1607 1971 1641 etiamsi
1996 1620 2069 1640 non
2088 1620 2164 1641 cer-

1171 1663 1270 1696 nitur
1287 1663 1399 1695 oculis
1415 1660 1681 1705 corporalibus,
1710 1658 1845 1692 etiamsi
1870 1659 2080 1703 aliquandiu
2098 1670 2164 1692 nos

1171 1714 1255 1747 sinit
1291 1713 1423 1757 affligi,
1455 1719 1488 1745 et
1525 1712 1622 1745 omni
1656 1722 1783 1755 genere
1811 1721 2063 1743 aerumnarum
2098 1723 2164 1758 op-

1171 1764 1288 1810 primi,
1811 1807 1817 1812 ι

1272 1815 1366 1858 Ergo
1389 1827 1466 1849 cum
1493 1811 1577 1847 haec
1596 1813 1702 1845 verba
1723 1812 1844 1852 audis,
1878 1809 1985 1845 Sedet
2002 1809 2057 1845 ad
2072 1810 2164 1845 dex-

1171 1872 1268 1901 tram
1285 1865 1379 1904 Dei,
1407 1866 1519 1909 cogita
1538 1865 1694 1912 primum
1709 1890 1716 1903 ‚
1745 1876 1834 1908 quae
1853 1863 2020 1896 beneficia
2038 1864 2074 1896 in
2095 1861 2162 1897 hoc

1172 1931 1278 1962 regno
1307 1918 1482 1967 promissa
1508 1915 1594 1949 sint:
1631 1914 1762 1947 deinde
1787 1914 1920 1956 cogita,
1958 1926 1994 1946 ea
2021 1921 2160 1948 tantum

1171 1971 1291 2003 divina
1314 1968 1468 2014 potentia
1486 1965 1674 2012 praestari:
1704 1965 1807 1998 tertio
1827 1965 1951 2008 cogita,
1981 1963 2162 1999 Christum

1170 2022 1408 2055 invocandum
1435 2031 1528 2059 esse,
1565 2026 1597 2050 et
1622 2017 1688 2050 fide
1713 2016 1862 2060 petenda
1893 2023 1927 2049 et
1949 2018 2164 2060 expectanda

1170 2085 1243 2106 esse
1269 2073 1327 2105 illa
1352 2070 1531 2104 beneficia.
1587 2067 1683 2101 Haec
1706 2067 1826 2100 omnia
1848 2067 2017 2100 latissime
2031 2068 2164 2101 discre-

1171 2125 1301 2169 pabant
1319 2124 1362 2156 ab
1381 2120 1698 2165 imaginationibus
1712 2118 1882 2155 Iudaicis,
1910 2119 1971 2163 qui
1993 2118 2164 2162 putabant

1169 2187 1318 2218 regnum
1340 2173 1522 2217 corporale
1545 2172 1639 2211 fore,
1676 2171 1770 2214 quod
1797 2169 1904 2202 armis
1936 2176 1967 2202 et
1998 2167 2162 2202 humanis

1170 2227 1284 2260 modis
1309 2227 1577 2264 defenderetur,
1606 2229 1639 2255 et
1656 2218 1839 2253 Christum
1862 2227 2083 2263 praesentem
2108 2220 2165 2252 di-

1169 2279 1381 2312 micaturum
1399 2288 1471 2309 esse
1488 2287 1566 2308 cum
1586 2272 1761 2317 gentibus.
1806 2271 1987 2303 Adversus
2007 2269 2068 2303 has
2087 2282 2164 2303 car-

1169 2330 1266 2362 nales
1285 2328 1515 2372 cogitationes
1533 2323 1748 2369 opponenda
1767 2328 1814 2354 est
1834 2322 2026 2355 sententia:
2056 2321 2164 2356 Sedet

1168 2382 1210 2415 ad
1230 2383 1387 2414 dextram
1405 2377 1485 2413 Dei.

1219 2464 1347 2499 Donec
1359 2475 1497 2510 ponam
1515 2459 1683 2495 inimicos
1707 2456 1908 2492 scabellum
1931 2455 2063 2505 pedum
2082 2461 2164 2491 iuo-

1274 2528 1366 2552 rum,

1275 2582 1420 2615 Initium
1439 2578 1655 2612 narrationis
1672 2589 1790 2621 supra,
1808 2576 1965 2609 continet
1985 2587 2160 2610 summam

1170 2636 1262 2679 quod
1290 2633 1451 2665 videlicet
1475 2628 1638 2664 Christus
1663 2635 1872 2672 regnaturus
1895 2627 1938 2660 sit
1957 2627 2078 2660 divina
2100 2640 2164 2671 po-

1169 2685 1288 2720 tentia.
1327 2683 1421 2717 Haec
1438 2689 1485 2715 est
1505 2692 1641 2714 summa
1660 2679 1791 2713 Psalmi
1808 2685 1840 2713 et
1857 2678 2063 2724 principalis
2081 2691 2164 2722 pro-

1464 2731 1548 2766 79*
