2379 2948
625 72 678 108 IN
703 73 967 111 DANIELEM
994 73 1312 111 PROPHETAM
1338 76 1760 120 COMMENTARIUS.
2086 90 2160 127 874

128 72 202 116 873
527 71 574 107 V.

127 163 243 203 spreto
260 157 370 191 verbo
387 155 470 199 Dei,
497 170 610 192 novos
626 159 741 193 cultus
766 160 967 203 instituere,
994 170 1114 196 contra
1141 172 1145 206 ,¹
1270 161 1452 199 Postremo
1479 167 1573 210 quod
1597 167 1732 213 inquit,
1757 169 1843 204 Sine
1867 183 1974 206 manu
1998 182 2156 210 contere-

125 209 330 242 mandatum
354 207 438 249 Dei,
466 209 522 242 vel
546 209 623 242 sine
647 212 826 245 mandato.
880 210 928 245 Et
943 212 1113 247 calliditas
1139 218 1141 252 j
1167 219 1244 250 tur,
1271 213 1442 256 significat
1465 223 1545 250 ante
1569 224 1762 254 extremum
1780 222 1950 256 iudicium
1969 233 2154 261 venturam

122 266 172 293 est
205 259 344 299 videre,
378 259 509 304 quibus
542 261 679 293 artibus
707 262 892 304 capiantur
923 259 1110 297 hominum
1137 253 1140 305 l
1165 264 1432 298 renovationem
1456 265 1658 311 Evangelii,
1686 271 1722 303 in
1746 284 1814 317 qua
1837 275 2007 309 autoritas
2032 279 2152 320 ponti-

120 310 241 344 animi.
299 309 386 343 Item
415 311 534 343 videre
562 310 711 354 aucupia
729 313 909 354 augendae
934 316 1111 356 potentiae
1136 308 1138 332 ‘¹
1161 313 1264 346 ficum
1282 314 1552 350 labefactabitur
1568 319 1644 352 sine
1663 323 1779 362 armis,
1802 321 1869 357 hoc
1888 332 1949 366 est,
1976 327 2150 362 Docendo

119 370 151 396 et
175 368 350 406 quaestus.
393 360 568 394 Paulatim
592 361 702 403 igitur
726 374 808 406 opes
834 373 1020 399 creverunt
1041 367 1109 398 mi-
1134 380 1135 383 ¹
1160 361 1466 408 reprehendentur
1494 380 1630 402 errores
1659 374 1848 414 pontificii,
1883 385 2050 411 renovata
2074 379 2152 412 luce

988 426 991 430 ‘
1158 412 1367 459 Evangelii,
1392 417 1482 451 sicut
1499 425 1531 451 et
1557 419 1647 453 infra
1670 421 1806 467 inquit,
1836 426 1943 460 Docti
1961 428 1998 461 in
2016 430 2148 472 populo

118 426 166 447 ns
184 413 308 447 momb·
1117 509 1122 515 ·
1159 466 1337 500 docebunt
1354 468 1501 507 multos,
1528 476 1559 501 et
1578 478 1680 504 ruent
1698 473 1733 504 in
1751 474 1880 515 gladio.
1913 475 1960 511 Et
1974 480 2018 512 ad
2034 479 2148 513 Thes-

219 471 340 515 Quare
364 481 459 504 nunc
484 470 616 503 addicti
633 469 799 504 Romano
822 471 999 515 pontifici,
1021 473 1105 505 reti-

116 530 247 557 nentur
266 522 393 566 partim
412 520 681 563 superstitione,
708 522 837 565 partim
859 523 1104 565 magnitudine

114 575 318 608 utilitatum.
367 570 446 604 Huc
464 571 641 614 pertinent
659 574 763 605 verba
782 573 956 606 Danielis:
985 570 1102 619 Copia

116 636 233 658 rerum
251 621 385 655 mullos
407 619 614 665 interficiet,
643 623 677 655 id
702 630 770 663 est,
800 625 981 667 pontifices
1008 626 1102 658 iux-i-

112 677 238 709 tabunt
279 681 311 707 et
352 672 554 706 retinebunt
590 674 718 707 multos
752 675 927 708 inescatos
962 677 1100 720 opibus,

111 724 361 769 dignitatibus,
396 723 603 767 splendore,
631 725 892 769 voluptatibus,
925 726 1016 761 sicut
1037 740 1098 771 pa—
1124 756 1127 772 ,

110 778 180 810 lam
204 783 264 809 est.

209 833 281 868 Nec
302 833 454 877 propriis
480 833 617 868 viribus
642 835 715 868 sive
738 835 865 878 armis,
896 844 935 870 ut
963 844 1095 870 caetera

105 939 164 971 sed
200 935 326 980 partim
363 935 613 978 superstitione
648 948 768 977 regum
800 945 831 971 et
867 940 1094 982 populorum,

1131 517 1235 550 'sal.:
1276 517 1380 551 Tunc
1413 519 1629 553 revelabitur
1661 522 1721 555 ille
1753 524 1915 569 iniquus,
1949 541 2052 572 quem
2085 532 2148 564 de-

1156 573 1267 601 struet
1284 566 1460 602 Dominus
1487 570 1614 613 spiritu
1643 574 1713 606 oris
1739 571 1806 610 sui.
1853 575 2033 620 Significat
2051 582 2146 614 enim

1155 617 1334 658 futurum,
1363 627 1401 654 ut
1420 622 1591 665 quaedam
1613 622 1841 667 reprehensio
1859 639 2018 661 errorum
2042 629 2147 666 Anti-

1154 665 1277 702 christi
1305 672 1488 713 praecedat
1518 679 1712 707 extremum
1740 676 1935 720 iudicium,
1970 680 2060 714 sicut
2083 694 2147 715 au-

1152 730 1231 752 rora
1251 719 1369 754 Solem
1388 723 1576 765 praecedit.

1240 778 1353 813 Porro
1370 782 1452 814 satis
1470 783 1654 826 perspicue
1671 794 1827 829 apparet,
1853 785 1918 821 hoc
1938 790 2145 827 vaticinium

1123 822 1125 829 ⁴
1150 830 1327 871 pertinere
1349 832 1391 864 ad
1411 829 1501 864 hanc
1524 840 1681 867 nostram
1698 843 1867 877 aetatem,
1895 846 1927 873 et
1945 841 2142 875 doctrinam

107 897 225 929 regna,
252 891 350 928 parta
368 892 434 924 est,
462 885 672 934 aut-munita
689 887 868 929 pontificia
888 888 1096 929 dominatio,
1122 896 1123 930 ἶ
1149 876 1215 912 ¹¹00
1236 887 1392 925 tempore
1417 883 1590 918 (ῙῙῊΠΠΠὸ
1619 888 1837 929 Ρᾶῑρίὶῑῦῑῦῐῃι

1892 889 1991 925 Sicut
2014 891 2140 926 Daniel

1149 938 1181 962 et
1209 930 1340 964 Paulus
1364 933 1562 976 significant
1596 943 1774 978 postremo
1805 939 1923 974 futura
1951 944 2142 977 certamina

104 987 231 1032 partim
246 987 337 1031 ·quia
364 986 456 1019 ultro
484 983 645 1020 homines
668 987 769 1032 impii
795 996 960 1031 expetunt
980 991 1094 1023 etde·
1119 1003 1123 1036 g
1147 982 1191 1013 de
1215 982 1396 1025 dOCtsfflfla
1431 997 1540 1030 quase
1574 993 1724 1032 Utffl‘lfle
1753 1001 1831 1032 pars
1862 988 1948 1024 haec
1975 1000 2143 1028 VflllCfflh'l

103 1040 255 1072 fendunt
279 1038 341 1070 ista
368 1036 522 1078 ingentia
549 1040 746 1072 commoda.

802 1038 902 1073 Sicut
920 1038 985 1073 hoc
1005 1047 1093 1073 tem,
1118 1045 1122 1085 Ι
1147 1034 1423 1077 contempletur,
1453 1047 1516 1069 nec
1535 1044 1737 1072 contemnat
1762 1041 2041 1077 admonitionem
2060 1044 2142 1089 Spi-

101 1101 191 1136 1³⁰*
219 1088 389 1120 nobilitas
419 1088 587 1120 acerrime
613 1089 775 1127 dimicat,
812 1097 851 1123 ut
879 1092 1027 1124 retineat
1056 1092 1090 1124 in
1117 1089 1121 1126 l
1147 1089 1234 1116 ”ms
1253 1091 1378 1118 sancu-

100 1140 263 1173 inanibus
288 1138 434 1180 collegia
453 1139 507 1171 sui
534 1141 709 1172 commodi
728 1152 842 1174 causa.
896 1140 1011 1185 Reges
1030 1144 1091 1175 de-
1117 1128 1120 1179 l

98 1192 253 1223 fendunt
274 1201 438 1234 pompam
459 1190 688 1232 pontificum,
717 1199 755 1225 ut
783 1192 959 1225 nohilitati
984 1194 1091 1235 grati—

98 1241 257 1276 ficentur,
312 1239 419 1277 Item,
446 1246 483 1273 ut
501 1240 566 1284 ipsi
585 1239 736 1275 habeant
754 1243 851 1275 aulas
869 1243 1090 1288 frequentio-

97 1304 152 1325 res
170 1299 202 1325 et
226 1290 505 1334 splendidiores,
531 1291 611 1324 ideo
637 1291 754 1337 inquit
770 1291 917 1326 Daniel:
946 1288 1087 1327 Crescet

95 1354 169 1376 non
186 1341 264 1375 suis
289 1339 439 1374 viribus.

195 1408 243 1443 Et
260 1409 406 1454 quidem
426 1408 572 1443 tradunt
594 1416 733 1443 mutuas
751 1422 875 1455 operas
903 1412 1085 1455 pontifices

93 1469 125 1496 et
160 1472 277 1504 reges,
317 1460 407 1493 sicut
439 1458 626 1494 Menelaus
658 1461 826 1495 invitarat
855 1460 1084 1502 Antiochum,

92 1513 244 1546 offerens
261 1511 291 1544 ei
311 1511 477 1555 praedam
499 1523 538 1543 ex
557 1512 688 1554 templo
706 1519 739 1545 et
754 1524 912 1555 regnum.
968 1512 1014 1548 Et
1029 1515 1083 1546 vi-

91 1564 207 1597 cissim
225 1558 425 1595 Antiochus
443 1561 579 1595 addidit
597 1560 777 1596 cohortem
797 1563 976 1597 Menelao.
1030 1564 1082 1598 lta

89 1626 185 1648 nunc
200 1624 297 1656 reges
309 1638 317 1651 ‚
345 1611 533 1656 principes,
560 1619 592 1645 et
610 1614 748 1646 nobiles
766 1614 936 1647 fruuntur
954 1615 1082 1658 opibus

89 1664 350 1701 ecclesiasticis,
379 1662 547 1705 neglectis
575 1664 699 1696 officiis
723 1677 802 1697 vere
828 1665 1080 1699 ecclesiasticis.

87 1716 253 1749 Vicissim
278 1720 394 1748 autem
419 1724 516 1755 reges
539 1715 675 1748 addunt
700 1715 928 1758 pontificibus
953 1714 1079 1750 cohor-

86 1775 176 1806 tem,
203 1764 272 1800 hoc
295 1771 362 1802 est,
393 1765 429 1796 in
460 1776 581 1797 corum
606 1766 753 1808 gratiam
780 1775 940 1800 exercent
965 1768 1078 1800 saevi-

84 1819 189 1858 tiam,
216 1817 320 1850 etiam
336 1822 458 1848 contra
475 1815 737 1850 conscientiam.
775 1815 819 1850 Ut
837 1814 903 1850 hoc
920 1825 1078 1861 tempore

84 1874 222 1903 constat
246 1868 376 1900 multos
399 1877 496 1908 reges
522 1873 554 1899 et
580 1867 778 1911 principes,
805 1867 869 1901 etsi
894 1880 966 1901 non
994 1881 1076 1911 pro-

1104 1748 1108 1786 !
1131 1750 1264 1796 populo
1282 1751 1459 1785 docebunt
1477 1754 1626 1793 mulum,
1655 1762 1687 1789 et
1703 1765 1808 1790 ruent
1827 1765 1891 1793 etc.

1104 1787 1106 1830 l
1132 1800 1319 1842 pollicetur
1343 1814 1546 1836 mansuram
1572 1816 1644 1838 esse
1668 1819 1787 1841 veram
1811 1806 2026 1852 Ecclesiam,
2061 1814 2126 1847 etsi

81 1921 169 1953 hant
195 1918 402 1962 pontificum
430 1916 525 1949 idola
559 1924 591 1950 et
627 1919 851 1962 tyrannides,
889 1925 1005 1951 tamen
1037 1921 1074 1952 in
1101 1930 1102 1955 ξ
1128 1912 1242 1934 ΞΕΝΠΞ
1261 1900 1375 1935 Deum
1404 1916 1506 1938 suum
1525 1914 1642 1941 vmcet
1658 1914 1722 1942 Εἰς·

1247 1133 1387 1168 Nomen
1418 1134 1598 1172 Ecclesiae
1624 1140 1755 1173 multos
1786 1150 1904 1177 movet
1930 1156 1968 1178 ac
1991 1146 2139 1186 detinet,

1144 1196 1213 1228 quo
1231 1185 1350 1219 minus
1369 1188 1601 1222 adversentur
1617 1192 1856 1234 pontificibus,
1893 1193 1962 1228 Sed
1982 1195 2137 1240 Spiritus

1143 1242 1281 1268 sanctus
1305 1238 1399 1281 apud
1416 1236 1603 1272 Danielem
1627 1248 1659 1274 et
1683 1240 1834 1276 Paulum
1863 1245 1956 1278 clare
1979 1254 2138 1288 testatur,

1143 1285 1178 1317 id
1206 1298 1376 1330 regnum,
1402 1288 1567 1323 videlicet
1592 1291 1834 1335 pontificium,
1859 1297 1954 1340 quod
1979 1299 2138 1333 defendit

1141 1333 1426 1381 fidiatopcmrlag,
1453 1346 1486 1373 et
1511 1339 1677 1375 interficit
1702 1343 1798 1385 pios,
1825 1357 1899 1378 non
1921 1359 1993 1380 esse
2011 1346 2136 1382 Eccle-

1139 1386 1245 1427 siam,
1281 1389 1342 1420 sed
1375 1389 1566 1423 factionem
1600 1403 1619 1425 a
1645 1390 1720 1425 Deo
1750 1395 1934 1435 reiectam,
1971 1396 2135 1433 hortatur

1139 1448 1279 1475 omnes,
1304 1445 1344 1472 ut
1363 1451 1438 1472 eam
1460 1441 1642 1485 deserant,
1669 1443 1758 1478 sicut
1775 1445 1811 1477 in
1830 1445 2044 1493 Apocalypsi
2063 1451 2134 1484 cla-

1137 1495 1210 1521 mat
1227 1489 1388 1531 angelus:
1417 1489 1517 1525 Exite
1536 1504 1575 1524 ex
1594 1492 1791 1539 Babylone.

1238 1545 1395 1582 Econtra
1420 1551 1624 1585 consolatur
1647 1553 1743 1597 pios,
1779 1555 1840 1600 qui
1865 1555 2131 1601 reprehendunt

1135 1608 1290 1639 errores,
1318 1605 1357 1632 ut
1376 1600 1488 1634 sciant
1505 1614 1540 1634 se
1564 1600 1694 1637 habere
1710 1607 1916 1640 mandatum
1934 1607 2021 1648 Dei,
2050 1610 2130 1644 Deo

1134 1648 1270 1691 placere
1295 1647 1388 1683 hanc
1419 1652 1642 1686 sedulitatem
1679 1662 1711 1688 et
1736 1657 1926 1691 defendere
1950 1671 1986 1692 se
2010 1673 2130 1694 veram

1132 1696 1338 1735 Ecclesiam.
1392 1700 1492 1735 Sicut
1510 1703 1639 1738 diserte
1661 1705 1779 1750 inquit
1794 1706 1938 1742 Daniel:
1966 1709 2073 1745 Docti
2088 1713 2125 1745 in

1944 1758 1991 1794 Et
2010 1768 2129 1796 tamen

1599 1856 1658 1890 Sic
1680 1858 1773 1891 enim
1803 1859 1937 1905 inquit:
1965 1861 2127 1908 Populus

1775 1908 1858 1943 Non
1882 1912 1991 1954 igitur
2005 1915 2123 1948 deter—

1130 1851 1233 1883 multi
1257 1852 1544 1887 trucidabuntur.

175 1970 182 1977 ·
388 1968 395 1975 ·
712 1982 717 1988 ,
742 1970 748 1975 -
782 1969 788 1975 ·
1013 1971 1018 1977 ·
1101 1956 1102 1967 ¹
1127 1963 1267 1985 reamur
1282 1965 1300 1986 a
1321 1955 1536 1996 professione
1556 1970 1658 1991 verae
1676 1960 1873 2002 doctrinae,
1900 1975 1964 1996 nec
1980 1964 2122 2009 franga-

83 1970 290 2014 pontificum
307 1975 455 2012 gratiam
475 1979 632 2001 exercere
651 1967 861 2002 l101r1bilem
883 1971 1073 2004 crudelita-
1098 1973 1102 2017 Ι

82 2030 165 2055 tem.
218 2018 263 2053 Et
280 2020 412 2053 interea
427 2018 495 2052 sibi
512 2019 631 2062 pulcre
649 2020 896 2059 blandiuntur,
924 2021 1071 2054 conficta

1099 2028 1101 2031 .
1127 2014 1206 2035 mur
1221 2004 1370 2046 animis,
1397 2006 1535 2040 etiamsi
1555 2009 1749 2042 adversarii
1775 2012 2031 2056 vociferantur,
2056 2029 2122 2050 nos

35 2087 37 2091 ⁴
82 2071 181 2104 inani
208 2071 447 2110 excusatione,
475 2070 571 2115 quod
596 2071 706 2115 prosit
732 2072 824 2105 tueri
844 2072 1070 2106 autoritatem
1095 2091 1099 2109 ι
1126 2056 1312 2088 δθὼῃοδοδ
1329 2068 1419 2097 esse’
1447 2064 1481 2090 et
1502 2066 1682 2094 concnam
1699 2073 1822 2095 omnes
1841 2075 1936 2107 reges
1957 2067 2001 2099 ad
2021 2079 2121 2100 e-Wl'·

38 2252 39 2268 *
78 2249 136 2276 tur
154 2241 190 2274 in
211 2252 317 2273 manu
334 2240 425 2279 eius,
452 2237 518 2273 hoc
535 2241 603 2273 late
623 2249 726 2285 patet.

81 2120 268 2156 Ecclesiae.

182 2189 287 2232 Quod
307 2201 387 2222 vero
403 2188 531 2222 Daniel
548 2189 684 2235 inquit,
713 2189 825 2225 Dolus
844 2192 1068 2235 prosperabi-

778 2241 937 2274 Primum
956 2243 1067 2285 signi-

76 2293 157 2327 ficat
184 2291 271 2325 falsa
306 2291 485 2333 dogmata,
515 2302 641 2334 magna
675 2294 788 2336 specie
820 2295 1064 2327 commendata

77 2345 237 2383 mundo,
271 2349 309 2375 ut
341 2353 446 2385 supra
475 2341 556 2373 dixi.

74 2392 240 2434 technas,
267 2392 395 2437 quibus
421 2402 516 2434 reges
539 2391 607 2424 sibi
633 2395 897 2437 obligaverunt,
926 2403 983 2429 aut
1009 2408 1063 2428 re-

74 2457 155 2490 gum
174 2444 365 2489 potentiam
383 2442 651 2484 imminuerunt,
678 2453 736 2478 aut
756 2458 859 2487 regna
878 2447 920 2478 ad
938 2458 973 2478 se
990 2454 1062 2480 tra-

72 2504 209 2531 xerunt.
262 2494 366 2528 Nunc
392 2504 532 2538 quoque
562 2494 650 2527 mira
681 2497 871 2529 calliditate
895 2498 938 2530 de
968 2509 1060 2530 novo

73 2547 225 2590 pingunt
250 2546 397 2582 abusus,
427 2551 459 2577 et
482 2544 659 2577 solicitant
683 2558 779 2589 reges
801 2547 901 2580 miris
924 2549 1060 2582 artibus

72 2599 114 2630 ad
139 2598 365 2630 exercendam
390 2595 583 2628 saevitiam.
638 2594 733 2629 Haec
760 2598 877 2630 omnia
903 2600 1056 2643 comple-

72 2647 192 2689 ctitur,
215 2660 294 2682 cum
312 2648 473 2681 nominat
490 2646 626 2681 dolum.

618 2342 756 2377 Deinde
781 2344 953 2386 significat
978 2345 1064 2378 alias
1089 2356 1092 2371 ⁸

1096 2113 1099 2128 ¹
1124 2105 1271 2138 cendam
1293 2108 1550 2143 crudelitatem.

1226 2163 1348 2210 Neque
1365 2173 1483 2200 tamen
1502 2176 1579 2203 ruet
1599 2176 1712 2203 totum
1734 2184 1882 2216 regnum
1906 2175 2115 2218 pontificum

1122 2222 1202 2249 ante
1224 2217 1457 2251 novissimum
1481 2219 1595 2260 diem,
1624 2222 1683 2254 sed
1708 2235 1788 2266 pars
1811 2224 1927 2269 aliqua
1945 2227 2115 2268 manebit,

1120 2271 1158 2298 ut
1176 2265 1306 2300 Paulus
1331 2268 1466 2313 inquit:
1503 2271 1672 2305 Abolebit
1698 2284 1776 2306 eum
1804 2275 1935 2308 illustri
1954 2277 2112 2312 adventu

1118 2327 1194 2350 suo.
1249 2317 1347 2351 Idem
1373 2321 1545 2362 significat
1563 2321 1795 2368 Apocalypsis
1820 2326 1863 2358 de
1886 2324 2111 2373 Pseudopro-

1118 2364 1222 2410 pheta
1239 2369 1375 2404 abiecto
1394 2371 1432 2404 in
1450 2372 1668 2415 voraginem.

1490 2478 1626 2531 Caput
1656 2479 1735 2520 lx.

1215 2548 1292 2582 Etsi
1326 2550 1463 2593 singula
1495 2551 1616 2595 Capita
1656 2554 1872 2589 uberrimam
1904 2559 2103 2596 doctrinam

1111 2600 1314 2638 continent,
1348 2607 1464 2633 tamen
1490 2599 1556 2634 hoc
1572 2601 1688 2647 Caput
1705 2604 1808 2647 lunge
1830 2611 2007 2646 antecellit
2026 2625 2102 2646 cae-

1112 2650 1206 2684 teris.
1260 2650 1386 2685 Tradit
1409 2652 1504 2685 enim
1528 2652 1664 2688 illustre
1691 2657 1932 2693 testimonium
1949 2663 1992 2695 de
2015 2670 2103 2697 tem-
