2379 2948
703 88 770 126 111.

139 175 269 220 prioris
296 176 408 209 forma
438 175 687 209 substantialis.
741 173 811 208 Sed
834 175 959 208 artifex
983 174 1131 217 figuram

140 227 264 267 efficit,
290 238 379 272 quae
396 233 447 259 est
462 227 528 259 alia
547 233 652 270 atque
674 225 741 258 alia
760 226 912 268 partium
932 225 1060 268 lapidis
1078 226 1132 258 lo-

140 277 249 317 catio,
283 284 322 311 ut
358 277 493 320 galeae,
530 277 669 320 capitis,
703 275 806 315 colli,
843 276 1012 319 pectoris,
1049 276 1131 309 bra-

139 325 323 367 chiorum,
351 328 531 360 dissimilis
548 327 701 370 positus,
727 325 837 368 figura
867 333 917 358 est
944 325 1131 365 Mercurii,

138 376 203 412 hac
220 379 452 412 fabricatione
467 378 580 410 forma
598 376 825 409 accidentalis
845 376 955 420 lapidi
975 378 1131 412 additur.

138 428 235 463 Haec
261 429 408 474 puerilia
440 428 643 460 discrimina
675 427 956 461 substantiarum
980 435 1014 462 et
1039 430 1131 462 acci—

137 480 299 514 dentium
317 480 386 512 sint
405 479 442 510 in
461 485 662 521 conspectu.

239 530 311 564 Nec
330 541 387 562 ero
407 529 579 572 prolixior
595 529 632 561 in
651 526 759 562 huius
777 529 996 563 definitionis
1019 530 1131 575 expli-

137 581 292 619 catione,
321 587 465 624 propter
481 580 670 613 exilitatem
690 577 816 613 harum
836 581 1130 624 disputationum.

138 631 234 665 Illud
259 638 394 664 tantum
421 631 648 671 memineris,
672 638 835 674 oportere
851 630 1022 677 Physicos
1046 630 1131 665 haec

136 682 179 715 de
201 681 344 714 materia
371 693 558 725 quaerere,
592 689 629 715 ut
651 689 850 716 monstrent
878 695 1040 724 causam,
1069 695 1131 717 cur

135 732 307 765 elementa
340 732 433 765 inter
469 743 543 765 sese
576 733 804 766 transmutari
833 734 993 776 possint,
1034 735 1129 779 quod

135 783 243 827 siquis
268 783 544 824 animadvertet,
585 791 618 817 et
645 784 894 826 cogitationem
921 786 963 816 de
983 785 1128 818 materia

133 834 290 877 aliquam
323 834 509 867 instituere
544 834 694 879 poterit,
734 842 768 868 et
801 835 1044 869 definitionem
1072 836 1129 868 in-

135 884 270 928 telligit.

139 89 215 126 297

442 951 540 994 Quid
570 957 626 986 est
656 952 820 987 Forma?

236 1016 298 1051 Est
318 1029 406 1063 quae
426 1019 485 1052 dat
502 1031 574 1052 esse
603 1019 665 1052 rei.
718 1018 814 1052 Haec
839 1027 886 1053 est
917 1020 1073 1063 vulgaris
1097 1027 1127 1054 et

132 1081 204 1102 non
222 1068 436 1102 inconcinna
459 1070 629 1111 definitio,
657 1083 761 1115 quam
786 1070 960 1113 intelliges
980 1071 1129 1111 facilius,

133 1120 160 1153 si
180 1120 291 1164 ipsam
312 1132 429 1153 rerum
449 1121 714 1164 generationem
735 1122 918 1154 intuearis.

233 1169 312 1204 Erit
336 1171 444 1214 igitur
476 1172 585 1215 magis
618 1170 758 1217 physica
785 1173 961 1205 definitio:
999 1171 1126 1204 Forma

133 1228 182 1255 est
202 1221 281 1254 finis
299 1222 555 1264 generationis,
584 1220 650 1256 hoc
669 1229 737 1261 est,
764 1223 837 1267 ipsa
856 1224 918 1263 rei,
947 1230 984 1256 ut
1005 1223 1050 1255 ita
1072 1223 1126 1254 di-

131 1284 226 1311 cam,
263 1272 514 1308 exaedificatio.
574 1272 638 1307 Est
664 1274 775 1314 enim,
810 1281 849 1307 ut
872 1281 1018 1311 vocant,
1056 1280 1126 1305 ter—

129 1323 248 1356 minus
277 1323 534 1364 generationis,
565 1330 604 1355 ut
631 1336 685 1355 res
712 1325 761 1356 sic
783 1325 919 1367 genita,
966 1324 1126 1357 absoluta

129 1381 162 1407 et
177 1373 399 1406 exaedificata
412 1399 420 1413 ,
450 1379 598 1406 vocatur
614 1374 727 1406 forma
739 1401 747 1412 ‚
778 1381 816 1406 ut
834 1376 947 1407 forma
962 1375 1126 1406 substan-

134 1424 230 1458 tialis
258 1423 360 1456 bovis
386 1430 552 1464 vocatur,
581 1436 650 1469 qua
671 1436 725 1457 res
744 1425 803 1457 illa
821 1425 870 1458 sic
888 1425 1002 1457 existit
1020 1425 1125 1468 quid-

129 1476 211 1508 dam
246 1475 384 1514 vivum,
420 1474 626 1508 distinctum
651 1487 669 1508 a
696 1475 841 1508 caeteris
871 1476 1125 1510 animantibus.

129 1525 201 1560 Nec
226 1525 461 1568 imaginemur
477 1526 658 1559 materiam
683 1533 715 1559 et
733 1527 901 1567 sormam,
929 1526 1029 1571 quasi
1054 1528 1125 1559 duo

129 1587 276 1621 corpora
307 1588 398 1616 esse,
432 1577 637 1619 materiam,
672 1584 710 1610 ut
736 1576 926 1619 Roscium,
962 1578 1125 1617 formam,

130 1634 168 1661 ut
187 1633 317 1659 vestem
340 1623 544 1667 histrionis,
573 1629 632 1660 sed
653 1628 756 1661 unica
777 1629 907 1671 integra
927 1628 1122 1661 substantia

129 1679 247 1721 genita
280 1685 314 1711 et
350 1677 450 1722 quasi
484 1678 708 1712 exaedificata
747 1686 815 1720 est,
861 1692 940 1713 cum
968 1679 1048 1712 talis
1074 1686 1125 1712 est

130 1729 298 1762 materiae
314 1728 439 1762 forma,

230 1779 296 1813 His
330 1778 630 1812 declarationibus
661 1790 735 1811 non
767 1779 1010 1813 subtilissimis
1038 1792 1124 1812 con-

128 1830 218 1865 tenti
250 1830 380 1868 simus,
422 1829 504 1874 quia
542 1827 626 1862 haec
663 1830 846 1863 dialectiea
884 1831 994 1874 magis
1031 1838 1125 1872 sunt,

131 1893 236 1927 quam
255 1878 418 1926 physica,
447 1887 480 1913 et
497 1881 558 1925 qui
578 1886 697 1924 postea
723 1881 760 1913 in
787 1878 842 1914 his
869 1881 1123 1925 disputationi-

129 1933 194 1966 bus
213 1932 354 1975 longius
380 1931 671 1975 progredientur,
700 1938 733 1965 et
759 1932 988 1977 aliquomodo
1018 1940 1123 1966 natu-

127 1996 201 2017 ram
219 1982 410 2028 aspicient,
437 1982 579 2027 planius
597 1980 682 2015 haec
699 1982 911 2026 intelligent.

425 2083 520 2126 Quid
547 2088 605 2118 est
631 2083 827 2119 Ρνὶυαίίο.9

231 2151 464 2186 Mediocriter
489 2152 642 2196 intelligi
664 2159 798 2198 potest,
832 2164 896 2186 cur
920 2152 1065 2186 materia
1090 2158 1122 2185 et

129 2205 242 2237 forma
270 2210 440 2237 vocentur
458 2202 660 2248 Principia,
694 2204 778 2249 quia
806 2203 1034 2237 manifestum
1061 2210 1122 2244 est,

130 2256 168 2288 in
185 2254 474 2297 generationibus
501 2262 665 2298 oportere
691 2256 790 2301 quasi
824 2266 946 2288 semen
974 2255 1120 2300 aliquod

130 2317 220 2343 esse,
246 2304 284 2337 in
302 2316 372 2349 quo
392 2305 509 2349 aliqua
526 2306 640 2339 forma
665 2307 836 2350 paulatim
854 2306 1042 2340 adolescat.
1075 2303 1122 2339 Et

129 2358 324 2390 formarum
342 2367 416 2388 non
433 2355 546 2388 solum
564 2357 817 2396 diversitatem,
846 2358 906 2391 sed
924 2357 1027 2390 etiam
1046 2368 1122 2389 cer—

129 2415 203 2441 tum
228 2418 418 2439 numerum
442 2417 514 2438 esse
539 2407 633 2440 oculi
656 2415 841 2444 testantur.
903 2406 983 2441 Alia
1007 2408 1121 2440 forma

131 2464 182 2492 est
205 2454 381 2497 hominis,
416 2456 483 2489 alia
506 2456 625 2500 bovis,
660 2459 728 2492 alia
754 2460 870 2502 pomi,
898 2458 965 2491 alia
992 2458 1121 2492 violae.

130 2507 183 2542 Ac
198 2507 397 2542 certitudo
389 2519 425 2539 ln
444 2513 537 2540 tanta
559 2508 739 2550 varietate,
766 2516 911 2543 manent
929 2509 1023 2542 enim
1042 2521 1119 2553 spe-

131 2560 264 2592 cierum
302 2558 526 2597 discrimina,
560 2559 731 2598 ostendit,
775 2572 848 2594 non
879 2568 1009 2594 temere
1034 2572 1121 2592 con-

130 2610 271 2643 fluxisse
289 2609 491 2650 materiam,
519 2615 557 2641 ut
574 2608 713 2651 fingunt
727 2607 906 2654 Epicurei,
932 2612 993 2644 sed
1013 2611 1143 2644 fuisse

130 2667 284 2694 mentem
307 2657 642 2701 architectatricem,
669 2672 757 2704 quae
781 2662 881 2705 quasi
902 2667 977 2695 arte
1000 2661 1119 2706 aliqua
1139 2674 1145 2703 ι
1167 2661 1333 2696 atrociter
1353 2660 1552 2695 abiiciatur.

821 87 980 123 INITIA
1005 85 1301 123 DOCTRINAE
1329 88 1584 128 PHYSICAE.

2095 94 2174 130 298

1184 172 1315 205 formas
1346 175 1544 218 distribuit,
1576 178 1719 212 intuens
1744 178 1876 219 ideam,
1911 191 1971 213 seu
1998 181 2175 224 exemplar

1184 224 1283 266 prius
1303 225 1504 267 cogitatum.
1556 228 1675 271 Quare
1693 229 1792 263 Plato
1815 230 1897 264 satis
1921 231 2057 264 erudite
2073 231 2175 264 addi-

1184 274 1237 307 dit
1258 274 1444 318 principiis
1462 277 1530 309 ide
1525 290 1589 311 im.

1288 324 1356 358 Sed
1377 327 1471 358 unde
1490 327 1697 363 Aristoteles
1718 332 1952 374 privationem
1980 331 2175 389 exculpsit?

1183 373 1341 418 Prodigii
1361 376 1477 409 simile
1502 379 1642 412 videtur
1666 382 1740 423 prix
1745 383 1898 415 ationem
1923 382 2016 415 inter
2040 383 2175 426 princi-

1181 426 1241 470 pia
1275 438 1482 468 numerare,
1523 441 1611 473 quae
1635 432 1807 464 defectum
1842 433 1953 475 magis
1991 434 2175 476 significat,

1182 488 1288 522 quam
1307 477 1417 510 vim⁰
1396 479 1565 521 gignendi
1583 480 1729 525 aliquid.

1283 526 1361 561 Etsi
1387 538 1502 562 autem
1524 543 1658 564 novum
1683 532 1868 565 inventum
1897 540 1944 566 est
1961 534 2174 574 Aristotelis,

1181 584 1300 611 tamen
1333 591 1406 612 non
1438 580 1615 614 inerudite
1652 583 1841 625 cogitatum
1877 590 1939 618 est.
2017 583 2061 617 Et
2086 585 2172 628 quid

1180 630 1332 663 moverit
1369 629 1615 673 Aristotelem,
1660 641 1777 677 postea
1810 634 1944 674 dicam,
1979 634 2041 666 ubi
2077 636 2172 678 prius

1179 692 1370 722 monuero,
1410 682 1495 726 quid
1518 684 1689 726 significet
1710 685 1940 725 vocabulum,
1976 685 2069 729 quod
2097 686 2174 718 dia-

1180 731 1312 764 lecticis
1330 732 1412 766 satis
1429 740 1552 766 notum
1571 742 1630 769 est,

1281 781 1438 816 Privatio
1478 797 1551 817 non
1579 786 1788 830 simpliciter
1819 786 1991 829 significat
2015 785 2174 828 negatio-

1180 843 1281 872 nem,
1309 835 1367 866 sed
1385 835 1560 868 defectum
1587 837 1739 875 formae,
1765 849 1853 882 quae
1879 838 1998 869 adesse
2026 843 2174 880 poterat,

1184 889 1217 915 et
1241 891 1367 917 natura
1399 887 1587 929 adpetitur.
1656 887 1704 921 [t
1735 888 1889 931 lapidem
1924 900 1997 920 non
2023 887 2173 920 dicimus

1178 945 1320 967 coecum
1342 947 1435 976 esse,
1463 944 1523 970 aut
1541 950 1658 971 carere
1678 939 1776 979 visu,
1802 941 1860 971 sed
1886 938 2029 971 animal.
2082 937 2172 970 Nam

1178 984 1214 1016 in
1233 985 1377 1018 animali
1398 987 1544 1020 existere
1564 989 1659 1022 visus
1679 996 1801 1033 potest,
1827 990 2023 1034 etquidem
2047 995 2172 1021 natura

1178 1035 1344 1069 animalis
1361 1038 1493 1081 adpetit
1512 1039 1639 1072 visum.

1279 1085 1464 1121 Praeterea
1491 1096 1524 1123 et
1542 1090 1738 1123 subiectum
1760 1091 1904 1135 aliquod
1926 1090 2173 1132 complectitur

1178 1136 1348 1179 privatio,
1384 1140 1522 1182 negatio
1547 1153 1620 1173 non
1648 1142 1741 1174 item.
1805 1140 1850 1174 Ut
1872 1153 1951 1174 cum
1985 1141 2064 1174 dico
2092 1153 2171 1172 coe-

1177 1199 1274 1226 cum,
1307 1189 1488 1230 saucium,
1521 1192 1736 1234 complector
1767 1192 1989 1232 subiectum,
2031 1192 2067 1223 in
2100 1203 2171 1235 quo

1176 1244 1227 1270 est
1245 1239 1419 1279 desectus,
1447 1252 1507 1273 scu
1535 1242 1701 1275 laceratio
1728 1254 1766 1275 ac
1791 1243 1982 1276 disiunctio
2005 1242 2170 1286 partium.

1175 1287 1244 1320 Sed
1272 1300 1351 1322 cum
1382 1290 1476 1323 dico:
1518 1290 1742 1335 Bucephalus
1773 1291 1863 1325 nihil
1898 1300 1966 1334 est,
2010 1292 2170 1336 negativa

1175 1338 1288 1370 oratio
1314 1346 1384 1380 est,
1419 1342 1558 1374 nullum
1585 1343 1780 1376 subiectum
1808 1351 2020 1376 monstrans.
2075 1342 2171 1375 llaec

1175 1400 1214 1420 ex
1230 1388 1410 1423 dialectica
1427 1399 1509 1425 nota
1526 1400 1626 1430 sunt,
1656 1405 1718 1425 nec
1744 1400 1826 1426 sunt
1851 1394 1970 1426 inania
1995 1394 2171 1437 figmenta,

1173 1439 1233 1471 sed
1258 1439 1295 1471 in
1320 1441 1440 1474 multis
1471 1444 1626 1485 negociis
1648 1441 1712 1476 hac
1736 1444 1965 1477 distinctione
1994 1455 2082 1487 opus
2110 1451 2171 1484 est,

1174 1496 1211 1522 ut
1227 1491 1452 1524 manifestum
1480 1501 1530 1527 est
1551 1495 1686 1539 aliquid
1714 1495 1881 1528 interesse
1907 1495 1999 1528 inter
2017 1493 2078 1527 bas
2097 1495 2170 1527 for-

1175 1552 1249 1572 mas
1273 1540 1460 1586 loquendi:
1500 1545 1611 1589 Lapis
1638 1553 1689 1579 est
1712 1553 1838 1580 natura
1864 1559 1937 1579 non
1963 1546 2108 1587 videns,
2136 1551 2169 1578 et

1178 1590 1355 1625 Homerus
1374 1602 1422 1628 est
1440 1607 1574 1631 coecus.

1275 1641 1356 1676 Duo
1393 1645 1500 1687 igitur
1532 1647 1690 1681 continet
1714 1648 1841 1692 ‘ulpell
1845 1647 1905 1680 itio
1940 1647 2168 1691 privationis:

1173 1691 1358 1727 Desertum
1395 1703 1427 1729 et
1468 1698 1740 1742 adpetitionem,
1787 1711 1846 1731 seu
1885 1699 2169 1737 inclinationem,

1173 1755 1233 1777 seu
1259 1747 1454 1788 potentiam
1478 1756 1639 1782 ruentem
1666 1750 1708 1781 ad
1742 1750 1912 1789 formam,
1947 1762 2036 1794 quae
2071 1760 2168 1781 nunc

1172 1795 1315 1840 quidem
1334 1798 1449 1838 abest,
1473 1801 1531 1832 sed
1557 1806 1675 1832 tamen
1702 1801 1822 1832 adesse
1840 1806 1962 1842 potest.
2023 1798 2070 1833 At
2089 1805 2168 1832 uta-

1173 1858 1253 1878 mur
1283 1859 1348 1880 nos
1372 1849 1517 1882 nomine
1536 1849 1796 1893 Adpetitionis,
1836 1857 1876 1883 ut
1908 1851 1969 1883 alii
1993 1851 2047 1884 usi
2073 1857 2168 1890 sunt,

1173 1897 1282 1939 magis
1299 1911 1404 1942 quam
1425 1900 1534 1933 inclin
1540 1902 1680 1942 ationis,
1710 1908 1768 1934 aut
1787 1901 1962 1945 potentiae
1982 1901 2166 1936 xocabulo.

1172 1945 1261 1979 Nam
1288 1956 1319 1981 et
1342 1948 1551 1984 Aristoteles
1576 1964 1660 1984 usus
1687 1960 1737 1985 est
1760 1952 1877 1984 verbis
1901 1949 2077 1998 ἐφιεσθαι
2102 1949 2165 1986 καὶ

1172 1995 1246 2045 ὀυέ;
1250 1998 1386 2040 εσθαι,
1406 2013 1495 2058 quae
1513 2002 1659 2047 propius
1676 2003 1874 2046 significant
1893 2005 2068 2047 adpetere,
2085 2015 2165 2037 cum

1173 2049 1239 2082 ait:
1272 2049 1422 2084 Mai-teria
1440 2052 1489 2085 sic
1508 2054 1640 2096 adpetit
1663 2054 1832 2095 sormam,
1854 2061 1892 2088 ut
1916 2054 2071 2088 foemina
2090 2065 2165 2086 ma·

1173 2112 1267 2142 rem,
1292 2108 1326 2135 et
1342 2108 1443 2146 turpe
1469 2102 1668 2148 pulchrum.

1274 2149 1461 2197 Explicato
1517 2156 1691 2190 vocabulo
1739 2155 1927 2189 consilium
1961 2153 2164 2189 Aristotelis

1174 2202 1448 2238 consideremus.

1275 2252 1376 2288 Vidit
1396 2254 1623 2298 Aristoteles,
1649 2257 1857 2301 praesertim
1877 2256 2033 2299 cogitans
2049 2263 2163 2290 aeter-

1172 2304 1336 2346 nitatem,
1367 2306 1566 2340 mirabilem
1586 2319 1659 2340 esse
1673 2308 1744 2340 vim
1772 2314 1918 2340 naturae
1948 2319 1987 2340 ex
2013 2319 2085 2340 una
2104 2319 2163 2340 ea-

1171 2357 1322 2401 demque
1339 2358 1483 2391 materia
1501 2359 1658 2391 adsiduis
1682 2357 1991 2401 corruptionibus,
2019 2358 2087 2390 alia
2107 2365 2161 2392 at-

1171 2419 1240 2451 que
1262 2407 1331 2440 alia
1358 2420 1505 2453 corpora
1530 2415 1774 2452 generantem,
1805 2420 1891 2452 quas
1916 2408 2162 2453 corruptiones

1169 2458 1207 2490 in
1231 2459 1377 2492 caeteris
1397 2460 1502 2492 rebus
1526 2460 1644 2491 minus
1674 2459 1864 2499 miramur,
1899 2471 2004 2505 quam
2032 2459 2070 2492 in
2094 2457 2160 2492 ho-

1170 2509 1276 2544 mine
1332 2508 1477 2542 intuens
1495 2510 1602 2552 igitur
1623 2516 1773 2542 mortem
1792 2507 1968 2551 hominis,
1993 2511 2161 2553 cogitavit

1168 2560 1294 2593 miram
1329 2561 1505 2604 quandam
1533 2560 1603 2592 vim
1638 2571 1710 2593 esse
1734 2560 1966 2595 incitatricem
1992 2562 2160 2595 materiae

1168 2612 1212 2644 ad
1245 2611 1333 2644 alias
1360 2611 1513 2650 formas,
1554 2617 1593 2644 ut
1616 2612 1917 2654 praestantissima
1943 2612 2057 2646 forma
2087 2620 2159 2647 tam

1609 2660 1702 2697 Cum
1728 2663 1822 2696 enim
1846 2663 1994 2698 materia
2019 2669 2160 2709 appetat
