2379 2948
147 79 245 119 1185

140 166 333 201 Dominus
364 166 404 200 in
437 164 648 201 latitudine.
693 166 735 200 In
767 168 976 206 latitudine,
1010 168 1045 201 id
1077 174 1137 207 est,

140 219 312 263 patefacto
334 219 440 252 exitu.
494 216 688 265 Impulsus
710 230 791 252 sum
810 222 847 252 ut
864 215 1045 257 caderem,
1073 215 1141 251 sed

139 267 332 303 Dominus
358 266 504 303 adiuvit
528 280 594 305 me.
649 268 746 303 Haec
770 270 862 303 dicta
885 270 1080 304 recitantur
1097 277 1137 304 ut

139 321 211 354 sint
240 321 444 355 testimonia
477 322 520 355 de
550 320 712 365 passione
738 328 772 355 et
795 320 1018 356 liberatione.
1078 319 1136 354 Fit

140 373 245 407 etiam
269 373 402 407 mentio
430 371 668 406 invocationis
696 370 781 412 Dei,
817 378 856 405 ut
886 371 1037 405 sciamus
1069 383 1135 405 nos

139 435 282 469 quoque
308 423 454 457 liberari
481 429 690 468 quaerentes
712 422 884 455 auxilium
909 423 1135 456 invocatione

139 472 226 516 Dei,
253 481 287 508 et
311 474 454 519 quidem
479 473 638 506 exaudiri
659 484 723 505 nos
742 479 886 517 propter
903 470 998 506 hunc
1018 474 1132 518 ipsum

139 524 328 567 Messiam,
357 525 419 570 qui
434 522 498 557 hic
523 524 708 568 profitetur
732 535 768 557 se
793 524 1024 558 constitutum
1049 537 1133 566 esse,

138 583 178 610 ut
202 576 247 610 sit
271 582 374 620 caput
396 575 539 619 anguli,
563 575 601 608 id
625 581 695 616 est,
721 581 759 609 ut
781 572 908 610 habeat
926 573 1134 618 Ecclesiam,

139 639 246 673 quam
264 639 338 660 non
356 626 448 660 sinat
466 626 624 659 interire.

242 693 418 738 Sequatur
449 700 563 726 autem
593 693 842 727 liberationem
872 693 1044 726 confessio
1069 694 1132 727 do-

139 745 272 778 ctrinae
288 751 321 778 et
340 744 531 787 gratiarum
550 744 653 785 actio,
681 745 769 778 sicut
785 742 843 777 hic
859 744 922 778 ait:
951 741 1040 778 Non
1056 756 1132 777 mo-

140 794 221 828 riar
244 792 310 828 sed
332 793 469 833 vivam,
506 798 536 827 ei
560 794 725 828 narrabo
756 806 863 841 opera
888 793 1066 836 Domini,
1095 797 1130 829 id

139 853 206 887 est,
233 845 413 880 reviviscit
430 845 596 885 Messias,
624 853 663 880 ut
680 847 724 880 sit
741 846 838 880 testis
855 847 897 879 de
913 845 1008 887 Deo,
1036 848 1129 891 quod

138 895 206 931 hoc
229 897 336 930 modo
362 904 394 930 et
419 897 535 940 ipsum
556 898 766 937 servaverit,
795 904 828 930 et
853 899 947 942 quod
973 910 1033 941 per
1050 910 1129 931 eum

135 948 381 982 resuscitatum
399 948 484 981 velit
504 955 681 982 aeternam
695 947 889 981 Ecclesiam
905 949 1082 991 colligere,
1099 957 1131 982 et

136 1000 285 1033 reddere
309 999 341 1032 ei
365 999 539 1033 iusticiam
566 1006 599 1032 et
621 1000 741 1033 vitam.
796 999 854 1033 Sic
874 1000 1073 1033 liberantur
1092 1013 1130 1033 ex

136 1050 253 1084 media
274 1057 386 1085 morte
406 1049 590 1091 Ieremias,
616 1049 763 1091 Daniel,
793 1049 974 1094 Apostoli,
1002 1058 1040 1084 ut
1060 1051 1129 1084 sint

136 1108 240 1136 testes
257 1102 300 1135 de
316 1101 512 1145 praesentia
528 1100 593 1136 Dei
613 1108 645 1135 et
663 1107 735 1135 tota
757 1102 930 1136 doctriua.

239 1166 385 1216 Aperite
406 1169 499 1203 milii
515 1173 644 1216 portas
662 1168 828 1203 iusticiae
844 1176 908 1204 etc.
963 1168 1129 1212 Compel-

137 1221 223 1255 latio
247 1228 297 1254 est
320 1222 364 1254 ad
384 1220 598 1262 Ecclesiam,
627 1221 726 1265 quasi
750 1222 858 1254 dicat:
885 1218 960 1263 Ego
980 1220 1130 1253 resusci-

135 1278 229 1305 tatus
252 1272 412 1305 accedam
436 1273 478 1305 ad
504 1283 584 1309 vos,
612 1272 647 1304 id
673 1279 739 1312 est,
769 1272 805 1304 in
829 1283 943 1304 arcem
962 1271 1130 1311 iusticiae,

136 1323 175 1355 in
198 1335 264 1368 qua
292 1330 342 1357 est
366 1323 522 1363 iusticia,
557 1323 593 1354 id
618 1329 686 1362 est,
724 1335 802 1355 vera
829 1322 894 1355 Dei
917 1322 1068 1364 agnitio,
1098 1329 1129 1355 et

136 1373 335 1413 invocatio,
371 1380 404 1406 et
434 1373 663 1406 sanctificatio
697 1385 759 1417 per
789 1385 909 1405 vocem
943 1371 1128 1416 Evangelii

135 1431 170 1458 et
187 1436 249 1469 per
264 1423 437 1468 Spiritum
457 1430 630 1458 sanctum.
665 1421 715 1456 In
734 1420 833 1456 hanc
851 1435 986 1463 arcem,
1015 1424 1049 1456 id
1069 1431 1129 1464 est,

139 1474 178 1508 in
201 1471 299 1508 hunc
323 1479 458 1508 coetum
484 1472 696 1520 ingrediar,
725 1476 760 1507 id
784 1482 851 1516 est,
886 1475 938 1508 ibi
962 1476 1129 1518 regnabo,

137 1526 188 1560 ibi
206 1526 340 1560 sonabo
360 1538 479 1558 vocem
498 1524 695 1569 Evangelii.
749 1524 851 1567 Ilaec
871 1530 920 1558 est
935 1530 1064 1573 porta,
1092 1527 1127 1559 id

137 1584 208 1616 est,
234 1588 309 1610 arx
326 1575 504 1615 Domini,
534 1575 727 1610 intrabunt
752 1576 790 1609 in
816 1589 894 1610 eam
918 1576 1017 1612 iusti,
1055 1576 1128 1610 To-

136 1636 193 1662 tus
218 1625 275 1661 hic
300 1639 421 1663 versus
444 1627 633 1671 descriptio
653 1630 705 1661 est'
720 1640 821 1661 verae
837 1627 1033 1666 Ecclesiae,
1060 1627 1128 1660 Ec-

136 1679 239 1712 clesia
260 1685 309 1712 est
328 1685 427 1723 porta
445 1676 612 1719 Domini,
639 1679 674 1711 id
693 1685 762 1716 est,
791 1678 963 1722 templum
988 1679 1043 1711 vel
1068 1690 1129 1712 arx

137 1729 225 1773 Dei,
263 1730 298 1763 id
333 1737 402 1770 est,
439 1736 558 1763 coetus
583 1728 657 1762 Deo
684 1730 825 1774 placens
851 1729 889 1761 in
912 1741 981 1774 quo
1006 1737 1129 1773 regnat

136 1781 250 1814 Filius
267 1781 335 1814 Dei
361 1781 550 1814 ostendens
575 1787 728 1824 patrem,
756 1788 789 1814 et
811 1787 893 1813 sunt
915 1781 966 1814 ibi
983 1782 1128 1814 creden-

136 1839 188 1866 tes
213 1830 408 1875 Evangelio
434 1832 495 1876 qui
521 1838 603 1864 sunt
625 1832 727 1872 iusti,
754 1833 790 1864 id
817 1838 885 1872 est,
913 1844 974 1875 per
996 1831 1127 1865 Filium

137 1890 170 1917 et
196 1890 339 1926 propter
353 1882 486 1915 Filium
504 1883 572 1915 fide
588 1883 735 1927 recepti,
764 1889 798 1916 et
816 1894 877 1927 per
894 1894 973 1916 eum
992 1882 1128 1927 Spiritu

137 1940 258 1968 sancto
277 1934 481 1967 sanctificati
500 1934 542 1966 ad
563 1933 670 1967 vitam
688 1940 880 1967 aeternam.
934 1932 1030 1967 Haec
1046 1946 1129 1978 por-

138 1993 190 2026 ta,
217 1982 302 2018 haec
318 1997 378 2018 arx
395 1991 445 2018 est
463 1990 580 2017 coetus
597 1984 633 2016 in
653 1997 722 2029 quo
737 1983 832 2018 Deus
851 1984 888 2017 in
905 1985 1002 2017 omni
1018 1991 1129 2018 aeter-

138 2036 248 2069 nitate
270 2047 304 2069 se
328 2037 506 2076 ostendet,
534 2042 567 2069 et
591 2036 868 2069 communicabit
893 2036 942 2068 eis
959 2047 1056 2069 suam
1075 2048 1129 2069 sa-

139 2087 310 2131 pientiam
334 2094 367 2120 et
385 2087 578 2120 bonitatem
591 2114 598 2127 ,
628 2087 742 2121 eterit
759 2087 879 2120 omnia
898 2087 935 2119 in
952 2087 1129 2122 omnibus.

140 2137 216 2171 Alii
246 2149 368 2170 omnes
398 2144 491 2179 extra
520 2135 611 2171 hanc
640 2146 776 2182 portam
810 2149 872 2171 seu
904 2150 1019 2171 arcem
1048 2145 1130 2171 sunt

140 2188 318 2226 damnati,
360 2194 393 2222 et
424 2186 541 2222 hostes
571 2188 656 2228 Dei,
690 2190 779 2223 sicut
810 2188 961 2222 loannes
995 2189 1130 2233 inquit:

141 2239 215 2283 Qui
234 2251 307 2272 non
331 2240 439 2272 credit
457 2240 572 2281 Filio,
599 2253 672 2274 non
691 2240 825 2274 videbit
846 2240 952 2274 vitam
965 2267 973 2282 ,
1001 2241 1060 2274 sed
1076 2241 1130 2285 ira

140 2290 211 2324 Dei
229 2297 347 2324 manet
365 2302 469 2335 super
485 2303 576 2327 eum.

243 2358 387 2393 Dictum
412 2365 461 2392 est
483 2365 583 2391 antea
608 2360 650 2392 de
678 2372 798 2393 versu:
826 2356 1012 2406 Lapidem
1029 2371 1131 2407 quem

145 2411 441 2456 reprobaverunt,
479 2407 538 2442 hic
561 2409 693 2456 factus
720 2414 769 2443 est
794 2410 832 2444 in
858 2416 964 2457 caput
989 2409 1133 2456 anguli.

140 2461 355 2497 'Recitantur
376 2468 408 2496 et
427 2461 462 2493 in
479 2458 545 2493 hoc
564 2473 664 2493 versu
681 2463 794 2504 passio
812 2470 845 2496 et
862 2463 1046 2503 liberatio,
1074 2463 1133 2496 sed

143 2513 288 2546 additur
311 2524 412 2545 causa
440 2512 572 2551 finalis,
600 2518 640 2545 ut
655 2509 713 2545 hic
731 2512 845 2547 Filius
861 2513 927 2547 Dei
945 2515 989 2548 sit
1005 2514 1134 2547 funda-

144 2571 303 2598 mentum
330 2576 370 2596 ex
393 2576 462 2608 quo
482 2569 662 2596 extruatur
677 2561 845 2599 Ecclesia.
899 2564 1136 2605 Considerent

143 2622 259 2649 autem
285 2615 441 2648 iuniores
463 2614 626 2657 figuram:
655 2609 777 2660 Caput
801 2614 937 2660 anguli
957 2628 1018 2649 seu
1037 2614 1136 2662 lapi-

149 2662 227 2699 dem
245 2663 466 2710 angularem
497 2665 658 2698 nominat
688 2665 971 2709 fundamentum,
993 2667 1050 2701 cui
1068 2668 1135 2700 im-

202 2719 379 2750 Mummi.
411 2720 513 2751 Oriza.
543 2718 625 2749 Vor
647 2717 742 2750 XIII.

745 80 808 117 IX.
861 79 1228 117 COMMENTARII
1258 81 1307 116 IN
1332 80 1574 118 PSALMOS.

2090 86 2187 120 1186

1192 175 1376 211 ponuntur
1407 168 1546 211 anguli,
1581 169 1616 202 id
1648 175 1697 202 est
1730 169 1859 203 diversi
1890 169 2056 214 parietes,
2092 172 2182 205 sicut

1190 216 1332 253 Christo
1357 218 1554 262 imponitur
1569 218 1724 254 Ecclesia
1746 221 1888 254 collecta
1907 232 1946 253 ex
1963 219 2069 255 Israel
2090 230 2121 255 et
2141 235 2180 255 ex

1189 270 1364 313 gentibus
1419 269 1642 314 Intelligatur
1669 278 1785 305 autem
1810 272 2080 305 fundamentum
2107 286 2180 306 non

1189 321 1303 354 solum
1322 322 1365 353 de
1384 321 1563 362 doctrina,
1591 323 1649 355 sed
1668 323 1772 356 etiam
1790 323 1833 355 de
1849 323 2069 356 redemtione
2088 331 2122 357 et
2140 325 2180 357 de

1189 372 1352 405 efficacia.
1406 370 1565 404 Primum
1591 370 1657 405 hoc
1683 374 1788 405 modo
1814 374 2087 407 fundamentum
2118 382 2181 415 est,

1188 423 1270 468 quia
1301 434 1409 457 unam
1442 421 1626 465 Evangelii
1659 436 1778 456 vocem
1811 424 1973 464 tradidit,
2006 437 2073 470 qua
2099 426 2181 458 uui-

1188 485 1286 506 versa
1306 472 1463 506 Ecclesia
1488 473 1571 506 inde
1594 485 1706 519 usque
1728 475 1770 507 ab
1787 475 1890 507 initio
1907 476 1950 508 ad
1970 474 2075 508 finem
2094 489 2179 510 con-

1188 524 1358 565 sociatur,
1387 524 1481 558 iuxta
1499 524 1651 558 dictum:
1680 524 1967 558 Fundamentum
1980 527 2077 560 aliud
2095 528 2178 570 poni

1188 587 1261 608 non
1286 582 1402 618 potest
1426 581 1564 618 praeter
1591 576 1648 617 id,
1686 577 1781 619 quod
1808 577 1960 618 positum
1986 584 2053 617 est,
2082 580 2178 622 quod

1187 634 1237 660 est
1261 624 1423 660 Christus
1448 624 1555 659 lesus.
1617 626 1781 659 Secundo
1806 625 1953 659 Messias
1978 635 2027 661 est
2051 629 2178 662 sunda-

1187 684 1345 710 mentum
1371 689 1443 710 non
1466 677 1573 709 modo
1593 684 1737 721 propter
1754 678 1971 715 doctrinam,
1997 680 2054 711 sed
2075 680 2177 712 etiam

1188 735 1330 773 propter
1346 727 1601 761 redemtionem
1621 735 1652 760 et
1668 727 1869 763 efficaciam.
1925 727 2016 769 Quia
2036 737 2179 773 propter

1188 791 1267 812 eum
1300 785 1433 813 caetera
1465 779 1539 812 eius
1573 779 1731 812 membra
1767 779 1873 812 electa
1900 785 1999 817 sunt,
2034 788 2179 824 propter

1187 830 1297 874 ipsius
1330 830 1612 874 deprecationem
1647 836 1679 863 et
1711 830 1931 873 passionem,
1966 837 1998 863 et
2030 830 2103 874 ipse
2129 838 2178 864 est

1187 881 1307 914 efficax
1329 881 1366 913 in
1392 881 1460 921 eis,
1487 881 1634 914 remittit
1651 887 1791 924 peccata
1808 880 2033 914 credentibus
2049 882 2178 916 sancti-

1185 933 1263 965 ficat
1286 944 1343 965 eos
1361 931 1497 976 Spiritu
1520 944 1583 965 suo
1607 939 1743 970 sancto,
1773 932 1913 964 exaudit
1935 943 2010 970 eos,
2040 933 2125 975 regit
2146 940 2178 966 et

1187 983 1336 1027 protegit
1353 994 1411 1016 eos
1429 983 1464 1015 in
1481 983 1587 1015 variis
1604 983 1783 1026 periculis,
1812 982 1957 1025 depellit
1974 983 2017 1014 ab
2035 984 2083 1016 eis
2099 985 2177 1016 dia-

1185 1035 1304 1074 bolos,
1332 1035 1391 1067 dat
1408 1034 1457 1066 eis
1475 1034 1581 1067 vitam
1601 1040 1790 1069 aeternam.
1844 1032 1940 1066 Haec
1959 1034 2096 1067 assidua
2116 1035 2176 1067 be-

1185 1085 1307 1118 neficia
1338 1085 1495 1128 impertit
1529 1097 1630 1117 verae
1654 1083 1841 1119 Ecclesiae.
1881 1083 1952 1116 Nec
1985 1085 2177 1127 cogitemus

1184 1137 1340 1170 ociosum
1361 1134 1574 1176 Dominum,
1601 1142 1660 1169 aut
1678 1135 1830 1168 ociosam
1850 1135 1978 1167 molem
1998 1147 2088 1176 esse,
2116 1138 2175 1169 sed

1184 1200 1264 1220 vere
1285 1198 1346 1220 sua
1371 1187 1527 1230 potentia
1555 1198 1620 1219 nos
1644 1193 1773 1229 gestat,
1803 1193 1835 1219 et
1859 1186 1935 1219 vult
1959 1184 2042 1219 haec
2068 1188 2176 1219 bene-

1183 1239 1259 1271 ficia
1291 1238 1452 1280 agnosci,
1488 1245 1520 1271 et
1550 1238 1617 1270 fide
1644 1237 1732 1280 peti,
1768 1238 1843 1270 vult
1870 1237 1974 1269 etiam
2002 1237 2082 1270 sciri
2110 1236 2175 1271 hos

1184 1301 1256 1322 esse
1290 1300 1446 1322 summos
1476 1289 1590 1322 cultus
1617 1288 1682 1322 Dei
1713 1288 1749 1320 in
1775 1286 1953 1328 Ecclesia,
1988 1299 2175 1331 agnoscere

1184 1338 1268 1373 haec
1293 1340 1478 1379 beneficia,
1506 1340 1573 1372 fide
1598 1352 1634 1372 ea
1663 1345 1795 1382 petere,
1824 1340 2018 1379 celebrare,
2042 1347 2075 1372 et
2096 1351 2174 1382 gra-

1184 1391 1249 1424 tias
1272 1402 1390 1433 agere,
1417 1391 1506 1424 sicut
1530 1391 1566 1423 in
1593 1388 1658 1422 hoc
1677 1390 1752 1433 ipso
1769 1389 1908 1422 Psalmo
1927 1387 2102 1423 Dominus
2120 1391 2175 1422 in

1184 1442 1275 1486 quit:
1316 1439 1378 1473 De
1407 1439 1647 1474 tribulatione
1682 1439 1849 1473 invocavi
1879 1438 2106 1479 Dominum,
2143 1449 2175 1475 et

1183 1500 1265 1526 sunt
1284 1492 1434 1526 insertae
1453 1492 1718 1530 invocationes,
1744 1489 1778 1524 O
1797 1491 1948 1525 Domine
1965 1491 2058 1524 salva
2079 1498 2140 1526 etc.

1286 1543 1408 1577 Sciant
1431 1544 1588 1576 iuniores
1614 1540 1697 1575 hinc
1716 1549 1869 1575 sumtum
1887 1553 1958 1575 esse
1975 1543 2174 1576 membrum

1184 1594 1351 1643 flgxg'ffltijfl
1374 1594 1468 1628 salva
1494 1606 1641 1639 quaeso,
1670 1605 1750 1626 nam
1775 1600 1807 1626 et
1832 1593 1905 1636 ipse
1922 1593 2069 1626 Messias
2089 1595 2176 1636 petit

1184 1658 1247 1689 pro
1273 1656 1308 1677 se
1332 1652 1365 1679 et
1389 1657 1452 1689 pro
1476 1652 1547 1678 tota
1563 1643 1721 1678 Ecclesia
1744 1644 1995 1677 liberationem
2014 1651 2044 1676 et
2061 1645 2174 1677 salva-

1184 1696 1335 1734 tionem,
1363 1696 1451 1728 sicut
1475 1697 1518 1729 de
1536 1707 1570 1729 se
1587 1695 1720 1739 inquit:
1760 1693 1865 1727 Pater
1880 1694 2034 1737 glorifica
2062 1695 2173 1728 filium

1184 1759 1222 1780 ea
1245 1746 1375 1790 gloria,
1402 1758 1507 1791 quam
1531 1744 1656 1780 habuit
1681 1746 1773 1789 apud
1798 1751 1830 1778 te
1854 1752 1935 1779 ante
1952 1746 2173 1779 constitutio

1184 1810 1264 1831 nem
1290 1798 1426 1831 mundi.
1483 1797 1528 1830 Et
1552 1803 1687 1841 postea:
1716 1796 1819 1830 Pater
1836 1808 1933 1829 serva
1952 1808 2009 1829 eos
2028 1797 2063 1829 in
2083 1798 2174 1829 veri-

1184 1856 1251 1883 tate
1271 1856 1340 1883 tua.

1286 1896 1506 1932 Benedictus
1537 1898 1604 1946 qui
1635 1898 1728 1932 venit
1760 1898 1798 1932 in
1831 1897 1976 1931 nomine
2004 1896 2175 1940 Domini,

1184 1952 1356 1985 referatur
1380 1952 1421 1984 ad
1440 1951 1730 1995 promissionem:
1768 1949 1809 1982 In
1828 1950 1961 1984 semine
1988 1957 2049 1983 tuo
2068 1951 2173 1983 bene-

1185 2003 1347 2036 dicentur
1370 2013 1492 2035 omnes
1509 2008 1638 2045 gentes,
1693 2000 1782 2034 Nam
1801 1998 1858 2034 hic
1877 2001 2082 2034 benedictus
2101 2014 2173 2034 non

1185 2061 1320 2087 tantum
1347 2053 1557 2096 generaliter
1582 2053 1800 2095 intelligatur
1825 2052 1868 2085 de
1886 2064 1925 2084 eo
1944 2052 2003 2096 qui
2023 2052 2065 2085 sit
2082 2053 2175 2093 felix,

1185 2105 1246 2150 qui
1269 2104 1456 2137 adiuvetur
1479 2116 1497 2136 a
1523 2103 1619 2144 Deo,
1647 2104 1734 2136 sicut
1761 2102 1922 2148 Moyses,
1952 2102 2074 2142 Iosue,
2102 2101 2176 2136 Ge-

1185 2157 1296 2194 deon,
1324 2156 1468 2188 fuerunt
1490 2155 1625 2196 felices,
1655 2155 1714 2187 sed
1732 2153 1944 2192 nominatim
1962 2154 2004 2185 de
2021 2153 2083 2185 illo
2102 2153 2175 2187 Do-

1186 2207 1283 2240 mino
1302 2213 1445 2251 propter
1460 2218 1563 2251 quem
1583 2205 1753 2250 promissa
1772 2211 1821 2238 est
1838 2204 2038 2239 benedictio
2055 2206 2175 2247 generi

1186 2256 1362 2297 humano,
1391 2257 1553 2290 videlicet
1577 2256 1752 2289 restitutio
1776 2255 1934 2288 iusticiae
1959 2261 1991 2287 et
2008 2255 2101 2288 vitae
2119 2268 2176 2289 ae-

1186 2317 1324 2350 ternae,
1359 2309 1493 2342 sublata
1520 2307 1785 2344 maledictione,
1822 2306 1856 2338 id
1883 2312 1950 2345 est,
1976 2313 2117 2349 peccato
2144 2314 2177 2340 et

1188 2368 1300 2393 morte
1326 2368 1357 2393 et
1383 2360 1433 2392 ira
1452 2358 1535 2399 Dei,
1562 2365 1594 2392 et
1616 2359 1651 2390 in
1672 2357 1819 2400 singulis
1837 2357 2019 2400 particulis
2036 2364 2086 2389 est
2104 2369 2177 2389 em-

1187 2410 1304 2456 phasis
1331 2408 1570 2447 Benedictus,
1599 2410 1632 2441 id
1659 2415 1725 2449 est,
1752 2408 1888 2452 primus
1916 2413 1949 2439 et
1973 2408 2177 2442 immediate

1187 2463 1394 2496 benedictus
1417 2462 1461 2494 ab
1484 2468 1624 2494 aeterno
1641 2466 1757 2504 patre,
1786 2465 1819 2492 et
1839 2458 2049 2491 benedicens
2065 2466 2177 2493 caete-

1188 2514 1254 2554 ris,
1282 2510 1359 2559 Qui
1384 2511 1477 2545 venit
1500 2511 1538 2544 in
1559 2510 1704 2544 nomine
1721 2508 1898 2547 Domini,
1926 2510 1960 2542 id
1979 2517 2047 2550 est,
2074 2522 2178 2554 pecu-

1189 2565 1325 2598 liariter
1342 2564 1469 2596 missus
1486 2564 1529 2595 ad
1550 2561 1639 2596 hanc
1659 2563 1771 2605 ipsam
1788 2561 2043 2593 redemtionem
2063 2568 2094 2594 et
2112 2562 2180 2594 sal-

1189 2616 1367 2648 vatione-m
1398 2614 1533 2656 generis
1566 2612 1726 2647 humani.
1779 2609 2046 2645 Remedia-imus
2080 2611 2180 2645 cobis

1191 2664 1232 2700 de
1265 2663 1371 2699 domo
1395 2663 1574 2704 Domini,
1609 2665 1677 2699 iam
1704 2662 1868 2699 Christus
1893 2671 1923 2697 et
1948 2674 2069 2697 omnes
2094 2661 2182 2696 Pro-

1660 2714 1708 2750 75
