2379 2948
114 77 210 115 1229

735 75 798 110 IX.
850 72 1215 110 COMMENTARII
1245 75 1294 109 IN
1317 75 1558 114 PSALMOS.

2054 78 2150 114 1230

112 163 284 206 scriptura
313 163 356 195 (le
383 161 453 200 ira,
481 168 516 196 et
536 161 578 194 de
604 161 736 194 iudicio
752 188 760 201 ‚
796 168 835 195 ut
858 160 999 195 Psalmo
1023 160 1101 195 49.;
1125 163 1128 207 ξ
1155 161 1394 197 Levitici20.2
1423 163 1542 198 Sancti
1562 170 1687 205 estote,
1717 163 1798 209 quia
1816 175 1877 207 ego
1898 175 1974 197 sum
1992 172 2144 205 sanctus,

113 213 208 257 Ignis
235 214 271 246 in
295 220 484 258 conspectu
508 213 581 246 eius
599 214 809 246 exardescet.

864 211 1026 256 Repetita
1052 220 1101 246 est
1126 226 1128 257 y
1156 213 1189 244 id
1220 219 1286 252 est,
1315 215 1394 247 talis
1427 216 1566 259 qualem
1598 228 1654 248 me
1684 216 1844 249 describo
1881 215 1918 248 in
1949 216 2022 258 lege
2054 229 2142 250 mea.

110 271 225 300 autem
250 266 372 298 eadem
406 264 560 309 precatio
594 264 669 296 sine
697 264 825 307 figura:
863 259 1001 297 Omnes
1027 262 1100 296 ini-
1125 277 1126 300 t
1154 264 1289 297 Notum
1316 272 1364 298 est
1383 272 1500 298 antem
1521 266 1693 310 Spiritum
1716 274 1874 300 sanctum
1899 278 1970 299 esse
1996 267 2144 309 agitato-

110 314 270 363 quilales
286 328 385 349 meas
403 313 491 350 dele.

213 367 392 402 Hactenus
408 363 586 410 Propheta
607 365 808 409 descripsit,
837 365 921 411 quid
944 366 1099 410 primum
1124 397 1126 401 ,

109 418 169 453 fiat
186 419 223 451 in
243 418 472 452 conversione
489 415 661 457 hominis,
690 423 724 450 et
741 418 921 462 quomodo
948 428 1098 461 persona

109 470 258 514 accipiat
274 469 517 503 remissionem
541 473 783 511 peccatorum,
811 475 843 502 et
860 468 920 502 fiat
938 468 1099 501 reconci—
1124 482 1125 485 ¹

110 521 193 554 liata
217 520 291 554 Deo
317 521 354 553 in
381 520 442 552 illo
468 531 594 552 arcano
618 518 771 560 iudicio,
799 526 831 553 et
855 520 1015 553 recitavit
1034 520 1098 551 do-

110 572 261 605 ctrinam
287 574 330 605 de
355 570 622 610 iustificatione,
651 571 695 602 de
723 582 791 615 qua
819 570 950 604 Paulus
976 570 1097 615 loqui·
1124 605 1125 616 ἵ

110 629 185 663 tur,
222 623 403 668 inquiens:
447 620 630 655 Iustificati
668 622 735 654 fide
778 634 896 666 pacem
928 620 1126 655 habemus*

108 676 203 718 apud
228 673 342 707 Deum
365 680 396 706 et
419 684 606 707 accessum.
668 672 816 717 Semper
844 680 961 707 autem
992 672 1098 706 simul

109 737 188 758 cum
207 725 413 758 remissione
430 731 654 768 peccatorum
679 731 712 758 et
734 725 970 769 imputatione
995 724 1097 756 iusti-

108 777 199 815 ciae,
229 777 301 820 ipse
318 775 431 809 Filius
449 775 515 809 Dei
532 775 653 809 dicens
670 777 818 809 verbum
845 775 1099 809 consolationis

109 827 147 860 in
164 827 283 868 nobis,
311 827 464 860 effundit
483 827 518 859 in
539 828 642 860 corda
663 826 836 871 Spiritum
855 834 1014 860 sanctum
1029 853 1038 867 ‚
1066 832 1097 859 et
1124 860 1128 873 =.

107 879 191 912 facit
216 891 280 912 nos
310 876 477 912 haeredes
505 878 595 912 vitae
617 885 797 918 aeternae,
833 879 911 911 ideo
937 877 1098 911 Psalmus

107 930 272 974 deinceps
292 931 523 963 concionatur
542 931 584 963 de
608 930 874 973 regeneratione
900 941 961 973 per
983 929 1098 973 Spiri-

107 988 183 1015 tum
201 988 360 1014 sanctum
373 1009 381 1022 ,
410 983 453 1014 de
472 981 692 1025 mitigatione
711 993 924 1025 poenarum,
953 981 996 1013 de
1013 992 1097 1013 con-

107 1032 276 1073 fessione,
304 1044 363 1065 seu
382 1033 664 1077 praedicatione,
690 1039 721 1065 et
741 1033 783 1065 de
804 1045 917 1067 cruce.

208 1079 283 1118 Cor
297 1081 474 1117 mundum
494 1083 532 1116 in
549 1095 603 1116 me
622 1095 700 1116 crea
717 1081 842 1125 Deus,
874 1087 904 1116 et
925 1081 1097 1129 spiritum

96 1132 254 1180 firmum
272 1135 410 1168 innova
429 1135 468 1168 in
488 1134 684 1168 visceribus
702 1134 802 1170 meis.
834 1134 1013 1168 Mundum
1033 1146 1098 1167 uo-

107 1188 239 1228 minat,
263 1193 303 1221 ut
319 1187 484 1232 Apostoli
504 1187 644 1228 dicunt,
669 1187 892 1230 purificatum
918 1186 998 1225 fide,
1023 1186 1098 1229 pla-

107 1251 189 1271 cens
208 1239 276 1271 iam
297 1246 441 1283 propter
458 1238 695 1271 Mediatorem
713 1238 828 1271 Deum
846 1244 879 1271 et
904 1235 1099 1272 hominem.

108 1289 214 1323 Item:
252 1289 405 1333 Sanguis
429 1287 563 1323 Christi
589 1290 749 1334 purificat
773 1301 837 1322 nos
863 1287 909 1322 ab
934 1288 1099 1321 omnibus

107 1341 268 1386 peccati5.

105 1392 276 1436 piendum
299 1398 349 1425 est
368 1392 514 1425 verbum
527 1419 535 1432 ,
552 1398 585 1424 et
603 1392 777 1425 vincenda
797 1391 986 1431 dubitatio,
1003 1391 1098 1435 quod

106 1444 145 1476 fit
163 1442 372 1476 confirmato
393 1444 498 1476 corde
521 1455 584 1487 per
599 1443 773 1488 Spiritum
792 1448 950 1475 sanctum
963 1467 972 1480 ,
995 1453 1098 1487 quem

106 1495 270 1528 nominat
296 1492 352 1527 hic
368 1493 544 1538 Spiritum
570 1495 728 1533 firmum,
751 1494 785 1527 id
805 1501 873 1532 est,
900 1505 973 1526 uon
993 1493 1101 1526 dubi-

106 1552 259 1585 tantem,
296 1558 368 1576 non
400 1545 683 1579 dubitationibus
712 1546 958 1585 vacillantem,
991 1544 1100 1588 trepi-

108 1598 271 1636 dantem,
299 1595 558 1638 languesactum
584 1603 617 1628 et
637 1597 830 1638 fugientem
856 1596 990 1633 Deum,
1011 1596 1100 1627 sicut

107 1647 242 1681 Paulus
260 1647 378 1691 iuquit
402 1647 445 1679 de
464 1643 665 1678 Abraham:
697 1645 778 1679 Non
804 1645 979 1679 dubitavit
1005 1645 1099 1677 disfi-

106 1698 246 1736 denua,
277 1699 338 1731 sed
365 1697 614 1731 corroboratus
645 1704 694 1730 est
716 1698 803 1741 fide,
836 1698 924 1730 dans
952 1696 1100 1740 gloriam

106 1749 200 1791 Deo,
223 1755 255 1782 et
273 1756 387 1783 certus
403 1756 467 1783 etc.

209 1797 269 1835 Ne
283 1798 462 1848 proiicias
479 1811 533 1832 me
551 1798 689 1847 afacie
705 1803 788 1838 lua,
805 1803 866 1834 etc.
921 1798 1100 1843 Repetitio

108 1859 159 1887 est
183 1852 370 1897 utriusque
395 1851 576 1896 petitionis
598 1852 635 1884 in
660 1851 778 1895 priore
801 1852 980 1891 membro,
1015 1851 1100 1895 petit
1125 1862 1127 1899 2

107 1903 354 1938 remissionem
372 1909 614 1947 peccatorum,
641 1903 723 1948 quia
743 1910 819 1936 orat
847 1909 886 1935 ut
909 1901 1005 1935 Deus
1028 1902 1099 1935 ira—
1125 1901 1127 1930 ἶ

108 1956 157 1990 sci
174 1955 324 1989 desinat.
378 1953 469 1987 Nam
493 1954 644 1987 abiicere
670 1966 688 1987 a
713 1960 921 1997 conspectu,
948 1961 997 1986 est
1028 1965 1099 1986 non

107 2007 198 2040 velle
225 2006 416 2040 clementer
446 2005 620 2049 aspicere,
657 2018 695 2038 ac
730 2006 876 2049 insuper
908 2005 1098 2038 abiiectum

108 2057 304 2093 terroribus
320 2064 588 2097 consumere,ut
606 2068 707 2101 saepe
724 2056 864 2096 dicitur,
879 2055 1008 2091 Psalm.
1021 2057 1099 2091 30‚:

106 2107 186 2156 Ego
204 2115 320 2142 autem
344 2108 417 2141 dixi
442 2108 480 2141 in
504 2119 643 2142 excessu
668 2120 745 2141 meo
772 2108 949 2152 proiectus
977 2119 1053 2140 sum
1081 2120 1099 2140 a
1123 2139 1126 2146 A

107 2160 196 2195 facie
212 2159 398 2193 oculorum
422 2166 584 2201 tuorum,
612 2160 649 2192 id
675 2167 744 2199 est,
772 2159 883 2193 iratus
906 2171 978 2191 non
1005 2160 1100 2203 aspi-

106 2212 156 2247 cis
180 2223 234 2244 me
259 2210 468 2250 clementer,
503 2211 648 2255 insuper
682 2211 787 2244 etiam
822 2223 877 2243 me
905 2211 1100 2244 terroribus

105 2261 297 2298 consumis.

208 2312 348 2347 Deinde
381 2312 468 2357 petit
512 2314 739 2347 donationem
776 2312 931 2357 Spiritus
972 2312 1100 2346 sancti:

108 2363 291 2414 Spiritum
310 2367 479 2397 sanctum
495 2367 597 2397 tuum
617 2376 660 2397 ne
679 2364 836 2413 auferas
860 2377 884 2397 a
901 2375 968 2399 me.
1023 2362 1101 2397 An-

108 2425 163 2452 tea
187 2415 388 2450 nominavit
411 2415 586 2459 Spiritum
610 2416 770 2457 firmum,
807 2417 843 2449 id
867 2423 935 2456 est,
971 2415 1100 2449 confir-

107 2475 262 2503 mantem
285 2479 346 2500 cor
371 2467 408 2499 in
431 2467 517 2507 fide,
552 2474 585 2500 et
617 2467 815 2501 vincentem
848 2467 1100 2508 dubitationes,

108 2518 168 2554 hic
191 2519 354 2552 nominat
373 2525 551 2556 sanctum,
579 2518 615 2551 id
634 2526 706 2558 est,
734 2519 1009 2553 sanctificantem
1028 2531 1099 2559 cor,

110 2572 206 2617 quod
222 2571 267 2604 ad
282 2570 485 2604 universam
510 2569 750 2603 obedientiam
777 2570 947 2614 pertinet,
976 2582 1102 2612 regen-

108 2629 178 2656 tem
198 2634 278 2662 cor,
307 2621 403 2655 iuxta
419 2620 538 2655 omnia
556 2627 754 2665 praecepta,
781 2621 870 2654 sicut
887 2621 1100 2654 vocabulum

111 2680 229 2709 sancta
241 2700 249 2715 ‚
275 2673 487 2717 generaliter
503 2672 677 2716 significat
693 2672 862 2706 attributa
886 2672 1007 2705 usibus
1023 2671 1101 2711 Dei,

326 1340 371 1375 Ut
396 1348 511 1373 autem
537 1341 585 1373 sic
607 1342 740 1385 placeat
759 1338 886 1380 homo,
916 1340 983 1372 fide
1009 1339 1099 1372 acci·
1125 1378 1127 1386 Ι

1125 2215 1126 2218 ’
1155 2207 1290 2254 lingna
1309 2219 1402 2242 mea.

1125 2270 1127 2295 3
1155 2261 1260 2295 dinis.

1154 328 1246 356 rem,
1276 322 1307 348 et
1323 316 1401 348 ideo
1421 317 1556 349 essundi
1582 318 1617 350 in
1635 320 1740 351 corda
1766 318 1984 351 credentium
1998 343 2007 358 ‚
2030 324 2067 351 ut
2088 329 2145 350 ac-

1153 367 1277 399 cendat
1297 366 1400 399 ineis
1416 380 1527 401 novos
1549 377 1665 402 motus
1683 375 1915 412 congruentes
1932 367 2026 407 Deo,
2055 368 2146 402 sicut

1153 429 1254 462 saepe
1272 418 1418 451 dicitur:
1440 417 1630 462 =chepistis
1641 419 1813 464 Spiritum
1834 420 2035 464 adoptionis
2053 419 2144 452 filio-

1154 481 1231 502 rum
1250 469 1477 507 clamantem,
1507 469 1607 502 Abba
1631 470 1743 503 Pater.

1254 516 1386 552 Redde
1402 517 1500 552 mihi
1517 519 1701 554 laeticiam
1717 520 1902 554 salutaris
1920 521 1990 563 tui,
2020 526 2049 555 et
2067 521 2144 568 spi-

1154 570 1226 604 ritu
1241 575 1444 617 spontaneo
1465 569 1640 616 confirma
1658 584 1723 607 me.
1778 572 1870 606 Petit
1893 573 2034 617 proprie
2060 585 2144 606 con-

1154 623 1364 656 solationem
1385 623 1420 654 in
1433 624 1705 668 quibuscunque
1724 624 1920 663 doloribus,
1936 631 1968 657 et
1988 624 2024 656 in
2043 635 2145 657 cruce

1153 680 1319 718 sequente
1336 674 1614 709 conversionem.
1667 674 1805 707 Nomen
1830 675 1984 708 laeticiae
2011 675 2146 719 perspi-

1153 737 1256 758 cuum
1275 732 1342 764 est,
1371 731 1404 758 et
1427 725 1589 758 liberatio
1611 738 1651 757 ex
1671 725 1792 758 inseris
1810 732 1841 758 et
1860 733 1990 763 morte,
2020 733 2068 758 est
2093 732 2145 759 ta-

1153 776 1194 809 lis
1214 776 1302 816 vita,
1330 787 1418 821 quae
1434 777 1539 809 sentit
1565 777 1737 810 laeticiam
1764 777 1800 808 in
1819 776 1905 811 Deo.
1960 776 2061 809 Hanc
2079 789 2146 809 no-

1154 827 1262 860 minat
1281 826 1455 860 laeticiam
1475 828 1683 867 salutarem,
1710 839 1798 871 quae
1816 828 1988 861 excitatur
2006 827 2082 860 Deo
2102 828 2146 859 li-

1154 879 1296 911 berante
1333 885 1363 911 et
1401 879 1554 913 iuvante.
1615 878 1785 911 Nominat
1819 887 1935 913 autem
1972 878 2146 922 Spiritum

1153 936 1386 973 spontaneum
1399 956 1407 969 ,
1436 930 1514 962 ideo
1532 930 1612 974 quia
1625 929 1776 973 Spiritus
1795 937 1934 963 sanctus
1952 930 2057 963 flectit
2075 942 2146 968 cor,

1152 987 1192 1014 ut
1218 980 1340 1013 volens
1366 981 1507 1014 obediat
1533 980 1606 1013 Dm
1634 981 1669 1013 in
1695 993 1814 1021 cruce,
1848 987 1880 1014 et
1903 981 2001 1014 addit
2023 982 2146 1021 robur,

1152 1039 1191 1066 ut
1218 1032 1391 1064 sustinere
1415 1032 1696 1074 magnitudinem
1720 1032 1942 1065 miseriarum
1962 1039 1994 1066 et
2013 1031 2148 1065 crucia-

1153 1091 1253 1118 tuum
1272 1083 1399 1126 possit,
1426 1091 1461 1116 ut
1480 1083 1693 1116 Laurentius
1711 1083 1832 1116 voleus
1851 1084 2086 1127 obtemperat,
2116 1089 2149 1116 et

1155 1136 1284 1179 perfert
1310 1134 1537 1178 supplicium,
1601 1133 1714 1167 David
1751 1142 1891 1178 paratus
1922 1142 1971 1168 est
1996 1135 2039 1167 ad
2063 1135 2147 1167 obe-

1153 1186 1342 1224 dientiam,
1373 1198 1451 1218 cum
1478 1186 1617 1219 eiicitur
1640 1198 1679 1218 ex
1697 1197 1815 1229 regno.
1871 1185 1955 1219 Saul
1984 1185 2146 1219 irascitur

1154 1237 1229 1271 Deo
1250 1249 1330 1270 cum
1358 1237 1523 1270 victorias
1559 1244 1590 1270 et
1613 1248 1761 1279 regnum
1792 1237 1886 1270 videt
1913 1237 2078 1270 tansferri
2102 1237 2145 1269 ad

1154 1289 1275 1322 alium.
1339 1287 1489 1321 Talibus
1517 1288 1687 1332 exemplis
1716 1287 1869 1331 intelligi
1891 1295 2022 1332 potest,
2059 1287 2145 1332 quid

1156 1346 1266 1384 petat,
1293 1351 1371 1371 cum
1390 1340 1551 1372 nominat
1569 1339 1743 1383 Spiritum
1761 1346 2007 1383 spontaneum,
2034 1339 2068 1371 id
2087 1346 2147 1378 est,

1153 1391 1330 1423 volentem
1363 1391 1526 1428 obedire,
1568 1397 1601 1423 et
1631 1391 1917 1428 corroboratum,
1959 1397 1996 1423 ut
2026 1390 2147 1434 aliquo

1155 1443 1261 1474 modo
1278 1442 1451 1484 possimus
1467 1442 1620 1485 perferre
1640 1441 1846 1475 cruciatum.

1257 1490 1405 1525 Docebo
1430 1492 1578 1540 iniquos
1597 1491 1675 1524 cias
1695 1496 1793 1526 tuas.
1836 1492 2013 1526 Usitatum
2036 1499 2085 1526 est
2110 1492 2146 1525 in

1156 1545 1330 1587 petitione
1354 1545 1483 1577 addere
1510 1543 1728 1576 mentionem
1755 1543 2004 1585 gratitudiniS‚
2042 1550 2073 1576 et
2098 1550 2148 1576 est

1154 1595 1269 1627 simile
1287 1601 1495 1636 argumento
1515 1595 1558 1627 ab
1576 1594 1667 1634 utili,
1695 1596 1754 1626 sed
1773 1594 1810 1626 in
1821 1592 1977 1627 Ecclesia
1995 1592 2032 1626 hi
2049 1594 2149 1637 prin-

1155 1645 1283 1688 cipales
1300 1645 1385 1677 fines
1406 1653 1487 1678 sunt
1511 1646 1671 1678 omnium
1695 1646 1946 1679 liberationum
1960 1671 1968 1683 ,
1996 1652 2035 1678 ut
2052 1644 2149 1678 Deus

1155 1697 1316 1729 ostendat
1342 1696 1542 1729 testimonia
1567 1697 1610 1729 de
1632 1708 1685 1735 se,
1715 1704 1747 1730 et
1763 1708 1823 1730 sua
1843 1697 2026 1740 doctrina,
2054 1703 2087 1730 et
2108 1703 2149 1730 ut

1155 1759 1219 1780 nos
1236 1747 1325 1790 grati
1349 1747 1564 1781 celebremus
1580 1747 1695 1780 Deum
1709 1775 1717 1788 ‚
1745 1755 1778 1782 et
1796 1748 1952 1782 velocius
1976 1759 2148 1792 propage-

1154 1811 1231 1832 mus
1249 1799 1447 1832 doctrinam
1472 1799 1692 1832 confessione
1709 1806 1741 1831 et
1761 1800 1942 1841 docendo,
1972 1807 2003 1833 et
2028 1800 2147 1843 plures

1155 1851 1197 1882 ad
1224 1849 1339 1883 Deum
1365 1857 1630 1885 convertantur.
1692 1849 1766 1884 Hos
1794 1851 1955 1895 proprios
1977 1849 2065 1884 fines
2089 1847 2147 1883 hic

1155 1901 1254 1934 addit
1286 1901 1469 1944 petitioni,
1507 1902 1589 1946 quia
1622 1902 1722 1946 sequi
1752 1913 1809 1935 eos
1834 1915 1972 1936 necesse
2006 1908 2073 1942 est,
2108 1907 2148 1934 ut

1155 1964 1256 1995 saepe
1281 1951 1367 1984 alias
1392 1952 1428 1984 in
1452 1952 1600 1985 Psalmis
1625 1953 1766 1986 dicitur·
1820 1953 1910 1986 Psal.
1940 1953 2038 1987 117.:
2065 1951 2148 1985 Non

1154 2003 1304 2043 moriar,
1339 2004 1399 2036 sed
1432 2003 1563 2042 vivam,
1603 2011 1635 2037 et
1665 2005 1818 2037 narrabo
1853 2017 1957 2049 opera
1990 2003 2149 2036 Domini.

1155 2054 1246 2089 Psal.
1264 2054 1364 2090 115.:
1392 2053 1569 2100 Dirupisti
1583 2054 1726 2088 vincula
1746 2067 1835 2097 mea,
1863 2056 1928 2090 tibi
1944 2054 2147 2089 sacrificabo

1154 2103 1304 2139 hostiam
1324 2106 1449 2140 laudis.

1257 2153 1399 2189 Libera
1429 2168 1484 2190 me
1515 2154 1556 2190 de
1580 2155 1851 2202 sanguinibus,
1896 2159 1926 2189 el
1960 2153 2145 2189 &vallabit

1457 2208 1637 2252 Repetitio
1667 2215 1716 2241 est
1741 2209 1924 2252 petitionis
1948 2215 1981 2241 et
1997 2208 2146 2251 gratitu-

1320 2259 1413 2293 Petit
1438 2267 1552 2293 autem
1580 2257 1638 2292 hic
1669 2260 1855 2303 praecipue
1888 2259 2144 2302 mitigationem

1154 2323 1369 2356 poenarum,
1398 2323 1479 2344 nam
1497 2308 1701 2354 metaphora
1720 2311 1756 2343 in
1774 2310 1947 2343 vocabulo
1964 2309 2147 2353 sanguinis

1155 2363 1327 2407 significat
1355 2375 1502 2406 poenam
1530 2362 1726 2406 capitalem.
1781 2361 1873 2395 Petit
1896 2373 1978 2405 ergo
2001 2361 2147 2394 liberari

1155 2427 1173 2448 a
1198 2426 1309 2459 poena
1333 2414 1493 2457 capitali,
1522 2420 1559 2446 ut
1586 2413 1792 2455 mitigentur
1819 2425 1972 2457 poenae,
2000 2424 2044 2445 ne
2066 2418 2146 2445 ruat

1155 2478 1195 2499 ex
1215 2466 1292 2498 aliis
1311 2465 1460 2508 peccatis
1479 2465 1515 2497 in
1533 2464 1618 2501 alia,
1636 2471 1669 2497 et
1686 2464 1826 2496 tandem
1846 2475 2035 2508 oppressus
2050 2463 2145 2496 mole

1154 2523 1375 2561 peccatorum
1402 2523 1433 2549 et
1460 2527 1653 2560 poenarum
1678 2521 1757 2548 ruat
1777 2514 1814 2547 in
1830 2522 2006 2548 aeternam
2023 2516 2147 2558 despe-

1154 2568 1345 2604 rationem,
1381 2573 1413 2599 et
1439 2578 1568 2610 poenas
1593 2572 1770 2606 aeternas,
1807 2566 1897 2600 sicut
1921 2565 2023 2607 Saul,
2051 2564 2147 2600 Pha-

1154 2631 1215 2652 rao
1235 2625 1300 2652 etc.
1353 2618 1403 2650 Ita
1422 2618 1508 2652 alibi
1526 2617 1612 2662 petit
1629 2617 1904 2661 mitigationem:
1932 2617 2085 2652 Domine
2103 2630 2147 2651 ne

1154 2670 1193 2703 in
1216 2670 1336 2703 furore
1366 2675 1427 2703 tuo
1451 2680 1576 2714 arguas
1599 2680 1666 2705 me.
1717 2666 1765 2703 Et
1782 2666 1996 2703 Hieremias:
2025 2669 2067 2703 In
2091 2670 2148 2704 iu-
