2379 2948
98 108 173 145 553
720 106 763 142 V.
815 103 1140 141 EROTEMATA
1168 105 1504 145 DIALECTICES.
2058 112 2131 149 554

98 194 216 237 aliqua
237 204 300 236 pro
318 194 486 234 arbitrio,
514 193 582 227 nisi
602 199 774 238 quantum
802 192 878 234 lege
904 197 964 223 aut
989 198 1089 234 pacto
1113 198 1116 219 l
1141 199 1295 226 econtra.
1350 193 1408 228 Sic
1436 194 1567 229 Paulus
1601 197 1677 230 vult
1708 209 1771 230 nos
1804 199 1952 241 gloriam
1986 197 2126 243 habere,

97 242 338 288 prohibemur.
394 244 682 278 Fundamentum
703 242 854 275 dominii
874 248 924 274 est
942 242 1089 275 facultas
1113 284 1115 289 Α
1139 245 1183 277 ad
1202 242 1347 278 Galatas
1362 246 1398 279 6.

98 296 135 328 in
152 307 300 339 persona
321 296 450 341 aliqua,
479 294 682 333 Terminus,
706 293 895 336 disponere
913 293 956 325 de
972 304 1009 325 re
1025 304 1087 336 9¹⁸⁰
1243 302 1330 337 Cum
1350 303 1477 346 Angeli
1495 314 1640 339 canunt:
1671 306 1795 340 Gloria
1820 308 1856 340 in
1881 308 2024 341 excelsis
2040 308 2126 350 Deo,

97 346 264 387 arbitrio,
302 344 404 380 Ordo
429 348 474 379 ab
498 343 650 378 habente
676 341 1018 384 hfissC‘f'dCUlfflffssffl,
1045 345 1087 376 ad
1139 354 1224 398 quid
1242 354 1415 396 significat
1433 354 1582 388 Gloria?
1636 356 1819 401 Explicato
1835 360 2067 392 fundamento
2092 367 2125 393 et

96 395 190 430 hunc
207 398 397 431 terminum
414 396 537 429 relatio
555 402 616 428 981·
1112 397 1114 409 ὓ
1138 405 1310 445 termino,
1337 406 1375 438 fit
1392 407 1573 449 perspicua
1592 410 1773 443 sententia.
1829 409 1953 443 Gloria
1970 418 2031 451 est,
2059 411 2124 443 ali-

196 457 322 490 Fatnm
343 456 514 500 significat
532 466 692 493 causam,
718 452 754 485 id
772 460 839 494 est,
864 460 924 487 ant
941 455 1087 487 ordina·
1111 465 1113 496 Ι
1137 456 1193 489 cui
1211 456 1377 489 virtutem
1395 457 1567 497 tribuere,
1595 465 1633 491 nt
1651 459 1718 490 iam
1735 460 1866 492 dictum
1886 469 1947 502 est,
1974 462 2122 505 gloriam

95 508 228 541 tionem
247 508 420 546 divinam,
447 513 507 539 aut
526 506 596 538 vim
620 503 769 538 luminis
793 505 989 539 stellarum.
1044 507 1085 539 ld
1111 549 1112 552 Ἰ
1137 519 1209 540 esse
1227 508 1518 551 approbationem
1538 516 1630 541 recte
1648 510 1832 545 factorum.
1861 510 2038 555 Epicurus
2050 525 2124 545 non

95 566 198 593 vocat
213 558 434 592 Ptolemaeus
451 558 561 590 satum
580 554 779 601 physicum.
810 554 898 589 Gnm
917 556 1084 590 dicimus:
1110 556 1111 560 ¹
1136 559 1262 592 tribuit
1296 558 1371 591 Deo
1409 559 1576 601 gloriam,
1619 560 1700 604 quia
1732 561 1961 595 audacissime
1998 563 2125 608 inquit,

92 609 244 644 Romam
262 610 332 642 fato
350 608 528 641 consecuti
547 616 630 641 sunt
648 603 912 650 monarchiam,
948 605 1004 641 hic
1033 609 1085 640 fa-
1110 627 1111 630 =
1135 608 1250 642 Deum
1275 608 1367 642 nihil
1395 622 1485 650 esse,
1513 617 1574 644 aut
1593 623 1663 643 non
1681 623 1803 643 curare
1820 609 1984 647 humana.
2038 614 2123 647 Saul

93 668 168 694 tum
185 660 355 703 siguificat
374 671 526 694 cansam.
562 658 606 692 lit
622 658 898 691 fundamentum
919 666 967 691 est
980 656 1084 692 Deus
1136 661 1199 693 etsi
1224 662 1329 694 sentit
1357 660 1470 694 Deum
1497 673 1589 701 esse,
1619 669 1651 695 et
1680 662 1806 704 punire
1830 664 1978 703 scelera,
2007 671 2123 697 tamen

92 713 263 745 ordinans
285 708 377 743 hanc
407 723 500 750 rem,
528 717 559 743 et
586 720 733 742 movens
750 707 954 750 Romanos,
992 709 1083 742 Ter—
1109 702 1111 743 l
1135 724 1208 744 non
1234 712 1360 746 tribuit
1382 711 1458 745 Deo
1486 713 1659 755 integram
1686 713 1847 755 gloriam.
1909 714 1978 747 Sed
2005 715 2125 747 David

92 763 209 795 minus
237 768 286 794 est
311 763 385 805 ipse
410 768 565 795 eventus.
623 760 691 794 Sed
715 771 793 792 cum
813 761 981 793 dicimus:
1010 759 1084 793 Ios—
1136 771 1167 796 et
1187 774 1258 796 esse
1277 762 1390 796 Deum
1412 770 1444 796 et
1460 764 1590 796 iustum
1608 776 1682 796 esse
1707 764 1877 801 affirmat,
1904 763 2125 798 horribiliter

91 813 220 858 quinus
236 819 286 846 est
309 813 381 846 sato
410 810 555 858 physico
574 811 752 848 Musteus,
782 808 839 844 hic
864 811 925 844 sati
952 812 1083 845 sunda·
1107 811 1110 861 l
1135 815 1341 858 punientem
1359 815 1508 853 scelera,
1537 822 1569 848 et
1588 827 1708 848 rursus
1724 815 2006 855 misericordem,
2036 816 2124 849 reci-

91 870 249 897 mentum
277 871 325 897 est
351 864 487 907 positus
506 864 706 901 stellarum,
734 862 803 894 tale
822 869 1083 906 temperamen-
1107 863 1110 922 J
1135 865 1290 909 pientem
1323 873 1355 898 et
1383 873 1581 900 servantem
1614 867 1780 906 miseros,
1815 868 1858 899 ad
1893 867 2124 900 mediatorem

90 923 163 949 tum
182 915 219 947 in
236 913 404 959 Iosquino
425 915 596 955 efficiens,
626 913 721 959 quod
742 913 1013 946 convenientius
1033 921 1083 947 est
1107 923 1109 970 A
1135 916 1389 959 confugientes.
1444 916 1512 950 Hic
1530 915 1605 950 Deo
1625 917 1750 950 tribuit
1768 918 1939 960 integram
1961 918 2124 961 gloriam,

90 965 265 1006 Musicae,
295 979 399 1011 quam
420 973 697 1010 temperamenta
717 964 853 998 suntin
872 965 962 1000 aliis.
993 965 1082 998 'l‘er-
1107 980 1109 984 ’
1135 968 1227 1012 quod
1249 968 1312 1008 sit,
1340 968 1433 1012 quod
1453 969 1497 1001 sit
1514 968 1644 1009 iustus,
1674 969 1769 1013 qnod
1788 969 1930 1012 puniat,
1959 970 2053 1013 quod
2079 969 2125 1001 sit

89 1017 207 1050 minus
232 1024 298 1057 est,
326 1017 486 1050 celeriter
509 1017 664 1061 arripere
689 1014 915 1056 harmonias,
942 1023 974 1049 et
1001 1028 1081 1050 sua-
1107 1012 1109 1051 ,l
1134 1020 1249 1051 honus
1266 1026 1299 1051 et
1318 1019 1515 1052 misericors
1533 1031 1571 1053 ac
1590 1026 1758 1060 servator,
1780 1021 1874 1064 quod
1892 1020 2028 1064 puniat,
2051 1031 2123 1052 non

88 1068 165 1101 vius
182 1080 305 1102 canere
322 1081 427 1114 quam
448 1069 521 1101 alii.
1107 1073 1109 1111 ζ
1133 1077 1171 1102 nt
1187 1071 1322 1113 perdat,
1346 1071 1410 1102 ‘sed
1429 1077 1467 1104 ut
1484 1077 1607 1105 servet.
1646 1070 1741 1103 Haec
1759 1071 1870 1113 gloria
1888 1078 1962 1105 tum
1981 1072 2123 1104 demum

583 1157 589 1162 ,
661 1156 667 1161 ,
1106 1116 1322 1161 ftribnitur,
1366 1133 1445 1153 cum
1478 1119 1714 1164 Evangelium
1748 1122 1956 1162 didicimus,
1994 1129 2026 1155 et
2055 1122 2122 1154 fide

414 1158 470 1189 Ex
489 1152 746 1200 ‘ll‘alds‘tlbus'
1132 1172 1355 1214 agnoscimus
1374 1171 1518 1208 Filium.
1570 1171 1648 1205 Erit
1666 1172 1774 1215 igitur
1795 1173 2067 1206 fundamentum
2085 1172 2123 1204 in

297 1223 428 1263 Causa,
637 1220 814 1261 Effectus,
1106 1221 1227 1263 ]Deo,
1268 1223 1349 1255 illae
1380 1223 1476 1266 ipsae
1508 1235 1664 1256 summae
1697 1223 1857 1258 virtutes.
1918 1223 2123 1261 Terminus,

292 1274 436 1312 Simile,
637 1272 839 1311 Dissimile,
1105 1266 1107 1296 :¹
1133 1274 1321 1307 celebratio
1341 1274 1376 1305 in
1396 1274 1520 1315 nobis,
1546 1274 1601 1306 vel
1621 1281 1775 1309 econtra.
1829 1272 1918 1307 Nam
1943 1275 1980 1307 in
2003 1274 2123 1307 relati-

295 1324 511 1363 Persectum‚
636 1322 894 1366 Imperfectum.
1105 1320 1107 1358 l
1132 1325 1184 1357 vis
1201 1331 1366 1358 mutuum
1385 1331 1435 1358 est
1452 1325 1529 1359 iter.
1584 1324 1689 1358 Tunc
1714 1325 1822 1367 igitur
1839 1324 1967 1367 Angeli
1991 1331 2123 1358 canunt

608 1417 614 1422 ·
644 1416 650 1423 ⁸
1104 1369 1106 1416 J
1132 1372 1228 1408 hunc
1246 1372 1431 1420 hymnum,
1451 1386 1528 1407 cum
1546 1375 1702 1408 nascitur
1720 1375 1813 1408 filius
1828 1374 1895 1408 Dei
1915 1387 1954 1407 ex
1974 1375 2122 1418 virgine,

457 1417 514 1449 ΕΡ
534 1417 698 1449 notzen's.
1103 1429 1105 1450 ἴ
1131 1426 1213 1470 qnia
1239 1425 1314 1458 sine
1335 1426 1516 1469 agnitione
1542 1424 1625 1458 Filii
1651 1438 1723 1459 non
1756 1432 1870 1470 potest
1900 1423 1986 1459 haec
2010 1426 2121 1469 gloria

189 1485 321 1519 Verum
344 1491 396 1518 est
418 1484 668 1517 convenientia
694 1484 846 1517 noticiae
874 1484 928 1516 vel
945 1485 1077 1518 oratio·
1103 1491 1104 1515 ἢ
1130 1475 1206 1510 DeO
1224 1477 1345 1510 tribul·

84 1538 138 1570 nis
154 1539 196 1570 ad
214 1550 298 1571 rem.
1233 1535 1302 1570 Hic
1320 1548 1564 1570 recenseamus
1582 1544 1614 1570 et
1629 1537 1902 1582 appellationem
1919 1537 2029 1571 Boni:
2050 1537 2123 1571 Bo-

187 1596 330 1629 Ffllsum
360 1601 410 1627 est
434 1592 655 1626 dissonantia
678 1593 833 1626 noticiae
860 1594 915 1625 vel
944 1595 1076 1627 oratio-
1130 1599 1215 1620 num
1235 1595 1287 1621 est
1313 1588 1483 1632 quiddam
1505 1588 1709 1622 ordinatum
1734 1601 1752 1621 a
1780 1596 1896 1623 mente
1922 1590 2062 1629 divina,
2089 1598 2122 1622 et

1130 1639 1345 1672 conveniens
1371 1646 1538 1679 naturae,
1566 1651 1625 1673 seu
1642 1639 1768 1672 iuvans
1785 1647 1958 1675 naturam.
2002 1638 2122 1673 Econ-

84 1660 139 1680 nis
156 1661 173 1680 a
193 1660 241 1682 re.

185 1705 425 1747 Ambiguum,
1101 1699 1103 1738 ἱ
1130 1696 1201 1723 tra:
1228 1689 1367 1724 Malum
1394 1698 1443 1724 est
1468 1690 1638 1735 quiddam
1668 1692 1815 1724 turbans
1841 1692 2003 1724 ordinem
2028 1691 2121 1723 divi-

184 1758 340 1796 Doctor,
538 1751 754 1796 Discipulos.
1130 1753 1234 1781 num,
1261 1748 1293 1775 et
1311 1742 1495 1774 destruens
1511 1749 1687 1775 naturam.
1729 1740 1871 1775 Dicitur
1887 1749 2003 1774 autem
2024 1742 2119 1774 aliud

185 1807 270 1842 Lex.
326 1805 509 1849 Significat
528 1805 620 1837 enim
641 1804 696 1837 lex
721 1806 935 1839 sementiam
962 1804 1076 1839 hone„
1129 1792 1263 1824 bonum
1294 1793 1475 1833 naturale,
1518 1792 1615 1825 aliud
1649 1793 1784 1825 bonnm
1814 1793 1959 1828 morale.
2018 1791 2119 1826 Bona

82 1869 131 1895 sta
147 1858 422 1905 praecipientem
465 1868 553 1901 quae
569 1856 701 1898 obligat
720 1863 832 1889 certos
850 1854 1023 1893 homines·
1100 1846 1102 1864 ³
1128 1843 1303 1876 naturalia
1324 1850 1405 1876 sunt
1423 1855 1494 1874 non
1514 1849 1650 1876 tantum
1672 1843 1827 1876 actiones
1846 1841 2033 1883 honestae,
2059 1845 2117 1876 sed

435 1884 443 1897 ²
1129 1906 1251 1927 omnes
1272 1900 1451 1927 creaturae
1468 1892 1535 1927 Dei
1557 1906 1629 1926 non
1648 1900 1846 1937 corruptae,
1872 1894 1927 1927 vel
1946 1900 2120 1939 quatenus

1127 1946 1401 1978 considerantur
1418 1945 1493 1977 sine
1510 1945 1758 1987 corruptione,
1786 1952 1825 1978 ut
1847 1945 1988 1985 oculus,
2012 1945 2118 1980 auris.

1099 1996 1101 2016 ³
1127 1994 1227 2029 Bona
1246 1996 1394 2029 moralia
1419 2002 1500 2029 sunt
1525 1996 1680 2028 actiones
1706 1993 1875 2030 honestae
1903 2004 1935 2031 et
1958 1996 2118 2030 virtutes.

182 2022 394 2059 Honesmm’
422 2020 517 2064 qUOd
533 2026 698 2062 congrult
718 2032 796 2053 cum
815 2019 935 2063 regum
951 2020 1072 2052 duma
1099 2060 1100 2071 ¹
1127 2047 1178 2080 Ita
1199 2047 1328 2091 duplex
1346 2058 1429 2080 usus
1447 2054 1496 2080 est
1515 2047 1766 2090 appellationis
1783 2048 1880 2080 mali.
1924 2046 2034 2080 Aliud
2054 2059 2118 2080 vo—

82 2085 240 2117 expressa
256 2074 293 2105 in
311 2072 450 2116 legibus
469 2077 633 2114 naturae,
662 2078 694 2105 et
711 2071 790 2104 aliis
814 2072 953 2114 legibus
980 2077 1071 2104 recte
1098 2073 1100 2109 ξ
1148 2110 1157 2117 t
1283 2111 1288 2117 ⁶
1748 2098 1755 2105 .
1787 2095 1810 2130 h
2010 2098 2016 2104 .

81 2125 244 2158 conditis·
1098 2126 1099 2132 ,
1126 2105 1226 2131 catur
1243 2099 1376 2131 malum
1395 2098 1536 2141 culpae,
1564 2099 1657 2142 quod
1678 2105 1727 2131 est
1746 2110 1781 2130 in
1813 2106 1932 2132 onesta
1952 2105 2058 2137 actio,
2086 2105 2119 2131 et

1127 2149 1251 2183 vitium
1281 2157 1314 2182 et
1338 2156 1531 2193 peccatum.
1594 2147 1703 2182 Aliud
1735 2156 1783 2182 est
1807 2148 1944 2182 'fnalnm
1971 2161 2119 2192 poenae,

346 1954 402 1986 Ex
418 1949 620 1985 virtutibus
640 1954 677 1984 et
694 1952 812 1986 vitiis.

283 2175 491 2215 Peccatum,
1097 2189 1098 2193 ¹
1290 2201 1296 2207 .
1624 2200 1631 2206 .
1807 2207 1810 2209 ,
1849 2201 1856 2206 .

286 2226 487 2259 Praemiffln
665 2224 784 2258 Poena
1096 2209 1098 2239 l
1126 2201 1317 2259 iit-morbi,
1343 2212 1450 2234 mors.
1492 2198 1555 2233 Est
1575 2212 1668 2232 enim
1691 2201 1901 2240 destructio,
1929 2211 2018 2244 quae
2036 2212 2118 2243 pro—

289 2276 414 2311 Gloria
499 2253 508 2266 ’
666 2253 804 2310 Honos'
1095 2294 1097 2306 Ι
1124 2264 1199 2296 prie
1217 2264 1289 2285 non
1310 2260 1360 2286 est
1378 2259 1568 2295 peccatum.

425 2302 434 2314 '
804 2302 812 2315 ⁵

287 2327 505 2365 Concordia,
662 2327 867 2369 Discordia,
1095 2338 1096 2358 ς
1225 2319 1361 2355 Usitate
1380 2321 1416 2353 in
1437 2317 1569 2353 scholis
1586 2319 1820 2352 nominarunt
1839 2316 1923 2351 haec
1944 2319 2116 2353 vocabula

285 2380 377 2420 Pax,
664 2378 818 2413 Bellum,
1094 2365 1097 2419 J
1123 2372 1426 2406 transcendentia:
1452 2369 1539 2409 Eos,
1563 2383 1687 2409 unum,
1713 2381 1847 2409 verum,
1867 2370 2013 2410 bonum,
2033 2371 2116 2416 quia

1093 2423 1096 2461 l
1122 2424 1326 2457 communia
1345 2430 1426 2457 sunt
1444 2422 1566 2455 multis
1585 2420 1890 2464 praedicamentis,
1914 2422 1972 2454 sed
1992 2433 2114 2454 verum

400 2472 499 2515 Quid
514 2478 571 2508 est
588 2473 742 2509 Gloria?
1093 2472 1095 2505 l
1121 2482 1153 2509 et
1173 2475 1309 2509 bonum
1329 2480 1421 2508 recte
1441 2474 1534 2506 inter
1555 2471 1700 2504 relativa
1722 2479 1963 2506 recensentur.

177 2544 242 2580 Est
260 2542 471 2588 approbatio
488 2549 629 2575 nostrae
646 2541 882 2576 conscientiae
902 2549 994 2576 recte
1011 2543 1068 2575 iu-
1091 2513 1094 2570 l
1225 2540 1349 2575 Gratia
1369 2539 1453 2584 quid
1472 2537 1667 2581 significat?
1699 2537 1837 2572 Latinis
1862 2538 1963 2572 favor
1983 2546 2015 2573 et
2034 2551 2113 2583 gra-

76 2598 246 2637 meantis,
272 2602 306 2629 et
321 2595 473 2629 aliorum
501 2598 595 2626 recte
617 2592 855 2627 iudicantium
880 2595 924 2627 de
948 2594 1067 2633 nohis,
1120 2593 1166 2627 tia
1192 2599 1273 2626 sunt
1294 2590 1521 2629 coi-relativa,
1555 2595 1609 2622 ut:
1643 2586 1826 2632 Augustus
1851 2590 1946 2624 favet
1969 2589 2111 2623 Mecoe-

77 2652 130 2685 vel
146 2651 187 2684 de
209 2648 298 2682 aliis.
351 2645 640 2680 Fundamentum
665 2649 715 2677 est
738 2644 909 2678 iudicium
932 2658 1064 2690 appro-
1119 2644 1204 2678 nati.
1256 2640 1303 2675 Et
1319 2647 1461 2674 econtra
1479 2647 1571 2674 recte
1584 2639 1754 2674 dicimus:
1783 2639 1973 2674 Mecoenas
1998 2647 2048 2674 est
2074 2641 2110 2673 in

73 2705 179 2744 bans,
205 2708 238 2735 et
262 2711 335 2733 non
360 2708 500 2738 errans,
531 2695 725 2729 Terminus
749 2702 840 2729 recte
866 2696 977 2738 facta,
1005 2696 1060 2730 vel
1119 2705 1244 2737 magna
1275 2692 1384 2736 gratia
1408 2688 1569 2735 Augusti.
1623 2690 1691 2726 Sed
1722 2691 1759 2724 in
1789 2689 1944 2726 Ecclesia
1979 2703 2112 2725 nomen
