2379 2948
7 1597 8 1609 M
0 1489 8 1581 „Na—„2
4 1454 7 1481 .-
3 1321 6 1431 Ϋᾼᾼμ
4 1279 5 1285 c
3 1244 4 1249 Α
2 1176 4 1189 „a

93 82 167 118 849
220 78 227 82 ’
495 79 541 118 V.

192 165 285 200 Huic
303 167 467 202 successit
481 165 667 202 Balthasar
687 167 868 201 dissimilis
894 166 1079 207 maiorum,

89 225 123 252 et
139 217 296 262 relapsus
314 218 358 251 ad
377 218 590 260 idolatriam,
614 217 687 261 Qui
705 224 744 252 ut
759 224 945 252 testaretur
961 228 996 250 se
1012 215 1079 250 ho-

88 274 174 301 stem
193 280 265 302 esse
280 280 382 302 verae
398 270 591 313 doctrinae,
611 276 644 302 et
661 269 884 301 confirmaret
899 268 1077 307 idolatras,

86 320 299 364 profanabat
314 319 454 353 Iudaica
476 320 618 364 pocula,
644 325 677 352 et
695 319 880 352 manifesto
897 325 1077 352 contemtu

86 370 279 404 insultabat
312 370 400 405 Deo.
454 370 554 404 Sicut
586 368 765 413 Rapsaces
795 376 828 403 et
859 367 1076 403 Senacherib

87 419 120 455 4.
138 420 223 464 Reg.
247 423 301 456 18.
320 429 352 455 et
371 421 428 455 19.
469 419 515 454 Et
531 421 621 454 sicut
641 419 763 453 ludaei
780 417 962 453 Christum
981 420 1076 453 deri-

86 472 233 505 debant:
271 471 310 506 Si
329 471 440 505 Filius
462 470 529 505 Dei
561 477 629 511 est,
665 471 853 504 descendat
885 471 929 503 de
965 483 1075 505 cruce.

86 521 159 555 Ilas
178 520 413 567 blasphemias
431 521 499 555 cito
517 528 716 566 sequuntur
734 533 880 566 poenae,
910 522 1005 556 iuxta
1022 534 1076 556 se-

85 574 242 607 cundum
272 579 511 618 praeceptum,
538 571 620 606 Non
652 570 798 607 habebit
825 572 921 607 Deus
950 573 1075 607 inson-

84 630 155 658 tem
177 631 242 659 etc.

561 699 589 736 Ι.

186 759 280 793 Haec
300 756 448 793 historia
471 759 624 804 primum
651 760 817 794 admonet
841 771 906 793 nos
923 760 966 793 de
984 757 1072 793 hor-

83 811 181 845 ribili
200 810 357 855 potentia
374 811 527 850 diaboli,
555 810 616 855 qui
643 811 809 844 omnibus
832 811 958 844 seculis
984 812 1071 844 abu-

81 862 167 896 titur
192 861 337 895 summis
367 861 590 906 principibus
616 863 659 895 ad
684 862 962 895 confirmandam
990 862 1070 895 ido-

79 912 237 954 latriam,
270 919 302 946 et
329 913 553 946 lacerandam
580 910 793 954 Ecclesiam,
821 911 941 955 Quare
968 914 1068 958 pauci

78 963 257 1008 principes
276 964 431 997 retinent
447 975 547 997 veros
568 963 683 997 cultus
698 963 788 1005 Dei,
814 970 847 998 et
863 971 983 998 contra
1003 962 1070 997 hoc

78 1015 283 1047 scandalum
314 1026 453 1047 necesse
477 1021 525 1048 est
557 1015 800 1058 praemunitos
830 1027 902 1048 esse
932 1015 1070 1048 animos

77 1065 230 1110 piorum,
252 1063 299 1098 Et
315 1067 456 1109 prodest
472 1065 540 1109 piis
557 1065 754 1109 intelligere
770 1066 971 1110 principum
990 1078 1069 1110 pec-

76 1122 173 1156 cata,
200 1116 262 1161 qui
287 1116 368 1149 ideo
391 1123 624 1160 corrumpunt
642 1129 759 1149 veram
782 1117 1003 1158 doctrinam,
1030 1124 1069 1150 ut

76 1173 311 1211 attemperent
337 1167 527 1214 religiones
551 1167 622 1200 suis
646 1167 878 1205 utilitatibus,
905 1169 997 1212 quod
1020 1174 1068 1200 est

75 1229 158 1250 vere
184 1224 218 1251 et
242 1218 449 1262 simpliciter
471 1218 622 1251 illudere
639 1216 800 1260 Christo,
827 1217 873 1251 Et
891 1216 996 1252 huius
1017 1219 1067 1251 rei

75 1265 182 1302 habet
199 1266 283 1302 haec
299 1276 391 1302 aetas
410 1269 519 1302 multa
537 1269 705 1312 exempla.

548 1343 594 1377 11.

175 1402 359 1444 Secundo,
395 1401 492 1436 Haec
517 1400 665 1436 historia
697 1402 861 1437 hortatur
888 1404 1066 1449 principes

73 1455 115 1488 ad
135 1454 318 1500 pietatem,
349 1461 381 1489 et
399 1454 566 1488 admonet
582 1454 624 1487 de
643 1454 766 1498 poenis
782 1454 988 1499 impiorum.

540 1529 605 1563 111.

175 1589 318 1632 Tertio,
351 1595 498 1624 testatur
527 1589 742 1623 mutationes
771 1601 962 1633 regnorum
987 1591 1063 1624 fieri

72 1641 265 1680 divinitus,
294 1647 438 1685 propter
455 1640 551 1673 varia
569 1648 705 1684 peccata
725 1641 941 1686 principum.
995 1640 1062 1675 Hic

70 1693 174 1738 punit
196 1690 292 1725 Deus
319 1691 523 1725 idolatriam
547 1698 581 1724 et
607 1689 883 1735 blasphemiam,
910 1692 1000 1726 sicut
1025 1693 1062 1725 in

69 1743 236 1778 Manasse
271 1749 305 1776 et
333 1742 474 1786 regibus
507 1741 636 1783 Israel,
677 1742 716 1774 in
752 1741 890 1776 Davide
920 1743 1061 1787 punivit

69 1794 284 1829 adulterium
303 1800 336 1827 et
357 1793 544 1827 consilium
562 1792 689 1827 caedis.

173 1844 243 1879 Sed
278 1845 486 1890 plerumque
511 1844 568 1884 fit,
602 1850 640 1877 ut
672 1851 888 1878 concurrant
919 1852 1058 1889 peccata

68 1896 193 1942 populi
210 1902 244 1930 et
260 1895 475 1940 principum,
499 1894 589 1928 sicut
604 1892 718 1928 Oseae
734 1893 769 1928 4.
787 1895 930 1929 dicitur:
961 1895 1056 1938 Qua-

69 1949 112 1981 lis
129 1948 309 1989 sacerdos,
337 1946 417 1980 talis
436 1945 598 1990 populus.
652 1944 724 1978 Nec
739 1946 889 1979 dubium
915 1953 966 1980 est
984 1947 1059 1990 ple-

67 2009 194 2042 rasque
216 1997 429 2031 calamitates
451 1996 577 2030 mundi
600 2008 694 2029 nunc
715 1997 891 2038 accidere,
917 2004 1059 2042 propter

68 2048 302 2092 multiplicem
334 2048 560 2088 idolatriam,
596 2047 634 2080 in
664 2047 795 2089 missis,
831 2048 1058 2082 invocatione

69 2098 302 2140 Sanctorum,
329 2105 362 2132 et
385 2098 465 2132 aliis
483 2098 666 2132 erroribus
690 2110 729 2131 ac
752 2098 871 2143 impiis
892 2100 1055 2136 cultibus.

67 2149 163 2184 Hinc
190 2156 272 2183 sunt
295 2149 441 2183 Turcici
465 2160 659 2191 successus,
691 2149 785 2183 bella
810 2149 997 2193 intestina,
1024 2158 1057 2185 et

68 2200 160 2236 aliae
177 2200 433 2248 dissipationes.

517 2276 602 2312 1111.

381 2337 440 2371 De
465 2336 574 2373 rebus
599 2341 731 2374 sacris.

169 2402 326 2447 Quarto,
358 2401 427 2436 Hic
443 2404 487 2436 de
509 2404 616 2438 sacris
637 2406 744 2439 rebus
768 2405 966 2453 quaeritur:
998 2405 1056 2440 An

66 2467 141 2489 non
166 2455 269 2489 liceat
293 2466 349 2488 eas
373 2455 564 2487 transferre
581 2457 624 2488 ad
641 2457 806 2500 profanos
822 2457 931 2491 usus?
983 2456 1057 2492 Re-

67 2507 241 2551 spondeo,
275 2504 504 2539 Consecratas
537 2505 613 2539 sine
641 2507 748 2540 verbo
775 2506 843 2541 Dei
876 2520 950 2541 non
984 2520 1056 2542 esse

66 2558 318 2591 discernendas
345 2568 363 2590 a
388 2553 600 2600 prophanis,
633 2558 726 2601 quod
752 2559 793 2591 ad
821 2560 1056 2593 consecratio-

67 2620 147 2641 nem
173 2609 314 2648 attinet,
341 2608 423 2653 quia
439 2607 537 2640 nulla
555 2614 604 2640 est
619 2608 834 2643 consecratio
857 2609 931 2642 sine
947 2612 1055 2644 verbo
1080 2592 1084 2659 1

1080 2661 1082 2697 ἱ
1108 2661 1284 2695 debebant
1309 2658 1444 2693 ociosos
1468 2664 1501 2692 et
1525 2655 1641 2693 hostes
1657 2657 1859 2705 Evangelii,
1886 2661 2092 2709 Episcopo&

65 2655 145 2699 Dei,
175 2658 246 2692 imo
265 2658 429 2702 impietas
447 2664 497 2690 est
514 2659 645 2700 fingere
663 2658 959 2693 consecrationem
979 2661 1056 2695 sine

116 2710 291 2742 Hunni-rii.
312 2710 416 2744 011111.
439 2710 522 2742 Vox..
539 2710 633 2744 xm.

593 79 645 116 IN
670 79 931 117 DANIELEM
957 75 1275 117 PROPHETAM
1300 76 1718 120 COMMENTARIUS.

2047 92 2122 130 850

1132 165 1240 197 verbo
1263 162 1346 205 Dei,
1374 165 1463 200 sicut
1489 166 1524 200 in
1543 165 1620 205 Act.
1642 170 1700 205 11.
1718 171 1809 204 clare
1831 173 1977 209 dicitur:
2012 178 2118 221 Quod

1130 215 1226 250 Deus
1242 215 1457 258 purificavit,
1483 224 1521 252 tu
1537 230 1582 252 ne
1597 232 1784 256 commune
1800 224 1929 259 dixeris
1945 234 2007 263 etc.

1235 265 1354 308 Quare
1379 267 1429 310 pii
1452 268 1558 302 rebus
1579 270 1650 304 illis
1675 272 1727 305 uti
1750 284 1912 318 possunt,
1937 291 2025 323 quae
2041 281 2118 314 sue-

1129 322 1215 350 runt
1234 317 1413 350 dedicatae
1432 319 1573 363 templis
1588 323 1736 362 nostris,
1763 326 1790 358 si
1816 319 1950 373 alioqui
1975 336 2118 366 teneant

1130 378 1205 408 eas,
1233 367 1307 400 sine
1332 368 1426 401 furto
1445 375 1505 402 ant
1522 370 1670 404 aliorum
1690 374 1838 417 iniuria,
1867 378 1937 411 imo
1961 389 2116 424 peccant,

1130 419 1191 463 qui
1218 430 1292 451 non
1326 425 1477 452 utuntur
1507 428 1649 465 propter
1675 428 1980 471 superstitionem,
2017 435 2117 477 quasi

1129 469 1198 502 sint
1224 480 1277 502 res
1303 481 1436 510 sacrae,
1464 470 1592 515 quihus
1612 473 1696 507 velit
1714 473 1808 509 Deus
1829 481 2040 520 peculiarem
2060 496 2117 516 re-

1128 520 1321 553 verentiam
1347 521 1476 561 tribui,
1508 522 1591 566 quia
1615 523 1691 557 sine
1708 528 1814 560 verbo
1831 526 1897 561 Dei
1919 543 1992 564 non
2012 535 2116 569 debet

1127 571 1186 604 ille
1209 568 1322 604 honos
1345 571 1456 604 tribui
1481 572 1564 606 ullis
1586 574 1703 610 rebus.
1755 576 1936 614 Praeterea
1955 590 2046 617 recte
2063 587 2117 618 sa-

1128 622 1227 656 ciunt
1244 623 1305 667 qui
1323 622 1428 655 idolis
1444 631 1644 659 consecrata
1665 624 1908 672 prophanant,
1936 632 2025 668 sicut
2040 634 2116 670 Ra-

1127 670 1205 706 chel
1224 673 1315 717 patri
1332 673 1500 707 simulcra
1520 686 1624 709 aurea
1642 678 1771 721 rapuit.

1228 722 1339 757 Aliud
1357 731 1408 758 est
1423 726 1466 758 de
1491 727 1703 760 consecratis
1728 730 1834 764 verbo
1852 730 1937 774 Dei,
1965 734 2054 770 sicut
2077 737 2115 770 in

1126 774 1200 817 lege
1222 774 1379 809 Mosaica
1402 783 1501 810 erant
1524 783 1636 810 certae
1655 790 1709 812 res
1727 790 1968 823 consecratae,
1997 797 2015 819 a
2034 788 2114 832 qui-

1125 826 1191 858 hus
1221 826 1373 870 populus
1407 827 1557 861 debebat
1587 829 1762 863 abstinere
1791 841 1935 878 propter
1965 837 2114 871 verbum

1126 875 1211 917 Dei,
1239 878 1334 922 quod
1353 879 1394 910 ad
1415 879 1473 911 illa
1499 885 1655 922 tempora
1677 887 1709 914 et
1727 882 1804 916 illas
1827 896 1881 917 res
1905 887 2115 930 pertinebat.

1126 925 1171 961 Et
1188 934 1305 961 tamen
1323 928 1372 961 ibi
1391 941 1532 974 quoque
1551 930 1652 964 licuit
1679 932 1745 975 piis
1771 934 1806 966 in
1833 938 2036 972 necessitate
2060 940 2114 973 uti

1124 978 1195 1010 illis
1222 980 1348 1021 rebus,
1375 987 1413 1013 ut
1432 981 1586 1014 ostendit
1610 984 1808 1027 exemplum
1827 984 1974 1021 Davidis
1997 1001 2114 1024 come-

1124 1030 1239 1063 dentis
1261 1042 1367 1074 panes
1384 1032 1635 1075 propositionis
1654 1040 1717 1068 etc.

1226 1081 1294 1114 Sed
1324 1079 1510 1115 Balthasar
1542 1080 1598 1116 hic
1626 1083 1824 1128 prophanat
1854 1101 1908 1122 res
1939 1090 2112 1126 divinitus

1123 1140 1352 1172 consecrataS,
1376 1140 1408 1165 et
1426 1133 1523 1166 addit
1540 1132 1787 1178 blasphemias,
1816 1138 1895 1172 ideo
1915 1142 2009 1174 enim
2028 1155 2112 1187 pro-

1123 1182 1274 1227 phanat,
1310 1190 1347 1216 111
1380 1185 1541 1217 ostendat
1573 1196 1608 1217 se
1637 1197 1709 1218 esse
1739 1184 1871 1222 bostra.
1898 1191 1984 1232 Dei,
2022 1194 2113 1228 sicut

1124 1241 1235 1267 textus
1252 1235 1342 1267 clare
1354 1234 1453 1267 dicit:
1483 1234 1693 1270 Laudabant
1706 1236 1797 1272 Deos
1814 1252 1948 1281 aureos,
1975 1244 2112 1287 ligneos

1122 1293 1186 1319 etc.
1237 1285 1337 1318 Sicut
1362 1285 1455 1317 enim
1484 1284 1642 1318 lulianus
1675 1289 1858 1323 restituere
1891 1301 2037 1328 conatus
2061 1303 2111 1330 est

1122 1336 1340 1368 idolatriam:
1378 1335 1425 1369 ita
1450 1333 1508 1368 hic
1525 1334 1712 1370 Balthasar
1727 1340 1934 1376 adiunxerat
1952 1345 2019 1377 sibi
2045 1343 2112 1379 ho-

1120 1393 1187 1420 stes
1208 1398 1309 1419 verae
1325 1386 1518 1426 doctrinae,
1540 1392 1573 1420 et
1589 1387 1739 1423 faciebat
1756 1401 1852 1433 spem
1872 1396 2111 1430 restituendae

1121 1437 1314 1470 idolatriae.
1385 1435 1505 1479 Quare
1536 1438 1730 1481 prudenter
1762 1441 1993 1479 discernenda
2028 1454 2111 1481 sunt

1119 1489 1207 1522 sacta
1231 1486 1367 1522 Rachel
1400 1495 1433 1522 et
1457 1485 1693 1529 BalthasariS,
1726 1498 1765 1526 ut
1797 1492 1928 1529 similia
1959 1496 2110 1532 iudicari

1119 1540 1267 1584 possint.

1219 1589 1300 1624 Non
1318 1597 1437 1635 peccat
1453 1591 1514 1636 qui
1535 1603 1588 1625 res
1610 1594 1824 1638 templorum
1845 1598 1888 1630 ad
1915 1609 1999 1633 usus
2024 1612 2109 1645 pro-

1119 1639 1253 1685 plianos
1269 1642 1454 1682 transfert,
1481 1643 1632 1682 scilicet,
1660 1644 1688 1676 si
1705 1645 1740 1678 id
1760 1646 1837 1680 sine
1854 1649 1949 1682 furto
1967 1657 2001 1684 et
2017 1652 2125 1685 alio--

1116 1705 1195 1725 rum
1212 1692 1343 1725 iniuria
1363 1693 1431 1728 fiat.
1467 1691 1515 1726 Ut
1535 1694 1628 1726 enim
1647 1695 1780 1729 furtum
1798 1705 1865 1739 est,
1892 1700 1920 1732 si
1938 1701 2107 1744 privatus,

1115 1756 1168 1776 res
1188 1743 1259 1776 fisci
1278 1743 1431 1776 civitatis
1454 1743 1605 1784 auferat,
1628 1745 1702 1778 sine
1725 1747 1882 1789 legitimo
1905 1758 2107 1794 contractu,

1115 1795 1161 1827 ita
1179 1795 1311 1827 furtum
1331 1801 1390 1835 est,
1418 1794 1446 1827 si
1464 1794 1620 1838 privatus
1637 1796 1772 1842 aliquid
1789 1800 1923 1835 auferat
1940 1813 1979 1835 ex
1997 1804 2104 1838 rebus

1114 1845 1372 1885 ecclesiasticis,
1397 1845 1473 1878 sine
1495 1846 1586 1879 iusto
1612 1854 1808 1882 contractu.
1862 1850 2015 1887 Possunt
2040 1866 2105 1888 au-

1114 1903 1182 1928 tem
1216 1908 1270 1928 res
1304 1895 1571 1937 ecclesiasticae,
1606 1909 1668 1940 per
1693 1906 1894 1935 contractus
1918 1904 2104 1938 transferri

1113 1948 1156 1980 ab
1173 1946 1215 1979 iis
1235 1947 1295 1991 qui
1313 1947 1467 1990 legitime
1484 1947 1735 1983 administrant
1759 1962 1833 1993 eas,
1859 1964 1899 1986 ex
1925 1955 2104 1998 probabili

1113 2009 1213 2031 causa
1226 2022 1234 2035 ,
1263 1998 1352 2031 sicut
1369 1998 1457 2030 aliae
1472 2009 1525 2031 res
1544 1998 1628 2032 fisci.

1212 2047 1324 2082 Porro
1358 2048 1521 2093 superior
1551 2047 1746 2092 Dominus,
1788 2060 1828 2088 111
1857 2054 2022 2089 defensor
2053 2064 2103 2091 est

1111 2100 1261 2133 aliorum
1295 2100 1520 2144 publicorum
1551 2100 1750 2143 honorum,
1783 2104 1831 2137 sic
1861 2112 1911 2138 est
1938 2107 2103 2142 defensor

1111 2150 1424 2185 ecclesiasticorum
1447 2151 1646 2193 bonorum,
1672 2150 1720 2186 Et
1736 2160 1775 2187 ut
1794 2154 1963 2199 principis
1988 2157 2101 2191 inter—

1111 2209 1178 2242 est,
1212 2202 1239 2234 si
1263 2202 1386 2236 civitas
1413 2202 1507 2235 hona
1530 2200 1604 2236 fisci
1631 2203 1722 2237 male
1745 2206 1990 2248 administrat,
2036 2221 2100 2243 cu-

1110 2264 1188 2287 rare
1211 2258 1250 2286 ut
1274 2253 1479 2298 diligentius
1505 2259 1537 2287 et
1560 2253 1683 2288 utilius
1711 2255 1944 2290 collocentur:
1981 2257 2028 2292 ita
2055 2261 2100 2293 de

1109 2303 1336 2338 facultatibus
1368 2304 1609 2337 ecclesiasticis
1639 2304 1784 2340 interest
1807 2307 2011 2352 principum
2034 2322 2097 2344 cu-

1110 2366 1204 2396 rare,
1237 2362 1277 2390 ut
1300 2355 1383 2388 inde
1407 2355 1548 2388 alantur
1572 2354 1689 2388 idonei
1712 2356 1874 2390 doctores
1899 2364 1932 2392 et
1958 2358 2098 2395 schola-

1110 2406 1198 2447 stici,
1211 2404 1259 2441 Et
1275 2406 1304 2439 si
1320 2407 1490 2440 fruuntur
1506 2405 1554 2437 eis
1572 2402 1883 2450 hostesEvangelii
1900 2416 1959 2443 aut
1975 2411 2097 2453 ociosi,

1109 2458 1241 2491 debent
1258 2469 1381 2492 curare
1396 2463 1435 2490 ut
1453 2454 1508 2489 his
1524 2456 1668 2490 remotis
1686 2454 1848 2492 homines
1864 2459 1987 2494 idonei
2008 2464 2095 2498 sub-

1109 2509 1312 2543 stituantur.
1366 2507 1466 2541 Sicut
1481 2506 1518 2538 in
1538 2506 1578 2540 C.
1603 2507 1835 2552 praecipitur,
1863 2516 1898 2545 et
1921 2511 2095 2557 scriptura

1109 2559 1241 2604 inquit:
1280 2557 1351 2600 Qui
1372 2570 1444 2589 11011
1462 2557 1616 2597 laborat,
1644 2570 1716 2592 non
1735 2561 1934 2595 manducet.

1212 2608 1331 2652 Quare
1354 2607 1486 2650 singuli
1517 2607 1694 2652 principes
1724 2609 1761 2642 in
1793 2611 1867 2646 suis
1896 2613 2093 2648 ditionibus

1528 2706 1577 2744 54
