2379 2948
261 80 334 117 955

536 166 575 188 De
597 163 802 188 Ptolemaeo
821 161 972 193 Everqete.

367 213 420 249 El
443 214 554 249 stabit
581 212 622 247 de
651 212 812 259 germine
837 210 975 247 radicis
1001 212 1075 247 eius
1099 213 1137 247 in
1171 211 1249 246 loco

266 280 348 307 suo,
377 271 407 299 et
435 266 543 298 reniet
568 277 645 298 cum
668 263 825 297 exercita
849 269 974 299 contra
1000 276 1114 310 regem
1131 261 1249 311 Aqui-

267 316 386 357 lonis,
421 317 453 349 id
475 322 541 355 est,
570 315 790 349 Ptolemaeus
812 314 1000 359 Evergetes
1017 316 1124 349 frater
1141 314 1248 348 Bere-

267 369 361 401 nices
384 367 572 400 ulciscetur
598 367 728 400 sororis
754 378 892 407 necem,
928 373 961 400 et
996 374 1089 410 geret
1115 364 1248 398 bellum

267 419 432 451 adversus
448 417 633 451 Seleucum
650 416 860 450 Callinicum
871 442 880 456 ‚
907 428 1050 460 magnas
1066 417 1170 449 urbes
1182 415 1250 461 Sy-

268 469 339 502 riae
362 468 490 512 capiet,
518 475 550 501 et
574 468 704 502 auferet
721 465 904 502 thesauros
928 475 961 501 et
977 468 1163 501 simulacra
1181 465 1249 511 Sy-

267 519 371 554 riaca.
422 518 505 551 Ideo
528 518 660 552 dicitur
673 518 709 552 in
734 525 847 553 textu:
875 516 1006 551 Etiam
1026 516 1082 550 dii
1098 515 1248 550 illorum

268 574 298 603 et
324 568 526 615 principes,
564 573 594 602 et
626 581 714 602 vasa
742 568 905 616 preciosa
930 568 1077 614 argenti
1105 572 1135 600 el
1164 566 1252 600 auri

271 617 442 653 cehentur
475 619 513 652 in
543 617 760 667 Aegyptam.
821 619 891 654 Sed
921 632 980 652 rex
1005 617 1137 653 Austri.
1166 617 1250 651 Pto-

269 671 422 705 lemaeus
443 670 630 714 Evergetes
655 671 759 705 rediit
780 670 818 703 in
841 670 1055 715 Aegyptum:
1089 681 1171 702 nam
1195 669 1250 701 in-

269 722 407 755 testinis
438 722 672 756 seditionibus
705 727 885 755 revocatus
917 721 996 754 fecit
1028 732 1146 764 pacem
1171 731 1251 753 cum

270 771 417 806 Seleuco
434 772 617 806 Callinico.
670 771 715 806 Et
732 770 798 805 hoc
817 778 971 815 tempore
982 770 1171 815 Evergetes
1187 771 1251 803 tri-

270 824 353 857 buta
370 823 498 856 indixit
516 822 676 857 Iudaeae.

322 914 364 939 De
384 914 568 939 Antiocho
590 914 710 945 Magno,
729 914 758 937 et
778 912 987 937 Ptolemaeo
1008 912 1201 943 Philopatore.

374 964 427 999 Et
444 964 525 1010 filii
552 964 657 999 illins
687 957 955 1004 irritabantur,
993 968 1024 998 et
1054 975 1253 1009 congrega-

272 1016 361 1051 bunt
386 1016 581 1057 exercitus,
614 1021 644 1049 et
679 1014 789 1048 veniet
819 1015 981 1059 veniens,
1016 1016 1052 1048 id
1078 1022 1147 1054 est,
1176 1015 1253 1048 An-

271 1066 409 1102 tiochus
427 1068 597 1110 Magnus,
623 1067 715 1099 filius
731 1065 869 1100 Seleuci
892 1065 1075 1107 Callinici,
1103 1066 1253 1108 flagrans

272 1119 462 1163 cupiditate
478 1118 609 1161 gloriae
627 1117 807 1158 militaris,
835 1118 962 1151 inseret
984 1118 1118 1151 bellum
1135 1115 1254 1150 Ptole-

271 1182 371 1203 maeo
385 1167 626 1213 Philopatori‚
653 1175 685 1202 et
703 1168 844 1213 quidem
862 1169 965 1201 initio
983 1168 1100 1202 statim
1117 1168 1254 1212 aliquas

271 1221 375 1254 urbes
399 1220 436 1252 in
461 1219 563 1265 Syria
589 1219 752 1264 recipiet,
785 1219 970 1263 occupabit
995 1220 1100 1253 etiam
1119 1218 1254 1263 aliquas

271 1272 309 1305 in
340 1269 535 1311 Phoenice,
578 1282 667 1315 quae
704 1277 893 1313 paruerant
925 1269 1119 1315 Aegyptiis,
1176 1267 1255 1302 Etsi

271 1329 388 1357 autem
418 1319 628 1365 Philopator
658 1322 756 1354 tarde
786 1322 938 1355 occurrit
965 1320 1058 1354 hosti
1084 1321 1156 1353 fere
1190 1331 1254 1352 an-

271 1385 357 1407 num
374 1373 411 1405 in
428 1379 595 1416 apparatu
613 1372 697 1405 belli
715 1383 924 1405 consumens
936 1399 944 1412 ‚
970 1378 1087 1405 tamen
1112 1371 1253 1403 tandem

272 1423 494 1468 expeditione
510 1429 667 1466 suscepta
684 1423 726 1455 ad
743 1419 919 1465 Raphiam
935 1422 1032 1455 ducit
1049 1421 1252 1454 exercitum:

272 1475 323 1508 ihi
346 1474 478 1518 praelio
503 1474 688 1507 commisso
709 1473 841 1513 vincet,
869 1473 1004 1518 inquit,
1033 1469 1253 1505 Antiochum

271 1525 463 1568 Magnum,
491 1531 523 1558 et
545 1524 766 1567 recuperabit
791 1523 895 1556 urbes
911 1524 948 1556 in
971 1522 1071 1568 Syria
1088 1529 1119 1555 et
1138 1520 1253 1555 Phoe-

272 1577 349 1609 nice
365 1576 526 1613 amissas‚
554 1581 588 1608 et
603 1581 701 1617 coget
716 1572 933 1607 Antiochum
952 1585 1071 1617 pacem
1089 1579 1217 1616 petere.

372 1632 425 1665 Et
442 1632 641 1666 elevabitur
665 1644 722 1665 cor
743 1630 835 1671 eius,
871 1635 900 1664 et
921 1635 1121 1678 prosternet
1133 1628 1254 1677 pluri-

272 1697 370 1724 11105,
403 1689 433 1717 et
457 1695 529 1716 non
558 1680 855 1727 confirmabitur,
882 1684 917 1716 id
945 1689 1013 1723 est,
1047 1680 1255 1726 Philopator

272 1737 337 1769 erit
353 1735 561 1769 insolentior
579 1742 611 1768 et
627 1734 806 1769 furiosior.
862 1733 904 1766 ln
927 1734 1015 1766 urbe
1041 1732 1254 1777 lerosolyma

271 1787 441 1831 templum
475 1783 697 1830 prophanare
729 1785 933 1825 conabitur,
967 1791 999 1818 et
1025 1795 1184 1817 reversus
1216 1783 1253 1815 in

272 1836 469 1883 Aegyptum
494 1838 596 1870 dedet
620 1848 654 1869 se
679 1836 860 1878 flagitiosis
884 1835 1115 1875 lihidinibus,
1143 1834 1254 1867 inter-

270 1889 359 1922 fecta
385 1900 507 1923 uxore.
558 1885 744 1920 Exercebit
767 1893 799 1920 et
830 1887 867 1919 in
891 1886 1038 1920 ludaeos
1066 1885 1253 1919 crudelita-

271 1945 359 1977 tem,
390 1938 531 1971 obiiciet
561 1938 794 1970 conterendos
823 1935 1036 1981 elephantis,
1076 1937 1156 1969 ideo
1186 1936 1253 1968 cito

272 1989 411 2033 peribit.
466 1987 504 2021 ld
530 1988 702 2031 significat
726 1995 856 2029 textus,
884 2001 962 2021 cum
981 1988 1044 2021 ait:
1072 1986 1152 2020 Non
1171 1998 1255 2019 con-

272 2040 479 2080 fortabitur,
506 2039 541 2072 id
561 2046 628 2079 est,
652 2051 724 2071 non
744 2039 805 2071 diu
829 2046 1003 2082 superstes
1019 2038 1104 2079 erit,
1130 2037 1256 2070 misere

271 2091 412 2134 peribit.

375 2148 452 2181 Hoc
469 2155 625 2192 tempore
647 2147 782 2181 duriter
796 2147 924 2180 afflicta
945 2154 994 2180 est
1010 2147 1155 2188 Iudaea,
1181 2148 1253 2191 pri-

273 2212 370 2233 mum
387 2200 479 2233 enim
497 2212 531 2232 se
549 2199 757 2232 adiunxerat
774 2195 952 2231 Antiocho
970 2210 1109 2240 magno,
1137 2205 1254 2242 postea

272 2252 315 2283 ab
341 2251 513 2296 Aegyptio
551 2261 676 2293 magna
708 2249 853 2293 pecunia
880 2249 1024 2281 multata
1057 2256 1126 2289 est,
1161 2249 1253 2282 etin

273 2300 431 2347 Aegypto
450 2301 574 2344 passim
592 2301 629 2333 in
648 2299 795 2334 Iudaeos
815 2300 985 2333 saevitum
1001 2305 1064 2340 est,
1091 2306 1129 2332 ut
1146 2299 1230 2333 dixi.

340 2392 382 2415 De
399 2390 584 2414 Antiocho
604 2389 726 2421 Mayno,
749 2391 775 2414 et
795 2389 1004 2414 Ptolemaeo
1023 2388 1185 2419 Epiphane-

373 2440 424 2473 Et
445 2445 634 2473 revertetur
650 2451 714 2473 rex
725 2438 933 2486 Aquilonis,
961 2443 991 2472 et
1007 2436 1156 2471 adducet
1173 2451 1253 2471 ma-

274 2491 382 2524 iorem
400 2489 689 2531 multitudinem,
723 2503 834 2537 quam
854 2495 981 2532 antea,
1009 2491 1043 2523 id
1063 2497 1131 2531 est,
1158 2503 1253 2523 mor-

272 2551 333 2576 tuo
365 2540 591 2585 Philopatore
618 2539 817 2575 Antiochus
856 2541 1009 2584 Blagnus
1042 2541 1253 2575 instaurabit

271 2593 422 2631 bellum,
465 2604 604 2635 sperans
635 2593 772 2625 facilem
811 2593 886 2625 fore
916 2592 1116 2632 victoriam,
1156 2594 1250 2636 quod

271 2651 363 2677 aetas
386 2642 578 2676 Ptolemaei
602 2641 799 2686 Epiphanis
825 2644 986 2677 nondum
1012 2644 1138 2676 idonea
1164 2650 1252 2676 esset

854 76 981 116 PHIL.
1007 75 1124 116 MEL.
1151 73 1359 113 SCRIPTA
1383 73 1684 112 EXEGETICA.

2208 78 2283 114 936

1299 161 1404 195 rebus
1427 161 1598 204 gerendis.
1658 159 1872 206 Quanquam
1895 166 2011 195 autem
2034 161 2184 197 Senatus
2206 160 2284 196 Ro-

1299 224 1423 245 manus
1448 212 1591 246 tutelam
1618 212 1709 254 regis
1733 212 1896 257 Aegyptii
1923 219 2139 256 susceperat,
2165 220 2283 248 tamen

1299 263 1381 308 quia
1406 263 1581 296 sociorum
1605 262 1734 296 auxilia
1761 263 1874 296 solent
1896 273 1968 295 esse
1991 263 2166 304 tardiora,
2202 262 2282 297 An·-

1299 310 1436 346 tiochus
1452 313 1605 357 Magnus
1622 314 1841 357 recuperavit
1859 313 1998 358 Syriam
2023 320 2055 346 et
2071 310 2284 355 Phoenicen,

1299 364 1486 408 profligato
1520 364 1694 405 exercitu,
1728 376 1831 410 quem
1856 363 2051 410 Aegyptius
2078 363 2118 396 in
2145 362 2284 410 Syriam

1300 415 1389 448 duce
1407 414 1520 459 Scopa
1536 415 1690 451 miserat.

1403 483 1447 515 Et
1470 480 1509 514 in
1526 485 1679 529 tempore
1704 478 1773 515 illo
1789 478 1901 514 multi
1919 479 2071 515 stabunt
2088 484 2213 514 contra
2232 492 2286 514 re-

1299 543 1380 576 gern
1404 529 1581 579 Aegypti,
1615 533 1651 565 id
1676 539 1744 573 est,
1780 530 1979 566 Antiochus
2004 531 2157 575 Magnus
2182 532 2287 566 faciet

1302 583 1426 615 foedus
1443 595 1521 616 cum
1536 581 1704 627 Philippo
1719 594 1798 626 rege
1813 582 2044 617 Macedonico
2055 608 2064 625 ‚
2091 583 2154 628 qui
2171 583 2287 617 mittet

1303 633 1432 666 auxilia
1452 634 1619 667 adversus
1635 632 1837 679 Aegyptios.

1409 698 1462 733 Et
1470 696 1554 745 filii
1567 700 1878 746 praevaricatores
1892 698 2024 746 populi
2037 699 2095 734 tui
2108 698 2289 734 extollen-

1304 754 1382 792 tur,
1414 756 1452 785 at
1470 749 1649 797 impleant
1666 750 1838 784 visionem
1861 755 1891 783 et
1913 755 2088 786 corruent.
2139 751 2233 795 Quia
2248 751 2288 784 in

1303 798 1359 836 his
1384 802 1486 836 hellis
1511 802 1648 848 Syriam
1672 802 1838 846 utrinque
1861 803 2138 845 populabantur,
2165 810 2198 836 et
2220 801 2289 847 Sy-

1304 853 1389 887 riaci
1416 853 1588 886 exercitus
1606 859 1640 886 et
1660 851 1845 898 Aegyptii,
1870 853 2073 887 defecerunt
2095 866 2115 887 a
2141 853 2217 897 lege
2233 852 2289 886 di-

1305 905 1388 938 vina
1413 903 1515 937 multi
1535 902 1678 942 Iudaei,
1712 903 1773 948 qui
1805 903 2005 936 militabant
2037 905 2132 948 apud
2160 903 2290 948 impios

1305 966 1419 998 reges,
1442 961 1482 988 ut
1497 961 1645 988 testatur
1661 960 1695 987 et
1709 954 1882 987 secundus
1896 954 1987 987 liber
2004 953 2289 990 Macabaeorum.

1305 1004 1352 1039 Et
1375 1005 1566 1038 multitudo
1594 1004 1804 1038 Iudaeorum
1828 1004 2072 1048 commigravit
2093 1005 2131 1037 in
2147 1005 2290 1050 Aegyp-

1306 1063 1400 1098 tum,
1426 1063 1464 1090 ut
1481 1056 1728 1100 tranquilliore
1744 1055 1821 1088 loco
1840 1056 1937 1089 sedes
1955 1062 2147 1101 quaereret.

1287 1129 1305 1145 ο
1405 1113 1493 1149 Erat
1515 1121 1598 1148 tunc
1621 1114 1779 1158 pontifex
1803 1112 1917 1148 Onias
1939 1114 1977 1147 in
2001 1115 2088 1148 urbe
2114 1113 2290 1159 lerosoly-

1305 1178 1382 1207 ma,
1408 1166 1508 1199 cuius
1530 1165 1643 1199 virtus
1666 1172 1700 1199 et
1725 1165 1835 1209 pietas
1859 1165 2057 1199 celebratur
2080 1165 2118 1198 in
2134 1165 2288 1199 secundo

1306 1217 1399 1251 libro
1426 1216 1710 1251 Macabaeorum.
1762 1214 1856 1249 Huic
1886 1216 2128 1261 pontificatum
2154 1217 2290 1260 eripere

1308 1267 1411 1301 Iason
1427 1267 1534 1301 frater
1550 1267 1761 1308 conabatur,
1789 1267 1889 1300 cuius
1909 1275 2028 1312 postea
2046 1267 2180 1301 mentio
2197 1268 2235 1301 fit
2251 1267 2290 1299 in

1306 1317 1453 1352 historia
1485 1317 1771 1353 Macabaeorum.
1829 1317 1924 1352 Haec
1957 1319 2146 1352 certamina
2177 1318 2291 1352 filium

1307 1368 1423 1403 Oniae
1438 1369 1613 1413 pontificis
1628 1366 1761 1401 Oniam
1776 1376 1983 1410 moverunt,
2008 1375 2048 1402 ut
2063 1380 2103 1402 ex
2121 1369 2232 1413 patria
2250 1369 2288 1402 in

1307 1418 1505 1465 Aegyptum
1523 1419 1715 1459 secederet,
1742 1420 1836 1464 quod
1856 1420 1952 1452 domi
1967 1431 1986 1453 a
2003 1426 2129 1463 patruo
2146 1420 2213 1453 sibi
2232 1420 2290 1452 in·-

1305 1471 1412 1503 sidias
1439 1470 1528 1503 strui
1552 1469 1725 1505 sensisset.
1778 1468 1868 1503 Cum
1895 1470 2003 1512 igitur
2020 1481 2146 1513 magna
2164 1471 2203 1503 in
2218 1470 2291 1504 Ae-

1306 1527 1412 1566 gypto
1444 1520 1635 1553 multitudo
1663 1526 1750 1554 esset
1778 1518 2012 1561 Iudaeorum,
2044 1526 2077 1554 et
2102 1528 2188 1555 esset
2219 1532 2290 1554 una

1306 1570 1481 1615 pontificis
1514 1570 1606 1602 filius
1637 1567 1768 1611 Onias,
1802 1576 1842 1603 ut
1874 1571 2017 1604 exilium
2043 1572 2162 1606 minus
2191 1572 2290 1606 triste

1307 1627 1413 1662 esset,
1439 1621 1533 1653 nacti
1566 1621 1664 1653 sedes
1686 1619 1889 1664 Heliopoli,
1923 1622 2085 1665 politiam
2112 1621 2291 1656 Iudaicam

1306 1672 1357 1705 ibi
1374 1672 1610 1712 constituunt,
1636 1677 1669 1704 et
1685 1672 1783 1716 quasi
1801 1672 2054 1717 lerosolymam
2076 1673 2221 1706 alteram
2239 1680 2291 1708 te-

1306 1728 1448 1763 nentes,
1483 1722 1655 1766 templum
1685 1722 1735 1755 ibi
1764 1724 1922 1756 condunt
1956 1724 2181 1758 sacrificaturi
2218 1724 2291 1758 ritu

1306 1773 1484 1811 Levitico,
1513 1785 1591 1805 cum
1617 1780 1733 1807 tamen
1756 1772 1853 1806 Deus
1877 1785 1950 1806 non
1974 1774 2042 1808 nisi
2062 1775 2206 1808 unicum
2228 1787 2290 1809 seu

1307 1823 1574 1858 tabernaculum
1592 1835 1652 1856 seu
1668 1823 1836 1866 templum
1855 1835 1928 1857 esse
1945 1825 2113 1867 voluerit,
2137 1833 2170 1859 et
2188 1826 2290 1869 plura

1307 1874 1413 1908 condi
1436 1885 1594 1918 expresse
1620 1871 1860 1918 prohibuerit,
1888 1881 1920 1908 et
1942 1876 2086 1919 quidem
2112 1888 2288 1921 nusquam

1307 1925 1376 1958 nisi
1393 1925 1431 1957 in
1448 1931 1539 1958 terra
1556 1923 1700 1958 Canaan
1717 1925 1823 1958 condi
1839 1925 2000 1960 voluerit.
2039 1925 2091 1960 Ita
2107 1927 2290 1960 doctrinae

1308 1987 1498 2010 consensus
1521 1975 1658 2009 facilius
1683 1976 1827 2009 retineri
1852 1982 2005 2019 poterat,
2040 1983 2072 2010 et
2096 1979 2289 2017 constabat,

1308 2039 1377 2072 quo
1395 2027 1472 2059 loco
1493 2038 1560 2059 vox
1578 2024 1643 2059 Dei
1658 2032 1797 2060 sonaret
1812 2033 1846 2060 et
1863 2033 2127 2070 propagaretur.

1409 2082 1487 2117 Etsi
1504 2091 1618 2117 autem
1632 2096 1649 2116 a
1668 2083 1822 2124 Iudaeis,
1850 2085 1911 2129 qui
1924 2083 2160 2118 Alexandriae
2179 2093 2289 2126 erant,

1308 2135 1575 2179 improbabatur
1599 2135 1792 2167 aedificatio
1817 2135 1902 2167 novi
1927 2135 2068 2179 templi,
2095 2143 2211 2169 tamen
2230 2148 2289 2170 su-

1307 2186 1467 2230 perstitio
1504 2185 1598 2218 vicit.
1665 2182 1779 2218 Onias
1819 2192 1941 2219 contra
1979 2187 2186 2220 mandatum
2220 2186 2289 2221 Dei

1307 2237 1477 2280 templum
1497 2235 1642 2275 extruit,
1669 2236 1837 2269 sacrificia
1860 2237 1976 2270 alieno
2003 2237 2080 2270 loco
2097 2237 2189 2273 facit.
2241 2236 2288 2272 Et

1306 2300 1351 2321 ne
1367 2289 1500 2321 deesset
1525 2292 1738 2330 praetextus,
1766 2287 1846 2320 citat
1863 2285 2025 2329 Esaiam,
2054 2289 2115 2332 qui
2139 2300 2212 2332 cap.
2231 2288 2287 2323 19.

1307 2338 1442 2383 inquit:
1478 2337 1520 2370 In
1543 2337 1599 2370 die
1621 2337 1681 2370 illa
1704 2338 1769 2370 erit
1801 2338 1907 2372 altare
1928 2338 2073 2372 Domini
2098 2339 2136 2371 in
2170 2339 2286 2373 medio

1307 2397 1417 2423 terrae
1439 2386 1629 2433 Aegyptiae
1645 2394 1705 2423 etc.
1759 2387 1835 2422 Hoc
1858 2401 1936 2422 cum
1962 2390 2099 2423 dicatur
2123 2390 2165 2422 de
2184 2402 2288 2424 voca-

1306 2440 1401 2474 tione
1417 2438 1587 2472 Gentium
1605 2445 1637 2471 et
1661 2441 1703 2472 de
1725 2436 1937 2483 Evangelio,
1963 2440 2055 2484 quod
2080 2446 2118 2472 ut
2136 2447 2287 2475 caeteras

1305 2498 1442 2534 gentes,
1471 2490 1518 2523 ita
1537 2495 1569 2522 et
1592 2489 1784 2535 Aegyptios
1808 2492 1850 2523 ad
1877 2491 2092 2534 agnitionem
2115 2489 2198 2523 Filii
2215 2492 2287 2525 Dei

1305 2548 1338 2575 et
1361 2541 1451 2574 vitae
1474 2538 1633 2573 aeternae
1657 2547 1861 2574 vocaturum
1885 2548 1975 2582 erat,
2004 2538 2117 2574 Onias
2139 2542 2286 2576 detorsit

1305 2593 1347 2625 ad
1367 2604 1467 2624 snum
1493 2592 1690 2624 consilium.
1746 2591 1796 2624 Ita
1819 2592 2025 2635 impostores
2049 2599 2109 2625 aut
2124 2592 2285 2626 fascinati

1304 2643 1421 2688 pravis
1437 2642 1685 2686 opinionibus,
1712 2642 1877 2675 omnibus
1900 2643 2114 2686 temporibus
2130 2643 2284 2677 abutun—
