2379 2948
0 194 1 218 t
8 183 27 214 ό

121 101 221 139 1453

117 200 188 234 quo
214 188 309 222 dono
333 196 451 233 postea
478 188 624 224 dicetur.

117 239 252 273 dictum
279 240 458 277 adiiciam.

116 290 216 324 omni
235 291 390 333 nationi,
418 298 452 325 et
473 292 603 325 iudicia
627 304 687 326 sua
705 304 778 326 non
795 293 1031 326 manifestavit
1048 294 1108 329 eis.

218 340 366 375 Ethnici
389 343 544 376 fatentur
565 354 600 375 se
623 341 715 376 nihil
742 345 784 376 de
800 342 874 377 Deo
899 344 983 377 certi
1006 345 1107 387 scire,

115 404 188 425 non
214 390 345 426 habere
369 394 533 427 traditam
561 394 758 427 doctrinam
791 395 982 435 divinitus,
1015 393 1107 428 nihil

113 443 202 476 scire
221 444 304 477 certi
323 445 366 477 de
382 444 452 477 vita
471 451 623 480 aeterna.
676 445 771 478 Haec
789 446 944 479 fatentur
960 444 1106 479 Ethnici

114 506 154 527 ex
180 495 340 527 omnium
360 496 516 538 gentium
535 493 703 529 historiis.
758 494 805 529 Et
830 509 1031 542 quanquam
1057 498 1106 530 ri-

112 546 199 579 dent
214 543 424 587 Ecclesiam,
452 546 668 580 iactitantem
695 559 729 580 se
757 544 886 581 habere
902 553 1040 582 'certam
1061 550 1104 582 de

109 596 190 631 Deo
214 597 431 638 doctrinam,
454 604 572 631 tamen
600 598 667 642 ipsi
693 598 790 643 prius
813 612 910 632 suam
936 600 1106 643 ignoran-

111 648 198 681 tiam
215 648 448 689 confitentur,
477 656 595 693 postea
614 650 786 683 damnant
811 651 941 694 ignota.
997 650 1104 694 Quod

110 710 194 732 vero
211 696 368 732 Ecclesia
386 712 459 732 non
475 700 520 733 sit
540 700 672 733 incerta
690 702 732 734 de
748 702 856 734 verbo
874 710 1026 746 accepto,
1052 709 1103 736 te-

110 757 222 784 statur
238 756 310 783 tota
330 748 476 784 historia
491 752 614 795 populi
636 751 755 787 Israe'l.
792 752 881 786 'Nam
900 753 1018 786 omnia
1038 754 1105 786 mi-

679 188 782 223 Prius
806 190 900 223 enim
927 197 960 224 et
978 189 1110 224 Psalmi

740 103 800 139 IX.
854 101 1218 139 COMMENTARII
1244 102 1295 138 IN
1320 101 1565 142 PSALMOS.

513 239 606 274 Psal.
638 241 737 276 147.:
773 240 854 275 Non
887 242 970 275 fecit
992 242 1137 275 taliter¹

1133 339 1136 392 l

1133 394 1135 418 t

1133 423 1135 457 l

1133 463 1134 484 t

1132 490 1134 520 Ι

1132 583 1134 611 l

1131 615 1133 654 4

1131 680 1133 707 t

110 801 228 834 racula
246 801 407 835 omnium
432 809 631 846 temporum
651 803 687 835 in
705 804 837 848 populo
857 802 939 844 Dei,
967 805 1105 851 praeci·
1130 833 1131 841 ,

109 864 178 896 pue
197 852 291 886 edita
310 860 393 887 sunt
411 860 554 898 propter
573 851 664 887 hanc
682 866 832 895 causam,
859 861 897 887 ut
915 855 1033 887 dicant
1053 862 1104 888 te-

109 903 317 936 stimonium
342 905 386 937 de
410 902 476 937 hoc
498 905 628 943 verbo,
658 905 811 938 revelato
837 918 899 949 per
927 912 1042 949 patres
1071 913 1103 938 et

110 952 325 998 Prophetas,
362 962 395 989 et
417 962 488 989 tota
507 955 630 999 politia
655 957 777 1000 populi
799 955 866 989 Dei
896 964 1101 990 conservata

108 1012 159 1039 est
189 1013 333 1050 propter
364 1004 457 1039 hanc
483 1018 641 1047 causam,
677 1015 716 1041 ut
745 1015 832 1041 esset
855 1015 971 1042 custos
996 1006 1102 1041 huius

107 1057 227 1097 verbi,
263 1063 296 1090 et
321 1063 415 1090 certo
440 1057 643 1091 testimonio
669 1055 736 1091 hoc
761 1060 907 1092 verbum
930 1070 1102 1104 propaga-

107 1113 216 1141 retur.

207 1158 265 1192 Ad
283 1156 366 1192 haec
383 1159 584 1193 testimonia
604 1160 747 1193 accessit
765 1161 983 1194 resuscitatio
1003 1174 1098 1195 mor-

106 1216 269 1251 tuorum,
303 1211 393 1244 facta
420 1223 482 1255 per
511 1209 649 1250 Etiam,
683 1210 886 1254 Elisaeum,
914 1210 1098 1246 Christum

105 1267 139 1295 et
157 1260 362 1305 Apostolos,
415 1261 511 1295 Haec
528 1263 747 1296 convincunt
767 1263 871 1296 etiam
894 1271 1033 1305 gentes,
1061 1272 1100 1298 ut

104 1313 257 1346 maxime
284 1313 470 1357 praefracti
498 1311 678 1355 homines,
713 1321 746 1347 et
772 1315 932 1358 impediti
965 1315 1099 1360 laqueis
1126 1331 1127 1342 π

104 1363 240 1397 diaboli
259 1371 457 1408 repugnent
476 1365 615 1406 agnitae
637 1365 790 1398 veritati.
845 1364 958 1397 Nobis
982 1372 1098 1398 autem

103 1421 182 1448 sunt
207 1415 290 1447 satis
315 1421 406 1447 certa
431 1414 656 1454 testimonia,
684 1426 749 1446 nos
772 1414 901 1447 scimus
925 1413 1016 1448 hanc
1034 1418 1098 1449 do-

102 1466 255 1499 ctrinam
272 1478 290 1498 a
308 1464 384 1498 Deo
403 1465 505 1499 certis
522 1472 554 1498 et
574 1477 647 1497 non
664 1465 868 1499 fallentibus
886 1467 1097 1500 testimoniis

104 1523 283 1560 acceptam
301 1528 385 1551 esse.

204 1567 345 1602 Scimus
363 1573 396 1600 et
414 1564 500 1606 hoc,
528 1566 811 1611 antiquissimam
831 1579 903 1601 esse
923 1565 1015 1601 hanc
1032 1570 1096 1602 do-

101 1619 271 1659 ctrinam,
299 1625 333 1652 et
351 1618 500 1662 primam
518 1619 680 1652 omnium
696 1619 739 1651 de
756 1616 844 1652 Deo.
881 1618 986 1652 Nulla
1003 1621 1096 1653 enim

101 1682 184 1714 gens
210 1667 315 1704 habet
335 1667 519 1703 historiam
547 1670 656 1702 ullam
681 1671 723 1703 de
751 1670 862 1703 initiis
886 1672 1010 1704 mundi
1026 1699 1035 1712 ,
1063 1678 1096 1704 et

101 1729 193 1756 certa
220 1721 308 1755 serie
333 1733 522 1755 annorum.
577 1720 671 1753 Haec
697 1721 836 1765 copiose
860 1729 1002 1765 possent
1024 1729 1095 1756 tra-

100 1773 207 1812 ctari,
233 1779 266 1806 et
285 1780 367 1806 sunt
387 1772 617 1815 cogitationes
635 1772 703 1816 piis
730 1773 835 1805 utiles
856 1779 888 1806 et
915 1771 1095 1815 honestae,

100 1831 133 1858 et
152 1822 239 1858 haec
263 1824 336 1868 ipsa
363 1824 625 1868 praerogativa,
653 1824 681 1856 si
700 1824 864 1857 volumus
891 1836 972 1857 vere
999 1825 1094 1858 iudi-

100 1888 196 1914 care,
224 1886 350 1918 magna
367 1875 479 1918 gloria
497 1881 547 1908 est
557 1873 748 1911 Ecclesiae.
802 1875 871 1909 Sed
892 1876 1021 1919 gradus
1039 1889 1091 1910 se-

99 1938 210 1973 quens
227 1933 277 1960 est
294 1926 419 1961 maior.

201 1977 386 2011 Secundus
418 1977 546 2020 gradus
581 1989 621 2010 ex
659 1977 777 2021 priore
808 1977 931 2011 oritur.
994 1977 1090 2021 Quid

100 2035 212 2075 potest
228 2029 296 2062 dici
312 2028 436 2069 maius,
456 2027 655 2071 gloriosius,
680 2029 806 2062 melius
825 2035 857 2061 et
877 2030 1008 2072 gratius
1028 2027 1090 2063 ho-

99 2080 208 2118 mini,
237 2091 362 2125 quam,
389 2079 483 2125 quod
512 2091 593 2112 vere
616 2078 664 2112 ita
682 2091 717 2112 se
743 2091 797 2113 res
817 2077 964 2121 habeat,
993 2082 1088 2126 quod

98 2133 177 2167 Deo
200 2138 343 2164 aeterno
369 2130 546 2164 conditori
574 2142 678 2163 curae
700 2131 827 2171 simus,
862 2132 958 2174 quod
986 2145 1090 2165 exau-

98 2184 256 2224 diamur,
274 2181 528 2222 desendamur,
544 2182 726 2220 iuvemur,
753 2183 930 2216 donemur
949 2184 1016 2217 vita
1033 2196 1090 2216 ae-

97 2242 208 2270 terna.
263 2232 367 2266 Mens
389 2230 543 2267 humana
561 2233 664 2276 longe
680 2241 729 2267 est
749 2234 952 2277 angustior,
981 2247 1087 2280 quam

97 2293 137 2321 ut
158 2297 281 2330 capere
307 2291 441 2318 tantam
470 2284 719 2318 liberalitatem
741 2283 808 2319 Dei
829 2285 950 2329 possit.
1006 2285 1088 2320 Ideo

96 2349 170 2371 non
197 2336 406 2376 assentitur,
434 2336 516 2381 quia
541 2348 614 2369 non
641 2336 834 2370 arbitratur
857 2343 990 2370 tantam
1016 2350 1088 2371 esse

94 2388 161 2424 Dei
181 2387 398 2428 bonitatem,
424 2393 464 2421 ut
487 2398 521 2420 se
537 2387 586 2420 sic
603 2387 784 2429 demittat,
812 2395 845 2422 et
868 2388 1026 2422 effundat
1051 2390 1087 2422 in

95 2451 162 2474 nos
183 2451 243 2472 sua
270 2439 375 2473 bona.
429 2436 548 2481 Quare
573 2445 605 2472 et
633 2440 772 2482 profani
798 2440 947 2473 irrident
966 2438 1089 2473 Eccle-

96 2492 183 2526 siam
208 2488 293 2523 haec
310 2489 498 2523 iactantem
517 2491 560 2523 de
576 2488 643 2523 Dei
666 2491 873 2534 praesentia.
930 2490 998 2525 Sed
1018 2490 1087 2525 Ec-

95 2542 199 2576 clesia
223 2547 274 2574 est
297 2546 390 2573 certa
417 2553 456 2574 ex
473 2542 600 2581 verbo,
626 2547 659 2574 et
679 2542 842 2586 plurimis
859 2543 1084 2577 liberationi—

94 2595 176 2635 bus,
202 2604 288 2638 quas
303 2592 454 2625 subinde
471 2593 661 2637 experitur.

198 2642 353 2678 Econtra
372 2650 526 2677 caeterae
543 2650 662 2686 gentes
682 2644 838 2679 fatentur
856 2657 891 2680 se
909 2646 1085 2688 dubitare,

95 2708 140 2730 an
165 2696 201 2729 in
226 2695 453 2729 invocatione
477 2695 712 2734 exaudiantur
744 2707 761 2728 a
789 2695 875 2730 Deo.
933 2697 1007 2731 lmo
1034 2698 1085 2731 le-

2065 109 2162 144 1454

1163 197 1296 233 guntur
1310 190 1590 225 innumerabiles
1609 192 1677 225 loci
1704 192 1741 225 in
1762 193 1893 237 poetis,
1923 202 1955 228 et
1975 196 2052 228 aliis
2071 197 2157 229 scri-

1164 243 1344 286 ptoribuS‚
1371 243 1408 275 in
1426 243 1554 287 quibus
1580 244 1764 278 manifesta
1785 245 1957 278 confessio
1983 255 2031 280 est
2049 248 2155 280 dubi—

1162 294 1306 327 tationis
1325 294 1367 326 de
1387 294 1628 337 providentia,
1657 302 1697 329 ut
1716 296 1810 339 apud
1831 295 1975 339 Virgil.:

1376 363 1420 389 An
1444 368 1472 390 te
1495 364 1625 400 genitor,
1647 373 1712 391 culn
1734 363 1858 392 fulmina
1882 371 2019 402 torques,

1287 403 1490 442 Nequicquam
1516 404 1692 433 horremus?
1717 413 1773 434 etc.

1161 471 1229 506 Sed
1259 472 1302 505 de
1325 470 1482 506 Ecclesia
1515 474 1631 519 inquit
1653 474 1806 516 Moises,
1841 482 1879 509 ut
1904 482 2006 508 antea
2033 475 2152 518 citavi,

1159 521 1275 556 Deum
1302 525 1420 556 adesse
1445 525 1750 559 obsecrationibus
1775 526 1916 560 nostris.
1956 526 2030 559 Imo
2050 527 2153 559 toties

1160 575 1306 618 repetita
1331 582 1414 609 sunt
1434 578 1599 610 mandata
1618 578 1660 610 de
1680 578 1923 617 invocatione,
1952 585 1984 610 et
2012 578 2152 610 additae

1160 626 1430 669 promissiones,
1467 634 1520 660 ut:
1553 628 1680 661 lnvoca
1698 641 1753 662 me
1770 629 1807 661 in
1824 629 1878 661 die
1898 628 2151 669 trIbulationis,

1160 684 1193 710 et
1217 677 1362 721 eripiam
1387 684 1429 710 te.
1485 677 1590 712 Item:
1620 679 1735 724 Prope
1763 687 1811 713 est
1831 678 2008 713 Dominus
2035 680 2152 712 omni·

1159 728 1222 761 bus
1242 728 1490 762 invocantibus
1515 742 1605 763 eum.
1659 730 1739 764 Huc
1766 732 1856 764 adde
1880 732 1998 764 onmia
2021 731 2150 763 similia

1159 779 1378 819 testimonia,
1420 792 1509 824 quae
1543 787 1626 813 sunt
1660 782 1860 815 innumera.
1926 781 2073 815 Necesse
2102 789 2152 815 est

1158 837 1293 870 autem,
1312 830 1398 873 'pios
1415 831 1531 875 aliqua
1559 837 1649 864 certa
1668 843 1806 875 semper
1823 833 1859 864 in
1880 840 2067 876 conspectu
2085 830 2150 864 ha-

1159 880 1252 921 bere,
1280 888 1456 914 utcontra
1474 882 1672 915 doctrinam
1690 883 1732 915 de
1751 883 1974 916 dubitatione
1991 895 2055 915 nos
2071 895 2148 916 mu—

1158 931 1315 970 niamus,
1348 939 1380 965 et
1405 939 1442 965 ut
1470 945 1587 966 veram
1617 934 1766 976 gloriam
1800 931 1981 969 Ecclesiae
2015 934 2149 967 intelli-

1158 994 1290 1026 gamus.

1259 1033 1402 1068 Tertius
1427 1037 1555 1077 gradus
1579 1042 1646 1076 est,
1678 1034 1754 1069 Etsi
1783 1043 1833 1070 est
1862 1036 2017 1069 subiecta
2054 1036 2147 1068 cruci

1156 1082 1333 1129 Ecclesia,
1370 1093 1487 1119 tamen
1515 1084 1581 1119 hoc
1607 1087 1722 1131 ipsum
1757 1094 1806 1121 est
1839 1088 2002 1120 miranda
2026 1087 2147 1128 gloria,

1157 1137 1252 1180 quod
1271 1137 1381 1170 deleri
1407 1150 1478 1170 non
1504 1145 1634 1182 potest,
1662 1146 1693 1171 et
1719 1139 1917 1173 conflictata
1935 1151 2013 1172 cum
2031 1137 2142 1170 omni—

1156 1187 1220 1220 bus
1241 1186 1476 1232 monarchiis,
1505 1196 1622 1222 tamen
1644 1191 1786 1225 mansit.

1257 1247 1414 1290 Quartus
1431 1250 1571 1292 gradus.
1626 1249 1731 1292 Quod
1751 1251 1789 1283 in
1810 1248 1862 1283 his
1880 1252 2145 1291 certaminibus,

1154 1298 1306 1332 subinde
1333 1297 1439 1334 habet
1470 1301 1624 1344 insignes
1657 1302 1902 1340 liberationes,
1938 1310 1969 1336 et
2005 1310 2144 1336 tantum

1126 1363 1127 1378 i
1154 1349 1310 1388 divinas,
1339 1358 1378 1385 ut
1395 1364 1473 1384 cum
1491 1351 1566 1385 No'e'
1583 1353 1619 1385 in
1636 1352 1772 1386 diluvio
1791 1359 1947 1386 servatus
1971 1361 2038 1394 est,
2066 1366 2145 1386 cum

1154 1412 1250 1433 mare
1275 1403 1423 1434 rubrum
1450 1403 1610 1445 praebuit
1634 1405 1821 1437 transitum
1850 1404 2037 1444 Israelitis,
2066 1416 2146 1438 cum

1153 1451 1317 1495 deinceps
1340 1454 1489 1486 donatae
1515 1462 1595 1487 sunt
1615 1454 1789 1493 Samueli,
1813 1454 1949 1497 David,
1971 1453 2144 1489 Ezechiae

1153 1509 1184 1535 et
1211 1502 1288 1535 aliis
1316 1503 1496 1537 mirabiles
1522 1506 1709 1543 victoriae,
1738 1518 1816 1539 cum
1836 1506 1952 1546 Elias,
1971 1506 2144 1546 Elisaeus,

1152 1550 1292 1591 Esaias,
1319 1553 1501 1596 Ieremias,
1518 1554 1664 1597 Daniel,
1687 1569 1741 1589 res
1759 1558 1927 1590 maximas
1951 1565 2144 1601 gesserunt,

1152 1611 1183 1636 et
1201 1604 1346 1639 suerunt
1364 1606 1428 1638 tuti
1447 1608 1613 1640 adversus
1630 1614 1820 1652 tyrannos,
1851 1609 1960 1641 nullis
1978 1607 2142 1642 humanis

1152 1656 1355 1698 praesidiis,
1385 1658 1444 1690 sed
1464 1664 1600 1691 tantum
1624 1659 1781 1692 mirabili
1806 1660 2063 1702 gubernatione
2087 1660 2143 1692 di-

1151 1707 1242 1741 vina.
1307 1706 1444 1740 Horum
1470 1707 1730 1753 Prophetarum
1760 1711 1929 1744 victoriae
1957 1711 2059 1754 longe
2084 1722 2143 1743 su—

1150 1765 1273 1802 perant
1290 1760 1450 1792 omnium
1470 1772 1590 1803 regum
1610 1759 1824 1805 triumphos

1253 1816 1408 1860 Quintus
1424 1820 1564 1861 gradus,
1582 1819 1712 1862 impiae
1731 1826 1850 1862 gentes
1868 1817 2070 1854 habuerunt
2089 1822 2139 1854 fa-

1148 1869 1283 1902 naticos
1300 1877 1405 1907 vates,
1426 1882 1574 1914 quarum
1595 1871 1773 1904 vaticiniis
1792 1871 1855 1905 etsi
1873 1883 1975 1917 saepe
1992 1884 2139 1916 respon—

1148 1921 1278 1966 derunt
1304 1927 1469 1962 eventus,
1502 1927 1619 1954 tamen
1660 1922 1755 1966 ipsae
1786 1923 2045 1966 praedictiones
2083 1924 2138 1956 su-

1147 1978 1251 2004 erunt
1275 1972 1460 2015 ambiguae
1486 1979 1518 2006 et
1541 1973 1698 2014 fallaces,
1723 1980 1757 2007 et
1779 1986 1823 2007 ne
1843 1974 1909 2018 ipsi
1926 1976 2067 2020 quidem
2087 1975 2140 2007 al-

1146 2022 1354 2065 legaverunt
1383 2022 1497 2057 Deum
1533 2032 1712 2065 autorem,
1760 2025 1819 2057 sed
1856 2026 2137 2060 observaverunt

1146 2074 1316 2118 quaedam
1343 2074 1458 2118 signa,
1495 2075 1531 2107 in
1561 2076 1663 2116 extis,
1700 2076 1738 2108 in
1763 2076 1881 2109 avium
1907 2077 2044 2117 volatu,
2078 2084 2137 2110 aut

1144 2125 1223 2158 aliis
1246 2125 1364 2161 rebus.

1247 2184 1315 2218 Sed
1333 2183 1488 2219 Ecclesia
1507 2186 1610 2229 longe
1627 2187 1714 2220 alios
1724 2184 1919 2231 Prophetas
1937 2184 2054 2228 habet,
2075 2189 2134 2234 qui

1144 2236 1296 2279 allegant
1321 2236 1454 2275 Deum,
1481 2245 1514 2271 et
1539 2238 1718 2271 miraculis
1746 2240 1916 2282 probant,
1946 2240 2041 2284 quod
2072 2238 2134 2272 ha-

1143 2288 1249 2321 beant
1269 2300 1286 2320 a
1306 2287 1380 2322 Deo
1399 2289 1574 2323 mandata.
1616 2288 1687 2322 ‘Nec
1706 2296 1789 2323 sunt
1806 2290 1991 2333 ambiguae
2011 2303 2133 2324 eorum

1143 2339 1417 2383 praedictiones,
1454 2340 1513 2372 sed
1545 2341 1769 2384 perspicuae,
1814 2341 2019 2375 definientes
2057 2354 2134 2375 mo-

1144 2397 1258 2423 menta
1276 2396 1488 2434 temporum.
1542 2389 1726 2425 Praeterea
1742 2392 1876 2425 utilitas
1893 2393 2052 2437 sequitur
2072 2391 2133 2426 has

1142 2438 1358 2489 prophetias,
1380 2443 1475 2486 quod
1493 2454 1556 2486 per
1569 2454 1624 2475 eas
1638 2443 1836 2477 invitantur
1852 2444 1955 2477 multi
1973 2445 2015 2477 ad
2032 2445 2131 2487 agni-

1141 2493 1274 2526 tionem
1298 2493 1369 2525 veri
1397 2492 1479 2531 Dei,
1508 2500 1540 2526 et
1564 2494 1614 2542 pii
1642 2495 1915 2538 confirmantur,
1945 2502 1984 2529 ut
2001 2494 2131 2544 Ioseph

1142 2555 1301 2590 expresse
1321 2543 1405 2577 dicit
1423 2557 1611 2578 numerum
1635 2558 1830 2587 annorum,
1859 2546 1988 2591 quibus
2005 2559 2131 2591 magna

1140 2595 1282 2628 ubertas
1306 2595 1446 2637 frugum
1469 2596 1588 2629 sutura
1614 2603 1706 2638 erat,
1735 2597 1864 2630 deinde
1881 2610 2023 2640 eorum,
2039 2600 2129 2644 >qui-

1139 2646 1206 2679 bus
1222 2653 1294 2679 erat
1312 2646 1430 2679 futura
1448 2647 1632 2689 sterilitas,
1658 2648 1775 2682 difinit
1800 2655 1958 2697 tempora
1971 2677 1979 2690 ‚
2007 2658 2128 2684 monet

1138 2698 1317 2744 quomodo
1340 2704 1460 2742 gentes
1478 2698 1559 2732 illae
1577 2700 1770 2733 servandae
1786 2700 1873 2742 sint,
1901 2708 1933 2734 et
1958 2698 2025 2735 hoc
2053 2702 2128 2746 ipso
