2379 2948
210 130 275 165 151

211 214 247 245 iu
273 211 345 243 vita
376 207 587 242 necessarius
612 210 682 242 est,
716 207 755 233 ut
785 197 914 231 noticia
946 207 1184 235 numerorum,

210 261 365 300 ordinis,
391 257 676 303 proportionum,
703 256 735 283 et
758 249 948 282 multarum
973 245 1184 291 propositio-

210 324 307 346 num.
361 307 552 351 Quodlibet
576 309 647 342 est,
678 307 737 333 aut
761 311 834 332 non
859 305 918 332 est.
979 297 1110 330 Totum
1136 302 1185 328 est

210 362 322 395 maius
341 359 569 403 qualibet‘sua
588 359 695 395 parte.
747 348 841 383 Deus
859 356 909 383 est
924 359 1021 381 mens
1037 353 1186 385 aeterna,

211 412 366 455 sapiens,
394 416 513 443 verax,
539 403 647 442 iusta,
674 407 783 438 casta,
810 400 982 437 benefica,
1010 395 1184 430 conditrix

209 460 351 495 muudi,
378 465 519 489 servans
542 463 658 486 rerum
684 451 862 490 ordinem,
889 456 921 482 et
940 447 1090 493 puniens
1114 457 1186 479 sce-

348 505 451 538 Mens
469 502 622 537 humana
643 502 687 534 ad
702 498 792 533 lianc
817 498 1085 532 similitudinem
1103 507 1187 529 con-

212 560 283 592 dita
306 562 370 590 est.
422 554 476 589 Sit
502 554 609 596 igitur
634 550 740 584 homo
758 562 881 590 verax,
904 549 1033 588 iustus,
1058 545 1188 580 henefi-

211 619 289 648 cus,
317 612 439 640 castus.
491 603 584 636 Huic
607 612 750 635 normae
768 601 1007 643 obtemperare
1025 603 1075 630 est
1097 601 1188 629 recte

210 659 333 691 facere.
385 654 571 688 Discedere
590 653 633 685 ab
652 649 715 684 hac
738 661 860 683 norma
874 676 884 690 ,
910 655 961 682 est
983 649 1095 681 facere
1111 646 1188 679 Deo

211 705 432 751 displicentia
453 711 485 737 et
509 703 638 747 turpia.
690 699 735 734 Et
751 700 930 733 discedens
956 697 1099 731 accersit
1121 694 1189 728 sibi

210 768 350 802 poenaS.
378 755 484 788 Plura
501 755 542 787 de
559 751 738 796 principiis
753 751 920 783 dicuntur
934 749 971 781 in
989 745 1190 781 dialecticis.

317 805 478 838 Tertium
504 799 689 849 κριτήριον
720 807 786 834 est:
822 799 1023 833 Intellectus
1055 795 1192 830 ordinis

214 858 253 890 in
271 856 483 902 syllogismo,
509 860 599 886 recte
615 851 860 895 coagmentatis
875 848 1061 888 membris,
1086 855 1125 881 ut
1139 847 1192 879 la-

214 909 285 940 tius
302 907 338 938 in
354 904 543 938 dialecticis
560 903 699 937 dicitur.
752 900 792 934 ln
815 899 974 933 doctrina
998 898 1104 932 stoica
1126 908 1192 929 no—

213 957 396 989 minantur
410 951 576 1000 κριτήρια
593 951 647 986 his
665 952 776 986 tribus
794 950 990 984 vocabulis:
1009 947 1193 991 αἴσθησις,

215 1003 396 1052 πρόληψις
411 1012 442 1038 et
458 1006 603 1052 γνῶσις.
645 1002 716 1035 Nec
732 1001 881 1034 dubium
899 1006 949 1033 est
967 998 1115 1040 intelligi
1135 1009 1193 1029 ex-

214 1056 440 1101 perientiam,
468 1067 545 1088 cum
562 1053 745 1086 nominant
762 1050 949 1094 αἴσθησιν.
999 1047 1045 1081 Et
1061 1046 1193 1091 princi-

215 1108 272 1150 pia
292 1118 369 1139 cum
387 1105 572 1137 nominant
589 1099 783 1147 πρόληψιν,
834 1099 914 1133 Erit
931 1099 1038 1141 igitur
1058 1098 1194 1144 γνῶσις

215 1156 404 1192 iudicium,
439 1155 475 1186 id
500 1160 568 1193 est,
602 1151 798 1184 intellectus
822 1148 958 1182 ordinis
990 1159 1052 1181 seu
1072 1158 1194 1180 conse-

215 1205 396 1250 quentiae,
424 1216 483 1236 seu
500 1201 740 1236 connexionis.

304 1255 345 1288 In
357 1253 510 1287 Ecclesia
527 1251 696 1285 habemus
714 1258 747 1284 et
762 1256 920 1295 quartam
941 1260 1103 1281 normam
1119 1259 1194 1280 cer-

215 1305 397 1345 titudinis,
424 1304 605 1342 videlicet,
631 1301 898 1345 patefactionem
916 1299 1084 1336 divinam,
1111 1298 1195 1329 illu-

215 1356 345 1389 stribus
362 1361 395 1387 et
411 1365 484 1386 non
499 1352 701 1386 fallentibus
718 1349 925 1384 testimoniis
943 1349 1080 1386 factam,
1106 1358 1195 1391 quae

217 1411 309 1439 extat
341 1405 379 1436 in
411 1402 512 1435 libris
541 1399 754 1445 propheticis
786 1406 819 1431 et
852 1398 1061 1441 apostolicis.
1118 1395 1196 1429 Etsi

215 1461 332 1488 autem
352 1453 488 1485 facilius
511 1459 543 1485 et
561 1450 695 1483 firmins
710 1448 904 1482 adsentitur
921 1459 1019 1479 mens
1042 1445 1195 1478 humana

217 1505 279 1544 iis,
306 1515 394 1548 quae
417 1503 494 1535 luce
518 1500 673 1534 naturali
692 1499 822 1538 cernit,
849 1504 965 1530 tamen
987 1496 1093 1529 simili
1113 1507 1196 1528 con-

218 1554 344 1587 stantia
360 1564 480 1586 omnes
505 1557 678 1584 creaturas
700 1548 888 1581 rationales
904 1546 1074 1579 adsentiri
1091 1557 1196 1589 opor-

216 1605 308 1637 tebat
326 1602 509 1636 sententiis
528 1614 546 1633 a
563 1599 636 1633 Deo
656 1599 853 1643 patefactis,
881 1596 1016 1629 etiarnsi
1037 1597 1114 1629 luce
1131 1607 1196 1627 na-

216 1653 322 1687 turali
341 1664 412 1684 non
428 1652 586 1684 videmus
604 1661 675 1682 esse
696 1659 793 1681 veras
817 1654 849 1679 et
871 1647 998 1679 firmas.
1051 1645 1098 1679 Ut
1119 1645 1195 1677 sine

218 1703 438 1736 dubitatione
462 1702 724 1739 adseveramus,
759 1698 812 1730 bis
839 1696 861 1729 4
885 1707 956 1729 esse
982 1696 1020 1728 8:
1056 1695 1104 1728 ita
1126 1702 1195 1727 sta-

217 1753 387 1786 tuendum
417 1758 483 1791 est,
525 1749 638 1783 Deum
670 1748 899 1781 excitaturum
930 1757 1002 1779 esse
1035 1743 1196 1777 homines

218 1809 395 1841 mortuos,
422 1808 455 1834 et
474 1798 665 1833 Ecclesiam
690 1805 897 1831 ornaturum
915 1803 1053 1829 aeterna
1075 1795 1196 1838 gloria,

219 1860 253 1885 et
277 1852 401 1895 impios
427 1851 642 1883 abiecturum
673 1849 710 1880 in
745 1854 902 1881 aeternas
932 1856 1072 1890 poenaS.
1127 1844 1195 1878 Sed

219 1902 321 1934 multi
347 1901 574 1934 audacissime
592 1904 787 1941 repugnant
803 1896 935 1930 divinis
960 1895 1132 1935 oraculis,
1158 1901 1197 1927 ut

219 1950 383 1994 Epicurei
408 1957 442 1982 et
463 1950 535 1984 alii.
585 1948 669 1980 Pars
696 1955 811 1980 tamen
833 1947 948 1990 aliqua
974 1945 1107 1988 generis
1130 1942 1196 1978 hu-

218 2001 314 2033 mani
339 2000 550 2037 adsentitur,
584 1997 792 2030 testimoniis
816 1996 1066 2028 miraculorum
1091 2002 1197 2035 mota,

220 2052 256 2083 in
284 2063 352 2095 qua
375 2061 458 2082 voce
478 2047 663 2089 Evangelii
690 2046 842 2090 Spiritus
865 2052 1004 2078 sanctus
1027 2042 1116 2077 hanc
1141 2045 1197 2078 lu-

221 2112 292 2134 cem
311 2099 484 2138 accendit,
514 2104 545 2130 et
565 2097 672 2130 ssectit
688 2102 839 2128 mentem
857 2096 898 2128 ad
919 2094 1197 2133 adsentiendum,

222 2158 254 2184 et
275 2161 373 2182 mens
399 2150 613 2189 obtemperat
635 2146 782 2189 Spiritui
812 2151 950 2184 sancto,
979 2145 1198 2188 amplectitur

222 2212 341 2232 vocem
373 2198 577 2241 Evangelii,
609 2203 640 2229 et
670 2202 840 2239 repugnat
874 2195 1099 2229 dubitationi.

223 2248 308 2282 baec
336 2249 496 2282 adsensio
516 2258 604 2292 quae
630 2246 853 2290 amplectitur
877 2245 1064 2277 sententias
1090 2257 1107 2277 a
1124 2243 1198 2277 Deo

223 2300 422 2343 patefactas,
457 2298 586 2331 dicitur
607 2296 730 2336 Fides,
761 2307 849 2340 quae
880 2294 1021 2339 quidem
1052 2295 1089 2326 in
1121 2295 1198 2327 aliis

223 2349 357 2382 firmior
377 2355 437 2382 est.
488 2348 559 2380 Nec
582 2347 656 2379 leve
679 2345 886 2379 beneficium
908 2343 974 2377 Dei
999 2356 1070 2377 esse
1092 2346 1197 2377 duca-

212 511 295 543 lera-

226 2411 321 2438 mus,
349 2399 441 2442 quod
460 2411 499 2430 ex
524 2398 583 2430 illa
600 2402 809 2429 sua'arcana
832 2396 912 2428 sede
936 2395 1083 2438 prodiit,
1110 2401 1142 2427 et
1164 2406 1199 2427 se
1223 2401 1225 2406 '

225 2450 327 2481 nobis
343 2448 513 2491 patefecit,
541 2454 572 2480 et
588 2459 625 2479 ea
642 2445 870 2490 patefactione
886 2451 1028 2477 testatus
1044 2451 1105 2484 est,
1131 2444 1198 2477 sibi

226 2511 304 2530 vere
320 2509 426 2540 genus
443 2494 635 2529 humanum
653 2508 756 2530 curae
772 2507 854 2530 esse.
907 2493 960 2528 Sit
977 2494 1084 2536 igitur
1101 2501 1199 2537 pate-

225 2549 326 2581 factio
351 2548 408 2579 illa
434 2547 658 2589 praecipuum
688 2547 779 2579 vitae
805 2546 942 2584 lumen,
976 2552 1008 2578 et
1029 2545 1197 2587 gubernet

224 2608 344 2630 omnes
367 2596 520 2630 actiones
545 2603 576 2628 et
599 2596 714 2628 omnia
745 2596 900 2630 consilia.
952 2592 997 2627 Et
1020 2595 1055 2626 in
1081 2594 1196 2638 quoti-

223 2648 324 2680 diana
341 2646 558 2679 invocatione
575 2646 761 2687 cogitemus
780 2645 975 2678 testimonia
992 2644 1194 2688 patefactio-

448 119 655 158 SCRIPTA
681 117 759 152 PH.
788 113 900 149 MEL.
932 110 997 146 AD
1025 109 1150 146 Hlsr.
1180 106 1321 145 PRor.
1349 105 1414 142 ET
1440 103 1629 141 muros,
1659 105 1976 144 SPECTANTIA.

1151 2193 1224 2237 Et,

2141 108 2211 145 152

1235 205 1337 234 num,
1363 199 1400 226 ut
1417 192 1499 225 fides
1518 191 1744 232 accendatur,
1772 198 1805 225 et
1826 193 1915 236 grati
1937 193 2129 228 bonitatem
2146 193 2215 227 Dei

1237 254 1464 287 agnoscamur
1479 249 1512 276 et
1531 242 1754 277 celebremus,

1339 292 1406 326 Hic
1431 292 1534 326 etiam
1557 292 1658 325 valde
1680 293 1819 336 prodest
1841 293 2064 327 considerare
2086 293 2213 326 discri-

1238 355 1327 376 men.
1364 342 1544 385 Quaedam
1562 354 1645 376 voce
1658 341 1725 375 Dei
1742 343 1867 376 tradita
1885 350 1978 384 sunt,
2005 355 2092 389 quae
2108 343 2213 377 etiam

1238 401 1362 427 natura
1386 401 1469 425 nota
1498 399 1602 432 sunt,
1634 400 1673 427 ut
1702 399 1883 437 praecepta
1908 392 2085 436 Decalogi.
2144 392 2215 427 Sed

1239 444 1351 477 voluit
1366 441 1460 475 Deus
1483 443 1645 475 accedere
1667 455 1787 476 vocem
1811 455 1928 484 suam,
1955 450 1991 477 ut
2016 443 2216 477 ostenderet

1241 494 1318 526 illas
1341 493 1431 536 ipsas
1454 491 1600 525 noticias
1624 494 1800 527 naturales
1824 506 1842 527 a
1860 505 1932 527 sese
1949 494 2127 527 mentibus
2149 505 2216 526 no-

1241 544 1321 576 stris
1338 543 1465 575 inditas
1486 553 1575 582 esse,
1601 548 1632 575 et
1649 543 1758 586 legem
1774 556 1865 577 novo
1883 545 2083 578 testimonio
2101 542 2217 576 sanci-

1241 600 1302 626 ret.
1357 591 1465 625 Grata
1495 597 1545 624 est
1575 598 1691 625 autem
1717 595 1830 627 honae
1858 595 1968 628 menti
2000 593 2217 628 confirmatio

1243 642 1399 676 veritatis
1411 668 1419 682 ,
1440 642 1501 674 ubi
1519 642 1682 685 intelligit
1698 645 1741 676 ad
1766 645 1960 677 naturalem
1977 645 2144 678 noticiam
2162 655 2219 676 ac-

1243 693 1381 726 cessisse
1405 691 1561 724 divinam
1579 704 1712 726 vocem.
1763 693 1869 727 Ratio
1894 693 2125 739 deprehendit
2150 700 2221 726 ter-

1243 756 1316 776 ram
1335 749 1424 776 stare
1449 742 1646 782 immotam,
1673 749 1707 776 et
1730 744 1836 776 solem
1860 745 2002 779 moveri.
2055 744 2123 778 Sed
2141 754 2221 776 cum

1244 795 1338 826 idem
1370 792 1541 825 divinitus
1574 792 1742 825 traditum
1774 805 1846 827 esse
1874 796 2055 832 audimus,
2085 793 2220 826 firmius

1245 843 1471 877 adsentimur.

1346 893 1437 927 Sunt
1454 900 1567 927 autem
1587 893 1675 926 aliae
1693 894 1864 938 quaedam
1883 893 2075 927 sententiae
2091 892 2222 926 divini-

1245 951 1300 978 tus
1325 944 1491 984 traditae,
1526 956 1613 988 quae
1636 951 1735 977 antea
1757 956 1898 988 prorsus
1923 944 2060 987 ignotae
2084 944 2223 976 fuerant

1246 993 1409 1027 omnibus
1426 994 1604 1034 creaturis,
1630 1001 1669 1027 ut
1687 1006 1752 1027 vox
1769 993 1952 1037 Evangelii
1971 995 2013 1027 de
2030 993 2124 1027 Filio
2142 991 2223 1032 Dei,

1245 1043 1400 1077 Domino
1422 1050 1542 1076 nostro
1571 1043 1647 1076 lesu
1668 1042 1828 1082 Christo,
1863 1046 1906 1077 de
1930 1043 2224 1083 reconciliatione,

1247 1094 1290 1126 de
1317 1093 1481 1136 praemiis
1516 1100 1549 1127 et
1580 1094 1702 1137 poenis
1731 1095 1890 1127 aeternis.
1944 1094 2015 1136 Qui
2043 1093 2152 1126 credit
2184 1093 2222 1126 in

1246 1143 1399 1183 Filium,
1424 1141 1527 1177 habet
1551 1144 1657 1176 vitam
1679 1152 1865 1180 aeternam.
1918 1143 1988 1186 Qui
2013 1150 2127 1177 autem
2151 1155 2224 1175 non

1248 1193 1358 1226 credit
1376 1193 1487 1234 Filio,
1514 1205 1587 1226 non
1609 1194 1742 1227 videbit
1760 1195 1884 1232 vitam,
1912 1195 1971 1226 sed
1996 1194 2045 1226 ira
2063 1192 2129 1226 Dei
2149 1205 2225 1225 ma—

1247 1251 1306 1277 net
1340 1244 1505 1276 adversus
1540 1255 1630 1279 eum.
1691 1243 1781 1276 Vivo
1810 1255 1889 1286 ego,
1927 1243 2012 1276 dicit
2038 1241 2224 1279 Dominus,

1248 1294 1331 1326 nolo
1365 1301 1512 1327 mortem
1539 1293 1750 1337 peccatoris,
1782 1295 1839 1326 sed
1870 1299 1907 1326 ut
1938 1299 2162 1326 convertatur
2193 1299 2225 1325 et

1248 1344 1353 1378 vivat.
1405 1343 1548 1375 Credito
1567 1344 1628 1374 tibi
1648 1344 1713 1384 ipsi
1731 1349 1823 1374 certo
1842 1342 1971 1375 remitti
1990 1349 2127 1386 peccata
2143 1354 2226 1386 pro-

1248 1400 1324 1436 pter
1350 1392 1479 1424 Filium
1506 1390 1589 1431 Dei,
1615 1393 1715 1424 crede
1737 1399 1878 1435 propter
1899 1391 2028 1425 Filium
2055 1391 2121 1424 Dei
2148 1399 2226 1425 tuos

1249 1442 1413 1485 gemitus,
1448 1448 1523 1473 tuas
1547 1453 1663 1484 preces
1685 1453 1704 1474 a
1727 1440 1801 1475 Deo
1825 1442 1944 1486 recipi.
2002 1441 2097 1474 Haec
2126 1442 2226 1475 firma

1249 1491 1456 1525 adsensione
1488 1491 1729 1534 amplectenda
1770 1499 1862 1525 sunt.
1927 1490 1973 1525 Et
2007 1491 2225 1525 adsensionis

1249 1553 1349 1575 causa
1367 1542 1410 1574 sit
1425 1541 1593 1588 autoritas
1610 1542 1747 1581 divina,
1774 1554 1842 1587 qua
1865 1540 1929 1574 liae
1954 1541 2145 1575 sententiae
2161 1553 2228 1575 no-

1249 1592 1301 1625 bis
1329 1591 1475 1624 traditae
1498 1598 1578 1624 sunt
1603 1598 1636 1624 et
1659 1592 1881 1624 confirmatae
1906 1592 2102 1626 illustribus
2126 1592 2226 1625 testi-

1249 1641 1398 1680 moniis,
1433 1647 1471 1673 ut
1498 1641 1760 1674 resuscitatione
1788 1648 2030 1683 mortuorum,
2071 1648 2104 1674 et
2132 1642 2222 1676 aliis.

1249 1691 1353 1724 Mens
1372 1691 1477 1733 igitur
1494 1691 1665 1733 cogitans,
1692 1704 1753 1724 cur
1771 1689 1833 1724 hae
1853 1692 2044 1725 sententiae
2061 1692 2226 1724 immotae

1249 1742 1319 1774 sint
1331 1767 1340 1781 ,
1366 1741 1545 1774 intueatur
1562 1748 1716 1774 autorem
1734 1740 1866 1780 Deum,
1894 1743 1954 1786 qui
1971 1754 2005 1775 se
2021 1741 2068 1775 sic
2085 1742 2226 1785 agnosci

1249 1798 1282 1824 et
1298 1791 1453 1823 invocari
1474 1791 1566 1831 vult,
1594 1792 1680 1824 sicut
1701 1803 1735 1824 se
1753 1788 1920 1835 patefecit.
1973 1791 2046 1825 Nec
2061 1792 2138 1825 vult
2161 1803 2225 1825 nos

1248 1839 1402 1873 humana
1418 1841 1561 1873 audacia
1585 1842 1705 1874 ludere
1729 1842 1955 1885 opinionibus
1973 1843 2015 1874 de
2030 1853 2083 1883 se,
2109 1848 2148 1875 ut
2169 1842 2226 1875 lu-

1249 1898 1371 1924 serunt
1387 1889 1549 1929 Ethnici,
1576 1898 1634 1924 aut
1656 1889 1875 1935 Philosophi.

1350 1940 1444 1973 Haec
1471 1941 1621 1974 breviter
1645 1942 1785 1975 recitavi
1809 1943 1851 1974 de
1873 1941 1984 1974 causis
2003 1941 2224 1975 certitudinis

1251 1991 1510 2029 doctrinarum,
1546 1992 1626 2036 quia
1652 1989 1735 2024 haec
1763 1991 1996 2025 consideratio
2019 1998 2051 2026 et
2077 1993 2224 2025 modum

1250 2041 1498 2075 intellectionis
1518 2042 1680 2082 illustrat,
1707 2048 1739 2075 et
1757 2042 1919 2082 ostendit,
1945 2043 2040 2075 unde
2056 2042 2100 2076 sit
2113 2042 2225 2074 firmi-

1249 2099 1300 2126 tas
1318 2091 1538 2127 noticiarum.
1589 2091 1786 2125 Necessaria
1805 2099 1854 2125 est
1870 2099 1984 2125 autem
2002 2093 2038 2124 in
2062 2098 2134 2126 tota
2152 2092 2224 2125 vita

1250 2140 1434 2174 hominum
1465 2139 1549 2175 haec
1576 2143 1784 2185 diligentia,
1824 2143 2047 2175 discernendi
2078 2142 2225 2175 noticias

1250 2199 1358 2225 certas
1374 2192 1417 2224 ab
1438 2192 1595 2232 incertis,
1625 2204 1724 2236 saepe
1744 2192 1837 2224 enim
1863 2199 2042 2226 accersunt
2064 2190 2224 2225 homines

1250 2242 1317 2275 sibi
1338 2248 1370 2274 et
1389 2242 1465 2274 aliis
1484 2254 1624 2285 magnas
1639 2243 1859 2283 calamitates,
1886 2255 1963 2275 cum
1979 2243 2223 2276 adsentiuntur

1223 2335 1225 2340 y
1249 2292 1345 2325 salsis
1359 2298 1416 2325 aut
1434 2293 1573 2325 incertis
1585 2319 1594 2332 ,
1622 2304 1709 2336 quae
1725 2299 1847 2336 putant
1865 2304 1936 2325 esse
1953 2304 2033 2326 vera
2057 2299 2089 2326 et
2114 2293 2223 2327 firma.

1251 2342 1316 2379 Ut,
1343 2340 1520 2375 Antonius
1537 2355 1574 2374 ex
1593 2343 1702 2375 causis
1719 2355 1791 2375 non
1813 2343 2064 2376 sufficientibus
2083 2342 2222 2376 ratioci-

1249 2398 1370 2432 natur,
1394 2404 1428 2424 se
1443 2404 1542 2436 posse
1560 2399 1631 2425 toto
1649 2393 1796 2434 imperio
1817 2393 1940 2437 potiri,
1966 2393 2046 2438 quia
2064 2392 2107 2425 sit
2130 2392 2222 2436 peri-

1250 2442 1320 2475 tior
1334 2442 1539 2485 imperator,
1566 2454 1668 2486 quam
1689 2440 1877 2484 Octavius,
1901 2450 1934 2476 et
1950 2441 2075 2475 habeat
2091 2442 2222 2474 exerci-

1248 2499 1304 2526 tus
1320 2493 1478 2525 maiores.
1531 2491 1608 2524 Non
1628 2493 1785 2537 sequitur
1800 2500 1912 2526 autem
1930 2492 2120 2524 necessaria
2138 2504 2223 2524 con-

1249 2543 1439 2586 sequentia,
1460 2542 1615 2575 futurum
1634 2555 1704 2575 esse
1721 2543 1885 2576 victorem
1900 2554 1991 2581 eum,
2016 2542 2075 2586 qui
2093 2549 2142 2575 est
2161 2554 2221 2585 pe-

1248 2593 1366 2633 ritior,
1389 2599 1420 2625 et
1438 2590 1541 2625 habet
1560 2593 1705 2625 maiores
1723 2593 1906 2631 exercitus,
1933 2592 2014 2636 quia
2031 2592 2137 2624 multa
2155 2592 2221 2623 im-

1247 2643 1445 2686 pedimenta
1471 2642 1574 2676 etiam
1601 2651 1701 2676 cauto
1727 2643 1807 2675 duci
1831 2642 1936 2675 obiici
1968 2648 2124 2685 possunt.
2175 2639 2219 2673 Et
