2379 2948
247 139 317 175 591

255 232 287 257 et
315 222 513 266 vagabundi
542 226 658 254 motus
690 219 855 254 materiae
889 219 1110 253 elementaris
1143 218 1236 252 varie

256 281 402 309 ruentis.

525 341 711 384 Oppositio
738 337 958 374 Modalium.

414 398 621 433 Contrariae
648 399 779 432 similes
802 397 1074 432 universalium:

258 453 402 487 ,Necesse
425 458 474 484 est
499 450 682 483 Platonem
814 448 1036 493 Impossibile
1054 454 1103 480 est
1120 447 1237 487 Plato-

259 505 309 536 ire
327 503 363 535 in
382 501 621 534 Academiam.
815 512 895 532 nem
940 499 990 531 ire
1033 499 1070 530 in
1099 496 1238 531 Acade-

817 550 933 584 miam.

385 617 660 653 Subcontrariae
682 617 811 649 similes
834 615 1116 659 particularium:

261 670 431 704 Possibile
449 675 497 701 est
516 668 699 700 Platonem
802 665 975 699 Possibile
992 672 1041 698 est
1057 664 1239 697 Platonem

260 722 312 754 ire
332 721 368 752 in
387 718 624 753 Academiam.
808 728 881 749 non
895 717 991 748 irein
1002 716 1239 749 Academiam.

364 779 472 821 Leges
489 784 603 809 autem
628 781 660 807 et
686 775 980 818 aequipollentiae
1002 786 1106 818 supra
1130 774 1239 806 tradi-

261 839 314 864 tae
337 828 405 861 huc
432 826 749 860 accommodandae
772 833 864 859 sunt.
922 826 961 858 ln
986 825 1130 858 materia
1155 836 1239 857 con-

262 880 408 922 tingenti
445 877 642 910 contrariae
673 876 794 908 ambae
823 876 930 909 salsae
960 882 1059 919 sunt,
1100 881 1138 908 ut
1165 872 1237 907 liic:

261 930 405 963 Necesse
428 936 479 961 est
496 927 678 960 Platonem
706 926 756 958 ire
779 927 817 958 in
845 926 1088 967 Academiam,
1116 932 1148 958 et
1173 926 1238 957 im-

261 980 427 1025 possibile
445 986 494 1011 est
510 978 695 1011 Platonem
715 977 765 1009 ire
782 977 819 1009 in
837 976 1061 1010 Academiam
1073 1001 1081 1015 ‚
1106 983 1170 1010 etc.

365 1037 418 1071 De
441 1035 726 1081 aequipollentiis
749 1036 811 1068 etsi
837 1036 968 1070 multae
999 1036 1145 1079 paginae
1173 1035 1239 1067 im-

261 1089 405 1133 plentur
421 1088 464 1120 ab
483 1088 577 1125 aliis,
607 1093 639 1119 et
662 1086 826 1118 videntur
852 1086 932 1118 illae
956 1086 1239 1130 propositionum

262 1139 475 1171 variationes
491 1138 679 1175 obscurae,
707 1143 824 1169 tamen
842 1137 1057 1170 admonendi
1081 1143 1163 1170 sunt
1186 1136 1240 1169 di-

263 1196 407 1228 scentes,
425 1195 530 1221 totain
551 1199 624 1220 eam
645 1187 843 1220 doctrinam
861 1185 1137 1221 Grammaticam
1157 1198 1240 1227 esse,

262 1247 295 1273 et
332 1251 348 1272 a
385 1239 609 1271 mediocriter
644 1244 776 1271 attento
811 1238 911 1270 facile
945 1238 1101 1271 iudicare
1127 1249 1239 1282 posse.

262 1289 409 1322 Prorsus
436 1289 527 1321 enim
553 1288 735 1321 translatio
758 1289 953 1331 negationis
977 1289 1014 1321 in
1040 1289 1240 1321 modalibus

263 1341 424 1382 congruit
441 1341 482 1372 ad
500 1339 765 1375 translationem
781 1339 979 1381 negationis
997 1340 1033 1371 in
1058 1339 1242 1372 universa-

263 1390 355 1423 libus
371 1397 404 1423 et
421 1389 706 1433 particularibus:

414 1440 494 1472 Non
510 1439 624 1471 omnis
640 1437 748 1472 homo
765 1439 895 1479 currit,
921 1439 1134 1484 aequipollet
1149 1439 1217 1478 isti,

418 1489 574 1532 Quidam
591 1487 697 1522 homo
716 1501 788 1522 non
805 1490 925 1524 currit.

365 1541 423 1575 Sic
441 1552 514 1572 non
533 1551 670 1572 necesse
688 1540 755 1573 suit
772 1552 892 1583 rapere
908 1540 1091 1577 Helenam,
1120 1540 1242 1584 aequi-

264 1593 374 1636 pollet
397 1591 471 1624 isti:
508 1590 680 1623 Possibile
709 1591 775 1623 fuit
805 1602 878 1623 non
911 1603 1031 1634 rapere
1055 1589 1239 1624 Helenam.

263 1642 358 1675 Haec
376 1640 633 1674 animadversio
651 1642 791 1683 prodest
807 1642 850 1672 ad
876 1641 1145 1683 intelligendum
1170 1652 1243 1673 ser-

264 1704 422 1732 monem,
464 1691 545 1736 quia
582 1691 779 1733 negationis
819 1692 1003 1725 translatio
1035 1691 1241 1725 discrimina

263 1743 355 1777 facit.

267 1821 412 1854 Verane
437 1822 491 1852 est
515 1821 636 1852 stoica
663 1820 805 1861 opinio,
843 1829 939 1862 quae
961 1818 1075 1859 dicit,
1110 1820 1243 1852 Omnia

581 1871 787 1903 necessario
812 1867 925 1915 fieri?

366 1935 596 1979 'Nequaquam
622 1947 701 1968 vera
729 1942 797 1974 est,
821 1937 879 1968 sed
902 1936 986 1969 falsa
1013 1943 1045 1969 et
1061 1943 1243 1969 contume-

266 1988 351 2020 liosa
385 1986 551 2018 adversus
580 1984 707 2018 Deum.
767 1985 926 2018 Primum
958 1987 1052 2019 enim
1083 1988 1243 2027 sciamus,

264 2036 377 2070 Deum
397 2047 468 2068 esse
486 2047 589 2077 agens
604 2036 824 2068 liberrimum
837 2062 846 2075 ,
871 2043 902 2068 et
921 2037 1098 2070 liberrima
1116 2038 1243 2070 volun-

266 2094 336 2121 tate
357 2086 556 2119 condidisse
573 2093 606 2119 et
623 2097 760 2118 servare
778 2093 964 2127 creaturas,
983 2100 1046 2120 nec
1061 2088 1241 2131 alligatum

268 2149 339 2170 esse
359 2138 402 2169 ad
423 2147 541 2169 causas
559 2138 744 2176 secundas,
769 2136 805 2168 id
823 2143 884 2176 est,
907 2135 1085 2183 physicas,
1114 2139 1172 2170 sed
1200 2139 1243 2171 Ii-

267 2189 349 2221 bere
368 2199 422 2219 eas
440 2198 576 2229 regere,
601 2194 633 2220 et
650 2198 749 2230 saepe
768 2187 943 2220 moderari
963 2195 995 2221 et
1015 2189 1167 2231 mitigari
1188 2189 1244 2221 in-

267 2237 487 2271 vocantibus,
539 2236 634 2270 Dicit
659 2238 751 2270 enim
772 2236 947 2271 Psalmus:
982 2237 1115 2272 Omnia
1138 2252 1244 2284 quae-

269 2300 406 2333 cunque
423 2287 555 2328 voluit,
581 2288 680 2328 fecit,
706 2288 741 2320 id
766 2294 835 2328 est,
860 2288 1039 2321 liberrima
1067 2290 1244 2323 voluntate

268 2338 357 2372 fecit.
411 2337 594 2372 Praeterea
611 2338 731 2382 opinio
757 2338 864 2371 stoica
882 2339 998 2382 fingit,
1025 2338 1137 2373 Deum
1156 2341 1244 2373 velle

270 2389 422 2430 scelera,
447 2395 479 2422 et
497 2401 633 2422 causam
657 2389 827 2422 efficacem
853 2401 925 2423 esse
951 2392 1110 2424 omnium
1138 2392 1244 2424 scele-

270 2450 366 2478 rum,
400 2440 492 2483 quod
522 2437 739 2473 horrendum
765 2446 815 2472 est
841 2442 1022 2484 cogitatus.
1075 2439 1121 2475 Et
1146 2441 1244 2474 Psal-

270 2499 348 2519 mus
365 2489 588 2523 contradicit:
614 2490 692 2523 Non
713 2489 807 2523 Deus
825 2492 946 2524 volens
968 2492 1180 2535 impietatem
1207 2500 1243 2525 tu

270 2549 315 2570 es.
369 2537 467 2570 Deus
493 2552 556 2572 nec
581 2541 655 2574 vult
677 2552 740 2573 nee
763 2543 934 2584 approbat
957 2551 1152 2586 peccatum,
1181 2555 1244 2576 nec

271 2593 321 2620 est
338 2598 439 2620 causa
456 2588 607 2622 efficiens
622 2591 771 2634 peccati,
798 2594 858 2626 sed
876 2605 956 2626 vere
972 2600 1004 2626 et
1025 2591 1245 2626 horribiliter

271 2637 437 2671 omnibus
455 2639 643 2673 sceleribus
660 2641 838 2681 irascitur,
866 2650 905 2677 ut
928 2644 1001 2687 ipse
1028 2645 1128 2678 toties
1151 2644 1245 2676 affir-

271 2694 353 2723 mat.
406 2687 476 2721 Nec
493 2689 673 2732 fingendae
695 2698 775 2724 sunt
799 2692 834 2725 in
852 2692 926 2728 Deo
955 2695 1245 2729 contradictoriae

476 134 682 171 SCRIPTA
712 134 785 167 ΡΠ.
813 130 926 168 MEL.
955 131 1021 167 AD
1047 131 1173 168 HtsT.
1201 130 1344 170 PROF.
1368 133 1434 168 ET
1462 132 1652 170 PHILOS.
1685 131 2003 170 SPECTANTIA.

2186 131 2261 169 592

1291 220 1508 261 voluntates,
1534 231 1598 253 nec
1615 219 1792 252 simulatio
1809 218 1840 252 ei
1856 219 2044 253 tribuenda
2061 227 2121 254 est.
2165 218 2261 252 Haec

1291 271 1334 303 de
1350 271 1462 314 primo
1481 271 1577 304 sonte
1595 270 1867 312 contingentiae,
1894 269 2025 303 scilicet
2043 271 2085 303 de
2100 270 2261 304 libertate

1291 321 1328 355 in
1350 320 1443 361 Deo,
1475 321 1578 355 initio
1602 322 1752 355 tenenda
1780 327 1878 361 sunt,
1914 326 1947 353 et
1966 326 2103 354 tenerae
2126 327 2261 354 mentes

1291 379 1448 406 accurate
1481 373 1695 406 muniendae
1722 378 1803 404 sunt
1834 377 1954 403 contra
1990 371 2096 403 stoica
2131 371 2260 404 delira-

1291 430 1417 455 menta.
1469 421 1606 456 Deinde
1626 422 1878 455 consideranda
1905 428 1974 462 est,
2000 427 2032 453 et
2056 421 2198 454 libertas
2223 422 2262 454 in

1292 474 1457 507 creaturis
1476 474 1719 517 rationalibus.
1758 471 1847 505 Cum
1865 472 2014 512 dicitur,
2041 469 2200 504 homines
2217 473 2261 505 ad

1293 524 1478 566 imaginem
1503 523 1569 556 Dei
1598 524 1758 556 conditos
1782 534 1874 562 esse,
1902 529 2017 566 partes
2043 529 2122 556 sunt
2139 521 2262 565 imagi-

1292 573 1366 611 nis,
1395 575 1515 606 lumen
1540 574 1754 615 intellectus,
1783 581 1815 606 et
1841 573 1877 606 in
1902 574 2080 606 voluntate
2105 573 2263 613 virtutes,

1293 631 1326 657 et
1343 624 1487 658 libertas
1504 625 1655 666 eligendi
1673 625 1763 658 inter
1779 636 1832 657 res
1850 623 2061 667 propositas,
2089 629 2146 656 aut
2162 621 2264 663 hanc,

1293 681 1349 707 aut
1367 675 1475 708 illam.
1530 673 1604 707 Hac
1620 681 1733 706 autem
1751 675 1912 707 libertate
1935 674 2068 707 diaboli
2095 680 2126 706 et
2148 671 2264 706 homi-

1295 737 1354 757 nes
1377 737 1448 758 sese
1472 725 1536 768 ipsi
1562 736 1580 757 a
1604 724 1677 758 Deo
1701 732 1922 768 averterunt,
1951 737 2013 757 nec
2039 724 2178 757 volente
2201 735 2265 756 nec

1294 777 1509 819 approbante
1530 774 1623 815 Deo,
1660 775 1740 819 quia
1767 782 1804 808 ut
1828 775 1929 807 toties
1952 776 2019 807 iam
2047 775 2178 808 dictum
2204 781 2266 812 est,

1294 826 1388 859 Deus
1405 838 1625 870 nequaqnam
1645 826 1773 869 peccati
1788 836 1888 857 causa
1907 832 1965 859 est.
2018 825 2186 870 Sequitur
2201 825 2268 867 igi-

1293 884 1350 910 tur
1368 889 1487 909 revera
1505 876 1777 917 contingentiam
1804 887 1892 915 esse,
1927 887 2004 908 cum
2026 878 2188 908 voluntas
2203 887 2265 909 sua

1294 928 1454 960 libertate
1476 939 1510 959 se
1535 926 1697 959 averterit
1720 938 1737 958 a
1754 924 1846 965 Deo,
1874 938 1953 958 cum
1977 926 2023 958 ita
2047 926 2187 959 condita
2211 926 2267 963 sit,

1294 986 1331 1011 ut
1356 978 1434 1012 talis
1460 977 1605 1010 facultas
1627 983 1713 1010 esset
1736 976 1885 1019 eligendi
1910 974 1977 1009 boc
1993 982 2052 1009 aut
2068 976 2169 1010 illud.
2220 973 2268 1009 Et

1294 1029 1457 1072 deinceps
1473 1028 1510 1060 in
1527 1025 1670 1060 homine
1687 1035 1801 1060 manet
1819 1027 1944 1071 aliquis
1958 1026 2111 1059 delectus
2127 1033 2187 1060 aut
2203 1026 2269 1058 ali-

1294 1092 1360 1130 qua
1377 1079 1531 1115 libertas,
1559 1085 1596 1111 ut
1614 1079 1655 1110 de
1673 1078 1871 1111 actionibus
1889 1077 2050 1117 externis,
2077 1088 2165 1121 quae
2182 1076 2270 1110 fiunt

1295 1129 1441 1173 imperio
1466 1128 1674 1167 voluntatis,
1704 1129 1926 1161 manifestum
1944 1134 2004 1162 est.
2057 1126 2175 1170 Scipio
2191 1127 2269 1160 abs-

1294 1181 1410 1214 tinens
1427 1180 1470 1212 ab
1487 1180 1618 1218 aliena,
1646 1179 1755 1212 libera
1772 1179 1952 1212 voluntate
1967 1178 2126 1212 abstinet.
2169 1176 2269 1210 Paris

1296 1231 1392 1263 nulla
1411 1230 1632 1270 necessitate,
1659 1230 1757 1263 nulla
1784 1230 1981 1269 coactione,
2007 1228 2099 1272 rapit
2120 1228 2271 1261 alienam

1295 1283 1403 1314 libera
1430 1281 1629 1318 voluntate,
1666 1287 1697 1313 et
1724 1287 1859 1323 poterat
1886 1292 1958 1312 non
1982 1291 2114 1323 rapere.
2177 1277 2272 1311 Haec

1295 1332 1477 1364 manifesta
1494 1338 1575 1364 sunt
1587 1358 1595 1370 ‚
1624 1331 1704 1376 quia
1724 1331 1798 1374 ipsa
1816 1331 1974 1363 doctrina
1998 1329 2155 1362 coelestis
2173 1340 2271 1362 seve-

1295 1383 1431 1415 rissime
1448 1382 1580 1423 flagitat
1596 1381 1818 1424 disciplinam
1831 1407 1839 1421 ,
1864 1386 1896 1412 et
1915 1380 2015 1413 toties
2032 1379 2192 1412 nominat
2217 1379 2272 1412 iu-

1295 1432 1430 1465 sticiam
1455 1431 1580 1464 carnis.
1643 1430 1807 1464 Testatur
1831 1442 1911 1473 ergo
1936 1430 2087 1474 aliquem
2113 1441 2184 1462 esse
2210 1430 2272 1462 de-

1295 1483 1442 1521 lectum,
1471 1488 1503 1514 et
1527 1482 1679 1526 aliquam
1705 1481 1915 1515 libertatem.
1966 1479 2030 1513 Est
2055 1480 2162 1522 igitur
2188 1491 2273 1512 con-

1295 1533 1476 1575 tingentia.
1529 1531 1601 1565 Nec
1619 1532 1787 1564 eveniunt
1803 1531 1920 1563 omnia
1938 1531 2033 1563 fatali
2059 1531 2272 1571 necessitate,

1295 1591 1335 1617 ut
1353 1583 1463 1616 Stoici
1481 1582 1656 1615 dixerunt.
1670 1589 1677 1595 ·
1711 1580 1806 1623 Quid
1825 1579 2031 1613 horribilius
2048 1581 2191 1624 cogitari
2208 1593 2272 1625 po-

1295 1640 1383 1673 test,
1411 1645 1516 1677 quam
1535 1633 1664 1674 fingere
1686 1632 1812 1664 scelera
1830 1631 1980 1664 Neronis
2004 1631 2101 1664 fatali
2125 1631 2273 1664 necessi-

1296 1691 1364 1717 tate
1391 1684 1479 1717 facta
1505 1683 1600 1715 esse'?
1653 1681 1772 1724 Quare
1796 1688 1940 1726 propter
1970 1681 2115 1724 gloriam
2138 1682 2208 1715 Dei
2238 1689 2272 1715 et

1297 1741 1439 1778 propter
1463 1733 1645 1766 veritatem
1666 1739 1867 1765 constanter
1897 1732 2096 1765 reiiciamus
2127 1733 2272 1765 stoicam

1297 1785 1514 1829 opinionem,
1542 1796 1579 1816 ac
1597 1790 1687 1816 recte
1705 1782 1803 1816 Plato
1822 1783 1953 1828 inquit:
1982 1782 2061 1816 Non
2080 1784 2273 1816 conceden-

1297 1837 1379 1868 dum
1400 1847 1488 1874 esse,
1516 1841 1553 1867 ut
1573 1834 1626 1866 vel
1648 1834 1786 1867 dicatur
1810 1834 1865 1866 vel
1888 1833 2051 1867 audiatur
2074 1833 2111 1865 in
2136 1833 2274 1866 civitate

1298 1884 1380 1919 haec
1398 1898 1482 1923 vox,
1511 1897 1599 1929 quae
1619 1885 1682 1917 ait:
1711 1883 1824 1917 Deum
1843 1895 1980 1917 causam
2001 1895 2072 1917 esse
2090 1883 2183 1917 mali.

1332 1972 1431 2005 Num
1458 1972 1640 2015 praevisio
1668 1968 1799 2003 divina
1827 1971 2086 2003 necessitatem
2117 1965 2234 2014 affert

1679 2018 1894 2054 eventibus?

1398 2088 1626 2132 Nequaquam
1665 2087 1765 2120 affert
1806 2087 2044 2120 necessitatem
2080 2086 2274 2127 eventibus,

1297 2139 1357 2183 qui
1375 2139 1540 2171 oriuntur
1556 2151 1573 2171 a
1591 2138 1771 2171 voluntate
1788 2135 1953 2176 humana,
1971 2144 2003 2170 et
2020 2149 2092 2169 non
2108 2149 2125 2169 a
2143 2137 2277 2178 divina,

1296 2196 1350 2222 ut:
1382 2188 1486 2222 Videt
1510 2188 1605 2221 Deus
1622 2188 1762 2222 Saulem
1788 2188 2053 2221 interfecturum
2071 2199 2143 2220 esse
2158 2199 2272 2220 sacer-

1297 2241 1414 2279 dotes,
1441 2240 1498 2272 sed
1523 2251 1586 2272 nec
1613 2239 1709 2278 vult,
1734 2250 1797 2271 nec
1823 2239 2003 2282 approbat.
2035 2236 2082 2271 Et
2108 2237 2194 2272 Saul
2216 2250 2273 2271 re-

1297 2302 1376 2323 vera
1395 2297 1531 2333 poterat
1547 2301 1620 2322 eam
1638 2289 1776 2322 caedem
1794 2302 1864 2321 non
1889 2290 2012 2324 facere.
2066 2288 2170 2331 Quod
2190 2300 2271 2321 vero

1296 2340 1390 2374 Deus
1409 2340 1641 2374 determinare
1660 2340 1896 2383 contingentia
1915 2340 2061 2379 dicitur,
2088 2339 2122 2371 id
2149 2339 2197 2371 sic
2217 2338 2272 2371 in-

1297 2392 1492 2434 telligatur,
1519 2403 1597 2423 cnm
1616 2391 1658 2422 de
1684 2390 1784 2423 malis
1808 2391 1953 2424 dicitur:
1981 2389 2164 2422 Praevidet
2181 2389 2271 2422 mala

1297 2450 1329 2475 et
1344 2449 1452 2475 metas
1470 2441 1668 2480 constituit,
1695 2453 1739 2473 ne
1756 2441 1902 2474 ulterius
1917 2446 2020 2474 ruant
2033 2446 2092 2473 aut
2115 2450 2272 2482 grassen-

1297 2500 1354 2526 tur
1371 2493 1465 2527 mali.
1519 2491 1616 2525 Sicut
1633 2492 1675 2524 de
1694 2490 1934 2525 Sennacherib
1952 2489 2081 2534 inquit:
2112 2488 2270 2523 lniiciam

1296 2543 1361 2576 tibi
1378 2544 1516 2576 frenum
1528 2569 1536 2582 ,
1563 2549 1628 2576 etc.
1670 2541 1735 2575 His
1753 2541 1989 2575 fundamentis
2006 2538 2131 2573 harum
2150 2541 2271 2584 dispu-

1297 2594 1470 2627 tationum
1489 2593 1656 2636 cognitis,
1684 2592 1886 2637 responderi
1904 2591 2084 2635 perspicue
2099 2592 2141 2624 ad
2165 2602 2271 2636 quae-

1296 2645 1448 2678 stionem
1476 2644 1637 2678 usitatam
1662 2650 1789 2687 potest:
1824 2640 1882 2675 An
1908 2642 2107 2676 futurorum
2130 2641 2270 2676 contin-

1297 2695 1454 2738 gentium
1471 2694 1515 2728 sit
1533 2695 1760 2728 determinata
1783 2692 1916 2726 veritas.
