2379 2948
108 125 206 162 1189

709 126 773 164 IX.
828 125 1191 163 COMMENTARII
1224 125 1276 163 IN
1307 126 1548 167 PSALMOS.

2040 144 2139 180 1190

104 217 230 256 ruptae
254 211 437 246 doctrinae
464 212 501 245 in
525 212 595 246 fide
617 220 649 248 et
675 213 768 247 bona
788 213 1018 254 conscientia,
1045 215 1092 248 ita
1148 211 1364 253 discedentes
1382 226 1401 247 a
1420 217 1539 258 verbo,
1555 217 1723 262 fingentes
1740 233 1800 257 sua
1819 224 1983 268 dogmata
1999 234 2031 262 et
2049 241 2130 265 suos

104 262 349 305 intelligantur
377 263 505 297 similia
533 263 639 297 verba
660 263 697 296 in
725 261 792 298 hoc
816 263 975 305 Psalmo,
1002 262 1092 298 Am—
1146 262 1284 304 cultus,
1311 270 1349 297 Ut
1367 263 1569 310 MflhOmet³
1603 269 1710 315 Papa,
1747 273 1911 309 monaehi
1938 287 2129 321 operantur

100 313 264 347 hulantes
281 313 319 346 in
337 313 413 357 lege
434 320 504 350 tua.
539 313 639 355 Item,
656 313 825 348 Custodio
836 317 1000 349 mandata
1018 322 1089 350 tua.
1143 312 1388 359 iniquitatem,
1424 316 1461 349 id
1486 325 1553 360 est,
1579 321 1800 365 displicentia
1822 324 1917 369 Deo,
1949 329 2126 371 damnata,

99 362 152 398 Ac
170 365 303 398 dictum
321 364 411 398 illud
429 362 562 398 Christi
580 376 723 409 prorsus
742 366 905 408 congruit
923 378 1004 400 cum
1022 364 1087 400 hoc
1143 364 1279 398 etiamsi
1296 365 1334 398 in
1353 368 1502 410 speciem
1520 370 1608 404 ritus
1626 379 1659 406 et
1677 386 1792 409 mores
1806 384 1888 412 sunt
1905 379 2031 422 pulcri.

98 421 174 449 toto
189 414 347 456 Psalmo,
376 422 408 449 et
426 413 494 449 huc
511 417 797 449 accommodetur
817 423 983 462 tanquam
1010 418 1085 461 pla-

98 465 243 499 nissima
262 466 447 500 enarratio.
502 463 670 500 Ostendit
689 467 783 499 enim
802 479 891 512 quae
909 475 942 502 et
960 468 1023 502 ubi
1040 469 1084 503 sit

96 515 251 550 Ecclesia
263 515 347 556 Dei,
375 524 408 551 et
424 516 522 549 addit
541 517 790 559 promissiones
808 519 967 552 omnium
987 531 1083 553 sum-

96 578 170 601 mas
189 568 383 611 expressius
406 579 512 612 quam
529 566 698 608 Psalmus
753 566 853 602 Nihil
876 577 987 613 potest
1010 570 1081 604 dici

96 618 210 651 maius
227 616 281 651 his
299 618 419 651 bonis:
448 616 553 651 Pater
577 630 675 652 meus
691 620 813 663 diliget
830 632 930 664 eum,
959 628 993 654 et
1020 634 1079 655 ve-

95 668 234 702 niemus
259 669 302 701 ad
327 681 426 709 eum,
453 675 486 702 et
510 669 728 703 mansionem
753 672 845 715 apud
870 683 949 705 eum
973 673 1080 706 facie—

95 731 186 754 mus.
229 719 333 753 Pater
354 719 502 753 remittit
519 728 676 763 peccata,
705 722 826 765 diliget
851 734 936 763 nos,
964 730 997 757 et
1021 735 1077 757 re-

95 770 233 814 putabit
256 769 365 803 iustos
387 777 531 814 propter
553 771 684 805 Filium
708 771 792 813 Dei,
827 780 860 806 et
886 774 1078 808 efficiemur

94 820 313 854 domicilium
326 821 538 855 divinitatis:
556 821 668 856 Filius
686 824 860 857 mediator
877 824 990 867 placat
1009 837 1076 858 no-

82 871 146 908 ‚bis
169 878 324 915 patrem,
350 879 383 906 et
400 879 450 906 est
466 874 724 908 umbraculum.
777 873 827 908 Ita
847 874 948 909 Pater
965 883 996 909 et
1014 875 1075 909 Fi-

92 922 159 955 lius
181 922 317 966 spirant
337 923 374 955 in
406 935 466 956 cor
491 929 591 957 tuum
623 924 796 968 Spiritum
827 933 1005 965 sanctum,
1041 933 1075 960 et

91 979 210 1016 postea
235 973 455 1007 manifestius
473 972 647 1009 habitabit
666 976 703 1008 in
718 976 821 1009 nobis
843 976 1011 1011 divinitas
1035 977 1072 1010 in

89 1024 187 1057 omni
212 1026 438 1065 aeternitate,
464 1025 530 1059 erit
545 1026 665 1059 omnia
684 1026 722 1059 in
745 1027 931 1068 omnibus,
958 1028 993 1061 id
1011 1035 1073 1069 est,

89 1082 166 1118 aget
190 1075 390 1109 immediate
414 1086 475 1109 sua
500 1076 576 1109 luce
600 1077 637 1110 in
661 1078 786 1117 nobis,
822 1085 854 1112 et
879 1079 1072 1124 conspicie-

88 1132 165 1164 tur,
200 1138 273 1159 non
304 1133 380 1170 aget
408 1139 469 1171 per
500 1127 738 1162 ministerium
765 1127 950 1172 Evangelii
983 1129 1072 1164 sicut

86 1189 182 1210 nunc
198 1177 280 1219 agit.

188 1227 410 1261 Vocabulum
432 1240 494 1272 pro
519 1241 589 1273 quo
608 1229 815 1274 interpretes
840 1230 893 1263 usi
910 1238 991 1264 sunt
1004 1243 1072 1264 no-

86 1279 182 1311 mine
206 1278 441 1319 immaculati,
475 1279 646 1325 Hebraeis
678 1288 727 1314 est
749 1287 867 1319 ῡνεῇ,
903 1283 997 1326 quod
1025 1282 1072 1314 si-

86 1330 227 1373 gnificat
261 1329 458 1372 integrum,
493 1337 532 1363 ut
563 1343 642 1364 cum
674 1332 717 1364 de
749 1333 882 1376 pecude
910 1332 1071 1371 dicimus,

83 1380 253 1425 pecudem
294 1391 359 1413 nec
388 1380 550 1413 mutilam
591 1393 662 1414 esse
694 1394 759 1415 nec
797 1393 954 1423 coecam,
1007 1395 1072 1416 nec

83 1430 357 1471 claudicantem,
411 1443 475 1464 nec
508 1432 717 1474 scabiosam,
755 1445 819 1466 nec
850 1433 941 1466 febri
970 1434 1070 1467 labo-

84 1488 230 1515 rantem.
296 1481 409 1524 Igitur
437 1483 672 1516 vetustissimo
706 1495 803 1516 more
833 1483 1003 1529 loquendi
1027 1485 1070 1517 de

84 1530 249 1573 homine,
282 1532 453 1575 significat
477 1533 653 1577 integrum
677 1534 752 1567 sine
774 1535 994 1583 corruptela,
1032 1535 1069 1568 id

84 1591 151 1623 est,
178 1583 253 1615 sine
277 1583 362 1616 falsa
385 1583 570 1626 opinione,
597 1584 652 1617 vel
678 1585 776 1618 cultu
800 1585 1007 1624 idolatrico,
1030 1592 1069 1619 ut

86 1633 217 1668 Genes.
242 1634 296 1667 12.
323 1634 467 1667 dicitur:
508 1633 661 1667 Ambula
687 1647 804 1668 coram
837 1648 910 1675 me,
941 1642 974 1669 et
995 1643 1067 1669 esto

85 1686 239 1728 integer,
273 1684 308 1717 id
337 1693 404 1723 est,
432 1691 547 1717 custos
571 1685 797 1733 incorruptae
824 1686 1004 1719 doctrinae
1030 1687 1067 1719 in

85 1736 152 1769 fide
186 1743 217 1770 et
243 1735 336 1768 hona
367 1735 593 1769 conscientia.
655 1735 750 1769 Haec
777 1743 827 1769 est
861 1737 1067 1784 planissima

84 1787 279 1826 enarratiO,
315 1793 347 1820 et
370 1793 487 1831 postea
512 1787 659 1826 dicitur,
691 1785 795 1820 Deut.
819 1787 889 1822 18.:
928 1787 1068 1831 Integer

84 1845 156 1872 esto
182 1849 298 1871 coram
322 1836 477 1870 Domino
502 1836 577 1870 Deo
603 1844 680 1878 tuo,
714 1838 750 1870 id
778 1845 845 1878 est,
879 1838 953 1871 sine
981 1839 1067 1872 falsa

83 1889 253 1933 opinione
279 1895 312 1922 et
334 1889 431 1922 cultu
455 1888 661 1929 idolam-ico,
696 1889 747 1921 ibi
777 1889 870 1922 enim
901 1887 1067 1933 prohibet

84 1940 179 1973 idola
206 1946 239 1973 et
268 1939 431 1982 magiam.
492 1938 533 1972 In
565 1937 620 1972 his
649 1939 735 1973 locis
765 1940 919 1983 conspici
945 1947 1068 1984 potest,

84 1991 263 2035 quomodo
286 1997 437 2023 vetustas
462 1988 528 2022 hoc
551 1991 723 2023 vocabulo
749 2003 810 2024 usa
835 1991 890 2026 sit.
942 1991 1067 2025 Postea

83 2042 205 2074 eodem
217 2042 322 2074 modo
333 2040 492 2074 Psalmus
507 2041 676 2086 loquitur.
706 2040 888 2084 Significat
903 2053 984 2085 ergo
1000 2042 1067 2075 im-

85 2092 249 2125 maculati
263 2093 422 2125 custodes
439 2092 667 2136 incorruptae
685 2092 865 2125 doctrinae
888 2093 926 2125 in
943 2094 1011 2127 fide
1036 2100 1069 2127 et

84 2143 178 2176 bona
197 2142 425 2183 conscientia,
452 2143 488 2175 id
504 2151 573 2183 est,
601 2143 687 2176 tales
706 2143 766 2188 qui
792 2150 874 2177 sunt
891 2144 968 2177 sine
982 2144 1069 2178 falsa

83 2193 253 2237 opinione
271 2200 303 2226 et
318 2193 414 2226 cultu
437 2194 640 2235 idolatrico,
669 2201 701 2228 et
726 2206 805 2227 vera
829 2195 897 2228 fide
917 2202 951 2229 et
975 2196 1069 2229 bona

84 2244 296 2277 conscientia
315 2256 436 2285 verum
453 2243 566 2277 Deum
584 2245 760 2280 invocant.

185 2294 369 2329 Secundus
389 2306 508 2328 versus
531 2303 580 2330 est
603 2296 766 2341 repetitio
784 2296 912 2340 prioris
929 2303 1070 2330 senten-

84 2347 172 2386 tiae,
199 2343 277 2392 Qui
290 2349 502 2385 scrutantur
519 2347 719 2380 testimonia
735 2348 829 2388 eius,
857 2347 893 2380 id
913 2355 982 2388 est,
1009 2348 1072 2393 qui

84 2409 159 2430 non
180 2398 367 2430 discedunt
390 2409 407 2429 a
424 2398 532 2430 verbo
548 2397 634 2439 Dei,
658 2402 689 2432 et
707 2402 781 2432 toto
799 2395 920 2440 corde,
946 2399 983 2432 id
1010 2406 1072 2439 est,

84 2449 221 2492 integro
247 2448 368 2487 corde,
395 2459 468 2480 non
492 2448 658 2482 distracto
686 2451 729 2483 ad
753 2450 868 2490 idola,
897 2457 1072 2495 quaerunt

84 2500 231 2533 verbum
250 2497 334 2539 Dei,
362 2496 397 2531 hi
415 2505 497 2532 sunt
514 2499 627 2540 beati,
657 2500 693 2533 id
711 2508 780 2542 est,
808 2508 891 2535 sunt
914 2502 1073 2535 membra

86 2562 188 2584 verae
204 2549 381 2584 Ecclesiae
397 2548 484 2591 Dei,
511 2557 544 2583 et
568 2551 611 2583 ad
636 2562 694 2584 eos
720 2552 899 2596 pertinent
919 2553 1073 2597 promis-

85 2602 211 2635 siones.

187 2646 328 2686 Tertius
354 2663 474 2685 versus
498 2658 546 2684 est
576 2648 779 2693 antithesis,
806 2655 890 2687 Non
918 2666 1072 2701 operan-

1240 414 1397 458 Quartus
1428 430 1548 452 versus
1579 422 1782 472 αἰτιολογία
1808 435 1858 462 est
1890 435 1922 462 et
1952 430 2123 475 doctrina,

1137 462 1235 499 Deus
1251 467 1467 501 severissime
1484 469 1650 514 prohibet
1670 475 1846 511 discedere
1871 491 1889 512 a
1916 482 2023 515 verbo
2040 482 2120 526 Dei,

1136 515 1231 550 iuxta
1262 518 1321 551 illa
1355 519 1463 553 dicta:
1509 519 1615 557 Hunc
1640 526 1767 562 audite.
1832 528 1935 564 Item:
1971 531 2009 566 Si
2041 535 2121 579 quis

1134 566 1231 600 aliud
1251 566 1485 613 Evangelium
1505 573 1616 615 docet,
1640 574 1825 612 anathema
1843 580 1898 615 sit.
1952 581 2119 628 Sequun-

1134 624 1192 651 tur
1216 620 1388 662 precatio‚
1421 629 1454 656 et
1479 624 1691 667 consolatio,
1721 629 1913 670 gratiarum
1940 634 2050 676 aetio,
2084 643 2118 670 et

1132 669 1323 711 confessio,
1343 671 1380 704 in
1397 683 1467 719 qua
1485 673 1635 708 affirmat
1652 687 1687 709 se
1702 689 1775 711 non
1792 680 2026 716 discessurum
2045 697 2117 720 esse

1131 730 1149 751 a
1167 721 1274 754 verbo
1292 720 1367 755 Dei.
1421 723 1471 756 lta
1489 720 1546 757 hie
1559 728 1762 762 octonarius
1781 732 1967 776 praecipue
1984 742 2033 768 est
2050 737 2116 769 do·-

1131 771 1241 804 ctrina
1264 772 1414 812 docens,
1442 786 1531 819 quae
1556 782 1589 809 et
1612 777 1675 810 ubi
1700 779 1743 813 sit
1761 793 1841 815 vera
1857 780 2016 817 Ecclesia
2031 786 2115 831 Dei,

1130 827 1163 854 et
1183 818 1247 855 hos
1269 834 1342 856 esse
1361 836 1440 857 vera
1459 823 1636 860 Ecclesiae
1660 831 1836 873 membra,
1863 833 1924 878 qui
1947 841 2028 869 sunt
2054 849 2115 871 cu-

1128 873 1244 905 stodes
1260 874 1361 907 verbi
1377 875 1491 908 divini
1507 876 1705 923 incorrupti
1722 881 1759 914 in
1776 881 1845 917 fide
1871 891 1903 918 et
1919 884 2011 919 bona
2029 899 2114 921 con-

1127 923 1281 959 scicntia.
1334 924 1456 960 Postea
1475 927 1667 963 miscentur
1684 928 1801 978 πάθη.
1862 925 1867 930 ”

1540 1018 1567 1048 Ξ
1594 1011 1697 1050 Beth.

1174 1068 1219 1099 1η
1241 1077 1309 1141 qug
1336 1066 1517 1102 mundum
1545 1068 1673 1114 faciet
1705 1072 1979 1112 adolescentior
2012 1082 2112 1117 viam

1176 1127 1301 1151 suam.
1336 1122 1408 1152 etc.
1514 1122 1518 1128 “

1227 1182 1368 1217 Primus
1385 1196 1503 1218 versus
1521 1192 1570 1219 est
1587 1187 1744 1222 recitatio
1762 1192 1918 1226 mandati
1933 1195 1976 1228 de
1993 1204 2111 1232 custo-

1125 1233 1253 1266 dienda
1283 1235 1435 1278 puritate
1465 1236 1661 1271 doctrinae:
1696 1238 1758 1273 Sic
1776 1240 1835 1274 νία
1866 1243 1932 1276 erit
1956 1246 2111 1289 munda,

1125 1283 1160 1316 id
1189 1292 1257 1324 est,
1292 1285 1370 1318 Deo
1397 1286 1556 1330 placens,
1593 1287 1630 1321 ,ςί
1661 1289 1838 1325 custodies
1864 1294 2007 1330 verbum
2033 1297 2114 1332 Dei

1125 1334 1394 1380 incorruptum,
1421 1337 1455 1370 id
1481 1344 1550 1378 est,
1578 1339 1608 1372 si
1632 1341 1801 1376 retinebis
1827 1345 2026 1381 doctrinam
2053 1351 2111 1383 in-

1124 1393 1325 1430 corruptam
1350 1387 1417 1420 fide
1440 1394 1472 1421 et
1497 1389 1590 1422 hona
1618 1393 1845 1429 conscientia.
1889 1396 1942 1430 Ac
1966 1411 2110 1442 prorsus

1123 1437 1243 1469 eadem
1275 1438 1446 1471 sententia
1482 1445 1548 1480 est,
1590 1453 1679 1485 quae
1714 1451 1764 1477 est
1797 1445 1904 1489 primi
1929 1450 2108 1485 versiculi:

1123 1485 1222 1521 Beati
1242 1487 1470 1524 immaculati.

1225 1538 1409 1572 Secundus
1431 1552 1550 1573 versus
1574 1544 1727 1585 precatio
1755 1552 1823 1587 est,
1860 1545 1936 1581 Oro
1954 1561 1998 1583 ne
2016 1551 2110 1587 sinas

1122 1600 1177 1621 me
1193 1601 1309 1623 errare
1325 1602 1343 1622 a
1364 1591 1537 1624 mandatis
1555 1593 1636 1628 tuis.

1224 1639 1366 1673 Tertius
1382 1642 1554 1675 confessio
1573 1650 1643 1683 est,
1672 1642 1714 1676 In
1731 1646 1836 1678 corde
1854 1647 2023 1684 abscondi
2041 1660 2106 1689 etc.

1222 1689 1380 1732 Quartus
1414 1692 1586 1734 precatio,
1626 1692 1723 1728 Doce
1750 1707 1806 1729 me
1842 1697 2108 1738 iustificationes

1121 1746 1208 1775 tuas.
1266 1739 1412 1787 Reliqui
1446 1755 1568 1777 omnes
1600 1752 1682 1779 sunt
1708 1747 1898 1791 confessio,
1932 1751 1973 1786 In
2006 1754 2110 1789 labiis

1122 1791 1222 1832 meis,
1249 1797 1312 1827 etc,

1527 1879 1546 1908 3
1568 1870 1699 1908 Gimel.

1170 1925 1347 1961 Retribue
1372 1939 1478 1963 servo
1502 1933 1585 1973 tuo,
1622 1935 1660 1965 et
1684 1935 1809 1969 vivam
1837 1939 1873 1969 et
1902 1939 2108 1976 custodiam

1169 1989 1358 2013 sermones
1375 1984 1471 2014 tuos.

1221 2043 1363 2079 Primus
1379 2058 1499 2079 versus
1516 2054 1566 2081 est
1584 2050 1760 2095 precatio,
1788 2058 1826 2084 ut
1849 2052 1887 2085 in
1911 2055 2108 2092 calamitate

1120 2101 1154 2128 et
1170 2096 1413 2139 persecutione
1429 2104 1651 2142 protegatur,
1679 2107 1718 2134 ut
1737 2102 1846 2145 possit
1862 2115 2055 2150 propagare
2072 2116 2106 2143 et

1121 2157 1245 2179 sonare
1277 2158 1398 2181 vocem
1431 2160 1533 2182 verae
1563 2150 1764 2193 doctrinae,
1798 2149 1976 2189 Retribue
2005 2169 2107 2193 servo

1123 2200 1205 2237 luo,
1239 2197 1274 2229 id
1300 2206 1369 2240 est,
1403 2199 1557 2233 vicissim
1584 2213 1625 2233 ex
1656 2205 1835 2237 aerumnis
1862 2217 1917 2239 me
1939 2208 2052 2251 erigas
2075 2217 2108 2244 et

1122 2248 1324 2284 consoleris.
1392 2249 1481 2283 Nam
1522 2252 1716 2285 retribuere
1745 2251 1802 2287 hic
1831 2268 1903 2289 non
1935 2258 2107 2302 significat

1122 2299 1267 2331 reddere
1284 2302 1479 2333 mercedem
1503 2308 1562 2334 aut
1585 2314 1812 2346 compensare
1834 2307 2018 2350 meritum,
2046 2312 2105 2345 sed

1122 2350 1294 2393 significat
1317 2351 1595 2385 vicissitudinem
1622 2365 1661 2386 ex
1686 2357 1945 2397 persecutione:
1973 2358 2108 2395 Trans-

1122 2402 1174 2434 fer
1200 2413 1255 2434 me
1278 2402 1322 2434 ad
1347 2402 1452 2436 talem
1475 2409 1602 2436 statum
1626 2404 1664 2437 in
1689 2417 1759 2449 quo
1783 2408 1913 2450 possim
1933 2410 2020 2444 alios
2041 2413 2106 2446 do-

1124 2464 1217 2492 cere,
1245 2464 1318 2485 non
1336 2453 1429 2486 sinas
1448 2453 1604 2496 extingui
1621 2462 1652 2488 et
1671 2456 1780 2489 deleri
1797 2456 2002 2503 Ecclesiam,
2027 2463 2106 2497 ideo

1124 2503 1238 2536 addit:
1268 2500 1439 2548 Iuslfica
1463 2515 1527 2539 me.
1586 2504 1685 2539 Sicut
1716 2518 1819 2552 supra
1856 2510 1989 2556 inquit:
2025 2513 2107 2548 Non

1124 2553 1256 2587 moriar
1271 2555 1331 2587 sed
1349 2555 1485 2596 vivam,
1512 2562 1543 2588 et
1561 2557 1712 2590 narrabo
1732 2570 1835 2603 opera
1853 2559 2012 2596 Domini.

1228 2603 1411 2638 Secundus
1432 2612 1464 2639 et
1481 2606 1605 2640 tertius
1625 2619 1743 2642 versus
1767 2618 1849 2644 sunt
1866 2614 2039 2656 precatio,
2070 2623 2108 2650 ut

1126 2656 1248 2689 doceat
1272 2668 1336 2690 nos
1358 2655 1466 2692 Deus.
1526 2655 1572 2691 Et
1596 2660 1736 2703 querela
1764 2661 1893 2697 inserta
1919 2671 1985 2698 est:
2019 2664 2108 2699 Sum

89 2706 148 2735 tur
165 2700 397 2750 iniquitatem
420 2700 654 2736 ambulantes
678 2701 714 2736 in
740 2702 807 2737 riis
833 2703 926 2745 eius,
954 2706 991 2739 id
1011 2713 1073 2745 est,
1122 2705 1355 2753 peregrinus,
1397 2720 1470 2741 non
1505 2706 1617 2743 haheo
1649 2722 1818 2755 regnum,
1859 2715 2110 2758 defensionem,

1413 2757 1497 2793 75*
