2379 2948
198 126 270 160 467
439 118 647 157 SCRIPTA
675 117 751 151 PH.
780 114 895 150 MEL.
925 113 990 149 AD
1019 113 1145 149 HlST.
1174 112 1316 148 PROF.
1346 111 1409 147 ET
1436 111 1626 147 PHlLOS.
1657 112 1976 149 SPECTANTIA.
2137 113 2211 148 468

203 210 333 243 bantur
348 205 438 241 hanc
454 204 678 240 sententiam:
707 201 765 234 Tu
783 212 818 234 es
833 199 1003 234 Sacerdos
1017 199 1054 231 in
1073 205 1185 231 aeter-
1207 197 1210 219 ¹
1235 198 1403 240 significet
1418 198 1541 231 urbem
1559 196 1633 230 eius
1649 197 1822 237 nominis,
1851 196 2104 241 Tropologicae
2124 209 2217 230 rem-

206 271 292 292 num
312 258 502 291 secundum
521 253 680 287 ordinem
700 247 974 284 Melchisedech.
1025 248 1185 282 Primum
1209 276 1210 298 χ
1235 249 1319 292 pub.
1353 248 1442 281 hene
1472 247 1718 288 constitutam,
1758 245 1977 290 Allegoricae
2008 246 2215 287 Ecclesiam,

207 307 389 342 historiam
408 306 560 349 aliquam
581 302 807 347 quaerebant.
858 300 930 334 Nec
950 300 1037 333 libet
1062 298 1185 332 recita-
1209 306 1211 346 ’ἢ
1235 297 1435 341 Anagogice
1454 298 1561 331 vitam
1579 304 1755 330 aeternam
1773 308 1834 330 seu
1853 297 2046 332 coelestem.
2084 296 2130 331 Et
2147 295 2214 330 hoc

207 371 261 398 re,
289 368 392 402 quam
410 355 578 387 absurdas
598 359 630 386 et
647 351 908 397 intempestivas
926 351 1105 383 interdum
1131 346 1185 380 hi-
1209 351 1212 404 i
1235 350 1341 380 modo
1358 359 1479 380 omnes
1495 359 1614 380 versus
1631 347 1828 391 prodigiosa
1840 344 2111 389 metamorphosi
2127 359 2214 392 qua-

207 408 330 441 storias
349 405 566 444 affluxerint,
593 410 632 436 ut
648 403 685 435 in
710 400 776 436 hoc
799 402 876 434 loco
901 401 1003 444 plane
1027 410 1186 432 corrum-
1236 398 1416 431 drifariam
1433 398 1768 440 interpretabantur,
1794 397 2021 441 quantumvis
2038 397 2213 430 interdum

206 458 302 500 pitur
329 466 493 498 germana
518 454 706 487 sententia:
734 452 772 486 Si
795 452 873 496 quis
896 451 1000 493 finget
1016 449 1186 482 Davidem
1236 449 1368 481 dictum
1386 448 1530 492 aliquod
1548 454 1758 492 repugnaret
1775 447 1829 479 illi
1845 444 2133 490 metamorphosi.

206 505 369 539 habuisse
385 504 632 544 sacerdotium,
659 501 726 536 hoc
745 510 805 540 est,
827 507 948 544 pacato
965 511 1090 542 regno,
1107 509 1187 541 per-

206 556 326 589 fecisse
349 556 436 588 sicut
461 556 573 587 bonos
601 553 776 597 principes
799 553 913 591 decet,
942 557 980 583 ut
1004 549 1106 582 etiam
1134 559 1188 580 sa-

205 606 399 639 cerdotium
422 611 511 638 recte
534 604 820 641 constitueretur,
848 600 1043 633 doctrinam
1069 610 1187 630 emen-

205 658 321 696 dasse,
349 662 383 689 et
402 655 515 688 cultus
535 654 735 690 ordinasse,
764 651 922 684 Psalmos
939 648 1189 691 composuisse,

206 706 426 740 distribuisse
442 704 671 737 Sacerdotum
689 709 721 735 et
738 699 946 734 Levitarum
964 698 1088 731 officia.

1340 545 1524 579 Caeterum
1551 558 1615 579 nos
1636 546 1901 580 meminerimus
1915 558 2022 580 unam
2039 547 2216 591 quandam

1238 608 1276 629 ac
1299 603 1427 629 certam
1452 603 1484 629 et
1508 597 1700 640 simplicem
1724 597 1931 630 sententiam
1957 597 2089 641 ubique
2112 609 2219 642 quae-

1239 647 1384 678 rendam
1409 657 1481 678 esse
1509 646 1603 679 iuxta
1633 654 1814 690 praecepta
1838 647 2106 690 grammaticae,
2139 647 2217 680 dia-

1240 696 1380 729 lecticae
1399 703 1431 729 et
1450 693 1656 731 rhetoricae.
1699 695 1788 729 Nam
1806 697 1938 738 oratio,
1963 709 2051 742 quae
2067 709 2140 730 non
2154 694 2219 730 ha-

1240 747 1299 780 bet
1317 758 1423 780 unam
1457 757 1495 779 ac
1525 746 1719 788 simplicem
1751 747 1976 786 sententiam,
2011 745 2103 779 nihil
2133 747 2219 780 certi

1241 798 1351 830 docet.
1406 796 1445 830 Si
1470 808 1558 840 quae
1582 796 1711 839 figurae
1735 803 1938 837 occurrent,
1970 794 2035 830 hae
2059 809 2131 830 non
2157 798 2221 830 de—

1242 848 1326 880 bent
1343 847 1471 879 multos
1494 857 1615 879 sensus
1631 857 1769 889 parere,
1796 847 1856 879 sed
1874 845 1969 879 iuxta
1993 847 2220 880 consuetudi-

1243 910 1322 930 nem
1356 897 1528 929 sermonis
1561 908 1666 929 unam
1694 897 1849 941 aliquam
1869 897 2098 937 sententiam,
2134 909 2221 942 quae

1242 949 1284 980 ad
1303 954 1432 980 caetera
1455 947 1621 991 quadret,
1645 958 1732 990 quae
1758 947 1935 982 dicuntur.
1987 945 2034 980 Et
2057 947 2101 980 ad
2125 944 2220 980 hunc

1242 1009 1343 1030 usum
1370 995 1454 1029 haec
1481 996 1597 1038 pueris
1618 997 1778 1029 doctrina
1802 998 1845 1029 de
1863 997 1983 1039 figuris
1997 1004 2030 1030 et
2046 997 2145 1030 omni
2162 1009 2221 1030 ra-

1242 1047 1338 1080 tione
1355 1045 1496 1080 dicendi
1511 1054 1648 1089 reperta
1666 1053 1733 1087 est,
1760 1053 1798 1080 ut
1815 1047 1987 1080 discamus
2004 1047 2158 1080 iudicare
2179 1048 2222 1080 de

1242 1108 1421 1136 sermone,
1449 1103 1481 1130 et
1497 1108 1604 1129 unam
1623 1097 1774 1141 aliquam
1795 1109 1833 1130 ac
1857 1104 1986 1130 certam
2012 1097 2222 1131 sententiam

1243 1160 1282 1180 ex
1300 1147 1457 1191 qualibet
1474 1147 1632 1180 oratione
1649 1148 1823 1190 colligere.
1875 1147 2031 1181 Proinde
2055 1147 2091 1179 in
2115 1147 2221 1180 sacris

1243 1198 1354 1230 literis
1375 1198 1434 1230 illa
1450 1197 1620 1230 sententia
1640 1198 1824 1231 retinenda
1848 1204 1916 1238 est,
1943 1209 2047 1242 quam
2074 1208 2222 1230 consue-

1244 1249 1328 1281 tudo
1353 1248 1526 1280 sermonis
1552 1248 1659 1291 parit,
1686 1245 1771 1280 haec
1797 1254 1891 1280 certo
1917 1249 2018 1282 docet
2041 1247 2223 1281 conscien-

1243 1299 1308 1331 tias
1326 1299 1368 1330 de
1383 1295 1437 1330 his
1455 1298 1580 1338 rebus,
1608 1310 1696 1342 quae
1713 1298 1764 1330 ibi
1781 1299 1988 1339 traduntur,
2022 1297 2068 1331 Ut
2094 1299 2132 1330 in
2156 1297 2224 1331 isto

1243 1349 1320 1381 loco
1344 1360 1446 1392 quem
1471 1348 1670 1380 citavimus:
1699 1347 1755 1380 Tu
1774 1359 1809 1380 es
1824 1349 1984 1381 sacerdos
2000 1354 2064 1383 etc.
2117 1346 2224 1381 Initio

1243 1405 1315 1431 tota
1334 1398 1488 1431 narratio
1508 1398 1741 1441 percurrenda
1763 1405 1831 1438 est,
1858 1404 1891 1431 et
1913 1398 2133 1440 quaerendae
2155 1397 2225 1430 cir-

1243 1448 1490 1487 cumstantiae,
1517 1448 1595 1490 quis
1621 1448 1804 1490 loquatur,
1839 1446 1881 1478 de
1905 1458 1973 1490 qua
1998 1457 2146 1490 persona
2168 1447 2224 1480 lo—

1244 1502 1381 1541 quatur.
1436 1495 1504 1528 Hic
1529 1497 1741 1538 reperiemus
1762 1497 1928 1540 pleraque
1950 1496 2106 1529 membra
2130 1494 2223 1529 nihil

1243 1546 1420 1590 pertinere
1438 1546 1480 1578 ad
1493 1544 1675 1585 Davidem,
1687 1546 1745 1578 sed
1762 1547 1804 1578 ad
1821 1547 1996 1590 quendam
2016 1552 2224 1590 perpetuum

1244 1607 1381 1638 regem,
1415 1596 1476 1639 qui
1511 1607 1602 1627 novo
1635 1596 1789 1640 quodam
1820 1597 2015 1630 sacerdotio
2046 1597 2224 1639 fungetur,

1245 1646 1427 1690 antiquato
1455 1644 1627 1680 Levitico.
1695 1644 1991 1680 Constituendum
2026 1653 2076 1680 est
2105 1646 2223 1689 igitur,

1245 1697 1337 1741 quod
1358 1693 1415 1728 hic
1432 1694 1592 1728 Psalmus
1614 1696 1658 1728 de
1682 1707 1754 1729 uno
1777 1709 1815 1730 ac
1840 1697 1915 1729 solo
1931 1694 2074 1730 Christo
2099 1697 2225 1742 loqua-

1245 1753 1321 1786 tur,
1344 1752 1378 1779 et
1397 1746 1542 1778 literalis
1560 1757 1682 1779 sensus
1700 1758 1760 1780 seu
1775 1744 1965 1781 historicus
1982 1747 2020 1779 in
2038 1744 2106 1780 hoc
2120 1758 2225 1781 versu

1246 1797 1312 1830 erit
1329 1797 1372 1829 de
1389 1793 1521 1830 Christi
1539 1797 1748 1830 sacerdotio.
1800 1796 1902 1830 Nunc
1923 1798 1984 1842 qui
2002 1797 2096 1831 volet
2111 1798 2223 1841 expli-

1245 1858 1342 1887 care,
1375 1857 1449 1878 non
1474 1853 1623 1879 accersat
1651 1847 1853 1890 allegorias,
1886 1849 1945 1880 sed
1968 1845 2058 1880 hanc
2083 1858 2223 1880 causam

1246 1908 1306 1930 seu
1324 1896 1493 1929 literalem
1512 1907 1652 1928 sensum
1677 1897 1720 1928 de
1742 1898 1936 1930 sacerdotio
1954 1895 2105 1935 Christi,
2133 1897 2224 1931 refe-

1246 1954 1299 1980 rat
1323 1947 1364 1978 ad
1387 1946 1481 1978 locos
1505 1958 1727 1986 communes,
1761 1953 1794 1980 et
1819 1948 1861 1979 de
1883 1944 1938 1979 his
1968 1948 2092 1980 ordine
2119 1947 2224 1989 dicat,

1247 1997 1341 2030 iuxta
1358 1996 1561 2029 dialecticae
1579 2003 1777 2040 praecepta:
1807 1996 1902 2039 Quid
1919 1997 1961 2029 sit
1979 1998 2224 2040 sacerdotium,

1248 2046 1343 2089 Quid
1366 2046 1519 2079 effecerit
1538 2042 1669 2079 Christi
1695 2047 1946 2087 sacerdotium,
1973 2046 2080 2090 Quod
2104 2055 2224 2083 nostra

1247 2097 1402 2136 iusticia,
1432 2096 1561 2129 nostris
1578 2095 1744 2136 victimis,
1772 2104 1892 2131 nostro
1909 2098 2025 2137 cultu,
2047 2110 2120 2130 non
2144 2111 2225 2144 pos-

1247 2153 1354 2180 simus
1371 2147 1507 2190 placare
1522 2145 1635 2179 Deum
1651 2147 1710 2180 sed
1725 2145 1856 2181 Christi
1874 2148 2042 2181 sacrificio
2059 2145 2224 2192 plafatus,

1248 2199 1355 2230 donet
1378 2197 1481 2229 nobis
1506 2196 1696 2236 iusticiam,
1730 2210 1866 2240 pacem,
1902 2198 2008 2231 vitam
2034 2205 2220 2235 aeternam.

1247 2246 1323 2279 Hoc
1343 2248 1446 2279 modo
1464 2246 1610 2279 literalis
1627 2257 1748 2280 sensus
1775 2248 1987 2286 illustratus,
2014 2260 2076 2291 per
2098 2250 2222 2283 defini-

1248 2297 1380 2330 tionem
1405 2296 1609 2339 sacerdotii,
1637 2308 1847 2342 magnopere
1872 2299 1966 2332 iuvat
1990 2299 2098 2332 bonas
2123 2312 2222 2333 men-

1247 2354 1316 2387 tes,
1344 2359 1383 2379 ac
1409 2347 1446 2379 in
1463 2346 1549 2379 locis
1566 2347 1814 2381 communibus
1831 2349 1985 2383 delectus
1999 2347 2222 2384 adhibendus

1247 2404 1316 2436 est,
1340 2397 1402 2429 ubi
1420 2398 1463 2429 ad
1480 2394 1712 2439 Evangelium
1731 2400 1912 2432 reserenda
1930 2411 1982 2432 res
2000 2399 2063 2438 sit,
2089 2400 2151 2432 ubi
2175 2402 2220 2434 ad

223 2461 327 2494 quam
355 2451 495 2494 quidem
519 2457 552 2483 et
579 2450 652 2493 ipse
684 2448 871 2481 immodice
903 2447 1088 2491 praedicat.
1148 2445 1195 2481 At
1245 2447 1459 2489 Decalogum
1475 2458 1534 2479 seu
1549 2455 1730 2490 praecepta
1750 2450 1793 2481 de
1809 2450 1979 2482 moribus.
2016 2447 2104 2480 Nam
2124 2451 2220 2484 aliud

224 2500 335 2532 nostri
351 2498 525 2542 Theologi
551 2501 692 2532 suerunt
716 2499 922 2542 ineptiores,
948 2497 1028 2542 qui,
1053 2504 1091 2530 ut
1114 2497 1194 2529 lon·
1245 2497 1282 2530 in
1306 2497 1375 2530 alio
1397 2504 1602 2540 argumento
1628 2498 1742 2539 decet,
1776 2498 1931 2532 Extremi
1951 2505 2067 2532 tamen
2090 2499 2157 2533 loci
2184 2499 2221 2533 hi

225 2550 301 2593 gius
324 2549 427 2581 etiam
460 2562 478 2581 a
510 2549 680 2582 sententia
710 2548 933 2592 grammatica
966 2547 1194 2588 discederent,
1243 2554 1336 2585 sunt,
1364 2545 1434 2579 Lex
1459 2558 1519 2580 seu
1543 2545 1758 2590 Decalogus,
1786 2556 1817 2581 et
1842 2547 2093 2591 Evangelium,
2129 2551 2220 2584 intra

224 2600 316 2633 ultra
337 2598 537 2640 allegoriam
553 2600 728 2632 finxerunt
744 2610 941 2641 anagogen,
968 2609 1057 2643 quae
1077 2604 1192 2630 trans·
1242 2609 1330 2643 quos
1348 2597 1479 2630 versari
1494 2604 1634 2642 oportet
1654 2595 1734 2639 hos,
1759 2598 1820 2643 qui
1840 2599 2116 2642 interpretantur
2133 2601 2219 2634 scri—

223 2650 328 2683 ferret
362 2660 434 2681 rem
467 2650 509 2681 ad
533 2649 712 2688 coelestia,
747 2656 785 2683 ut
813 2648 996 2682 Ierusalem
1026 2645 1191 2682 historice
1242 2654 1392 2692 pturam.

306 763 400 796 Haec
426 769 509 795 sunt
533 762 570 793 in
599 761 758 804 principe
784 760 890 801 digna
908 758 1029 796 laude,
1057 757 1114 789 sed
1135 755 1191 787 in-

206 813 407 857 terpretatio
431 813 474 844 ad
494 810 587 843 hunc
606 810 785 842 psalmum
812 821 883 840 non
901 809 1058 853 quadrat.
1109 805 1190 839 Non

207 865 299 897 enim
318 869 500 905 propterea
516 861 632 893 David
650 867 700 893 est
717 860 892 895 sacerdos,
920 856 967 891 Et
987 856 1191 889 nominatur

205 913 450 947 Sacerdotium
468 907 743 947 Melchisedech,
771 916 809 943 ut
826 908 1040 951 significetur
1058 918 1190 939 novum

205 963 460 1000 ministerium,
489 960 659 994 dissimile
672 959 848 997 Levitico„
877 960 1035 992 futurum
1051 968 1133 991 esse.

309 1020 376 1055 Sed
394 1030 651 1064 quamcumque
673 1016 855 1050 historiam
874 1017 1103 1055 affluxissent,
1130 1016 1190 1046 de-

208 1072 291 1104 inde
321 1072 498 1103 addebant
531 1065 798 1114 τροπολογίαν,
842 1078 931 1110 quae
961 1065 1192 1098 transferebat

207 1120 390 1154 historiam
409 1121 452 1152 ad
469 1130 594 1156 mores,
623 1118 711 1150 sicut
728 1116 842 1150 David
863 1115 1020 1149 imitatus
1039 1122 1087 1148 est
1100 1114 1192 1147 Met-

208 1168 413 1208 chisedech,
447 1170 494 1202 ita
524 1180 589 1201 nos
623 1167 804 1201 imitemur
832 1167 906 1199 eius
934 1166 1192 1204 liberalitatem,

208 1222 370 1254 iuvemus
389 1218 559 1262 hospites,
587 1229 768 1262 pauperes.
806 1216 907 1249 Hanc
923 1216 1190 1249 translationem

208 1273 251 1304 ad
267 1282 381 1303 mores
397 1270 569 1303 vocabant
587 1265 856 1314 τροπολογίαν,
883 1279 961 1299 cum
986 1266 1128 1311 quidem
1154 1265 1192 1296 in

207 1319 273 1355 hac
292 1333 374 1354 voce
392 1325 566 1359 errarent,
593 1319 689 1351 aliud
707 1318 801 1350 enim
820 1317 991 1360 significat
1016 1317 1191 1361 τροπολο-

209 1369 292 1418 yla,
317 1371 498 1410 videlicet,
523 1380 597 1401 non
617 1379 814 1402 sermonem
841 1374 901 1400 aut
930 1365 1192 1410 interpretatio—

209 1434 291 1454 nem
310 1422 352 1453 de
369 1420 545 1458 moribus,
573 1419 631 1450 sed
650 1418 687 1449 in
706 1429 831 1460 genere
849 1415 1023 1460 quid‘quid
1048 1416 1192 1456 figurate

210 1471 373 1510 effertur,
398 1476 453 1502 ut:
482 1467 633 1501 Calicem
654 1468 840 1500 salutarem
856 1465 1042 1508 accipiam,
1069 1464 1103 1496 id
1132 1469 1192 1503 est,

211 1521 383 1564 perferam
400 1518 618 1551 adflictiones
636 1523 740 1561 atque
757 1527 955 1549 aerumnas.
999 1514 1088 1547 Nam
1106 1510 1191 1558 τρό-

211 1584 278 1608 πος
295 1569 359 1602 hoc
376 1570 451 1601 loco
476 1568 646 1611 significat
670 1578 801 1606 mores,
829 1567 888 1598 sed
912 1577 1031 1598 vocem
1058 1575 1192 1596 versam

211 1634 229 1653 a
248 1622 363 1653 nativa
381 1618 633 1661 significatione
651 1618 693 1649 ad
712 1617 877 1650 vicinam.

314 1676 436 1709 Tertio
460 1677 535 1708 loco
558 1674 723 1717 allegoria
747 1673 976 1717 sequebatur,
999 1683 1087 1715 quae
1113 1681 1192 1714 per-

211 1728 347 1761 tinebat
364 1727 407 1758 ad
425 1724 628 1764 Ecclesiam,
656 1730 717 1757 aut
733 1723 761 1755 si
777 1723 855 1767 quis
872 1721 1046 1755 dexterius
1065 1727 1192 1754 tracta—

211 1778 270 1810 bat
287 1778 330 1810 ad
348 1774 549 1815 Christum,
576 1781 630 1807 ut:
659 1773 716 1806 Tu
734 1771 873 1806 Christe
896 1784 930 1805 es
954 1772 1115 1805 sacerdos
1140 1781 1194 1803 se—

212 1828 368 1860 cundum
411 1826 573 1858 ordinem
605 1820 886 1863 Melchisedech,
927 1822 1194 1865 reserebantque

213 1877 249 1910 id
268 1882 402 1910 tantum
419 1876 463 1908 ad
482 1885 625 1907 coenam
639 1873 798 1907 Domini,

316 1933 471 1975 Quartus
488 1933 584 1965 locus
606 1931 755 1964 addebat
777 1927 986 1977 ἄναγογὴν,
1015 1941 1104 1974 quae
1122 1935 1194 1962 erat

215 1983 457 2027 interpretatio
476 1983 518 2014 de
534 1981 673 2014 coelesti
691 1987 794 2014 statu.
851 1980 909 2013 Tu
931 1981 998 2013 eris
1021 1980 1194 2017 sacerd08‚

215 2034 250 2066 id
269 2040 337 2073 est,
365 2033 441 2076 pius
458 2032 523 2064 erit
542 2032 663 2064 beatus
684 2031 720 2062 in
747 2030 861 2071 coelo,
887 2029 1001 2064 Deum
1026 2037 1194 2074 tanquam

215 2084 376 2117 sacerdos
391 2081 595 2116 celebrabis.

317 2141 450 2175 Errant
472 2147 588 2174 autem
610 2146 641 2173 et
668 2139 704 2171 in
727 2136 792 2171 hac
824 2150 926 2178 voce,
963 2151 1041 2172 cum
1073 2140 1195 2172 dicunt

219 2189 437 2240 ἀναγωγίαν
455 2203 516 2234 pro
534 2187 725 2237 ἀναγωγὴ,
748 2188 918 2231 signifieat
938 2189 1031 2221 enim
1048 2187 1196 2234 ἀναγω-

218 2240 283 2289 γία
299 2241 548 2286 petulantiam,
577 2252 635 2273 seu
658 2239 830 2273 feritatem
854 2250 1010 2278 morum,
1036 2239 1080 2272 ab
1105 2237 1195 2272 ἀνοι-

219 2290 357 2340 γωγὸς,
383 2293 478 2337 quod
497 2297 546 2324 est
564 2289 795 2324 intractabilis
813 2295 844 2322 et
863 2289 1034 2333 petulans.

321 2350 513 2396 Dionysius
537 2350 682 2392 figuram
705 2348 866 2381 nominat
889 2344 1107 2394 ἀναγωγὴν,
1134 2358 1196 2380 ne-

224 2413 291 2445 que
307 2408 423 2434 tamen
439 2401 530 2444 apud
550 2398 645 2433 hunc
670 2399 767 2431 aliud
792 2405 861 2437 est,
888 2410 992 2442 quam
1019 2397 1196 2440 allegoria,
