2379 2948
133 95 209 132 289
707 90 776 128 111.

135 180 181 214 ab
205 191 338 224 apogeo
372 178 556 225 aequantis
582 178 731 217 distant,
766 184 799 211 et
824 177 861 210 in
889 176 1026 209 Venere
1049 176 1129 220 qui-

138 232 231 271 dem,
251 231 351 264 cuius
366 242 523 273 apogeon
540 241 618 263 cum
637 227 731 261 Solis
749 239 880 270 apogeo
900 227 1129 259 coniunctum

138 282 316 319 creditur,
351 282 543 313 ascendens
566 291 625 312 seu
649 277 813 310 attollens
830 279 946 310 nodus
964 284 1013 310 est
1039 277 1075 309 in
1094 276 1129 309 7.

138 334 251 376 gradu
284 330 435 372 Arietis,
486 329 700 363 descendens
729 339 792 360 seu
817 325 994 362 devehens
1034 328 1072 360 in
1094 327 1129 362 7.

135 384 247 427 gradu
265 390 315 417 st.
368 383 409 415 ln
428 381 608 414 Mercurio
635 391 736 417 vero,
766 381 864 412 cuius
890 390 1049 422 apogeon
1072 390 1129 411 ae—

136 434 279 479 quantis
302 434 452 466 diximus
477 441 548 462 esse
575 430 611 462 in
637 441 733 463 nono
756 432 867 472 gradu
891 430 1049 473 Srorpii,
1078 436 1130 462 at-

139 485 268 519 tollens
285 485 398 516 nodus
418 487 466 514 est
487 481 523 513 in
548 492 643 513 nono
660 481 770 523 gradu
785 488 838 528 Q,
865 478 1043 514 devehens
1066 492 1128 513 au—

136 541 207 569 tem
219 535 255 568 in
271 535 379 577 gradu
391 532 424 564 9.
439 531 530 574 signi
548 533 702 575 oppositi
717 542 772 565 a.

238 599 301 635 Est
327 605 443 633 autem
478 595 585 631 huius
612 599 823 633 deviationis
846 596 931 632 haec
960 604 1128 644 perpetua

139 653 211 694 lex,
237 658 276 685 ut
297 662 375 684 cum
400 656 562 683 centrum
587 651 735 695 epicycli
762 651 799 683 in
824 649 927 682 nodis
955 657 1023 687 est,
1057 662 1127 683 una

140 704 184 737 sit
202 710 234 736 et
253 700 447 744 Eclipticae
468 708 501 734 et
520 702 705 735 eccentrici
726 703 831 746 plana
848 701 1068 744 superficies,
1097 707 1128 733 et

138 754 234 787 nulla
272 752 423 786 latitudo
464 752 662 786 eccentrici.
732 753 802 787 Sed
835 764 914 784 cum
953 751 1129 797 epicyclus

136 817 155 838 a
173 804 267 837 nodo
286 804 408 836 dextro
427 814 546 836 versus
565 815 723 847 apogeon
750 802 936 836 eccentrici
958 803 1128 846 procedit,

137 856 209 900 ipse
231 853 446 888 eccentricus
471 854 640 897 paulatim
656 855 700 887 ab
717 853 912 898 Eclipticae
937 854 1043 897 plano
1069 854 1129 886 de-

137 907 258 945 clinat,
286 912 319 939 et
334 905 428 938 ultra
443 902 653 949 Eclipticam
672 906 805 950 profert
824 905 1031 950 epicyclum,
1057 903 1129 936 Ye-

137 957 232 991 neris
252 956 395 1002 quidem
412 967 551 1000 semper
569 968 689 989 versus
709 957 1000 1001 septentrionem,
1029 954 1128 988 Mer-

138 1008 228 1042 curii
248 1019 333 1040 vero
353 1018 474 1040 versus
498 1007 695 1041 meridiem.
734 1007 892 1041 Maxima
908 1013 1024 1039 autem
1044 1018 1128 1039 con-

138 1059 244 1102 tingit
270 1058 452 1092 eccentrici
473 1057 630 1105 ἔγκλισις
650 1070 709 1091 seu
738 1058 912 1097 deviatio,
941 1070 1020 1090 cum
1048 1069 1130 1090 cen-

138 1117 232 1144 trum
253 1109 400 1154 epicycli
423 1109 529 1142 fuerit
547 1109 582 1141 in
601 1121 731 1152 apogeo
750 1110 805 1142 vel
823 1109 960 1153 perigeo
976 1120 1131 1153 aequau-

139 1161 202 1199 tiS‚
229 1161 268 1193 in
286 1159 423 1193 Venere
447 1160 591 1205 quidem
616 1161 807 1205 utrobique
831 1159 1132 1203 septentrionalis,

139 1212 326 1245 continens
345 1210 480 1244 minuta
504 1210 559 1250 10,
587 1210 623 1243 in
640 1210 822 1245 Blercurio
849 1222 932 1243 vero
959 1210 1129 1243 meridio-

140 1262 230 1296 nalis
248 1262 434 1295 continens
458 1261 541 1294 min.
560 1259 620 1296 45.

242 1320 336 1353 Haec
377 1320 558 1352 mobilitas
606 1320 792 1353 eccentrici
844 1319 1043 1353 accedentis
1090 1319 1132 1352 ad

142 1370 336 1416 Eclipticae
356 1370 502 1413 planum
520 1376 553 1403 et
580 1370 795 1410 recedentis,
824 1378 875 1403 est
900 1371 1042 1413 propria
1068 1368 1134 1402 bo-

140 1435 220 1457 rum
239 1421 486 1461 planetarum,
515 1432 587 1453 non
607 1421 807 1453 communis
831 1433 909 1453 cum
936 1421 1050 1453 tribus
1075 1432 1133 1453 su-

141 1473 360 1518 perioribus,
386 1483 539 1516 quorum
558 1471 744 1505 eccentrici
764 1478 904 1504 servant
921 1472 1040 1503 eadem
1055 1483 1134 1515 per-

142 1532 247 1569 petuo
278 1523 464 1556 intervalla
493 1522 746 1556 declinationis
778 1522 950 1555 maximae
982 1534 1000 1555 a
1027 1522 1134 1566 plano

143 1573 348 1619 Eclipticae.

246 1630 416 1667 Secunda
442 1633 612 1674 latitudo,
636 1631 792 1680 ἔγκλισις
816 1631 906 1667 ’τῶν
930 1629 1136 1667 {navatam

144 1698 206 1720 seu
222 1685 426 1724 inclinatio,
453 1684 580 1717 similis
604 1690 675 1724 est,
702 1685 798 1729 quod
824 1685 867 1716 ad
892 1690 1026 1717 motum
1053 1684 1136 1717 atti-

145 1743 223 1774 net,
250 1735 436 1769 eccentrici
459 1734 669 1774 mobilitati,
703 1742 736 1767 et
763 1734 931 1767 convenit
955 1747 1035 1767 cum
1061 1734 1137 1778 epi-

144 1787 323 1834 cyclorum
340 1793 457 1825 motu,
486 1797 556 1829 quo
573 1792 641 1818 tres
658 1785 855 1829 superiores
874 1784 1041 1817 Planetae
1057 1796 1137 1818 suas

146 1837 354 1872 latitudines
380 1842 592 1879 permutant.
661 1835 750 1868 Nam
779 1842 812 1869 et
838 1836 874 1867 in
901 1833 956 1868 bis
982 1834 1138 1868 Planetis

145 1890 239 1924 linea
260 1887 384 1931 apogci
401 1893 433 1919 et
453 1886 585 1930 perigei
606 1887 678 1919 veri
697 1899 803 1930 super
828 1886 1000 1919 diametro
1020 1887 1135 1929 longi-

145 1940 313 1976 tudinum
339 1938 536 1971 mediarum
569 1937 735 1983 epicycli,
770 1950 787 1969 a
814 1938 921 1981 plano
953 1937 1138 1970 eccentrici

147 1997 333 2034 evagatur,
370 1989 418 2022 ita
446 1996 485 2023 ut
516 2000 646 2033 apogea
670 1995 703 2021 et
730 1989 868 2032 perigea
899 1989 1137 2034 epicyclorum

148 2054 165 2076 a
184 2043 289 2085 plano
307 2040 494 2074 eccentrici
509 2040 688 2073 declinent
707 2041 813 2073 modo
831 2052 952 2072 versus
968 2047 1138 2078 austrum,

152 2095 256 2126 modo
274 2104 392 2125 versus
412 2091 700 2136 septentrionem,
728 2092 787 2124 sed
807 2088 871 2123 liae
889 2091 973 2134 lege,
1000 2097 1039 2124 ut
1055 2102 1140 2124 nus-

151 2156 256 2189 quam
273 2155 290 2175 a
309 2143 414 2187 plano
442 2142 628 2176 eccentrici
655 2143 865 2180 abscedant,
894 2143 1037 2186 quando
1058 2154 1140 2175 cen-

152 2203 245 2228 trum
263 2194 407 2239 epicycli
429 2201 479 2227 est
506 2194 542 2226 iu
560 2205 692 2237 apogeo
711 2193 910 2227 eccentrici.

258 2260 344 2294 lnde
359 2274 442 2294 vero
469 2263 653 2296 recedente
675 2262 850 2308 epicyclo,
882 2272 1041 2305 apogeon
1067 2261 1142 2294 eius

154 2313 279 2358 incipit
311 2312 493 2346 deflectere
517 2325 535 2346 a
564 2313 669 2356 plano
700 2313 904 2350 eccentrici,
942 2313 980 2345 in
1005 2311 1143 2345 Venere

153 2366 296 2412 quidem
327 2374 449 2396 versus
472 2365 757 2407 septentrionem,
787 2364 824 2397 in
849 2363 1030 2397 Mercurio
1058 2375 1142 2397 vero

153 2427 274 2449 versus
290 2414 486 2454 meridiem,
513 2422 687 2449 crescente
703 2426 840 2460 semper
855 2415 1055 2455 latitudine,
1077 2415 1143 2448 do-

154 2479 219 2501 nec
243 2473 404 2500 centrum
432 2464 579 2509 epicycli
608 2466 748 2509 attingit
781 2467 916 2499 nodum
944 2466 1142 2507 sinistrum,

156 2519 206 2552 ibi
222 2517 337 2557 enim,
365 2528 445 2550 cum
469 2515 568 2549 nulla
585 2522 636 2548 est
658 2517 843 2551 eccentrici
868 2517 1043 2558 deviatio,
1070 2529 1144 2550 ma-

156 2570 250 2603 xima
278 2575 329 2602 est
351 2567 499 2613 epicycli
524 2565 730 2605 inclinatio,
762 2567 912 2601 Veneris
933 2568 1145 2612 septentrio-

157 2620 247 2653 nalis
273 2619 459 2652 continens
482 2618 519 2650 in
544 2628 676 2661 apogeo
699 2617 845 2662 epicycli
870 2619 910 2658 1,
941 2630 990 2661 gr.
1010 2619 1032 2652 3
1051 2620 1147 2660 mim,

158 2672 194 2704 in
213 2671 353 2714 perigeo
371 2669 516 2714 epicycli
534 2679 584 2712 gr.
603 2667 647 2709 6,
669 2668 754 2700 min.
773 2670 835 2704 22.
874 2668 1046 2703 Mercurii
1066 2682 1147 2703 vero

208 2723 386 2753 Mensura.
418 2721 521 2754 Orza.
551 2720 634 2751 Vox„
656 2720 751 2753 XIII.

830 88 990 127 INITIA
1018 87 1316 126 DOCTRINAE
1344 89 1598 129 PHYSICAE.

2100 99 2176 134 290

1184 175 1426 209 meridionalis
1452 179 1637 212 continens
1664 179 1700 212 in
1735 191 1866 224 apogeo
1894 181 2041 227 epicycli
2063 195 2114 227 gr.
2143 187 2174 227 1,

1183 226 1269 258 inin.
1295 226 1363 269 46,
1390 227 1425 259 in
1450 229 1588 271 perigeo
1606 229 1713 272 gr.4‚
1740 232 1825 266 min.
1843 230 1878 265 5.

1286 284 1488 319 Recedente
1510 295 1624 319 autem
1639 297 1757 324 centro
1777 291 1923 337 epicycli
1941 304 1958 325 a
1971 293 2067 326 nodo
2084 295 2172 327 sini-

1181 343 1252 370 stro
1273 348 1393 368 versus
1410 336 1568 369 infimam
1594 347 1724 381 partem
1752 343 1955 384 eccentrici,
1981 341 2066 377 haec
2091 345 2173 379 lati-

1181 389 1266 420 tudo
1294 388 1421 420 iterum
1454 387 1645 427 minuitur,
1681 392 1792 424 donec
1826 394 2001 436 epicvclus
2029 395 2172 439 attingit

1182 438 1381 482 perigeum,
1409 438 1468 469 ubi
1497 438 1622 470 iterum
1651 440 1748 472 nulla
1775 449 1824 475 est
1847 434 1992 489 epi-cycli
2018 446 2171 479 inclina-

1181 489 1250 529 tio,
1287 490 1429 534 quando
1463 495 1581 521 tamen
1609 496 1660 523 est
1695 492 1845 525 maxima
1881 497 2064 529 eccentrici
2108 498 2170 530 de-

1182 548 1302 573 vratto.

1282 590 1352 624 Sed
1371 590 1526 635 epicyclo
1552 590 1596 622 ab
1620 590 1688 622 ima
1716 597 1813 634 parte
1841 595 2023 628 eccentrici
2050 609 2170 632 ascen-

1182 642 1307 681 dente,
1344 641 1447 674 etiam
1488 652 1659 684 apogeum
1704 642 1849 687 epicycli
1894 643 2018 688 incipit
2054 649 2170 682 denuo

1181 704 1198 725 a
1217 693 1325 736 plano
1354 692 1540 724 eccentrici
1565 693 1747 733 recedere,
1774 693 1811 725 in
1842 693 1988 728 Veneris
2017 698 2171 743 epicyclo

1182 755 1303 776 versus
1320 743 1522 783 meridiem,
1551 743 1587 775 in
1613 742 1784 776 Blercurii
1810 756 1931 777 versus
1959 750 2171 790 septentrio-

1181 806 1284 834 nem,
1317 800 1491 826 crescente
1518 805 1655 837 semper
1673 791 1738 827 hac
1760 794 1992 830 inclinatione
2015 799 2174 844 epicycli,

1181 846 1293 877 donec
1313 845 1354 877 ad
1374 845 1523 877 alterum
1541 846 1675 877 nodum
1696 845 1857 879 dextrum
1885 849 2086 890 perveniat,
2110 851 2173 883 ubi

1181 896 1279 929 nulla
1299 903 1349 929 est
1375 896 1559 928 eccentrici
1594 895 1764 936 deviatio,
1791 903 1823 930 et
1847 898 1997 932 maxima
2025 900 2173 946 epieycli

1182 947 1387 986 inclinatio,
1424 947 1611 980 continens
1638 947 1784 980 totidem
1809 949 1938 991 gradus
1966 956 1999 983 et
2023 951 2174 993 minuta,

1182 1005 1268 1044 quot
1284 998 1383 1041 prius
1403 1004 1485 1030 sunt
1503 1004 1789 1033 commemorata.

1284 1063 1414 1099 Tertia
1455 1065 1606 1099 latitudo
1647 1077 1793 1109 prorsus
1825 1074 1874 1100 est
1907 1069 2094 1111 peculiaris
2119 1067 2174 1103 his

1182 1117 1322 1150 duobus
1339 1116 1512 1158 Planetis,
1537 1129 1625 1161 quae
1644 1113 1794 1155 λόξωσις
1809 1129 1827 1150 a
1843 1116 2057 1161 Ptolemaeo,
2084 1132 2102 1153 a
2120 1133 2174 1154 re·

1184 1169 1345 1201 centibus
1364 1166 1523 1201 Reflexio
1544 1174 1699 1200 vocatur.

1287 1226 1377 1259 'Nam
1395 1233 1427 1259 et
1444 1227 1553 1259 latera
1571 1225 1717 1270 epicycli
1731 1251 1739 1264 ‚
1767 1223 1834 1259 hoc
1852 1234 1920 1267 est,
1948 1235 2076 1271 puncta
2101 1242 2175 1262 me-

1186 1278 1243 1310 dia
1262 1278 1354 1310 inter
1370 1288 1540 1320 apogeum
1557 1283 1589 1309 et
1608 1276 1787 1320 perigeum
1807 1278 1953 1323 epicycli
1977 1279 2103 1321 agitata
2122 1280 2175 1312 vi-

1186 1328 1301 1361 cissim
1323 1340 1428 1371 super
1445 1327 1617 1359 diametro
1637 1327 1710 1359 veri
1729 1329 1851 1370 apogei
1871 1336 1901 1361 et
1921 1331 2051 1371 perigei
2071 1343 2086 1362 a
2103 1331 2176 1373 pla-

1187 1391 1232 1411 no
1250 1377 1435 1410 eccentrici
1453 1379 1619 1410 recedunt
1643 1384 1736 1409 certo
1764 1378 1971 1419 intervallo,
1999 1386 2031 1411 et
2054 1392 2176 1414 rursus

1186 1430 1376 1465 accedunt,
1406 1427 1581 1461 imitantia
1600 1434 1734 1460 motum
1752 1435 1986 1462 antennarum
2012 1430 2047 1462 in
2074 1432 2178 1463 navi-

1188 1481 1251 1512 bus
1278 1477 1341 1512 liae
1370 1479 1531 1512 videlicet
1558 1485 1721 1521 perpetua
1744 1479 1837 1521 lege,
1870 1487 1908 1512 ut
1938 1481 2074 1526 quoties
2096 1494 2179 1515 cen-

1187 1538 1280 1564 trum
1310 1530 1456 1575 epicycli
1489 1537 1537 1562 est
1572 1530 1605 1561 iu
1632 1530 1725 1561 uodo
1753 1531 1934 1563 attollente
1965 1543 2025 1564 seu
2054 1533 2177 1566 dextro

1187 1582 1239 1623 (iu
1258 1594 1326 1626 quo
1345 1581 1412 1613 situ
1430 1581 1617 1612 maximam
1638 1580 1791 1612 diximus
1811 1593 1883 1614 esse
1903 1582 2179 1630 epicycliss'yzlt-

1188 1636 1263 1673 σαι)
1289 1638 1417 1675 puncta
1444 1631 1711 1673 longitudinum
1742 1632 1937 1665 mediarum
1971 1633 2007 1665 in
2032 1634 2181 1679 epicycli

1188 1683 1358 1717 lateribus
1377 1682 1500 1716 sintin
1519 1682 1623 1726 plano
1644 1683 1841 1722 eccentrici,
1868 1689 1899 1715 et
1920 1683 2018 1716 nulla
2042 1684 2099 1717 siat
2124 1697 2181 1718 re-

1188 1734 1302 1767 flexio.
1357 1733 1426 1767 Sed
1459 1745 1537 1765 cum
1566 1733 1647 1764 iude
1671 1733 1801 1766 recedit
1834 1734 2026 1778 epicyclus„
2071 1735 2180 1768 blera

1189 1786 1263 1818 eius
1281 1784 1435 1827 torqueri
1456 1783 1629 1826 incipiunt
1653 1795 1669 1815 a
1689 1783 1795 1826 plano
1820 1784 2024 1821 eccentrici,
2053 1785 2087 1816 iu
2109 1785 2181 1819 Ve-

1190 1848 1272 1868 nere
1297 1835 1441 1879 quidem
1469 1846 1588 1866 versus
1612 1834 1888 1877 septentrionem
1904 1862 1912 1871 ,
1940 1836 1997 1867 sed
2024 1836 2059 1867 iu
2078 1835 2179 1870 Bler-

1191 1887 1289 1919 curio
1315 1897 1433 1918 versus
1466 1884 1668 1923 meridiem,
1713 1897 1822 1929 eaque
1856 1885 1996 1918 ressexio
2030 1893 2179 1929 augetur

1190 1944 1261 1971 tam
1285 1937 1367 1976 diu,
1406 1937 1517 1968 donec
1544 1942 1703 1968 centrum
1730 1936 1876 1981 epicycli
1913 1938 2109 1971 ascenderit
2138 1939 2181 1971 ad

1191 1999 1350 2032 apogeon
1386 1986 1589 2023 eccentrici,
1640 1985 1690 2018 ibi
1721 1998 1799 2018 cum
1841 1986 1997 2034 ἔγκλισις
2034 1989 2182 2034 ερὶε)ἐ1ἰ

1191 2039 1310 2076 nulla,
1344 2037 1528 2071 eccentrici
1568 2043 1684 2069 autem
1724 2037 1873 2070 maxima
1899 2045 1967 2078 est,
2004 2046 2042 2072 ut
2075 2051 2182 2082 supra

1193 2090 1284 2129 dixi,
1315 2089 1491 2132 contingit
1527 2088 1631 2122 etiam
1671 2088 1814 2121 reflexio
1845 2089 1992 2133 epicycli
2019 2089 2184 2130 maxima,

1193 2153 1282 2187 quae
1300 2141 1335 2173 in
1358 2139 1494 2173 Venere
1511 2140 1655 2184 quidem
1671 2139 1829 2173 continet
1848 2140 1977 2184 pariter
1994 2139 2030 2172 in
2048 2150 2181 2184 apogeo

1194 2200 1227 2226 et
1252 2192 1393 2236 perigeo
1429 2190 1613 2224 eccentrici
1638 2192 1662 2224 2
1688 2191 1817 2233 gradus
1842 2197 1874 2223 et
1900 2190 2089 2225 semissem.
2141 2190 2184 2224 In

1194 2242 1377 2277 Mercurio
1414 2254 1497 2275 vero
1530 2241 1689 2275 continet
1719 2241 1755 2273 in
1790 2252 1921 2284 apogeo
1954 2241 2139 2285 aequantis
2160 2243 2185 2275 2

1195 2295 1322 2338 gradus
1348 2300 1381 2327 et
1413 2291 1459 2326 15
1484 2293 1638 2332 minuta,
1668 2292 1704 2324 in
1731 2292 1869 2335 perigeo
1892 2303 1974 2324 vero
2009 2293 2033 2325 2
2055 2294 2185 2335 gradus

1195 2354 1228 2380 et
1253 2344 1300 2379 45
1327 2346 1473 2378 minuta.
1545 2343 1646 2377 Hanc
1671 2343 1957 2386 inaequalitatem
1982 2340 2039 2376 hic
2063 2355 2186 2377 rursus

1196 2397 1302 2431 efficit
1320 2407 1445 2439 magna
1465 2394 1635 2428 Mercurii
1651 2393 1902 2429 eccentricitas.

1300 2462 1397 2496 Haec
1425 2469 1476 2496 est
1503 2459 1734 2494 latitudinum
1759 2458 1849 2492 ratio
1868 2459 1904 2492 in
1927 2457 1982 2493 his
2005 2459 2187 2495 inferiori-

1197 2517 1264 2550 bus
1286 2515 1425 2548 duobus
1436 2512 1603 2552 planetis,
1621 2510 1803 2554 aliquanto
1822 2511 1932 2553 magis
1947 2511 2055 2552 varia,
2082 2524 2188 2557 quam

1198 2567 1307 2601 trium
1325 2563 1563 2608 superiorum.
1617 2560 1685 2594 Sed
1709 2558 1766 2594 hic
1788 2561 2007 2594 observanda
2033 2569 2081 2595 est
2100 2563 2188 2596 mira

1201 2621 1435 2660 temperatura
1461 2611 1586 2646 harum
1612 2611 1863 2653 latitudinum,
1891 2625 1959 2658 qua
1977 2612 2072 2646 Deus
2095 2612 2191 2647 haud

1170 2660 1174 2706 ¹:
1200 2667 1308 2702 dubie
1334 2672 1428 2699 certo
1456 2663 1605 2698 consilio
1626 2663 1738 2704 cavit,
1764 2675 1809 2696 ne
1828 2664 1932 2697 ambo
1955 2661 1991 2697 hi
2016 2663 2195 2706 Planetac,

1635 2713 1681 2749 19
