2379 2948
239 132 334 169 1023

341 215 393 252 Ac

241 271 432 305 miscentur
454 263 610 307 exempla
633 260 906 300 liberationum,
932 271 1082 304 quorum
1100 258 1225 291 recita-

241 323 290 357 tio
315 327 347 353 et
369 317 560 362 gratiarum
580 313 668 347 actio
688 318 755 352 est,
783 318 816 344 et
835 310 1013 351 doctrina,
1039 310 1226 343 ostendens

242 371 420 419 quomodo
435 368 533 401 Deus
549 365 693 402 liberet,
720 362 883 396 videlicet
900 373 978 394 cum
1000 372 1141 406 prorsus
1158 357 1227 392 hu-

242 422 356 458 manis
373 417 530 454 consiliis
546 415 704 450 destituti
721 425 855 447 sumus:
884 410 971 457 Ego
988 410 1129 459 sopitus
1146 422 1226 444 sum

243 479 273 509 el
294 469 460 507 surrexi,
488 469 523 501 id
542 473 613 507 est,
640 478 678 499 ex
696 464 812 498 media
830 470 941 497 morte
958 464 1126 496 liberatus
1141 473 1228 496 sum.

242 525 381 560 Deinde
397 520 556 565 sequitur
571 528 729 561 expressa
745 515 886 564 petitio:
916 512 1073 559 Effinge
1092 510 1229 545 Domi-

244 588 306 617 ne,
331 571 476 608 salvum
503 580 556 602 me
575 568 657 617 fac.
711 565 758 600 Et
783 565 953 599 tribuitur
971 566 1047 598 laus
1063 563 1230 598 victoriae

245 627 314 673 ipsi
329 625 421 660 Deo:
448 620 549 668 Quia
565 625 602 653 iu
618 617 776 665 percutis
794 619 910 651 hostes
930 626 1037 650 meos.

433 220 576 261 propter
611 208 718 244 huius
754 208 919 242 versiculi
951 206 1224 242 declarationem

348 679 595 727 Epiphonema
627 677 805 722 generale,
843 676 1027 709 continens
1058 685 1231 708 summam

245 734 537 784 promissionum:
570 730 663 764 Deus
687 734 779 761 certo
805 733 921 767 curat,
956 726 1071 765 iuvat,
1106 725 1232 759 liberat

244 786 437 824 Ecclesiam
457 793 573 817 suam:
600 778 634 813 Α
649 777 815 812 Domino
832 781 881 811 est
899 775 1017 811 salus.

382 887 714 932 Aryumentum
749 892 802 915 ac
837 880 1093 925 dispositio

604 941 762 981 Psalmi
798 940 873 981 IV.

300 1026 389 1058 Cum
406 1021 544 1061 clamo,
565 1013 709 1050 exaudi
727 1025 785 1049 me
802 1015 907 1048 Deus
922 1015 1098 1048 iusticiae
1115 1022 1235 1054 meae,

300 1078 341 1110 in
362 1070 602 1107 tribulatione
629 1068 692 1112 qui
714 1076 773 1100 me
798 1065 1022 1108 consolaris,
1050 1066 1235 1099 Miserere

302 1127 394 1167 mei,
422 1127 457 1157 et
473 1118 616 1155 exaudi
630 1119 840 1153 orationem
856 1127 994 1151 meam.

351 1191 460 1225 Plana
487 1195 520 1222 et
543 1186 726 1232 perspicua
751 1184 904 1230 precatio
928 1190 998 1225 eet,
1032 1189 1065 1217 et
1089 1183 1132 1216 ad
1156 1193 1236 1215 sua—

250 1245 383 1280 sorium
413 1251 522 1284 genus
544 1238 713 1278 refertur,
746 1243 786 1270 ut
811 1236 855 1268 de
878 1233 1141 1279 precationibus
1167 1233 1237 1266 dici

250 1297 347 1331 solet.
399 1291 568 1326 Continet
585 1295 700 1322 autem
718 1285 774 1320 hic
785 1286 945 1319 Psalmus
963 1285 1237 1329 disputationem

251 1350 294 1380 de
309 1343 473 1379 scandalo
489 1340 619 1380 crucis,
647 1350 686 1372 ac
702 1338 830 1371 refutat
847 1344 878 1371 et
894 1336 1058 1379 obiurgat
1072 1347 1129 1369 eos
1141 1362 1149 1375 ‚
1176 1334 1238 1379 qui

251 1403 395 1444 propter
426 1391 639 1426 calamitates
671 1395 705 1422 et
729 1400 866 1421 crucem
890 1387 1091 1420 existimant
1115 1384 1237 1419 Eccle-

251 1450 338 1483 siam
363 1458 381 1479 a
398 1443 473 1478 Deo
498 1441 667 1475 abiectam
694 1450 786 1479 esse,
814 1446 873 1471 aut
889 1437 1039 1480 negligi,
1068 1443 1127 1470 aut
1143 1448 1238 1469 com-

252 1497 447 1534 mentitiam
472 1504 543 1526 esse
563 1498 671 1525 totam
688 1489 884 1523 doctrinam
902 1489 944 1521 de
961 1487 1036 1521 Deo
1049 1514 1058 1528 ,
1085 1487 1167 1532 quia
1186 1486 1238 1518 vi-

254 1552 377 1584 demus
393 1544 585 1580 Ecclesiam
609 1548 668 1574 aut
693 1539 985 1573 calamitosiorem
1004 1550 1076 1572 esse
1093 1537 1239 1571 caeteris

253 1599 414 1645 gentibus
426 1624 435 1637 ,
463 1601 522 1628 aut
539 1599 630 1627 certe
647 1589 762 1624 nihilo
779 1589 1076 1634 tranquilliorem.

355 1655 472 1691 David
502 1650 651 1697 opponit
679 1650 733 1683 illi
765 1648 958 1683 obiectioni
984 1649 1070 1681 duas
1093 1658 1239 1691 respon-

255 1713 380 1745 siones.
434 1705 537 1739 Prior
561 1709 628 1736 est:
656 1701 730 1735 Irno
755 1699 890 1733 etiamsi
905 1710 1105 1732 exercemur
1123 1695 1239 1730 horri-

255 1763 392 1797 biliter,
420 1763 537 1791 tamen
562 1752 733 1786 mirandis
754 1751 869 1784 modis
891 1761 1012 1783 rursus
1034 1749 1240 1787 liberamur,

255 1821 293 1848 ut
310 1808 546 1853 conspiciatur
556 1804 622 1838 Dei
640 1802 849 1847 praesentia.
889 1801 1011 1834 Altera
1027 1807 1094 1834 est:
1122 1797 1240 1833 Etiam

257 1863 360 1899 corda
385 1865 505 1893 nostra
527 1854 689 1890 interiori
715 1852 956 1887 consolatione
974 1852 1176 1891 confirmat,
1203 1856 1243 1883 ut

257 1921 350 1949 certo
371 1911 519 1944 sciamus
537 1918 600 1939 nos
620 1917 636 1938 a
653 1903 728 1938 Deo
746 1903 871 1941 iuvari,
902 1909 934 1936 et
949 1910 988 1937 ut
1004 1903 1158 1946 perferre
1175 1901 1243 1934 mi-

259 1965 364 1999 serias
386 1960 523 1994 fortiter
546 1956 738 2001 possimus,
764 1955 853 1988 sicut
869 1953 1081 1988 Laurentius
1106 1953 1144 1985 in
1169 1964 1244 1986 cra-

258 2015 364 2051 ticula
382 2008 636 2045 animosissime
654 2012 803 2039 mortem
820 2004 960 2049 perfert.

361 2071 502 2105 Primus
536 2076 655 2100 versus
690 2071 740 2098 est
772 2063 942 2110 precatio:
987 2057 1080 2096 Cum
1117 2060 1245 2104 clamo,

261 2120 401 2159 eraudi
415 2131 480 2154 me.

364 2180 549 2217 Secundus
573 2184 624 2211 est
648 2172 860 2220 apostrophe
885 2174 926 2207 ad
945 2184 1086 2213 ornnes,
1113 2172 1174 2217 qui
1189 2173 1247 2206 of—

261 2235 350 2270 fensi
367 2232 480 2277 specie
497 2229 629 2269 crucis,
657 2227 857 2260 existimant
871 2223 946 2258 Deo
966 2235 1039 2256 non
1056 2235 1128 2256 esse
1145 2235 1247 2257 curae

263 2285 454 2320 Ecclesiam
494 2282 717 2319 invocantem
749 2277 879 2320 ipsum:
933 2269 968 2307 Ο
1001 2285 1061 2307 ρος
1092 2273 1248 2320 superbi,

264 2348 376 2385 quare
406 2331 569 2379 gloriam
593 2341 729 2367 meam,
762 2328 799 2360 id
824 2334 893 2365 est,
930 2336 1026 2358 meas
1050 2336 1248 2370 aerumnas,

264 2388 392 2422 ducitis
425 2396 496 2418 esse
521 2382 707 2426 probrum:
744 2390 851 2424 quare
877 2375 1023 2420 diligitis
1047 2376 1248 2415 vanitatem,
1274 2385 1275 2388 ’

265 2440 301 2472 id
319 2446 386 2477 est,
413 2437 506 2469 hona
523 2432 680 2471 fallacia,
707 2430 858 2473 fugacia,
883 2439 956 2462 non
973 2426 1160 2468 durabilia,
1187 2440 1249 2461 vo-

266 2490 435 2533 luptates,
462 2485 591 2525 vitam,
616 2492 708 2526 opes.

370 2545 512 2578 Tertius
543 2553 664 2575 versus
699 2539 846 2584 opponit
877 2537 1142 2582 responsionem
1177 2537 1249 2580 pri-

268 2609 376 2632 mam:
406 2593 488 2628 Imo
504 2591 607 2626 Deus
627 2603 680 2624 me
700 2586 885 2624 mirandis
905 2585 1023 2622 modis
1041 2586 1223 2622 liberabit.

369 2654 527 2698 Quartus
552 2662 672 2684 versus
696 2648 895 2683 adhortatio
916 2656 966 2682 est
990 2649 1032 2681 ad
1058 2647 1249 2681 imbecilles

267 2716 301 2743 et
327 2704 516 2744 sanabiles,
541 2709 581 2736 ut
605 2701 781 2745 perferant
803 2700 978 2740 miserias,
1004 2711 1068 2732 nec
1087 2698 1249 2732 deficiant

828 121 953 157 PHIL.
981 118 1097 156 MEL.
1127 119 1337 156 SCRIPTA
1363 117 1667 157 EXEGETICA.

1257 673 1259 694 :
1273 660 1404 708 ficium
1431 662 1578 700 iustum.

1274 2729 1276 2738 ,
1302 2710 1382 2732 vere
1413 2699 1457 2732 sit
1484 2710 1607 2742 verax,
1650 2699 1780 2737 bonus,

2167 120 2263 156 1024

1276 212 1419 250 propter
1450 218 1600 241 crucem.
1662 203 1708 240 Si
1741 204 1934 239 movemini
1959 209 2102 252 propter
2126 208 2264 241 furores

1277 255 1453 296 hostium,
1489 257 1670 302 reprimite
1702 268 1784 298 vos,
1821 268 1885 289 nec
1910 263 2069 300 peccate,
2094 258 2150 290 vel
2178 258 2264 291 defi-

1279 308 1408 342 cientes
1432 320 1450 341 a
1477 307 1570 349 Deo,
1596 309 1651 341 vel
1676 314 1881 353 quaerentes
1906 307 2107 341 inconcessa
2133 309 2265 351 praesi—

1279 359 1357 400 dia,
1391 359 1447 392 vel
1469 366 1609 393 ruentes
1636 359 1837 392 inordinata
1864 358 2054 401 cupiditate
2075 358 2265 392 vindictae:

1281 410 1369 443 sicut
1400 410 1504 443 multi
1539 411 1622 444 victi
1658 411 1780 443 dolore
1812 416 1844 442 et
1869 407 2037 442 deficiunt
2061 421 2079 442 a
2104 409 2199 449 Deo,
2236 417 2268 443 et

1281 468 1454 506 quaerunt
1472 461 1674 495 inconcessa
1693 460 1883 505 praesidia,
1911 466 1949 492 ut
1967 459 2073 501 Saul,
2096 458 2212 494 Achas
2233 466 2267 493 et

1283 511 1410 545 Graeci
1428 511 1673 556 imperatores,
1703 512 1764 557 qui
1783 517 1999 545 attraxerunt
2015 510 2160 544 Turcas.

1383 560 1569 604 Expositio
1586 563 1735 608 proximi
1753 562 1935 602 versiculi,
1962 557 2151 606 Cogitate,
2181 561 2269 606 quid

1284 613 1390 646 nam?
1421 610 1573 658 Sper-ate
1597 614 1635 647 in
1658 611 1844 654 Domino,
1876 616 1905 645 et
1930 609 2133 656 sacrificate
2154 612 2270 646 sacri-

1633 663 1723 698 Nam
1748 662 1833 697 haec
1867 676 1946 708 pars
1982 664 2173 708 expositive
2207 664 2271 697 ad-

1285 716 1392 751 ditur.

1388 765 1514 800 Sextus
1537 776 1656 798 versus
1684 772 1733 799 est
1755 766 1916 809 repetitio
1935 766 2096 810 querelae
2111 765 2273 799 infirmo-

1286 829 1381 850 rum:
1411 813 1537 849 Multi
1563 813 1705 855 dicunt,
1732 815 1814 863 quis
1841 814 1997 850 ostendet
2023 815 2125 850 nobis
2151 815 2275 850 bona?

1287 869 1322 902 id
1350 875 1420 910 est,
1448 867 1551 901 muiti
1574 874 1737 901 metuunt
1760 868 1834 901 sore
1858 874 1897 901 ut
1923 868 2049 902 deserti
2072 874 2215 912 pereant
2240 875 2272 901 et

1288 931 1430 964 prorsus
1456 919 1615 952 deleatur
1638 916 1806 952 Ecclesia.
1867 917 1961 952 Huic
1984 919 2167 963 quaerelae
2193 930 2274 962 pre-

1288 971 1460 1004 cationem
1479 976 1512 1002 et
1529 969 1673 1003 alteram
1689 969 1954 1013 responsionem
1974 969 2134 1013 opponit.
2189 967 2272 1002 [mo

1289 1019 1408 1054 levata
1431 1019 1551 1053 lumen
1568 1031 1676 1066 super
1693 1032 1778 1061 nos,
1806 1020 1841 1053 id
1860 1027 1930 1059 est,
1958 1020 2199 1054 consolatione
2216 1028 2275 1054 tua

1289 1083 1353 1105 nos
1369 1077 1535 1106 sustenta.

1390 1122 1569 1166 Septimus
1592 1132 1712 1155 versus
1742 1123 1865 1156 recitat
1887 1122 2032 1155 alteram
2062 1122 2275 1156 consolatio—

1291 1186 1387 1207 nem:
1423 1171 1512 1206 Das
1535 1171 1717 1206 laetitiam
1747 1173 1785 1206 in
1817 1170 1920 1206 corde
1941 1184 2037 1214 meo,
2077 1173 2113 1206 id
2136 1180 2204 1214 est,
2237 1171 2287 1206 tu'

1290 1236 1354 1258 nos
1372 1225 1540 1259 interiore
1556 1224 1631 1257 luce
1649 1230 1682 1257 et
1699 1224 1940 1258 consolatione
1959 1225 2157 1259 confirmas.

1392 1273 1605 1315 Antithesis,
1641 1272 1716 1307 Illi
1736 1271 1873 1308 habent
1898 1286 1980 1320 opes
2013 1279 2043 1308 et
2063 1275 2278 1321 polentiam,

1291 1338 1379 1371 quae
1401 1327 1512 1370 magis
1536 1332 1727 1371 quaerunt,
1760 1338 1867 1374 quam
1891 1326 2039 1369 gloriam
2063 1325 2141 1360 Dei.
2195 1326 2275 1359 Non

1291 1377 1448 1411 offendat
1482 1374 1546 1409 hac
1578 1377 1735 1420 ipsorum
1762 1377 1998 1417 heatitudine,
2028 1383 2066 1410 ut
2091 1383 2277 1421 propterea

1291 1428 1375 1471 ipsis
1392 1428 1580 1461 adsentiar.
1633 1426 1705 1460 Nos
1730 1435 1871 1461 econtra
1894 1428 2055 1461 fruamur
2080 1423 2144 1461 hac
2167 1428 2277 1461 beati-

1292 1479 1431 1519 tudine,
1459 1479 1554 1523 quod
1577 1484 1615 1511 tu
1641 1489 1675 1511 es
1697 1485 1875 1522 protector
1892 1485 2031 1517 noster,
2058 1486 2090 1511 et
2114 1479 2278 1512 defendes

1293 1536 1326 1562 et
1346 1529 1514 1562 liberabis
1532 1540 1607 1561 nos.

1433 1640 1774 1684 Aryumentum
1802 1650 1853 1673 ac
1882 1638 2134 1684 dispositio

1666 1705 1823 1745 Psalmi
1859 1706 1913 1744 V.

1350 1788 1467 1823 Verba
1491 1799 1578 1823 mea
1603 1787 1760 1823 auribus
1781 1791 1933 1834 percipe
1959 1791 2141 1832 Domine,
2168 1791 2280 1825 intel-

1345 1840 1420 1886 lige
1447 1840 1645 1875 clamorem
1669 1851 1793 1874 meum
1818 1845 1885 1875 etc.

1398 1916 1540 1951 Titulus
1575 1918 1707 1951 indicat
1740 1924 1997 1960 argumentum.
2061 1914 2151 1950 Orat
2187 1919 2281 1951 enim

1270 2013 1272 2021 Ι
1298 1966 1412 2000 David
1441 1980 1503 2012 pro
1527 1966 1822 2006 haereditatibus,
1858 1968 1894 2001 id
1919 1975 1988 2006 est,
2022 1980 2086 2012 pro
2106 1966 2278 2002 Ecclesia:

1299 2030 1362 2051 nec
1393 2019 1501 2052 dubia
1536 2026 1586 2053 est
1619 2020 1791 2053 sententia
1825 2016 1930 2052 huius
1962 2018 2104 2054 Psalmi.
2168 2018 2281 2053 Totus

1300 2069 1394 2103 enim
1414 2071 1566 2114 precatio
1590 2077 1658 2111 est,
1687 2070 1788 2114 plena
1807 2070 1940 2103 doloris
1966 2077 1997 2103 et
2024 2070 2282 2113 indignationis

1300 2121 1467 2154 adversus
1499 2121 1627 2165 impios
1658 2122 1838 2162 doctores,
1876 2121 1937 2166 qui
1968 2133 2045 2154 cum
2080 2121 2279 2161 autoritate,

1300 2172 1480 2205 ordinaria
1505 2172 1737 2212 successione,
1766 2170 1821 2217 (ut
1847 2170 1967 2218 vocat)
1996 2172 2168 2215 potentia,
2197 2173 2282 2207 titu-

1301 2223 1360 2264 lis,
1388 2223 1534 2268 opibus‚
1569 2223 1778 2257 antecellant
1805 2224 1932 2256 misero
1962 2224 2074 2257 coetui
2107 2230 2196 2257 recte
2218 2224 2282 2256 do-

1302 2274 1412 2315 centi,
1439 2275 1632 2308 multorum
1655 2274 1791 2307 animos
1809 2280 1971 2314 movent,
1998 2281 2036 2307 ut
2061 2286 2194 2308 errores
2219 2276 2281 2307 ad-

1302 2326 1470 2369 probent,
1498 2325 1677 2359 stabiliant
1698 2332 1730 2358 et
1748 2325 1949 2359 defendant.

1405 2383 1586 2418 Adversus
1609 2382 1673 2417 hos
1700 2396 1838 2418 necesse
1865 2391 1914 2418 est
1938 2391 1971 2417 et
1988 2385 2146 2418 doctrina
2169 2392 2201 2418 et
2226 2385 2282 2417 in—

1303 2436 1485 2469 vocatione
1507 2434 1571 2468 Dei
1596 2435 1727 2469 muniri
1759 2436 1847 2479 pios,
1908 2436 1992 2469 Ideo
2018 2436 2181 2468 ardenter
2206 2444 2282 2469 orat

1274 2530 1276 2536 y
1302 2485 1417 2520 David
1434 2493 1467 2519 et
1484 2485 1640 2520 Ecclesia
1656 2487 1773 2519 statim
1792 2486 1915 2526 initio,
1942 2493 1981 2519 ut
2004 2492 2143 2528 regatur
2165 2493 2198 2520 et
2223 2487 2283 2520 de-

1302 2538 1466 2570 fendatur
1484 2545 1604 2571 contra
1623 2537 1840 2581 impostores.
1895 2536 1989 2570 Haec
2010 2537 2204 2581 propositio
2229 2549 2284 2570 re·

1274 2593 1276 2624 't
1301 2588 1433 2632 petitur
1450 2588 1552 2621 initio
1571 2589 1608 2620 in
1625 2589 1739 2622 trihus
1756 2588 1924 2621 versibus.

1404 2646 1446 2680 11'1
1461 2654 1586 2693 quarto
1601 2647 1758 2692 sequitur
1772 2646 1860 2680 ratio
1874 2645 2070 2689 petitionis,
2099 2647 2180 2691 quia
2189 2645 2285 2680 Deus

1825 2697 1935 2730 iustus
1945 2722 1953 2735 ‚
1997 2697 2119 2730 volens
2148 2704 2284 2732 tantum
