2379 2948
148 105 220 139 213
732 105 796 142 ΙΙΙ.

849 104 1003 139 ῙΝῘΤΙΑ
1031 103 1327 139 DOCTRINAE
1355 106 1610 145 PHYSICAE.

2097 121 2171 154 214

149 186 331 230 quentiae,
370 188 462 232 quod
493 199 565 221 non
591 193 721 231 pugnat
748 199 826 220 cum
853 186 962 231 ipsius
988 192 1132 219 eventus
1187 185 1230 217 ab
1264 185 1333 218 alio
1366 189 1477 222 multo
1511 191 1703 225 recentiore
1735 195 1883 238 scriptus
1913 209 1984 231 esse
2009 203 2167 245 adparet:

148 237 398 280 contingentia.

249 294 315 328 His
332 297 572 329 fundamentis
589 295 757 338 cognitis,
783 293 885 326 facile
911 300 961 327 est
984 294 1130 327 eluctari

149 358 188 378 ex
205 345 418 391 labyrinthis
437 346 573 385 stoicis,
602 351 634 377 et
651 344 838 378 similibus,
880 342 926 377 Et
944 344 1128 385 sententia,

147 408 250 440 quam
274 397 449 434 recensui,
483 402 573 428 recte
598 402 631 429 et
660 396 778 428 dextre
810 394 1007 435 intellecta,
1043 407 1128 427 con-

146 448 240 488 gruit
259 459 335 480 cum
354 447 512 479 doctrina
528 443 723 485 Ecclesiae,
753 452 785 479 et
809 457 888 478 cum
912 452 1006 478 recto
1032 445 1128 477 iudi-

146 498 199 529 cio
220 497 384 534 rationis,
408 503 440 529 et
456 495 565 528 veteri
584 493 820 539 philosophia.
864 494 1046 537 Quaedam
1064 508 1127 528 an-

145 554 213 579 tem
231 548 272 579 de
288 546 527 580 imbecillitate
544 546 675 579 virium
696 544 932 578 humanarum
951 547 1126 590 copiosius

144 598 310 630 dicuntur
333 596 370 628 in
395 596 554 629 doctrina
578 594 775 635 Ecclesiae,
816 597 858 628 de
882 597 1011 641 quibus
1034 596 1123 629 insra

144 648 187 680 de
205 648 318 679 anima
334 647 524 679 dicendum
544 652 604 680 est.
659 646 706 680 Et
720 658 815 679 nunc
830 659 902 679 non
918 654 1054 680 tanturn
1082 649 1124 678 de

143 697 337 730 actionibus
363 694 546 737 humanis,
582 697 640 729 sed
675 698 778 731 etiam
810 698 851 729 de
883 697 1123 739 contingentia

141 748 290 780 aliorum
306 748 497 781 multorum
518 754 705 780 eventuum
724 748 883 779 dicimus.

242 804 336 838 Haec
352 806 434 839 satis
451 806 493 838 sit
514 805 616 838 initio
634 805 787 838 breviter
802 805 962 838 recitasse
979 806 1021 837 de
1038 803 1122 845 Deo,

140 862 173 889 et
190 856 232 889 de
250 856 409 890 libertate
429 856 567 896 divina,
596 862 634 888 nt
661 856 769 888 stoica
786 856 926 888 vincula
946 856 1121 896 tollamus,

140 918 227 951 quae
247 913 279 939 et
301 907 543 939 commenticia
569 913 667 945 sunt,
697 913 729 938 et
752 906 950 949 impediunt
978 906 1121 938 invoca-

137 957 281 992 tionem.
333 956 423 990 Cum
449 957 543 989 enim
573 957 610 989 in
634 953 788 1000 physicis
815 968 952 989 necesse
977 957 1020 990 sit
1050 957 1119 989 dici

138 1008 180 1040 de
198 1008 309 1050 prima
320 1019 418 1040 causa
429 1007 610 1044 efficiente,
628 1007 832 1050 priusquam
846 1007 888 1039 de
905 1007 1047 1039 materia
1066 1007 1119 1039 lo-

137 1069 345 1101 queremur,
364 1058 432 1091 fuit
447 1058 580 1102 aliquid
599 1058 642 1090 de
659 1057 737 1089 Deo
761 1057 948 1089 dicendum
962 1084 969 1096 ‚
999 1057 1059 1101 qui
1087 1063 1118 1090 et

136 1105 348 1141 architectus
372 1115 404 1141 et
425 1115 582 1141 servator
607 1113 639 1140 et
656 1107 812 1140 universi
832 1107 961 1150 opificii
979 1107 1118 1147 mundi,

135 1164 167 1190 et
184 1170 264 1191 vera
281 1170 319 1192 ac
335 1158 435 1192 utilia
452 1159 554 1191 honis
570 1158 747 1191 mentibus
771 1157 933 1191 diximus.
975 1156 1043 1190 Sed
1060 1170 1118 1190 co-

135 1208 270 1250 piosior
287 1209 445 1240 doctrina
463 1210 505 1240 de
521 1207 594 1240 Deo
612 1208 778 1240 sumenda
797 1215 858 1247 est,
886 1219 958 1239 non
976 1219 1014 1239 ex
1031 1206 1117 1240 Phi-

135 1255 363 1300 losophorum
384 1258 513 1298 literis,
543 1260 601 1290 sed
621 1270 659 1290 ex
675 1259 794 1295 libris,
818 1258 854 1289 in
873 1258 1001 1301 quibus
1020 1265 1116 1301 pate-

134 1307 215 1340 fecit
240 1306 334 1340 Deus
367 1309 551 1338 essentiam
584 1314 615 1340 et
641 1308 856 1340 voluntatem
882 1320 997 1347 suain,
1034 1309 1116 1340 inde

133 1368 243 1400 usque
260 1357 303 1388 ab
319 1356 421 1388 initio
438 1355 474 1387 in
490 1353 646 1388 Ecclesia
659 1380 666 1394 ,
695 1367 756 1397 per
772 1356 981 1398 Prophetas,
1010 1356 1116 1390 Chri-

133 1414 223 1439 stum
253 1413 285 1439 et
303 1405 512 1448 Apostolos,
537 1412 570 1438 et
592 1406 705 1437 bonae
731 1412 864 1437 mentes
882 1406 1115 1446 considerent,

131 1469 201 1502 quo
218 1467 329 1501 usque
344 1455 497 1489 hnmana
513 1455 668 1498 cognitio
688 1456 947 1498 progrediatur,
977 1463 1008 1489 et
1034 1457 1114 1500 quia

131 1507 331 1549 intelligent
346 1517 507 1548 magnam
527 1518 597 1539 esse
615 1506 797 1548 caliginem
817 1503 991 1538 humanae
1017 1519 1115 1539 men-

131 1559 191 1598 tis,
219 1564 406 1600 agnoscant
430 1557 553 1600 ingens
577 1564 610 1590 et
631 1557 868 1589 inenarrabile
891 1557 955 1589 Dei
980 1557 1113 1590 benefi-

131 1609 223 1641 cium
249 1619 341 1647 esse,
375 1609 468 1652 quod
496 1608 598 1640 certis
623 1614 655 1640 et
681 1608 878 1640 illustribus
905 1608 1113 1641 testimoniis

130 1670 165 1691 se
183 1658 361 1702 patefecit,
385 1666 416 1690 et
440 1659 526 1700 grati
556 1656 622 1691 hoc
645 1664 782 1690 tantum
806 1658 1015 1691 beneficium
1040 1671 1113 1692 am-

128 1709 346 1752 plectantur,
373 1714 405 1741 et
421 1709 562 1752 quidem
579 1715 733 1741 statuant
754 1720 827 1740 non
851 1708 979 1741 frustra
997 1707 1111 1742 Deum

129 1759 301 1802 prodiisse
318 1771 358 1791 ex
376 1770 501 1791 arcana
518 1759 597 1791 sede
622 1770 705 1798 sua,
732 1759 790 1790 sed
818 1759 897 1791 ideo
922 1770 956 1791 se
980 1761 1112 1802 patefe-

96 1833 101 1840 t
128 1810 231 1849 cisse,
258 1816 296 1842 ut
319 1815 504 1843 testaretur
519 1820 554 1842 se
572 1821 652 1841 vere
671 1808 771 1841 adfici
789 1820 870 1842 cura
888 1809 1026 1851 generis
1045 1808 1110 1843 hu-

126 1860 234 1895 mani.

421 1967 516 2009 Quid
543 1973 598 2002 est
624 1967 812 2003 mundus?

225 2043 273 2078 Ut
295 2042 416 2076 Latini
439 2043 618 2077 Mundum
649 2044 692 2077 ab
724 2050 872 2085 ornatu,
907 2045 955 2078 ita
981 2044 1107 2079 Graeci

125 2091 266 2139 κόσμον
289 2094 487 2138 appellant,
522 2101 705 2139 propterea
737 2096 831 2140 quod
866 2096 1028 2129 miranda
1057 2104 1107 2130 est

124 2142 350 2190 pulchritudo
382 2145 583 2178 coelestium
610 2152 642 2179 et
667 2146 884 2179 terrestrium
908 2158 1107 2190 corporum,

124 2203 158 2230 et
173 2193 348 2229 humanae
366 2202 528 2236 naturae,
554 2202 698 2240 propter
713 2208 818 2241 quam
835 2194 902 2230 hoc
920 2203 1056 2231 tantum
1074 2205 1107 2232 et

125 2254 196 2280 tam
214 2252 376 2279 ornatum
393 2246 609 2279 domicilium
627 2247 808 2281 conditum
834 2255 902 2288 est,
929 2255 962 2281 et
986 2248 1106 2282 distri-

122 2296 224 2331 butio
255 2307 294 2328 ac
325 2295 508 2331 collocatio
538 2297 756 2341 singularum
785 2298 938 2342 partium
970 2311 1105 2332 summa

125 2354 197 2381 arte
212 2347 301 2380 facta
321 2352 382 2379 est.
425 2346 540 2390 Magis
555 2354 670 2381 autem
687 2349 841 2392 conspici
859 2355 990 2392 potest,
1019 2350 1105 2394 quid

124 2398 169 2431 sit
193 2397 369 2436 mundUS,
396 2408 475 2429 cum
499 2399 669 2431 maximae
696 2406 810 2443 partes
833 2400 958 2433 ordine
989 2401 1105 2433 consi-

126 2450 312 2485 derantur,
348 2447 504 2487 coelum,
542 2449 682 2492 sydera,
724 2450 912 2487 elementa,
954 2451 1104 2494 plantae,

124 2498 337 2537 animantia,
364 2495 550 2530 hominurn
573 2505 696 2531 natura
712 2526 721 2540 ,
745 2506 853 2540 artes,
886 2507 919 2533 et
943 2502 1103 2534 omnium

125 2550 298 2583 virtutum
321 2548 537 2586 intellectus,
571 2559 609 2580 ac
630 2547 697 2580 Dei
721 2551 873 2592 agnitio,
903 2553 962 2584 sed
988 2559 1103 2584 tamen

123 2601 288 2633 usitatam
304 2598 545 2632 definitionem
564 2598 736 2638 recitabo,
762 2612 850 2643 quae
875 2607 924 2634 est
950 2602 987 2634 in
1012 2603 1104 2635 libro

125 2651 168 2683 de
190 2649 350 2690 Mundo,
379 2649 440 2694 qui
463 2649 555 2683 inter
580 2647 820 2683 Aristotelicos
847 2651 1008 2694 ponitur,
1041 2653 1105 2688 etsi

1186 234 1346 268 Mundus
1371 244 1420 269 est
1452 251 1632 284 compages
1662 244 1862 279 coelestium
1897 255 1929 281 et
1960 249 2166 287 inferiorum

1185 297 1372 328 corporum
1393 294 1465 320 arte
1489 290 1774 333 distributorum,
1803 298 1987 331 continens
2005 303 2166 336 animan-

1183 335 1230 368 tia
1251 342 1282 369 et
1299 336 1382 368 alias
1401 345 1561 379 naturas,
1583 344 1723 384 quaein
1742 347 1888 388 singulis
1906 351 2064 391 partibus
2085 366 2165 396 prm

1183 393 1362 426 creantur,
1391 395 1449 420 ant
1469 389 1628 422 existunt.
1682 392 1775 427 Haec
1796 404 1843 430 est
1870 406 1968 431 vetus
1995 403 2164 443 definitio,

1182 437 1239 469 cui
1264 449 1344 469 vere
1371 438 1453 469 addi
1480 446 1609 481 potest,
1637 445 1816 477 conditum
1842 460 1912 481 esse
1938 447 2003 483 hoc
2026 459 2162 487 tantum

1181 493 1214 518 et
1239 493 1309 519 tam
1334 488 1534 521 mirandum
1560 502 1648 533 opus
1674 504 1690 523 a
1710 491 1801 533 Deo,
1829 505 1866 530 ut
1882 499 1925 531 sit
1943 502 2162 538 domicilium

1180 534 1354 570 humanae
1385 546 1547 580 naturae,
1591 541 1626 573 in
1657 554 1723 585 qua
1751 542 1845 577 Deus
1879 548 2094 587 innotescere
2130 562 2162 588 et

1180 588 1335 632 conspici
1369 588 1500 628 voluit,
1541 602 1579 623 ac
1610 603 1710 635 saepe
1741 595 1922 636 cogitanda
1953 608 2000 633 est
2024 604 2161 638 bonitas

1178 636 1258 678 Dei,
1287 644 1317 671 et
1336 649 1414 681 erga
1430 650 1539 681 genus
1553 638 1770 683 humanum,
1796 645 1916 688 ingens
1933 661 2040 691 amor,
2067 657 2158 698 quod

1179 699 1259 720 vere
1285 695 1404 721 nostra
1431 701 1531 723 causa
1549 697 1667 725 tantus
1686 693 1787 726 labor
1805 695 1986 731 institutus
2005 709 2062 735 est.
2117 703 2161 738 Et

1178 750 1378 783 quanquam
1405 740 1582 773 interdum
1610 754 1746 776 necesse
1770 752 1821 778 est
1847 746 2046 783 Stoicorum
2069 754 2159 787 dicta

1177 788 1408 831 reprehendi,
1447 797 1563 823 tamen
1595 789 1663 825 hoc
1692 794 1825 827 dictum
1855 799 2076 840 probandum
2100 812 2161 844 est,

1175 840 1268 882 quod
1294 841 1360 880 ait,
1387 841 1506 873 omnia
1531 842 1567 873 in
1592 850 1716 876 natura
1741 856 1858 878 rerum
1883 857 2026 892 propter
2044 851 2159 885 homi-

1175 900 1237 921 nes
1252 891 1358 931 nasci,
1374 887 1536 924 homines
1556 899 1671 925 autern
1688 901 1788 927 natos
1800 908 1870 929 esse
1882 900 2157 944 propterDeurn,

1175 939 1354 981 videlicet,
1380 947 1418 974 ut
1432 941 1628 977 innotescat
1644 950 1675 977 et
1692 945 1887 980 celebretur
1901 947 2006 986 Deus.

1289 1044 1402 1076 Estne
1424 1042 1583 1078 anundus
1602 1042 1758 1091 finitus,
1786 1058 1837 1081 an
1854 1047 2052 1095 infinitus?

1273 1106 1326 1140 De
1351 1110 1485 1143 mundo
1513 1112 1674 1144 omnium
1696 1114 1808 1157 prima
1826 1117 1981 1159 quaestio
2007 1127 2075 1153 est:
2100 1120 2156 1154 An

1171 1156 1216 1190 sit
1247 1157 1365 1191 finitus
1398 1167 1457 1193 aut
1487 1161 1665 1203 infinitus,
1705 1164 1787 1208 quia
1812 1166 1964 1208 primum
1998 1171 2157 1204 omnium

1172 1208 1391 1251 quaerimus,
1426 1221 1470 1242 an
1495 1209 1561 1244 hoc
1588 1213 1827 1254 domicilium,
1859 1216 1895 1247 in
1927 1230 1996 1261 quo
2026 1231 2158 1261 sumus,

1171 1256 1424 1301 comprehendi
1440 1268 1557 1294 mente
1574 1263 1694 1305 possit,
1723 1270 1754 1296 et
1772 1265 1844 1304 ubi,
1866 1277 1903 1298 ac
1922 1267 1959 1298 in
1975 1281 2042 1312 qua
2059 1279 2156 1313 parte

1171 1309 1296 1340 mundi
1315 1309 1435 1343 simus.
1490 1309 1576 1344 Esse
1599 1315 1773 1346 mundum
1796 1315 1889 1348 oculi
1908 1323 2096 1360 testantur,
2124 1329 2155 1355 et

1170 1364 1241 1391 tota
1271 1359 1340 1392 vita
1374 1368 1509 1393 nostra:
1552 1369 1670 1404 postea
1700 1375 1781 1395 vero
1811 1374 1985 1408 quaerunt
2017 1378 2156 1404 nostrae

1170 1415 1320 1446 mentes,
1356 1420 1507 1452 qnorum
1538 1422 1726 1453 corporum
1754 1425 1936 1457 compages
1960 1418 2020 1458 sit,
2056 1427 2087 1454 et
2111 1433 2156 1454 an

1170 1456 1212 1488 sit
1246 1458 1356 1489 moles
1384 1458 1494 1492 finita.
1547 1459 1625 1493 Hoc
1650 1463 1766 1495 statim
1798 1464 1902 1497 initio
1933 1466 1969 1498 in
2003 1466 2155 1514 physicis

1170 1509 1411 1550 quaerendum
1430 1516 1491 1544 est.
1545 1509 1632 1543 Nam
1651 1512 1678 1543 si
1699 1514 1850 1547 mundus
1876 1516 2035 1551 infinitus
2059 1530 2155 1560 esset,

1169 1558 1327 1590 confusio
1346 1567 1552 1603 sequeretur
1570 1573 1687 1594 rerum
1706 1570 1738 1596 et
1755 1565 1883 1597 artium
1904 1566 2049 1603 infinita.
2091 1570 2153 1605 Sa-

1168 1608 1385 1651 pientissime
1409 1610 1518 1653 igitur
1539 1613 1734 1656 quaesitum
1763 1621 1812 1647 est
1839 1615 1873 1647 in
1900 1614 2004 1651 huius
2024 1621 2154 1654 doctri-

1167 1670 1232 1691 nae
1251 1660 1444 1699 vestibulo,
1473 1673 1516 1694 an
1533 1663 1688 1696 mundus
1707 1664 1750 1697 sit
1767 1664 1897 1701 finitus.
1949 1666 2016 1701 Hic
2035 1678 2152 1704 autem

1167 1710 1390 1744 considerent
1404 1712 1572 1753 studiosi,
1600 1710 1666 1745 hoc
1687 1714 1801 1756 ipsum
1823 1713 1982 1760 physices
2000 1719 2152 1761 initium,

1166 1760 1252 1792 oriri
1272 1772 1290 1792 a
1310 1759 1525 1796 Geometria.
1572 1762 1746 1796 Iudicium
1765 1765 1857 1796 enim
1878 1767 1918 1798 de
1936 1768 2054 1810 figuris
2070 1782 2152 1813 geo-

1165 1811 1350 1843 metricum
1375 1818 1435 1844 est.
1488 1811 1583 1845 Haec
1603 1813 1710 1855 igitur
1727 1815 1909 1848 manifesta
1927 1818 2151 1854 demonstra-

1165 1860 1232 1900 tio,
1257 1861 1436 1894 convincit
1452 1862 1572 1894 oculos
1591 1869 1623 1895 et
1641 1870 1775 1896 mentes
1793 1866 1952 1899 omniurn
1970 1880 2149 1910 sanorum,

1164 1917 1202 1943 ut
1218 1910 1319 1943 fateri
1338 1918 1508 1954 cogantur
1523 1913 1696 1946 mundum
1716 1913 1855 1948 finitum
1874 1927 1956 1952 esse.

1268 1968 1414 2003 Nullum
1441 1983 1567 2016 corpus
1591 1972 1809 2007 circulariter
1831 1982 1986 2016 motum,
2021 1985 2070 2012 est
2094 1980 2150 2012 in-

1161 2019 1311 2055 finitum.

1261 2077 1410 2113 Coelum
1430 2081 1648 2115 circulariter
1663 2090 1843 2125 movetur,
1870 2091 1909 2117 ut
1924 2086 2147 2120 manifestum

1161 2135 1210 2161 est
1231 2141 1270 2162 ex
1285 2137 1384 2163 motu
1410 2132 1591 2164 stellarum
1611 2133 1701 2165 circa
1719 2134 1860 2176 polum,
1889 2142 1921 2167 et
1944 2147 1983 2167 ex
1998 2136 2091 2169 Solis
2114 2145 2146 2171 et

1160 2179 1341 2213 stellarum
1361 2181 1507 2214 fixarum
1526 2183 1674 2216 adsidua
1692 2185 1932 2220 conversione.

1261 2238 1342 2272 Non
1361 2246 1409 2272 est
1427 2240 1536 2283 igitur
1551 2241 1742 2276 infinitum.

1262 2297 1380 2330 Maior
1404 2299 1584 2342 probatur.
1646 2299 1684 2333 Si
1713 2299 1805 2331 enim
1838 2300 2016 2335 infinitum
2044 2310 2143 2346 esset,

1159 2360 1298 2381 necesse
1316 2356 1403 2383 esset
1421 2349 1530 2382 lineas
1549 2361 1565 2382 a
1590 2356 1709 2382 centro
1732 2350 1869 2391 ductas,
1899 2351 1936 2383 in
1963 2351 2141 2386 infinitum

1159 2399 1297 2432 distare.
1352 2398 1424 2431 Iam
1440 2400 1468 2432 si
1494 2400 1658 2433 distantia
1684 2400 1857 2433 linearum
1882 2401 2019 2434 infinita
2043 2411 2141 2444 esset,

1159 2449 1373 2482 circumferri
1392 2450 1527 2482 coelum
1551 2461 1622 2481 non
1646 2456 1771 2492 posset.
1825 2449 1902 2484 Hoc
1925 2451 2062 2486 illustre
2085 2466 2141 2486 ar-

1158 2507 1361 2543 gumentum
1380 2512 1397 2531 a
1416 2506 1512 2531 motu
1529 2508 1706 2542 sumptum
1725 2506 1787 2535 est.

1260 2550 1415 2583 Additur
1435 2550 1583 2581 alterum
1611 2561 1628 2582 a
1653 2549 1773 2592 figura.
1833 2549 2064 2586 Manifestum
2089 2562 2137 2589 est

1158 2601 1293 2633 coelum
1313 2610 1384 2631 esse
1398 2596 1596 2642 sphaericae
1613 2600 1753 2642 figurae.
1784 2598 1850 2634 Est
1865 2602 1973 2645 igitur
1987 2604 2136 2640 finitum.

1156 2649 1247 2684 Nam
1264 2650 1408 2692 figuram
1425 2660 1562 2682 necesse
1579 2657 1629 2683 est
1645 2650 1781 2685 finitam
1800 2662 1889 2693 esse,
1917 2665 1995 2686 cum
2019 2654 2062 2688 sit
2077 2665 2135 2687 su-

1562 2697 1641 2733 14*
