2379 2948
135 92 229 127 1221

231 174 324 210 Cum
356 176 465 220 igitur
496 176 762 211 consideramus
789 177 875 222 quid
899 177 943 210 sit
968 177 1122 218 dilectio,

736 90 797 126 IX.
851 87 1218 126 COMMENTARII
1243 87 1295 123 IN
1321 87 1564 129 PSALMOS.

2075 102 2171 138 1222

1278 173 1419 210 Primus
1435 190 1555 211 versus
1580 181 1775 224 propositio
1800 190 1868 225 est,
1900 196 1991 230 quae
2015 198 2094 221 cum
2122 188 2167 222 sit

131 233 165 261 et
183 239 291 272 quare
306 235 489 272 praecepta
513 229 575 267 sit,
611 234 644 261 et
669 229 849 272 quomodo
875 229 910 260 in
938 228 1040 261 nobis
1066 240 1122 260 re-
1176 225 1332 259 laudatio
1350 230 1578 271 concordiae,
1595 231 1834 276 intelligamus
1852 243 2075 281 praeceptum
2094 250 2165 272 esse

128 279 296 312 stituatur
312 286 344 312 et
362 281 575 313 accendatur
591 278 771 322 agnitione
787 278 869 312 Filii
885 277 949 312 Dei
969 291 1030 322 per
1040 279 1122 323 Spi-
1146 286 1149 337 '¹
1175 279 1219 309 de
1238 280 1368 310 tuenda
1388 281 1590 314 concordia.

127 329 236 363 ritum
256 337 436 371 sanctum,
471 331 665 364 excitemur
680 330 784 363 etiam
804 337 841 363 ut
859 343 933 362 cam
959 342 1120 363 exercea-
1145 341 1148 377 χ

1275 335 1462 371 Secundus
1482 351 1602 373 versus
1622 342 1821 377 similitudo
1846 353 1916 387 est,
1951 360 2019 393 qua
2046 349 2164 381 suavi-

127 392 218 414 mus.
279 379 474 415 Exercetur
507 388 624 415 autem
655 381 772 414 studio
797 382 1004 414 retinendae
1023 381 1119 425 pacis
1143 412 1147 439 9
1173 393 1224 420 135
1239 389 1438 422 ostenditur
1456 392 1617 435 exemplo
1635 393 1684 426 rei
1709 394 2026 438 flagrantissimae,
2062 401 2162 444 quas,-

127 443 206 465 cum
224 432 320 473 aliis,
346 445 436 478 quae
454 445 520 477 pax
539 431 748 465 nominatur
762 432 963 468 concordia.

229 490 382 525 Dilectio
409 498 459 524 est
482 502 560 534 erga
588 501 712 524 omnes
734 491 840 524 etiam
867 492 1050 532 inimicos,
1085 498 1117 525 et

126 549 177 576 est
194 541 269 575 Deo
289 543 434 575 obedire
451 542 546 575 iuxta
562 542 682 576 omnia
702 544 886 584 mandata,
921 555 1001 576 cum
1028 555 1115 588 qua·

125 594 203 626 daun
223 594 360 627 laeticia
376 593 413 625 iu
430 593 504 637 ipso
524 601 557 627 et
573 593 708 627 unione
725 606 803 627 cum
825 607 885 635 eo,
913 601 945 628 et
964 601 1014 627 est
1031 607 1113 638 pro-

124 652 203 688 pter
218 644 329 678 Deum
345 651 522 688 praestare
541 645 619 678 aliis
637 645 757 678 omnia
773 645 886 679 officia
898 644 1004 679 aDeo
1015 658 1114 679 man-

124 697 204 729 data
221 696 324 729 etiam
345 695 511 731 inimicis.

225 754 293 789 Sed
328 755 485 789 studium
521 756 730 789 concordiae
766 756 810 789 sit
846 767 925 799 erga
954 757 1111 790 membra

122 807 279 839 eiusdem
305 806 484 850 corporis,
527 807 691 841 videlicet
718 819 819 840 verae
843 807 1038 848 Ecclesiae,
1081 815 1112 841 et

122 865 172 891 est
190 857 279 890 velle
298 857 451 891 retinere
468 870 677 892 consensum
698 859 735 891 in
751 858 916 899 veritate,
953 866 985 892 et
1012 871 1112 902 prac-

120 915 213 941 stare
229 908 343 942 officia
362 909 574 950 dilectionis,
592 922 655 943 nec
674 908 869 944 distrahere
888 910 1110 943 coniunctio-

119 971 200 992 nem
219 959 293 993 sine
312 961 505 994 necessaria
525 973 640 1002 causa,
666 961 760 995 iuxta
780 959 847 994 hoc
866 961 1021 994 dictum:
1041 961 1109 994 Fac

119 1017 159 1045 ut
177 1023 288 1045 unum
306 1012 376 1045 sint
395 1012 432 1045 in
453 1013 569 1048 nobis.

222 1069 291 1103 Hic
309 1071 415 1104 etiam
434 1071 677 1105 consideretur
695 1083 800 1117 quam
818 1070 930 1104 tristia
946 1070 1037 1104 mala
1056 1082 1110 1104 se-

118 1129 274 1166 quantur
291 1134 330 1155 ex
349 1123 536 1156 discordia.

220 1181 381 1215 Primum
398 1182 471 1228 ipsa
491 1182 695 1216 dilaceratio
721 1182 796 1215 sine
821 1193 922 1215 causa
950 1193 1108 1214 necessa-

117 1234 168 1266 ria
188 1245 250 1277 per
266 1245 339 1266 sese
363 1241 412 1267 est
434 1241 613 1278 peccatum
627 1262 635 1275 ,
669 1234 762 1267 iuxta
790 1234 922 1266 dictum
943 1232 1107 1266 Salomo-

116 1285 188 1318 nis:
224 1284 296 1328 Qui
315 1285 399 1319 serit
416 1285 630 1319 discordiam
653 1286 746 1319 inter
767 1285 893 1318 fratres
919 1284 1106 1317 abomiua-
1132 1308 1134 1327 ᾗ

116 1336 165 1369 tio
182 1343 233 1369 est
248 1335 336 1370 Deo.

217 1385 356 1421 Deinde
372 1399 454 1420 mox
470 1386 506 1420 in
526 1399 738 1432 quacunque
755 1385 932 1419 discordia
952 1385 1024 1418 sive
1043 1397 1106 1429 po-

113 1438 226 1479 litica,
255 1438 328 1471 sive
346 1438 432 1479 alia,
459 1439 620 1484 sequitur
636 1438 791 1473 turbatio
808 1436 1055 1471 invocationis.

216 1498 341 1532 Tertio
360 1499 388 1531 si
408 1505 457 1532 est
482 1499 653 1532 dissensio
679 1500 722 1532 de
748 1497 928 1538 doctrina,
962 1508 1104 1530 necesse

113 1556 164 1584 est
183 1549 328 1583 alteram
345 1557 481 1592 partem
499 1561 632 1589 errare,
656 1562 735 1583 cum
752 1550 862 1593 igitur
881 1548 1104 1581 mendacium

113 1607 314 1645 spargatur,
352 1599 450 1633 Deus
474 1600 688 1633 contumelia
712 1601 892 1639 adficitur,
928 1606 961 1631 et
988 1600 1026 1630 iu
1051 1599 1104 1631 al-

113 1652 258 1687 terutris
276 1663 421 1695 prorsus
439 1651 589 1685 extincta
607 1657 657 1684 est
674 1649 863 1685 invocatio.

215 1711 354 1755 Quarto
371 1724 412 1745 ex
429 1711 710 1745 dissensionibus
727 1710 893 1743 oriuntur
902 1708 1103 1741 saevissima
1129 1723 1131 1748 ς

113 1764 213 1803 odia,
247 1763 433 1803 factiones,
468 1762 559 1795 bella
578 1770 610 1796 et
635 1762 847 1795 vastationes
872 1760 1011 1803 generis
1035 1757 1103 1792 hu-
1128 1772 1129 1806 ᾗ

112 1815 208 1848 mani
237 1822 269 1848 et
296 1826 428 1859 poenae
451 1821 626 1847 aeternae.
680 1814 731 1846 Ac
754 1813 891 1846 furores
913 1811 1018 1844 semel
1045 1823 1102 1843 ac-

111 1917 265 1957 diaboli,
308 1917 369 1962 qui
404 1917 580 1949 laetantur
607 1923 639 1950 et
663 1914 889 1949 contumeliis
912 1912 998 1951 Dei,
1041 1924 1101 1946 seu

112 1969 324 2007 mendaciis,
365 1979 424 2001 seu
458 1965 672 2001 homicidiis.
736 1965 874 1999 Horum
903 1964 1100 2008 ingentium

112 2020 289 2053 malorum
325 2019 538 2063 cogitatione
569 2016 858 2052 cohorrescamus
893 2024 926 2050 et
963 2016 1100 2048 animos

113 2071 379 2111 confirmemus,
431 2077 470 2104 ut
517 2081 741 2103 communem

113 2130 252 2162 ament,
295 2128 328 2155 et
353 2122 491 2155 discant
514 2122 644 2167 quibus
668 2120 783 2153 modis
808 2126 840 2153 et
867 2119 995 2164 quibus
1021 2118 1099 2151 offi-

113 2173 177 2206 ciis
194 2173 324 2207 tuenda
349 2172 409 2214 sit,
444 2185 508 2206 nec
531 2179 696 2206 moveant
720 2170 911 2204 certamina
938 2182 1011 2202 non
1037 2181 1099 2202 ne-

112 2225 278 2265 cessaria,
304 2223 399 2257 iuxta
416 2224 523 2258 dicta:
553 2224 627 2268 Qui
644 2235 705 2256 vos
730 2223 850 2256 turbat
874 2233 1025 2266 poenam
1049 2221 1099 2253 sc-

111 2283 176 2310 ret.
227 2274 274 2309 Et
289 2274 474 2309 Salomon:
512 2275 584 2319 Qui
601 2275 718 2319 diligit
736 2274 845 2314 rixas,
878 2273 993 2316 diligit
1019 2284 1098 2316 pec·
1124 2295 1125 2307 ³

113 2335 241 2362 catum.

214 2377 425 2422 Cogitentur
449 2377 553 2411 etiam
578 2383 760 2421 praecepta
786 2377 829 2410 de
852 2374 1042 2408 dilectione
1067 2379 1098 2406 et

110 2432 154 2464 de
185 2429 393 2470 concordia,
428 2436 468 2462 ut
498 2428 737 2469 laudationes,
772 2440 811 2461 ac
849 2426 1034 2471 praecipue
1061 2422 1096 2456 hi
1124 2451 1125 2463 ἢ

329 2479 427 2514 Deus
451 2479 593 2512 dilectio
618 2486 688 2520 est,
720 2478 782 2524 qui
806 2485 924 2512 manet
950 2478 986 2510 in
1010 2476 1099 2509 dile-

908 2528 1010 2562 ltem:
1029 2526 1098 2560 Pa-

110 2488 182 2516 tres
197 2481 275 2516 loci.

112 2533 245 2573 ctione,
272 2533 310 2566 in
324 2531 402 2566 Deo
421 2537 557 2571 manet,
583 2536 617 2563 et
631 2528 728 2563 Deus
745 2531 783 2562 in
801 2542 852 2565 e0.

112 2632 203 2668 Ecce
221 2647 326 2680 quam
340 2636 476 2669 bonum
493 2641 534 2680 ‘et
557 2644 663 2678 quam
687 2632 900 2670 iucundum,
935 2629 1098 2665 hahitare

112 2686 237 2719 fratres
254 2687 291 2719 in
309 2699 433 2722 unum.

801 2067 1100 2102 consociationem
1125 2098 1127 2108 ,

1143 442 1147 492 ³3
1171 438 1284 482 dicat,
1312 447 1382 473 tam
1401 441 1514 473 dulcis
1532 454 1584 475 res
1605 451 1655 477 est
1672 447 1880 488 concordia,
1916 462 2021 494 quam
2048 451 2162 484 dulcis

1143 505 1145 517 ι
1171 496 1221 522 est
1236 491 1325 522 odor
1344 491 1493 524 balsami
1519 495 1647 526 summi
1670 498 1879 539 sacerdotis,
1914 502 2008 545 quod
2039 502 2161 545 singu-

1170 540 1234 573 lari
1251 542 1357 574 modo
1375 544 1622 586 apparabatur.

1272 600 1346 635 Cur
1364 609 1478 636 autem
1497 605 1708 639 nominatim
1726 604 1781 640 hic
1800 609 1844 641 de
1863 609 2020 644 balsamo
2045 624 2158 645 sacer-

1169 653 1260 686 dotis
1279 654 1433 687 dicitur?
1461 654 1554 697 Quia
1571 656 1743 699 siguificat
1769 660 1923 701 primum
1949 664 2157 697 concordiae

1167 704 1351 738 vinculum
1385 716 1458 738 esse
1491 714 1652 750 oportere
1684 720 1895 744 consensum
1920 713 1963 745 de
1986 726 2067 746 vera
2094 716 2158 748 do-

1139 777 1140 782 η
1167 755 1299 795 ctrina,
1330 755 1418 790 sicut
1435 755 1614 791 Dominus
1633 759 1768 804 inquit:
1799 760 1879 795 Sint
1896 775 2009 797 unum
2028 764 2065 796 in
2091 777 2157 798 no-

1167 806 1232 840 bis.
1286 804 1332 840 Et
1355 808 1417 840 ubi
1445 809 1628 842 doctrinae
1653 822 1845 845 consensus
1871 820 1940 852 est,
1975 815 2024 847 ihi
2051 816 2155 848 etiam

1166 857 1267 899 ungit
1293 859 1397 891 corda
1415 857 1528 893 Filius
1548 859 1615 893 Dei
1642 873 1800 896 summus
1831 866 1996 899 sacerdos
2018 865 2156 910 Spiritu

1166 920 1228 941 suo
1264 917 1402 950 sancto,
1445 909 1497 944 Ac
1523 912 1608 945 tales
1630 913 1784 957 copulati
1807 926 1946 949 summo
1978 919 2151 951 sacerdoti

1136 977 1137 994 ÷
1164 958 1326 1001 Christo,
1371 968 1453 994 sunt
1489 962 1558 995 iam
1588 964 1800 1007 adglutinati
1829 967 1872 1000 ad
1901 980 2022 1001 verum
2052 977 2155 1013 caput

1164 1010 1296 1049 Deum,
1344 1012 1391 1046 ita
1421 1020 1540 1047 sanata
1574 1015 1842 1058 dilaceratione,
1886 1030 1991 1063 quam
2028 1020 2155 1054 fecerat

1135 1078 1137 1089 ›
1163 1062 1328 1095 diabolus
1341 1090 1348 1103 ‚
1375 1065 1463 1097 ordo
1482 1065 1696 1107 restituitur,
1719 1068 1851 1102 scilicet
1868 1069 1956 1103 unio
1974 1071 2017 1103 ad
2029 1069 2156 1109 Deum,

1164 1113 1223 1157 qui
1245 1125 1367 1147 rursus
1385 1113 1520 1149 habitat
1537 1116 1574 1149 in
1592 1118 1759 1151 membris
1777 1117 1922 1161 Christi,
1939 1127 1970 1154 et
1987 1133 2048 1155 sua
2065 1122 2155 1163 luce,

1134 1181 1136 1185 ·
1164 1165 1334 1208 sapientia
1355 1173 1388 1199 et
1416 1167 1554 1200 iusticia
1581 1176 1615 1202 et
1640 1169 1777 1202 laeticia
1805 1182 1842 1203 ea
1869 1172 2031 1216 complet.
2085 1173 2154 1207 Sed

1162 1212 1248 1249 haec
1265 1216 1353 1250 fiunt
1376 1229 1436 1261 per
1458 1230 1635 1252 summum
1658 1222 1893 1263 sacerdotem,
1922 1221 2054 1256 Filium
2073 1223 2153 1262 Dei,

1161 1278 1223 1309 per
1240 1280 1344 1312 quem
1362 1281 1428 1301 vox
1440 1268 1625 1312 Evangelii
1641 1283 1680 1303 ex
1699 1271 1778 1305 sinu
1796 1274 1928 1306 aeterni
1949 1275 2056 1317 patris
2072 1287 2154 1319 pro·

1162 1318 1229 1350 lata
1250 1325 1319 1359 est,
1348 1327 1380 1353 et
1399 1320 1459 1365 qui
1480 1321 1573 1354 tollit
1592 1329 1729 1364 peccata
1747 1331 1885 1365 nostra,
1911 1332 1943 1359 et
1958 1325 2071 1358 lucem
2095 1339 2154 1360 ve-

1161 1368 1274 1402 ritatis
1290 1376 1322 1403 et
1339 1370 1565 1404 dilectionem
1583 1372 1620 1404 in
1640 1374 1865 1408 credentibus
1883 1376 2011 1410 incoat.

1261 1426 1357 1461 Haec
1376 1429 1495 1462 omnia
1513 1429 1707 1473 significata
1724 1439 1806 1466 sunt
1824 1433 2006 1467 mentione
2018 1434 2155 1476 Aaron,

1159 1477 1291 1512 scilicet
1309 1480 1395 1513 oriri
1414 1480 1639 1515 dilectionem
1662 1490 1695 1517 et
1718 1485 1944 1519 concordiam
1969 1497 1988 1518 a
2014 1497 2153 1520 summo

1159 1531 1337 1564 sacerdote
1356 1529 1512 1566 Christo.

1262 1588 1353 1622 Nota
1382 1590 1426 1623 sit
1450 1597 1568 1623 autem
1593 1589 1728 1635 phrasis
1755 1593 1791 1625 in
1820 1594 2028 1638 repetitione
2049 1594 2152 1629 Bar-

1158 1637 1262 1679 bam,
1296 1637 1469 1673 Barbam
1489 1638 1639 1683 Aaron,
1668 1643 1842 1686 significat
1861 1646 1955 1678 enim
1978 1647 2152 1681 distribu-

1158 1691 1303 1726 tionem.
1363 1691 1447 1725 Vult
1469 1700 1584 1726 autem
1612 1695 1759 1727 eandem
1784 1696 1983 1730 doctrinam
2009 1700 2054 1731 ab
2078 1711 2151 1732 uno

1157 1743 1270 1787 capite
1287 1740 1429 1776 Christo
1444 1744 1636 1778 stillantem
1658 1757 1784 1779 sonare
1808 1759 1931 1781 omnes
1958 1749 2150 1784 ministros.

1260 1800 1380 1835 Altera
1399 1803 1597 1837 similitudo
1610 1831 1618 1844 ,
1641 1803 1731 1838 Tam
1751 1807 1867 1840 suavis
1883 1815 1933 1842 est
1948 1810 2150 1854 concordia,

113 1878 236 1899 censos
270 1866 306 1898 in
342 1863 530 1898 hominum
566 1864 695 1898 animis
724 1862 945 1897 horribiliter
972 1868 1103 1905 augent
1127 1859 1129 1890 ἶ
1156 1865 1260 1898 (1¹1³OE
1280 1860 1399 1895 gratus
1418 1861 1467 1887 est
1484 1867 1541 1887 ¹'OS
1559 1855 1750 1898 pullulanti
1769 1859 1891 1902 segeti,
1919 1866 1952 1893 Εἰ
1968 1860 2150 1904 pUllUlan—

1155 1905 1250 1937 tibus
1271 1905 1438 1937 arborum
1457 1906 1651 1947 fructibus,
1677 1908 1837 1951 indigent
1855 1910 1949 1942 enim
1966 1911 2149 1954 rigatione,

1156 1967 1198 1987 ne
1217 1955 1370 1989 siccitate
1388 1962 1422 1990 et
1437 1963 1531 1990 aestu
1552 1965 1708 2001 pereant.
1747 1958 1843 1993 Haec
1861 1961 2056 1995 similitudo
2074 1976 2146 1996 non

1155 2013 1206 2039 est
1223 2007 1371 2039 obscura
1383 2034 1391 2047 ‚
1424 2007 1506 2052 quia
1524 2009 1751 2043 manifestum
1771 2018 1821 2044 est
1839 2012 2025 2046 discordiis
2042 2014 2149 2047 dissi·

1156 2057 1229 2101 pari
1250 2069 1373 2091 omnes
1393 2066 1533 2097 coetus,
1562 2067 1594 2093 et
1613 2061 1751 2094 animos
1771 2059 1958 2097 hominum
1975 2076 2055 2097 vere
2074 2071 2147 2098 tor-

1155 2109 1269 2142 refieri
1287 2115 1320 2142 et
1337 2110 1436 2155 sequi
1454 2110 1644 2144 vastitates.

1258 2167 1305 2202 Ut
1322 2175 1437 2202 autem
1457 2169 1555 2213 prior
1570 2170 1768 2204 similitudo
1787 2169 1880 2206 haud
1893 2173 2000 2207 dubie
2011 2174 2146 2218 signifi-

1154 2227 1206 2253 cat
1244 2221 1469 2253 concordiam
1500 2222 1721 2255 sacerdotum
1750 2235 1810 2256 seu
1839 2225 2059 2258 docentium:
2097 2227 2143 2259 ita

1155 2268 1239 2303 haec
1267 2272 1441 2314 posterior
1464 2272 1660 2305 similitudo
1684 2276 1943 2308 accommodari
1965 2265 2076 2319 potest
2100 2279 2144 2310 ad

1154 2323 1332 2366 politicam
1360 2323 1607 2366 concordiam,
1649 2324 1728 2356 ideo
1758 2325 1852 2357 enirn
1879 2327 2041 2361 nominat
2068 2328 2143 2361 loca

1153 2385 1244 2418 quae
1269 2375 1525 2417 propemodum
1551 2374 1680 2407 limites
1704 2375 1865 2417 fuerunt,
1906 2385 1945 2411 ut
1973 2379 2142 2421 significet

1152 2436 1186 2458 se
1203 2426 1245 2457 de
1265 2422 1329 2457 hac
1346 2425 1419 2468 ipsa
1437 2425 1534 2469 loqui
1554 2425 1688 2458 inclusa
1707 2426 1799 2460 inter
1816 2425 1879 2460 hos
1896 2428 2035 2464 limites.
2059 2429 2141 2464 Fuit

1153 2476 1247 2509 enim
1264 2475 1423 2508 Libanus
1440 2476 1540 2508 limes
1561 2488 1681 2509 versus
1708 2479 2003 2522 septentrionem,
2041 2479 2140 2515 Ieru-

1152 2527 1257 2560 salem
1279 2538 1399 2559 versus
1417 2527 1620 2567 meridiem,
1656 2540 1761 2572 quam
1779 2530 1960 2571 nominat,
1994 2544 2072 2565 cum
2096 2533 2139 2566 sit

112 2591 166 2618 ter
191 2584 245 2617 sac
268 2591 308 2618 ut
331 2595 443 2618 unum
470 2583 540 2616 sint
564 2581 601 2613 in
629 2581 753 2619 nobis,
783 2588 814 2614 et
840 2579 898 2613 hic
917 2579 1098 2613 psalmus:
1124 2577 1126 2601 ='
1151 2578 1244 2621 regia
1263 2578 1378 2617 sedeS‚
1404 2577 1627 2611 etiamsinon
1646 2586 1720 2613 erat
1736 2587 1929 2615 extremum
1956 2584 2140 2627 oppidum,

1151 2629 1251 2674 quasi
1280 2629 1391 2668 dicat,
1425 2635 1498 2662 toto
1525 2636 1664 2673 pectore
1686 2642 1749 2664 oro
1774 2631 1907 2673 Deum,
1947 2641 1986 2667 ut
2008 2635 2045 2667 in
2073 2633 2139 2668 hoc

1121 2664 1126 2722 l
1151 2692 1259 2723 regno
1275 2706 1283 2721 ‚
1316 2686 1349 2713 et
1367 2679 1405 2712 in
1433 2677 1499 2714 hoc
1523 2681 1673 2725 populo,
1708 2682 1764 2716 cui
1787 2681 1883 2718 Deus
1908 2681 1999 2719 hanc
2022 2687 2137 2720 sedem

1585 2729 1666 2765 77*
