2379 2948
202 94 294 129 1183

330 178 664 224 Argumentum
710 185 760 208 ac
796 172 1056 218 dispositio

516 241 672 281 Psalmi
712 238 868 281 CXVI.

259 327 430 363 Laudato
456 323 660 359 Dominum
690 332 814 358 omnes
839 326 996 368 Gentes,
1029 322 1188 358 laudate

258 391 339 414 eum
359 388 484 412 omnes
501 377 648 421 populi,
675 379 745 409 etc.

310 450 500 496 Prophetia
525 458 574 484 est
598 462 686 495 quae
709 450 860 484 affirmat
879 448 1068 484 Ecclesiam
1089 449 1190 482 colli-

207 505 356 548 gendam
382 515 452 536 esse
476 502 578 535 etiam
604 513 643 534 ex
665 502 845 544 gentibus,
873 508 906 534 et
923 500 1063 534 deducit
1083 500 1190 533 lecto-

208 568 280 589 rem
304 555 346 587 ad
368 560 517 587 vetustas
535 553 612 584 illas
628 551 893 596 promissiones:
924 550 963 584 ln
982 551 1113 583 semine
1129 558 1191 584 tuo

208 605 461 639 benedicentur
491 614 613 636 omnes
642 610 771 646 gentes.
838 601 940 636 Item:
985 600 1117 635 Gentes
1148 603 1191 634 ad

209 669 288 689 eum
307 654 625 697 congregabuntur.
678 653 919 695 Agnoscamus
938 652 1044 695 igitur
1060 651 1191 685 Filium

209 707 294 744 Dei,
323 713 357 738 et
382 705 460 738 laeti
486 704 696 748 accipiamus
718 704 792 736 eius
809 703 1035 741 beneficium,
1062 703 1094 735 ei
1109 703 1192 736 obe·
1217 663 1221 744 l

209 758 346 790 diamus
364 763 395 788 et
413 755 541 797 gratias
557 765 708 797 agamus.
741 754 798 787 De
813 752 867 786 his
883 753 1059 786 beneficiis
1077 753 1193 798 loqui·
1219 762 1221 772 ’

209 814 287 846 tur,
313 818 393 840 cum
417 806 548 850 inquit:
577 799 810 848 Confirmata
834 807 883 836 est
906 815 1013 850 super
1034 816 1101 837 nos
1125 802 1195 836 mi·
1219 805 1223 862 ι

210 854 409 891 sericordia
427 856 520 895 eius,
546 856 601 887 vel
618 855 822 887 dominatur
839 854 1096 896 misericordia,
1123 867 1194 888 non
1220 873 1222 922 Ι

210 909 262 941 ira
276 935 284 947 ‚
312 908 368 940 sed
391 912 532 950 propter
550 905 680 939 Filium
699 913 729 938 et
748 917 808 948 per
823 917 901 937 eum
922 907 1048 949 recepti
1065 917 1196 946 snmus,
1221 931 1223 937 ,

211 958 468 992 sanctificamur
501 963 533 989 et
562 957 749 990 salvamur.
798 953 851 987 Et
884 955 1015 988 ceritas
1038 948 1223 989 Domini'*

212 1012 332 1041 manet
360 1008 397 1040 in
423 1011 626 1046 aeternum,
664 1006 697 1039 id
726 1013 793 1043 est,
830 1007 1016 1049 promissio
1038 1008 1127 1041 facta
1155 1008 1197 1040 de

213 1058 342 1092 Messia
366 1058 441 1090 sine
466 1057 536 1089 ulla
561 1056 782 1089 dubitatione
808 1063 882 1089 rata
907 1064 940 1090 et
966 1057 1111 1091 immota
1135 1065 1198 1097 est,
1222 1059 1224 1074 ³

212 1117 244 1142 et
263 1107 416 1143 Ecclesia
437 1105 501 1140 hoc
522 1108 625 1140 modo
644 1107 838 1140 salvabitur
855 1114 917 1142 etc.

350 1255 684 1299 Argumentum
722 1264 770 1286 nc
805 1252 1062 1296 disposiiio

368 1322 526 1362 Psalmi
570 1321 748 1363 CXVII.
775 1327 813 1362 et
838 1322 1038 1364 CXVIII.

268 1403 501 1451 (militemini
533 1406 690 1438 Domino
727 1407 902 1449 quoniam
931 1404 1063 1449 bonus,
1113 1419 1202 1452 quo-

268 1458 370 1489 uiam
393 1458 430 1489 in
445 1456 611 1489 seculum
629 1455 892 1489 misericordia
910 1459 1012 1499 εἰιιε,
1040 1461 1109 1491 etc.

317 1528 435 1563 Etiam
467 1535 565 1562 vetus
591 1540 765 1573 synagoga
791 1529 963 1563 intellexit
990 1528 1084 1563 hunc
1104 1530 1202 1563 Psal-

216 1591 314 1613 mum
339 1591 410 1612 esse
429 1591 549 1612 vocem
568 1578 718 1612 Messiae
735 1586 766 1611 et
782 1578 957 1612 Dominus
976 1592 1054 1613 eum
1074 1582 1115 1614 de
1131 1592 1202 1614 sese

217 1631 316 1670 citat,
344 1627 472 1664 Matth.
489 1627 548 1664 25.
600 1626 646 1662 Et
668 1629 705 1661 in
732 1627 896 1672 Ephesiis
918 1637 1100 1664 enarratur
1123 1643 1202 1664 ver-

218 1692 294 1719 sus,
329 1679 501 1724 Lapidem
534 1691 638 1724 quem
669 1681 947 1723 reprobaverunt
981 1681 1203 1715 aedificantes

218 1732 329 1765 factus
364 1738 412 1763 est
443 1730 481 1762 in
507 1737 610 1773 caput
635 1730 774 1772 anguli,
809 1731 844 1762 id
870 1738 939 1771 est,
973 1728 1031 1764 hic
1055 1731 1203 1766 Messias

219 1793 321 1827 quem
347 1781 588 1818 aedificantes,
616 1780 650 1813 id
677 1787 745 1821 est,
773 1782 952 1820 doctores,
982 1783 1156 1826 principes
1172 1790 1204 1817 et

218 1833 470 1876 gubernatores
501 1831 618 1864 delere
642 1831 757 1864 conati
784 1838 883 1872 sunt,
915 1833 1026 1865 factus
1052 1841 1100 1867 est
1122 1834 1203 1866 fun-

219 1885 422 1916 damentum
448 1879 642 1921 Ecclesiae,
679 1882 712 1914 id
747 1889 812 1918 est„
847 1890 992 1926 propter
1024 1883 1098 1916 eius
1121 1885 1205 1917 obe-

219 1933 389 1966 dientiam
413 1930 567 1964 Ecclesia
593 1939 727 1975 recepta
754 1940 821 1972 est,
850 1941 881 1966 et
905 1933 977 1977 ipse
1001 1935 1206 1968 dominatur

220 1984 258 2015 in
283 1981 456 2019 Ecclesia,
494 1982 528 2014 id
559 1988 624 2022 est,
660 1983 795 2025 colligit
817 1995 892 2015 eam
916 1996 1000 2017 voce
1021 1983 1204 2028 Evangelii

221 2041 253 2067 et
278 2040 328 2066 est
350 2033 388 2064 in
411 2044 448 2065 ea
475 2032 613 2071 efficax,
649 2034 840 2067 sanctificat
863 2034 958 2067 illam
983 2034 1118 2079 Spiritu
1144 2048 1205 2069 suo

221 2091 360 2123 sanctO,
387 2083 536 2126 protegit
562 2089 595 2115 et
621 2083 730 2116 salvat
754 2095 848 2123 eam,
875 2085 961 2118 sicut
982 2086 1055 2130 ipse
1073 2086 1206 2132 inquit:

1233 2585 1235 2600 Ι

221 2134 331 2168 Nemo
351 2134 460 2177 rapiet
476 2144 558 2166 oves
575 2144 668 2165 meas
684 2145 701 2165 e
718 2134 881 2167 manibus
899 2136 993 2171 meis.

324 2192 537 2237 Quanquam
553 2200 667 2226 autem
685 2193 793 2237 aliqui
811 2193 987 2236 disputare
1005 2196 1123 2229 volent
1136 2195 1208 2230 Da-

222 2244 339 2277 videm
363 2241 421 2276 hic
446 2243 563 2288 loqui,
592 2250 708 2276 tamen
733 2244 914 2277 fatendum
938 2252 987 2279 est
1009 2253 1092 2291 typo
1110 2247 1208 2289 prin-

223 2295 382 2339 cipaliter
404 2294 593 2336 significari
610 2293 759 2327 Messiae
782 2295 959 2338 passiones
983 2303 1014 2329 et
1035 2297 1208 2335 victorias,

223 2345 269 2378 sic
302 2344 409 2387 igitur
437 2345 708 2388 interpretemur
733 2343 912 2379 psalmum
940 2347 1037 2391 quasi
1063 2346 1208 2381 Messias

224 2396 297 2438 ipse
313 2395 432 2427 recitet
449 2406 544 2427 snam
560 2395 755 2438 passionem
773 2403 803 2428 et
821 2397 1015 2431 victoriam.
1070 2399 1120 2431 Ac
1140 2398 1208 2431 ini-

224 2446 274 2477 tio
292 2444 466 2478 Dominus
484 2445 679 2490 alloquitur
695 2446 896 2479 nniversam
915 2446 1126 2488 Ecclesiam,
1154 2449 1209 2482 iu-

225 2495 283 2527 bet
314 2507 434 2528 omnes
466 2507 565 2538 agere
593 2496 719 2539 gratias
744 2495 817 2530 Deo
852 2510 913 2540 pro
946 2496 1011 2530 hoc
1037 2499 1208 2532 immenso

225 2545 412 2583 beneficio,
447 2547 539 2590 quod
568 2545 696 2579 Filium
721 2548 942 2581 constitnerit
964 2548 1209 2590 Maiiatorem,

226 2602 258 2628 et
281 2595 430 2628 voluerit
455 2608 515 2639 per
539 2597 613 2629 eius
634 2597 872 2631 obedientiam
897 2599 1027 2642 placari
1043 2600 1148 2639 iram,
1178 2608 1208 2634 et

225 2657 287 2689 per
306 2645 486 2679 victoriam
504 2647 636 2681 destrui
656 2655 801 2681 mortem
814 2676 822 2689 ‚
850 2655 882 2682 et
902 2650 949 2683 sic
968 2651 1075 2695 recipi
1093 2658 1125 2685 et
1141 2651 1208 2684 sal·
1232 2645 1235 2697 ζ

792 86 917 122 PHIL.
943 86 1060 124 MEL.
1086 84 1295 123 SCRIPTA
1323 84 1621 123 EXEGETICA.

2123 88 2220 124 1184

1238 173 1310 206 vari
1334 185 1442 217 genus
1461 171 1667 207 humanum.
1720 171 1797 206 Hoc
1817 173 2015 207 mirandum
2032 174 2220 207 consilium

1238 224 1314 257 vult
1347 225 1383 256 in
1415 222 1569 257 Ecclesia
1600 223 1759 265 recitari,
1794 225 1869 258 vult
1900 231 2022 258 notum
2057 236 2148 266 esse,
2182 232 2221 259 ut

1239 275 1341 308 multi
1360 275 1540 308 salventur
1558 282 1589 309 et
1608 275 1724 307 Deum
1743 274 1781 308 in
1798 274 1895 308 omni
1912 275 2114 309 aeternitate
2131 275 2222 309 cele—

1239 325 1353 359 brent.
1413 325 1508 358 Haec
1530 332 1581 358 est
1604 325 1749 369 simplex
1773 327 1944 360 sententia
1969 333 2120 370 quatuor
2144 338 2223 359 ver-

1239 387 1341 409 suum
1360 376 1479 410 initio:
1509 371 1745 419 Confitemtni
1756 374 1941 417 Domino,
1968 376 2003 408 id
2020 382 2090 417 est,
2116 387 2224 419 agno-

1241 428 1323 461 scite
1341 438 1432 466 eum,
1459 427 1629 461 celebrate
1647 439 1739 467 eum,
1766 427 1856 471 agite
1870 427 1997 471 gratias
2013 433 2155 470 propter
2170 426 2226 459 in-

1241 477 1355 521 gentia
1374 477 1559 518 beneficia,
1589 478 1683 523 quod
1701 477 1832 511 Filium
1849 477 2031 511 constituit
2047 476 2227 511 Mediato-

1242 540 1314 561 rem
1327 555 1334 569 ‚
1360 536 1392 562 et
1410 529 1457 561 sic
1474 528 1607 572 colligit
1623 535 1798 562 aeternam
1816 527 2023 562 Ecclesiam.

1346 586 1564 621 Nominatim
1583 594 1697 621 autem
1716 588 1909 633 alloquitur
1926 584 2072 620 domum
2090 583 2227 625 Aaron,

1245 645 1282 672 ut
1315 638 1485 681 significet
1515 638 1696 672 ministros
1717 637 1903 681 Evangelii
1930 645 1962 672 et
1985 639 2144 671 doctores
2168 639 2230 670 de-

1245 690 1328 722 bere
1351 689 1492 721 incoare
1517 686 1608 722 hanc
1629 689 1899 723 celebrationem
1918 689 2098 729 docendo,
2126 688 2230 721 invo-

1245 740 1376 780 cando,
1403 739 1530 782 gratias
1546 740 1695 783 agendo.

1348 797 1541 843 Sequentes
1566 809 1686 832 versus
1709 810 1820 844 usque
1836 800 1880 833 ad
1900 797 1967 833 hoc
1984 799 2135 833 dictum:
2160 797 2231 831 La-

1246 849 1364 894 pidem
1385 861 1487 894 quem
1505 850 1784 893 reprohaverunt
1793 856 1868 891 etc„
1890 857 1971 884 sunt
1984 849 2138 883 narratio
2154 860 2232 893 pas-

1247 900 1356 933 sionis
1387 907 1419 933 et
1443 899 1627 941 victoriae,
1669 908 1701 934 et
1725 900 1934 934 nominatim
1960 901 2098 934 canitur
2122 911 2232 943 paean

1249 952 1291 984 de
1323 951 1455 984 abolita
1485 959 1615 985 morte:
1649 948 1740 984 Non
1773 950 1914 984 moriar
1941 948 2008 984 sed
2031 950 2167 988 rivam,
2202 952 2234 982 el

1249 999 1414 1034 narrabo
1437 1012 1544 1048 opera
1561 1000 1733 1038 Domini.
1786 1001 1978 1047 Sequentes
1998 1001 2158 1035 versiculi
2175 1012 2235 1033 ex-

1250 1059 1387 1096 ponunt
1412 1065 1548 1086 causam
1573 1053 1735 1093 finalem,
1759 1060 1900 1097 propter
1924 1064 2028 1098 quam
2047 1063 2167 1096 passus
2184 1057 2235 1085 est

1250 1103 1416 1143 Messias,
1451 1103 1601 1144 scilicet,
1637 1111 1673 1137 ut
1697 1104 1793 1137 fieret
1818 1104 2087 1137 fundamentum
2112 1100 2236 1135 Eccle-

1251 1155 1340 1195 siae,
1367 1161 1507 1197 propter
1531 1166 1628 1188 suam
1653 1154 1884 1188 reverentiam
1905 1154 2087 1188 exauditus
2106 1160 2154 1186 est
2172 1160 2236 1187 etc.

1252 1204 1324 1238 Hac
1357 1205 1575 1244 obedientia,
1610 1203 1676 1238 hoc
1706 1205 1830 1238 merito
1855 1205 1987 1249 placata
2012 1211 2061 1238 est
2085 1204 2136 1237 ira
2159 1201 2238 1244 Dei,

1251 1262 1394 1300 propter
1416 1253 1483 1289 hoc
1509 1252 1644 1301 λύτρον
1666 1257 1845 1289 credentes
1868 1256 2046 1300 accipiunt
2061 1253 2239 1288 remissio-

1252 1318 1332 1339 nem
1357 1313 1600 1350 peccatorum,
1634 1314 1668 1340 et
1693 1313 1903 1350 reputantur
1925 1306 2027 1347 insti,
2062 1306 2151 1339 sicut
2176 1317 2239 1338 ex·-

1252 1368 1366 1400 presse
1399 1357 1530 1390 dictum
1564 1363 1628 1390 est:
1673 1356 1788 1399 Quem
1820 1357 1937 1400 posuit
1968 1355 2238 1400 propiciatorem

1253 1419 1313 1452 per
1339 1407 1563 1450 sanguinem,
1588 1414 1668 1448 etc.,
1707 1414 1739 1441 et
1764 1420 1842 1440 cum
1871 1407 2110 1450 recipiuntur,
2135 1405 2239 1439 simul

1253 1458 1423 1491 santificat
1449 1469 1506 1491 eos
1521 1457 1658 1501 Spiritu
1683 1469 1746 1491 suo
1768 1464 1906 1497 sancto,
1937 1458 2026 1492 sicut
2050 1457 2154 1490 etiam
2181 1468 2240 1489 ex-

1252 1520 1368 1552 presse
1406 1508 1552 1542 dicitur:
1607 1508 1800 1552 Accepistis
1833 1508 1996 1552 spiritum
2039 1507 2240 1552 adoptionis

1252 1559 1419 1593 filiorum.

1355 1615 1447 1650 Sunt
1473 1623 1587 1649 autem
1605 1615 1736 1649 inserta
1753 1616 1888 1649 lumina
1906 1624 1938 1649 et
1954 1612 2080 1662 πάθη,
2109 1622 2147 1649 ut
2165 1615 2241 1659 epi-

1254 1664 1465 1710 phonemata
1490 1673 1587 1699 sunt:
1617 1663 1765 1699 BIelius
1787 1670 1839 1700 est
1860 1664 2034 1711 confidere
2049 1666 2088 1700 in
2105 1664 2241 1700 Domi-

1255 1729 1320 1757 no,
1348 1729 1460 1763 quam
1486 1713 1661 1761 confidere
1685 1718 1724 1750 in
1743 1717 1990 1764 principibus,
2017 1726 2080 1753 etc.
2133 1717 2242 1751 Prae-

1254 1768 1340 1812 cipit
1365 1776 1403 1801 ut
1427 1768 1633 1801 obediamus
1655 1767 1750 1806 Deo,
1778 1775 1809 1801 et
1831 1781 1904 1802 non
1927 1769 2095 1802 faciamus
2120 1775 2242 1802 contra

1255 1830 1334 1851 eum
1351 1818 1449 1851 fracti
1469 1826 1584 1858 metu,
1611 1826 1670 1852 aut
1690 1819 1874 1853 doloribus
1887 1847 1895 1860 ,
1923 1821 1981 1853 sed
1999 1827 2092 1854 certo
2111 1826 2242 1853 statua-

1255 1880 1333 1901 mus
1363 1869 1477 1913 ipsum
1509 1869 1613 1902 nobis
1644 1871 1779 1909 adesse,
1814 1876 1846 1903 et
1873 1871 2038 1903 daturum
2064 1877 2240 1903 aeternam

1256 1920 1423 1960 salutem,
1450 1920 1541 1953 sicut
1566 1919 1706 1953 Psalmo
1725 1921 1785 1956 36.
1811 1921 1912 1955 dicit:
1940 1919 2091 1964 Expecta
2116 1919 2243 1952 Domi-

1257 1982 1342 2003 num
1373 1978 1404 2003 et
1434 1971 1571 2003 custodi
1594 1972 1686 2004 viam
1711 1973 1785 2004 eius
1810 1978 1873 2005 etc.
1940 1967 2078 2004 Omnes
2108 1967 2242 2004 Gentes

1257 2018 1566 2054 circumdederunt
1590 2033 1656 2057 me.
1710 2021 1826 2055 Etiam
1854 2021 1891 2053 in
1915 2029 2055 2055 externa
2082 2022 2243 2066 passione

1258 2072 1444 2105 destitutus
1475 2073 1543 2106 fuit
1566 2070 1727 2106 Christus
1758 2073 1801 2105 ab
1833 2072 2000 2105 omnibus
2025 2071 2244 2114 hominibus,

1258 2129 1291 2156 et
1314 2123 1521 2156 invaserunt
1547 2135 1625 2156 eum
1650 2134 1722 2156 non
1748 2123 1862 2156 solum
1888 2122 2026 2161 Iudaei,
2055 2124 2113 2156 sed
2138 2123 2243 2155 etiam

1260 2172 1411 2214 Gentes,
1446 2173 1580 2206 Pilatus
1605 2181 1637 2207 et
1660 2173 1835 2207 variarum
1862 2174 2018 2217 gentium
2043 2174 2245 2214 multitudo,

1258 2225 1315 2257 sed
1334 2225 1445 2257 multo
1464 2224 1573 2266 magis
1590 2224 1767 2258 diabolus.

1361 2281 1543 2314 Praeterea
1570 2282 1730 2326 loquitur
1754 2279 1917 2315 Christus
1945 2294 2017 2316 non
2042 2289 2177 2316 tantum
2201 2282 2244 2314 de

1259 2344 1320 2364 sna
1348 2344 1517 2376 persona,
1553 2334 1610 2365 sed
1640 2332 1742 2366 etiam
1768 2334 1811 2365 de
1834 2339 1905 2366 tota
1929 2331 2103 2371 Ecclesia,
2139 2343 2244 2377 quam

1259 2383 1391 2428 ubique
1412 2394 1532 2416 omnes
1552 2390 1670 2425 gentes
1689 2390 1720 2417 et
1740 2383 1872 2417 diaboli
1890 2385 1972 2416 inde
1988 2395 2097 2428 usque
2115 2383 2157 2415 ab
2174 2382 2245 2414 ini-

1259 2433 1308 2465 tio
1327 2433 1528 2478 persequuti
1545 2441 1642 2467 sunt:
1671 2435 1729 2467 sed
1748 2445 1870 2467 omnes
1888 2435 1987 2478 impii
2004 2433 2149 2478 perituri
2163 2440 2244 2467 sunt

1259 2491 1292 2516 et
1309 2491 1532 2523 evanescent,
1560 2484 1647 2518 sicut
1664 2484 1755 2528 ignis
1771 2485 1952 2529 spinarum
1971 2485 2038 2518 cito
2054 2484 2231 2526 deflagrat.

1363 2551 1473 2594 Saepe
1490 2552 1634 2595 repetita
1653 2558 1701 2585 est
1719 2552 1904 2595 praecipua
1923 2562 2001 2595 pars
2020 2550 2245 2591 narrationis,

1233 2627 1235 2642 ¹,
1260 2601 1297 2633 in
1325 2615 1390 2647 qna
1412 2602 1560 2635 affirmat
1581 2600 1742 2635 Christus
1761 2614 1795 2635 se
1813 2610 1843 2636 et
1864 2613 2000 2646 passum
2019 2608 2051 2634 et
2067 2608 2244 2635 servatum

1260 2664 1345 2686 esse,
1375 2650 1435 2685 De
1452 2651 1690 2686 tribulatione
1708 2651 1884 2693 invocavi,
1912 2656 1942 2684 et
1956 2649 2138 2696 respondit
2150 2647 2246 2684 mihi
