2379 2948
122 68 200 104 305
702 67 766 104 111.

118 154 170 196 gis
194 152 425 196 intelligitur:
461 160 500 188 ut
525 166 603 188 cum
632 153 802 194 dicimus,
837 153 960 186 vinum
991 158 1119 185 natura

117 203 201 242 alit,
230 203 382 237 dicimus
408 211 517 238 totam
543 205 775 238 substantiam
803 210 836 236 et
860 210 1118 246 temperamen-

118 260 193 288 tum
206 279 216 293 ‚
244 255 313 288 tale
331 255 501 300 quiddam
519 267 608 295 esse,
635 267 675 286 ex
696 265 765 298 quo
781 253 928 286 facultas
946 253 1118 286 nutritiva

117 305 326 349 sanguinem
349 307 461 349 gignit
485 306 701 339 nutrientem
719 315 858 348 corpus.
914 303 995 346 Quo
1023 305 1116 337 enim

116 363 436 400 temperamentum
460 356 536 389 vini
561 355 688 388 melius
713 361 782 396 est,
816 367 857 388 eo
884 355 1062 400 copiosior
1085 362 1117 388 et

119 407 246 450 purior
263 408 405 451 sanguis
424 406 590 450 gignitur.

222 472 453 508 Absinthium
486 473 586 516 pellit
617 474 761 507 rubram
793 473 923 512 bilem,
960 481 995 507 et
1019 474 1115 507 iuvat

117 537 201 570 epar
222 538 281 559 sua
310 531 454 562 natura,
483 524 518 557 id
536 531 604 562 est,
631 525 713 570 quia
739 525 936 559 substantia
964 537 1003 558 ac
1025 532 1113 558 tem—

116 583 360 620 peramentum
379 575 448 609 tale
464 582 526 615 est,
556 582 593 608 ut
612 583 743 619 pugnet
761 589 840 609 cum
859 576 943 616 bile,
974 583 1112 609 818011-

115 628 234 660 veniat
260 626 363 670 epati.
418 624 486 658 Hic
512 634 676 659 naturam
702 639 823 666 vocas,
849 634 924 660 tum
951 628 1116 660 substan-

115 678 222 717 tiam,
247 683 322 709 tum
339 683 679 719 temperamentum,
711 685 787 711 tum
807 674 993 720 ddvcmw,
1023 689 1112 721 qnae

113 735 163 761 est
179 727 446 770 temperamenti
467 728 637 765 efficacia,
668 741 730 761 nec
750 741 786 761 re
804 729 878 772 ipsa
895 728 1113 761 discernitur

112 790 130 811 a
149 784 437 821 temperamento.
491 777 567 811 Hae
586 778 813 813 Medicorum
840 779 1039 812 locutiones
1059 779 1111 810 vi-

112 830 243 862 dentur
269 829 470 872 planiores,
505 842 522 861 a
551 830 681 874 quibus
704 842 777 863 non
811 830 987 873 discrepat
1016 831 1109 874 quod

112 878 322 913 Aristoteles
343 881 483 913 tandem
503 892 542 913 eo
562 881 759 921 delabitur,
787 888 825 914 ut
849 887 1013 914 naturam
1040 892 1111 913 esse

114 930 207 964 dicat
230 931 378 964 formam
401 931 683 966 substantialem.

216 997 288 1031 Nec
303 998 385 1031 volo
406 998 579 1042 prolixius
603 1000 764 1044 persequi
784 997 867 1038 has,
896 1000 939 1033 de
957 1000 1114 1043 adpella-

115 1050 234 1089 tione,
269 1056 331 1082 aut
356 1050 582 1089 definitione,
618 1050 895 1093 disputationes,
930 1051 966 1083 in
985 1051 1115 1096 quibus
1141 1073 1142 1091 ;

869 1101 947 1134 Hoc
972 1102 1054 1134 satis
1077 1102 1115 1134 fit
1141 1138 1142 1147 ἵ

113 1150 283 1191 discenti,
311 1152 549 1191 considerare,
579 1153 814 1185 necessarimm
832 1164 903 1185 esse
923 1152 1113 1185 discrimen
1141 1152 1142 1155 ’

113 1100 247 1133 multae
279 1107 362 1133 sunt
389 1100 541 1134 aliorum
579 1099 814 1149 λογολιιαχίαι.

113 1201 330 1235 naturalium
349 1210 381 1235 et
399 1202 658 1246 artificialium,
688 1203 769 1247 quia
788 1214 927 1236 necesse
946 1210 997 1236 est
1016 1200 1114 1247 Phy-

112 1252 183 1285 sico
200 1252 443 1294 considerare,
470 1265 570 1297 quae,
596 1266 701 1298 quam
722 1254 813 1294 vim,
841 1260 873 1286 et
890 1265 980 1298 quos
998 1260 1114 1286 motus

112 1314 153 1335 ex
172 1314 234 1336 sua
253 1309 399 1342 natura,
427 1310 460 1336 et
478 1315 539 1346 per
558 1315 629 1336 sese
647 1301 820 1343 habeant,
844 1316 934 1349 quae
953 1304 1114 1337 cieantur

116 1353 269 1386 externis
294 1353 418 1386 causis.
476 1352 572 1395 Ignis
593 1365 654 1385 sua
681 1355 716 1385 vi
744 1366 883 1387 sursum
911 1356 1043 1394 fertur,
1079 1361 1113 1387 at

114 1403 205 1447 lapis
231 1416 271 1437 ex
301 1401 465 1436 machina
490 1404 636 1437 aliunde
663 1416 803 1437 sursum
823 1404 980 1448 pellitur.
1035 1403 1113 1436 Hoc

112 1455 247 1498 puerile
264 1454 456 1488 discrimen
473 1451 530 1488 hie
546 1454 718 1496 traditur,
745 1467 807 1488 nec
825 1456 897 1488 sere
913 1455 1110 1500 quidquam

111 1506 277 1549 amplius.

216 1562 357 1598 Omitto
383 1564 487 1597 etiam
513 1562 571 1598 hic
596 1565 688 1597 rixas
716 1566 750 1598 in
770 1566 901 1611 quibus
925 1572 1112 1610 quaerunt,

112 1615 197 1660 quid
232 1615 371 1648 intersit
402 1615 496 1649 inter
530 1623 692 1649 naturam
730 1624 763 1650 et
794 1629 866 1649 rem
899 1616 1139 1653 naturalem.‡

113 1665 256 1699 Medico
276 1663 369 1698 nibil
390 1666 552 1707 interest,
579 1667 639 1711 qui
659 1668 892 1701 substantiam
919 1668 1029 1710 ipsam
1048 1679 1110 1699 vo·
1137 1684 1138 1688 =

419 1716 487 1750 Sed
520 1717 548 1749 si
574 1724 735 1750 naturam
761 1719 903 1750 vocabis
933 1716 1111 1761 δύναμιν,
1136 1719 1138 1747 ¹>

1136 1780 1138 1791 1
1165 1767 1225 1811 9111
1259 1773 1376 1799 tamen
1412 1767 1610 1801 imitatione
1641 1775 1749 1801 artem
1774 1771 2057 1817 qualemcunque
2089 1774 2158 1806 sibi

114 1724 165 1750 cat
191 1723 366 1751 naturam.

113 1774 172 1800 aut
194 1767 466 1801 inclinationem
494 1767 531 1800 in
558 1768 770 1808 substantia,
796 1769 899 1801 facile
925 1776 974 1801 est
992 1768 1110 1800 videre

112 1818 315 1851 discrimen.
368 1817 473 1851 Dices
492 1818 587 1850 enim
605 1830 677 1850 rem
696 1819 892 1852 naturalem
912 1819 1108 1852 subiectum

112 1880 195 1908 esse,
224 1875 387 1901 naturam
403 1869 538 1913 aliquid
558 1869 595 1901 in
612 1870 769 1903 subiecto
787 1870 882 1902 ciens
900 1881 961 1914 per
976 1881 1023 1910 se,
1049 1881 1109 1902 seu

113 1916 291 1963 δύναμιν,
321 1931 381 1953 seu
403 1919 686 1956 inclinationem.

329 2041 435 2080 Quae
451 2043 538 2073 sunt
558 2050 619 2073 res
640 2037 892 2086 artificiales?

208 2114 281 2149 Res
298 2115 496 2148 artificiales
514 2121 606 2156 sunt,
626 2127 715 2160 quae
732 2128 804 2148 non
823 2113 954 2148 habent
970 2115 1006 2146 in
1026 2114 1109 2147 sub-

115 2165 243 2203 stantia
268 2177 405 2199 causam
430 2172 548 2199 motus
574 2173 607 2199 et
631 2166 779 2211 91118115,
805 2174 845 2200 111
870 2166 907 2198 111
933 2166 1056 2199 statuis
1074 2172 1108 2199 et

114 2213 301 2250 machinis,
343 2215 424 2249 Non
443 2223 493 2250 est
513 2229 613 2250 causa
630 2217 667 2249 in
693 2217 830 2261 lapide,
858 2229 921 2249 cur
937 2229 976 2249 ex
994 2229 1033 2249 eo
1051 2216 1108 2250 fiat

115 2267 343 2300 simulacrum
360 2264 573 2307 Alexandri,
598 2280 661 2301 nec
679 2280 781 2301 causa
806 2275 856 2301 est
882 2268 919 2300 in
944 2274 1020 2300 rota
1045 2279 1108 2299 au-
1134 2291 1135 2301 1

115 2318 251 2358 tomati,
268 2328 330 2350 cur
344 2323 460 2351 motus
476 2318 551 2351 eius
568 2327 739 2362 congruat
754 2320 795 2352 ad
815 2320 971 2363 spacium
990 2316 1108 2353 horae.

213 2383 279 2419 Est
298 2392 414 2419 autem
428 2396 505 2425 ars,
528 2393 620 2420 recta
646 2387 736 2421 ratio
760 2387 1005 2420 faciendorum
1024 2398 1109 2430 ope-

115 2493 254 2531 gentem
275 2498 419 2528 manus,
452 2486 669 2530 sculpentem
700 2488 890 2532 imaginem
917 2489 954 2521 in
981 2495 1107 2527 statua,

116 2539 153 2571 id
172 2545 242 2577 est,
277 2544 394 2582 partes
422 2543 555 2570 statuae
577 2538 748 2581 tantisper
771 2540 1014 2579 ordinantem,
1042 2540 1108 2573 do-

117 2600 181 2622 nec
212 2588 384 2622 efficiatur
418 2587 616 2622 similitudo
656 2588 731 2622 eius
763 2588 961 2636 archetypi,
1003 2602 1107 2636 quem

118 2639 288 2673 imitatur.

171 2692 349 2723 Merum-n.
380 2692 483 2724 011111.
509 2691 592 2722 Vor.
621 2690 715 2723 XIII.

820 65 978 102 INITIA
1004 65 1301 102 DOCTRINAE
1327 67 1582 108 PHYSICAE.

1144 155 1150 236 1

2098 81 2170 116 306

1276 150 1373 186 Haec
1397 165 1471 196 ars,
1498 168 1559 191 seu
1581 154 1735 192 humana
1762 159 1958 202 industria,
1987 176 2058 197 non
2083 177 2167 209 pro-

1172 208 1266 234 creat
1281 202 1513 247 substantias,
1541 209 1599 242 sed
1619 209 1657 241 in
1675 211 1881 245 substantiis
1905 215 2074 257 quasdam
2094 217 2166 249 dis-

1171 252 1365 296 positiones
1390 255 1513 297 efficit,
1540 271 1629 303 quae
1654 261 1739 295 alias
1760 262 1953 304 adiuvant,
1981 264 2067 298 alias
2085 279 2165 310 per—

1170 303 1313 343 ficiunt,
1338 304 1424 337 alias
1443 306 1640 344 imitantur.

1274 360 1441 404 Agricola
1459 365 1601 399 adiuvat
1620 374 1793 410 naturam,
1821 383 1899 405 cum
1916 373 2048 407 semina
2068 387 2165 419 spar-

1170 412 1219 455 git
1238 412 1274 444 in
1292 419 1435 453 terram,
1464 416 1597 458 perficit
1615 425 1796 459 naturam,
1824 434 1902 455 cum
1923 430 1998 457 arat
2014 431 2046 458 et
2063 426 2165 469 rigat,

1169 475 1207 495 ac
1237 464 1351 496 solum
1370 465 1476 499 efficit
1496 467 1658 508 mollius,
1688 475 1720 501 et
1738 472 1847 512 magis
1866 473 2033 507 idoneum
2049 478 2091 509 ad
2110 478 2163 510 so—

1170 515 1283 547 venda
1302 515 1449 550 semina.

1272 572 1341 606 Ars
1360 574 1494 606 medica
1513 575 1659 610 adiuvat
1675 584 1858 619 naturam,
1886 587 1925 613 ut
1940 593 2019 614 cum
2042 585 2163 626 pulmo

1169 624 1311 657 iuvatur
1327 625 1363 657 in
1379 625 1465 658 tussi
1484 637 1586 659 succo
1604 627 1791 662 violarum.
1840 629 2001 672 Perficit,
2029 641 2065 666 ut
2084 648 2162 668 cum

1169 676 1348 719 perficitur
1366 676 1477 709 coctio
1496 676 1684 711 Zinzibere
1712 687 1745 713 et
1761 680 1839 713 aliis
1856 681 2132 719 medicamentis.

1272 733 1359 767 Item
1386 735 1423 767 in
1452 748 1541 779 pane
1566 737 1727 770 faciendo
1753 751 1807 771 ars
1833 740 1966 783 perficit
1992 748 2165 784 naturam,

1169 792 1351 828 praeparat
1369 787 1462 819 enim
1487 787 1645 821 triticum
1670 796 1702 822 et
1721 790 1861 834 coquit,
1889 798 1926 824 ut
1948 793 2164 827 ventriculus

1168 836 1307 869 facilius
1323 837 1480 881 accipiat.

1271 895 1383 940 Saepe
1415 905 1531 930 autem
1558 910 1614 931 ars
1645 907 1695 934 est
1721 901 1891 934 imitatrix
1924 910 2090 944 naturae,
2127 913 2163 939 ut

1168 947 1336 980 cerevisia
1364 955 1457 981 18818
1476 956 1570 982 cocta
1589 957 1639 984 est
1664 951 1835 985 imitatrix
1855 953 1929 985 vini
1944 981 1952 993 ,
1981 955 2062 998 quia
2087 967 2165 988 suc·

1169 1010 1228 1030 cus
1252 1011 1292 1030 ex
1320 996 1455 1032 hordeo
1480 1011 1680 1044 expressus,
1707 1003 1821 1036 nutrit
1845 1010 1874 1036 et
1898 1006 2053 1038 tenuiter
2071 1007 2164 1038 cale-

1167 1049 1267 1089 facit,
1295 1050 1352 1082 sed
1390 1050 1535 1093 lupulus
1564 1052 1726 1093 additur,
1761 1060 1835 1086 tum
1862 1056 2013 1097 augendi
2037 1057 2163 1090 caloris

1168 1112 1288 1139 causa,
1316 1107 1389 1133 tum
1408 1108 1529 1133 contra
1546 1103 1853 1144 putrefactionem.

1271 1158 1341 1191 Sed
1369 1160 1411 1191 ad
1439 1156 1504 1191 hoc
1529 1160 1684 1201 dictum,
1713 1160 1782 1194 Ars
1804 1163 1966 1196 imitatur
1986 1173 2162 1207 naturam,

1167 1209 1338 1242 correctio
1369 1209 1534 1249 additur,
1568 1223 1641 1243 non
1677 1213 1952 1254 dissimulanda,
1989 1225 2161 1260 quantum

1169 1265 1300 1302 potest,
1328 1271 1395 1303 qua
1415 1260 1632 1303 significatur
1647 1270 1809 1295 naturam
1835 1266 2069 1307 potentiorem
2090 1280 2162 1301 esse

1166 1317 1240 1343 arte
1262 1309 1468 1350 imitatrice,
1496 1318 1533 1344 ut
1559 1319 1684 1345 natura
1709 1313 1820 1356 gignit
1843 1316 2076 1358 substantias,
2105 1330 2161 1351 ars

1168 1373 1240 1393 non
1259 1360 1384 1403 gignit.
1427 1360 1608 1393 „Naturalis
1623 1370 1740 1396 motus
1761 1364 1797 1396 in
1815 1376 1962 1408 corpore
1978 1366 2081 1410 longe
2097 1381 2161 1412 po—

1167 1411 1237 1444 tior
1253 1417 1322 1451 est,
1349 1422 1453 1455 quam
1470 1412 1681 1453 artificialis,
1708 1421 1748 1447 ut
1769 1426 1848 1447 cum
1873 1423 1947 1449 arte
1966 1417 2078 1451 cietur
2095 1419 2161 1452 ali-

1166 1463 1260 1507 quod
1278 1458 1503 1505 αιῖτόματον.
1539 1461 1579 1495 In
1602 1462 1768 1508 losquino
1784 1472 1908 1499 natura
1925 1468 1967 1499 ad
1991 1469 2160 1502 musicam

1167 1513 1317 1552 idoneo,
1343 1513 1455 1547 multo
1485 1515 1717 1557 praestantior
1742 1516 1889 1550 facultas
1919 1525 1970 1552 est
2000 1522 2160 1561 canendi,

1166 1576 1271 1609 quam
1295 1564 1331 1595 in
1356 1561 1502 1597 homine
1525 1577 1667 1606 amuso,
1695 1567 1755 1611 qui
1782 1574 1898 1600 tamen
1925 1576 2017 1607 arte,
2046 1583 2160 1615 qnan-

1166 1623 1239 1648 tum
1263 1621 1374 1658 potest
1399 1616 1568 1647 musicam
1587 1616 1653 1649 sibi
1673 1618 1827 1653 accersit.
1880 1618 2020 1653 Poetica
2049 1623 2159 1654 facul-

1165 1673 1215 1698 tas
1240 1666 1343 1708 longe
1368 1666 1601 1708 praestantior
1620 1674 1670 1700 est
1698 1668 1733 1699 in
1752 1667 1927 1709 Homero,
1954 1672 2014 1715 qui
2034 1684 2158 1705 venam

1166 1715 1269 1749 habet
1288 1716 1447 1748 soelicem
1460 1743 1469 1757 ,
1503 1729 1608 1761 quam
1626 1718 1662 1750 in
1681 1716 1847 1752 Choerilo
1866 1721 1955 1753 duro
1975 1729 2007 1754 et
2026 1723 2159 1765 inepto,

1164 1817 1359 1850 accersivit.

1267 1875 1462 1920 Explicatis
1490 1877 1670 1910 vocabulis
1706 1885 1853 1912 naturae
1889 1886 1922 1913 et
1961 1882 2046 1915 artis
2088 1884 2157 1916 iam

1165 1927 1326 1960 doctrina
1355 1938 1538 1960 causarum
1572 1929 1751 1961 recitanda
1784 1937 1854 1968 est,
1890 1931 1926 1963 in
1955 1944 2022 1976 qua
2048 1935 2158 1977 magis

1164 1978 1423 2021 conspicietur,
1451 1978 1534 2021 quid
1556 1979 1600 2011 sit
1621 1987 1745 2012 natura
1776 1988 1807 2014 et
1837 1993 1926 2026 quae
1956 1983 2026 2017 sint
2042 1992 2156 2018 muta-

1164 2029 1320 2066 tionum,
1349 2040 1388 2061 ac
1406 2029 1674 2071 generationum
1694 2030 1796 2065 initia
1823 2038 1856 2065 et
1874 2035 2145 2075 progressiones.

1264 2086 1311 2121 Et
1337 2100 1416 2121 cum
1440 2087 1599 2122 Platonis
1615 2090 1748 2123 dictum
1767 2092 1811 2124 de
1832 2091 1998 2125 universo
2014 2094 2154 2137 opificio

1163 2140 1306 2172 condito
1337 2139 1373 2171 in
1399 2145 1545 2179 natura,
1573 2146 1607 2173 et
1629 2141 1757 2173 deinde
1778 2143 1821 2174 de
1847 2143 2013 2176 omnibus
2038 2146 2154 2187 operi-

1164 2191 1228 2223 bus
1244 2196 1391 2223 naturae
1406 2202 1529 2222 verum
1547 2190 1612 2231 sit,
1641 2193 1735 2235 quod
1757 2192 1793 2225 in
1813 2192 1960 2225 Timaeo
1984 2195 2152 2238 scriptum

1163 2248 1228 2274 est:
1265 2239 1384 2274 Omne
1401 2242 1497 2286 quod
1516 2242 1687 2281 nascitur,
1714 2242 1749 2275 id
1769 2244 1812 2274 ab
1829 2242 1944 2286 aliqua
1966 2256 2067 2277 causa
2093 2258 2152 2278 ex—

1163 2293 1275 2325 titisse
1291 2304 1430 2325 necesse
1446 2298 1508 2326 est.
1550 2294 1625 2326 πᾶν
1638 2290 1680 2326 τὸ
1694 2289 1922 2339 γιγνόμενον
1938 2291 2011 2328 ὑπὸ
2032 2295 2152 2331 αἴτιου

1161 2355 1261 2381 τινος
1283 2342 1321 2382 ἐξ
1341 2339 1506 2390 ἀνάγκης
1528 2340 1707 2390 γίγνεται.
1748 2342 1910 2376 Profecto
1938 2357 2077 2380 necesse
2102 2356 2151 2381 est

116 2448 195 2470 rum
248 2443 289 2470 nt
318 2435 508 2469 Statuarius
532 2443 661 2470 certam
690 2435 795 2472 habet
825 2438 994 2471 noticiam
1019 2438 1088 2470 diri
1133 2412 1136 2449 ὲ
1162 2395 1232 2427 d1c1
1249 2395 1291 2427 de
1308 2406 1416 2428 varus
1433 2395 1548 2427 modis
1570 2400 1602 2426 et
1620 2394 1831 2427 dlfferentns
1849 2406 2044 2431 causarum.

206 2463 215 2477 ‚
1093 2459 1108 2464 -

1391 2514 1522 2546 Prima
1548 2510 1680 2546 divisio
1709 2522 1927 2547 causarum.

1265 2589 1367 2625 Aliae
1385 2594 1466 2621 sunt
1491 2598 1553 2631 per
1576 2599 1612 2620 se
1628 2599 1769 2627 causae,
1794 2589 1883 2622 aliae
1900 2601 1962 2633 per
1977 2590 2151 2624 accidens.

1164 2641 1259 2675 Haec
1286 2640 1397 2683 prima
1422 2638 1626 2672 distributio
1650 2651 1723 2673 non
1753 2647 1805 2674 est
1831 2641 2069 2674 membrorum
2093 2654 2151 2674 ae-

1593 2689 1643 2725 20
