2379 2948
199 111 298 146 1177

193 197 365 233 Exoritur
388 198 425 231 in
448 197 604 231 tenebris
630 197 751 232 lumen
776 198 891 232 rectis.
942 197 1046 232 Nunc
1066 211 1188 234 rursus

193 250 298 290 dicit,
332 249 446 294 qualis
476 250 522 282 sit
555 249 615 281 ille
650 249 778 282 timens
808 247 935 282 Deum.
997 249 1060 284 Est
1092 251 1186 284 enim

192 300 399 334 mollissima
424 300 653 334 constructio:
683 297 872 333 Exoritur
893 299 932 332 in
953 299 1108 334 tenebris
1129 300 1187 335 lu·-

192 364 272 385 men
314 351 437 390 rectis,
480 348 726 392 misericordi,
767 349 982 384 miseratori
1014 356 1044 384 et
1078 352 1186 392 iusto,

192 404 341 444 scilicet,
375 403 481 436 talem
512 413 585 434 esse
609 399 704 434 hunc
727 402 770 434 de
796 414 867 447 quo
891 402 1052 447 loquitur
1077 404 1185 447 signi-

190 456 315 495 ficant,
351 454 451 499 quasi
475 453 586 493 dicat,
621 449 678 485 hic
700 453 850 492 timens,
885 461 923 487 ut
950 451 1096 498 Ioseph,
1132 462 1183 489 est

190 505 390 539 misericors
410 512 443 538 et
461 504 665 544 miserator,
693 516 766 536 non
786 503 968 538 ulciscitur
984 507 1096 539 scelus
1113 507 1183 540 fra·
1208 508 1209 534 ἕ

189 564 304 598 trum,
340 555 513 590 benefacit
542 555 662 588 multis
694 555 876 598 gentibus,
912 563 945 589 et
977 564 1027 590 est
1061 557 1208 599 iustusf

188 621 263 643 non
286 614 337 641 est
353 614 542 652 tyrannus,
570 617 643 638 non
662 607 801 650 attingit
821 606 964 640 Domini
983 609 1181 652 coniugem,

188 673 261 694 non
286 658 469 692 defraudat
494 654 677 698 homines,
711 657 871 703 loquitur
892 659 986 691 enim
1011 660 1054 692 de
1078 660 1179 692 iusti—

189 712 241 745 cia
266 709 368 753 legali
391 720 451 742 seu
476 720 637 752 operum.
690 708 813 754 Aliqui
831 717 1024 743 contexunt
1040 723 1179 743 versum

186 760 254 796 hoc
278 761 402 794 modo:
430 758 601 794 Exoritur
624 759 662 792 in
685 761 841 793 tenebris
866 761 987 793 lumen
1012 762 1134 801 rectis,
1161 774 1179 795 a

184 812 432 850 misericorde,
461 811 667 844 miseratore
686 818 718 844 et
735 811 827 845 iusto
847 810 934 847 Deo.

289 862 329 896 In
349 862 510 907 sequenti
525 873 628 895 versu
641 863 765 905 repetit
778 869 1019 907 praeceptum:
1046 861 1179 897 Bonus

185 914 241 948 vir
264 913 455 947 miseretur
472 917 502 947 et
519 916 645 946 mutuo
664 911 749 952 dal,
778 915 812 946 id
830 920 896 953 est,
925 921 974 947 est
993 915 1179 951 beneficus,

183 965 238 999 Et
269 963 432 1012 disponit
463 976 644 998 sermones
674 976 761 998 suos
792 963 831 997 in
859 962 1016 1003 iudicio,
1052 966 1088 999 id
1118 974 1180 1008 est,

183 1017 328 1061 negocia
353 1029 412 1050 sua
438 1017 528 1049 iuste
551 1017 641 1060 agit,
670 1028 742 1049 non
769 1024 819 1051 est
846 1015 1076 1060 sophisticus,
1106 1030 1177 1051 non

182 1081 307 1114 rapax,
335 1080 408 1101 non
426 1068 670 1109 defraudator,
701 1080 772 1101 non
790 1067 978 1112 impostor,
1006 1080 1079 1101 non
1096 1070 1178 1102 stel-

182 1122 251 1162 lio,
286 1132 360 1152 non
392 1116 618 1165 sycophanta.
669 1116 715 1152 Et
737 1119 856 1152 miscet
881 1119 1177 1153 consolationem:

181 1169 272 1207 Non
297 1174 468 1204 evertetur
490 1167 545 1203 ad
560 1174 780 1209 extremum,
810 1170 845 1203 id
862 1177 932 1211 est,
959 1170 1094 1204 etiamsi
1113 1171 1178 1204 ali-

181 1223 343 1270 quandiu
360 1222 556 1265 affligetur,
583 1228 701 1255 tamen
720 1222 860 1254 tandem
879 1222 1110 1263 eluctabitur,
1138 1229 1177 1256 ut

180 1275 267 1309 alibi
291 1274 437 1307 dicitur:
466 1271 603 1306 Multae
628 1272 877 1306 tribulationes
894 1272 1088 1315 iustorum,
1117 1275 1176 1307 sed

178 1340 220 1361 ex
242 1326 410 1359 omnibus
436 1322 491 1357 his
515 1324 681 1357 liberabit
704 1335 762 1356 eos
787 1323 976 1357 Dominus.
1030 1321 1080 1357 In
1105 1336 1176 1357 me-

179 1375 300 1411 moria
325 1379 474 1408 aeterna
499 1373 566 1407 erit
591 1373 730 1415 iustus,
757 1374 794 1406 id
811 1381 880 1415 est,
906 1374 1002 1409 Deus
1021 1376 1088 1409 erit
1105 1389 1176 1409 rne-

177 1441 257 1463 mor
281 1428 411 1472 ipsius,
437 1425 619 1465 exaudiet,
645 1425 878 1464 sustentabit,
906 1426 1043 1459 iuvabit
1069 1433 1103 1460 et
1131 1427 1175 1459 li-

177 1479 319 1515 berabit
346 1489 446 1518 eum,
482 1477 574 1511 sicut
602 1476 782 1510 exaudivit
808 1474 953 1521 loseph,
989 1475 1175 1516 Davidem,

177 1530 384 1570 Ieremiam,
418 1535 452 1562 et
474 1528 573 1563 alios.
627 1526 695 1561 Hic
718 1527 880 1561 Psalmus
904 1526 1174 1572 comprehendit

178 1590 213 1618 et
236 1586 435 1627 praesentes
459 1579 688 1612 liberationes
713 1585 747 1612 et
772 1585 969 1617 aeternam,
1003 1577 1099 1612 Deus
1124 1587 1174 1613 est

179 1645 316 1668 memor
331 1630 424 1666 Abel
442 1630 546 1663 etiam
564 1628 629 1663 hac
644 1629 820 1674 praesenti
839 1630 908 1662 vita
924 1630 1063 1664 amissa.
1099 1630 1174 1663 Do—

178 1692 233 1720 cet
256 1696 338 1728 ergo
356 1681 521 1716 Psalmus
545 1688 676 1715 restare
694 1680 791 1713 aliud
811 1680 1003 1721 iudicium,
1032 1693 1095 1713 nec
1112 1682 1172 1714 de-

176 1736 368 1771 ficiendum
392 1745 465 1767 esse
488 1745 506 1766 a
523 1731 620 1772 Deo,
647 1731 785 1765 etiamsi
806 1731 844 1764 in
864 1728 929 1765 hac
948 1732 1018 1764 vita
1038 1744 1110 1764 non
1128 1733 1173 1765 li-

175 1789 362 1827 beramur,
388 1785 447 1819 sed
471 1790 563 1818 certa
588 1783 656 1816 fide
680 1788 713 1815 et
737 1794 797 1827 spe
819 1783 1071 1827 expectandam
1099 1795 1172 1816 esse

175 1838 425 1874 liberationem
444 1835 483 1870 in
504 1836 574 1869 vita
593 1842 755 1874 aeterna,
780 1833 876 1868 iuxta
894 1834 983 1867 illud
1003 1834 1171 1869 usitatum

176 1891 326 1925 dictum:
362 1885 512 1921 Etiamsi
542 1886 679 1919 occidet
707 1896 782 1925 me,
816 1891 934 1918 tamen
958 1886 1107 1928 sperabo
1133 1886 1169 1918 in

175 1954 268 1977 eum.
325 1938 376 1974 Ita
403 1938 554 1972 sciamus
578 1933 831 1981 comprehendi
856 1936 892 1969 in
910 1933 966 1969 his
985 1936 1089 1970 dictis
1106 1937 1169 1970 do-

175 1994 326 2028 ctrinam
345 1992 389 2025 de
404 1990 476 2023 vita
493 1995 634 2022 aeterna
652 1995 685 2022 et
703 1988 746 2020 de
764 1987 842 2020 fide.
1073 2013 1079 2018 .

280 2041 361 2077 Alia
383 2039 578 2075 consolatio
595 2038 814 2073 dulcissima:
842 2034 897 2071 Ab
918 2035 1051 2071 auditu
1069 2035 1171 2071 malo

177 2106 251 2130 non
274 2091 432 2132 timebit,
467 2092 504 2125 id
528 2098 599 2133 est,
627 2103 700 2124 non
726 2097 947 2134 expavescet,
972 2101 1045 2122 non
1070 2090 1168 2123 fran-

176 2153 278 2192 getur
293 2145 433 2185 animo,
459 2155 538 2177 cum
555 2143 653 2176 audit
667 2140 879 2175 annunciari
897 2140 1092 2185 periculum
1110 2148 1169 2174 aut

176 2210 275 2233 suam
299 2196 454 2241 aliquam
478 2194 732 2234 calamitatem,
766 2199 806 2227 ut
830 2205 909 2226 cum
938 2190 1002 2225 Iob
1027 2204 1169 2225 annun-

176 2250 289 2284 ciatur
312 2246 477 2281 interitus
502 2245 669 2279 filiorum.
730 2242 843 2278 Addit
868 2250 984 2277 autem
1008 2242 1170 2277 Psalmus

175 2311 335 2340 causam,
360 2298 456 2332 unde
480 2296 525 2329 sit
548 2293 614 2329 hoc
639 2296 751 2330 robur
774 2295 902 2335 animi,
931 2295 1013 2340 quia
1033 2295 1168 2340 inquit:

173 2351 244 2386 Hic
268 2351 380 2384 iustus
403 2347 551 2382 confidit
569 2345 738 2381 Domino.
791 2345 906 2391 Supra
928 2347 1018 2379 facta
1043 2353 1092 2380 est
1110 2357 1168 2379 ex-

174 2414 294 2449 pressa
314 2399 448 2434 mentio
466 2398 605 2432 timoris
619 2395 704 2439 Dei,
729 2395 787 2431 hic
804 2399 841 2431 fit
858 2409 1015 2442 expressa
1034 2397 1167 2431 mentio

172 2455 277 2496 fidei,
301 2464 391 2499 quae
414 2450 544 2484 nititur
561 2449 635 2482 veri
650 2448 715 2483 Dei
732 2449 979 2494 promissione.
1032 2447 1168 2494 Loqui-

173 2514 233 2542 tur
261 2517 343 2549 ergo
376 2502 539 2536 Psalmus
568 2501 611 2534 de
642 2500 754 2541 iusto,
791 2500 881 2535 sicut
910 2500 948 2533 in
970 2498 1167 2544 Evangelio

172 2558 328 2593 traditur
357 2553 520 2588 doctrina
544 2551 588 2585 de
609 2551 846 2595 poenitentia,
878 2558 911 2585 et
937 2552 981 2585 de
1006 2551 1094 2593 fide,
1127 2563 1167 2584 ac

171 2608 302 2644 fiducia
325 2617 415 2653 quae
437 2603 540 2648 erigit
565 2603 691 2642 corda,
718 2608 752 2635 et
776 2601 932 2646 primum
958 2602 1086 2647 accipit
1110 2614 1166 2636 re-

173 2660 378 2694 missionem
400 2662 644 2702 peccatorum,
685 2659 719 2687 et
740 2659 895 2697 expectat
919 2653 1165 2687 liberationem

798 112 859 148 IX.
914 110 1283 150 COMMENTARII
1310 113 1361 149 IN
1387 115 1632 156 PSALMOS.

2130 125 2231 161 1178

1238 200 1445 235 iurandum:
1474 203 1566 238 Vivo
1585 217 1658 249 ego,
1680 207 1764 240 nolo
1780 214 1929 241 mortem
1945 210 2147 253 peccatoris,
2170 213 2229 244 sed

1238 259 1277 286 ut
1298 260 1526 288 convertatur
1548 263 1580 289 et
1600 258 1704 293 vivat.
1759 257 1854 292 Haec
1874 260 1959 293 fides
1975 272 2113 305 semper
2128 274 2229 306 prae-

1209 287 1212 344 ξ
1237 304 1350 337 luceat
1381 305 1543 347 petitioni
1569 308 1745 342 bonorum
1769 311 2027 354 corporalium,
2060 318 2100 345 ut
2122 323 2227 356 supra

1209 351 1210 365 ¹
1236 354 1369 387 dictum
1388 362 1454 394 est,
1481 357 1574 390 iuxta
1593 358 1699 392 illud:
1728 359 1817 393 Fide
1833 362 2032 395 accedimus
2047 364 2090 396 ad
2101 361 2226 398 Deum.

1207 413 1211 447 ξ
1234 404 1374 438 Deinde
1398 406 1485 450 petit
1503 415 1534 440 et
1552 417 1707 452 expectat
1725 411 1827 444 etiam
1847 412 2105 455 mitigationem
2124 426 2226 458 prae-

1235 457 1386 489 sentium
1410 457 1647 492 calamitatum
1660 487 1668 501 ,
1698 462 1792 494 iuxta
1811 462 1870 495 illa
1889 464 1998 497 dicta:
2030 464 2069 497 ln
2088 465 2138 498 ira
2156 466 2225 498 mi-

1233 507 1446 540 sericordiae
1471 511 1684 551 recordaris,
1717 511 1798 545 Non
1824 513 1948 546 faciam
1973 515 2128 549 furorem
2152 516 2225 549 irae

1233 570 1350 599 meae,
1384 558 1465 591 Non
1492 562 1620 594 mortui
1650 563 1847 596 laudabunt
1870 571 1904 597 te
1926 564 2090 601 Domine.
2150 565 2226 600 Do-

1232 615 1326 641 mine
1351 609 1388 642 in
1405 609 1537 643 iudicio
1558 613 1696 658 corripe
1712 626 1786 655 me,
1813 625 1885 647 non
1902 615 1938 648 in
1955 616 2074 650 furore
2086 644 2094 658 ‚
2120 629 2164 650 ne
2181 619 2224 650 ad

1205 656 1207 674 '¹
1232 658 1387 693 nihilum
1407 662 1558 705 redigar.

1206 549 1209 562 J

1334 737 1540 784 Dispmsit,
1569 736 1667 773 dedit
1691 741 1928 789 pauperibus.
1993 743 2119 778 Miscet
2146 757 2226 777 rur-

1231 800 1288 822 sus
1305 796 1510 833 praecepta:
1545 790 1743 835 Dispergit,
1769 794 1828 826 dat
1847 794 2071 838 pauperibus.
2118 795 2225 829 Libe-

1230 840 1350 873 ralitas
1375 840 1592 883 significatur
1616 844 1724 877 verbo
1751 845 1958 888 spargendi,
1994 847 2051 879 sed
2077 847 2226 880 restrin-

1230 891 1325 934 gitur
1356 892 1399 924 ad
1425 903 1614 937 pauperes,
1646 906 1710 927 nec
1735 895 1911 939 profusi0,
1947 909 2011 930 nec
2035 898 2225 931 ostentatio

1230 942 1429 985 splendoris
1460 943 1497 976 in
1529 945 1736 988 profusione
1769 947 1909 991 placent
1932 947 2019 982 Deo.
2080 948 2126 982 Et
2153 955 2224 983 tota

1230 993 1392 1027 doctrina
1431 994 1655 1029 liberalitatis
1693 998 1940 1032 venustissime
1972 997 2225 1044 comprehensa

1229 1051 1279 1078 est
1303 1045 1340 1077 in
1365 1045 1458 1078 dicto
1477 1045 1695 1080 Salomonis:
1723 1047 1856 1082 Fontes
1878 1050 1929 1082 tui
1949 1051 2155 1084 deriventur
2171 1050 2225 1083 fo-

1229 1107 1303 1135 ras,
1333 1103 1366 1129 et
1392 1103 1431 1129 tu
1456 1095 1632 1131 Dominus
1655 1110 1777 1132 eorum
1803 1108 1956 1135 maneto.
2010 1100 2113 1135 Item:
2141 1100 2222 1134 Non

1229 1147 1290 1180 des
1306 1147 1507 1181 facultatem
1523 1155 1619 1182 tuam
1639 1151 1786 1185 crudeli.

1330 1221 1490 1259 Iusticia
1516 1224 1593 1259 eius
1615 1232 1739 1261 manet
1758 1227 1796 1262 in
1813 1234 2013 1266 aeternnm.
2049 1229 2224 1273 Quocun-

1229 1287 1297 1320 que
1313 1278 1419 1310 modo
1437 1277 1612 1320 intelligat
1628 1291 1758 1313 nomen
1777 1281 1935 1315 iusticiae
1952 1279 2122 1322 hocloco,
2150 1281 2224 1315 sive

1228 1328 1272 1359 de
1294 1323 1350 1359 his
1374 1328 1623 1374 eleemosynis,
1649 1331 1722 1364 sive
1747 1332 1790 1364 de
1815 1344 1917 1365 causa
1939 1333 2051 1373 iusta,
2080 1332 2153 1365 sive
2177 1333 2223 1365 de

1228 1377 1365 1411 iusticia
1391 1390 1578 1421 personae,
1606 1382 1801 1415 sententiae
1818 1390 2027 1425 congruent.
2080 1382 2223 1417 Iusticia

1228 1429 1303 1461 eius
1330 1436 1451 1463 manet
1482 1429 1520 1462 in
1546 1431 1702 1465 seculum
1728 1433 1856 1474 seculi,
1888 1434 1925 1466 id
1949 1441 2019 1473 est,
2052 1432 2149 1467 Deus
2173 1442 2224 1468 est

1228 1491 1363 1512 memor
1391 1481 1490 1514 omni
1516 1487 1673 1526 tempore
1696 1490 1731 1517 et
1754 1484 1913 1517 iusticiae
1938 1496 2127 1528 personae,
2162 1497 2224 1519 seu

1227 1530 1386 1565 iusticiae
1418 1532 1519 1573 fidei,
1556 1540 1589 1566 et
1612 1545 1736 1568 causae
1760 1535 1888 1577 iustae,
1924 1543 1958 1570 et
1982 1537 2223 1582 eleemosyna-

1227 1594 1305 1614 rum
1324 1582 1428 1623 iusti,
1455 1590 1487 1616 et
1504 1584 1646 1617 tandem
1664 1586 1820 1619 ostendit
1839 1598 1874 1620 se
1892 1599 2015 1621 curare
2034 1587 2162 1628 iustos,
2189 1594 2224 1621 et

1226 1644 1349 1665 eorum
1369 1645 1490 1667 causas
1507 1642 1539 1668 et
1555 1647 1676 1668 eorum
1693 1637 1948 1683 eleemosynas:
1976 1638 2223 1682 complectitur

1225 1695 1307 1725 ergo
1332 1691 1365 1717 et
1390 1692 1588 1727 praesentes
1614 1686 1842 1721 liberationes
1866 1695 1899 1722 et
1925 1696 2116 1723 aeternam.
2179 1688 2222 1722 ln

1197 1753 1199 1769 Λ
1225 1734 1292 1766 fine
1316 1735 1436 1768 addita
1462 1743 1513 1769 est
1538 1735 1740 1776 antithesis,
1769 1751 1857 1784 quae
1881 1740 2074 1774 denunciat
2089 1752 2221 1785 poenas

1224 1785 1344 1830 impiis
1360 1794 1561 1831 praesentes
1577 1794 1612 1821 et
1628 1795 1800 1826 aeternas.

1359 1908 1697 1953 Argumentum
1731 1920 1785 1943 ac
1820 1909 2079 1955 dispositio

1542 1975 1702 2016 Psalmi
1741 1976 1896 2020 CXIII.

1274 2054 1452 2089 Laudate
1482 2059 1592 2101 pueri
1623 2058 1847 2102 Dominum,
1889 2059 2052 2095 laudate
2087 2072 2219 2096 nomen

1274 2108 1443 2142 Domini.

1326 2181 1489 2216 Psalmus
1505 2190 1554 2217 est
1571 2184 1745 2218 confessio
1761 2191 1795 2219 et
1811 2185 2002 2229 gratiarum
2019 2186 2109 2220 actio
2120 2198 2218 2220 com-

1221 2233 1342 2267 munis
1369 2234 1413 2267 de
1438 2234 1675 2278 providentia.
1728 2233 1807 2269 Etsi
1828 2243 1944 2270 autem
1969 2234 2102 2271 ethnici
2125 2250 2217 2283 quo-

1222 2297 1291 2331 que
1307 2286 1350 2319 de
1367 2285 1592 2329 providentia
1609 2298 1711 2330 saepe
1728 2287 2004 2329 concionantur,
2030 2295 2087 2322 uti

1305 2344 1458 2383 Aspiciunt
1480 2345 1570 2372 oculis
1591 2345 1691 2382 superi
1713 2345 1847 2374 mortalia
1869 2346 1962 2374 iustis.

1262 2395 1353 2432 Item,
1382 2391 1439 2432 {ket
1464 2392 1541 2429 θεὸς
1563 2390 1681 2424 ἔκδικον
1704 2392 1801 2433 ὄμμα.

1261 2446 1354 2483 Item,
1383 2443 1420 2475 οὐ
1444 2443 1504 2484 γὰρ
1528 2443 1652 2483 σχέτλια
1671 2442 1745 2484 ἔργα
1767 2444 1837 2475 θεοὶ
1858 2443 1997 2487 μάκαρες
2019 2445 2165 2487 φιλέουσι.

1263 2498 1335 2526 Item
1360 2496 1530 2534 Euripidis,
1558 2493 1591 2524 ἐν
1614 2496 1660 2536 τῷ
1683 2495 1792 2537 δικαίῳ
1815 2495 1935 2532 ἐλπίδες
1958 2497 2122 2538 σωτηρίας.

1305 2548 1427 2585 Frangit
1450 2552 1480 2575 et
1502 2546 1609 2574 attollit
1632 2547 1710 2575 vires
1732 2548 1761 2575 in
1783 2548 1875 2577 milite
1898 2558 1992 2587 causa,

1347 2599 1431 2632 Quae
1453 2598 1507 2626 nisi
1530 2598 1605 2626 iusta
1626 2598 1741 2636 subest,
1765 2600 1877 2628 excutit
1898 2610 1979 2629 arma
2000 2602 2106 2640 pudor.

1218 2657 1337 2685 tamen
1356 2648 1534 2682 Ecclesiae
1557 2649 1718 2682 doctrina
1742 2649 1780 2683 in
1803 2647 1871 2684 hoc
1895 2652 1971 2696 ipso
1995 2653 2073 2687 loco
2097 2655 2217 2698 dupli-

173 2719 352 2747 aetemam
384 2714 529 2755 propter
549 2705 686 2740 Filium
711 2702 778 2738 Dei
809 2703 935 2749 gratis,
968 2704 1064 2739 iuxta
1092 2704 1166 2738 ius-
1218 2701 1305 2735 citer
1327 2707 1362 2735 at
1380 2697 1519 2734 ethnica
1538 2699 1669 2735 differt.
1724 2699 1882 2737 Ecclesia
1899 2711 2073 2739 monstrat
2092 2717 2215 2739 verum
