2379 2948
156 106 251 142 1139

258 184 325 220 Est
340 185 458 230 itaque
474 182 531 216 hic
549 182 708 215 Psalmus
725 179 922 224 obiurgatio
941 179 1144 224 impiorum,

160 238 241 272 satis
277 236 444 270 atrociter
473 233 682 277 amplificata
713 243 775 276 per
804 232 932 274 gradus
963 231 1144 269 scelerum,

160 286 438 322 circumstantias
462 292 495 318 et
520 283 782 317 similitudines,
842 282 898 315 Ad
924 280 1144 324 obiurgatio-

159 351 240 373 nem
265 350 346 370 vero
369 337 538 369 accedunt
561 334 734 379 precatio,
762 340 794 367 et
810 333 1057 371 comminatio,
1084 343 1144 364 seu

160 388 350 435 praedictio
373 388 415 420 de
438 385 561 431 poenis
573 385 789 444 impio-rum.
841 383 904 417 Est
922 384 1029 426 igitur
1046 381 1145 415 Psal-

160 452 237 473 mus
268 438 404 482 generis
436 436 603 476 suasorii,
637 436 719 481 quia
751 435 913 477 obiurgat
943 433 1077 473 hostes,
1112 439 1146 465 et

161 501 290 535 poenas
308 489 356 521 eis
373 488 543 528 minatur,
570 464 701 521 iiiterea
720 493 754 520 et
770 485 882 519 Deum
900 492 1080 529 precatur,
1108 490 1146 516 ut
1172 497 1174 524 ς
1200 511 1279 531 nem
1316 505 1350 532 et
1381 498 1657 542 praedictionem
1689 509 1841 541 poenae,
1878 497 1915 529 fn
1938 510 2015 555 ‘qua
2047 499 2185 543 praedi„

162 541 328 586 reprimat
351 540 436 572 tales
459 539 576 572 hostes
598 550 750 583 quorum
772 538 984 581 potentiam,
1012 535 1144 568 rabiem

163 600 194 626 et
219 602 328 635 genus
352 590 437 623 belli
464 590 648 628 describit,
683 600 761 622 cum
786 588 945 620 nominat
972 587 1090 619 leones
1115 592 1148 618 et

163 644 287 676 dentes
310 642 473 674 molares.
527 640 708 684 Significat
728 638 821 672 enim
840 645 870 671 et
890 644 1047 682 potentes
1065 647 1148 676 esse,

164 701 197 727 et
220 692 397 732 rabiosos,
424 698 456 725 et
480 692 632 724 lacerare
655 690 839 730 dentibus,
869 690 903 722 id
929 696 995 728 est,
1023 688 1147 721 crude-

163 743 306 777 lissimis
325 742 633 776 criminationibus
648 742 809 774 miseram
827 747 859 773 et
873 750 1071 783 oppressam
1080 736 1148 770 Ec-

163 795 314 829 clesiam.

265 852 405 885 Primus
429 863 549 885 versus
574 857 624 884 est
649 849 847 893 obiurgatio
874 849 917 881 ab
943 849 1015 881 imo
1039 847 1149 890 gradu

164 903 347 940 exodiens‚
384 902 516 935 scilicet
545 902 589 934 ab
615 902 746 934 iniusto
778 899 929 933 silentio.
998 898 1149 931 Peccant

163 954 224 999 qui
250 959 345 986 metu
368 959 428 986 aut
449 953 684 986 assentatione
707 957 839 991 tacent,
866 951 925 983 sed
940 949 1053 982 multo
1071 949 1149 992 plus

164 1011 327 1049 peccant,
363 1004 423 1048 qui
458 1004 596 1048 palam,
632 1003 831 1046 petulanter
861 1008 894 1034 et
925 999 1151 1044 pertinaciter

163 1055 345 1088 veritatem
362 1061 579 1098 oppugnant.
633 1051 690 1086 Ad
706 1051 770 1085 hos
785 1064 847 1095 per
862 1053 990 1094 gradus
1007 1050 1150 1090 accedit,

163 1118 200 1139 ac
232 1105 334 1138 initio
366 1105 682 1138 dissimulationem
714 1111 747 1138 et
774 1103 953 1136 silentium
978 1102 1149 1135 iniustum

163 1163 265 1191 taxat.

264 1214 449 1249 Secundus
471 1225 592 1247 versus
616 1219 752 1246 accusat
774 1212 1004 1257 petulantiam
1023 1218 1055 1244 et
1072 1223 1151 1254 per-

163 1266 340 1300 tinaciam.
393 1264 484 1298 Cum
507 1265 601 1298 enim
626 1264 742 1297 cordis
760 1271 791 1297 et
809 1276 978 1296 manuum
998 1262 1150 1294 mentio-

162 1329 244 1350 nem
267 1317 372 1349 faciat
393 1314 450 1349 hie
473 1327 612 1356 versus,
640 1315 811 1357 significat
832 1314 1060 1358 cupiditatem
1085 1325 1150 1345 no-

164 1367 284 1407 cendi,
313 1373 345 1400 et
368 1367 550 1399 audaciam
576 1366 613 1398 in
638 1366 862 1410 exequendo,
889 1365 978 1398 sicut
994 1364 1098 1406 Doe'g
1118 1369 1151 1396 et

164 1418 244 1451 odio
270 1416 419 1451 Davidis
441 1417 602 1454 ardebat,
637 1428 676 1449 ac
700 1427 826 1448 nocere
849 1416 879 1447 ei
904 1415 1082 1458 cupiebat,
1119 1420 1150 1446 et

165 1480 243 1502 cum
261 1468 335 1501 sine
352 1468 479 1500 timore
493 1466 562 1499 Dei
578 1473 682 1506 esset,
710 1466 940 1499 audacissime
957 1465 1151 1497 conabatur

164 1531 244 1553 eum
274 1514 491 1563 opprimere,
525 1524 557 1551 et
583 1515 740 1560 hospites
769 1517 842 1549 eius
868 1517 1084 1555 sacerdotes,
1118 1521 1150 1547 et

163 1577 297 1603 sanctas
315 1581 436 1602 eorum
455 1568 621 1611 coniuges
639 1567 827 1600 crudeliter
846 1567 1086 1600 interficiebat.

266 1627 428 1665 Tertius,
480 1632 625 1671 quartus
662 1632 694 1659 et
732 1625 877 1670 quintus
911 1636 1030 1657 versus
1068 1630 1150 1656 sunt

163 1678 452 1723 amplificationes
487 1677 700 1710 inveteratae
735 1676 895 1708 maliciae
925 1675 1149 1708 confirmatae

162 1738 337 1774 tempore,
365 1735 397 1761 et
419 1727 631 1772 pertinaciae
649 1726 870 1759 inflexibilis:
898 1738 936 1759 ac
954 1725 1150 1759 similitudo
1175 1750 1177 1774 ζ

1175 1778 1177 1788 ’
1203 1776 1296 1808 diras
1316 1775 1595 1818 imprecationes.

162 1832 198 1864 in
221 1839 348 1865 terram
361 1857 368 1870 ,
395 1842 440 1862 ne
460 1829 580 1862 audiat
597 1828 872 1862 incantationem
884 1855 892 1870 ,
919 1840 1023 1872 quam
1041 1827 1069 1860 si
1086 1839 1147 1859 au-
1175 1846 1177 1855 ι

162 1781 292 1825 aspidis
308 1779 495 1819 inseritur,
523 1790 627 1823 quam
645 1777 730 1810 dicit
748 1777 908 1810 infodere
927 1783 1030 1820 caput
1047 1788 1149 1809 suum

162 1883 269 1923 diret,
297 1881 492 1925 eriperetur
509 1880 539 1912 ei
557 1879 609 1912 vis
626 1879 790 1912 nocendi.

264 1938 440 1983 Congruit
463 1945 580 1972 autem
604 1939 647 1971 ad
668 1935 785 1971 hostes
800 1936 987 1981 Evangelii
1004 1949 1083 1981 pars
1102 1938 1148 1970 si-
1174 1946 1176 1979 ς

1101 1987 1150 2022 Ut
1175 2007 1176 2010 =

1174 2045 1175 2054 ¹
1203 2035 1287 2070 haec
1313 2037 1492 2075 recitanti,
1520 2049 1576 2070 eas
1599 2036 1734 2080 spinas,
1761 2035 1890 2080 quibus
1908 2034 2020 2068 Filius
2037 2034 2103 2069 Dei
2128 2048 2186 2068 co-

162 1991 388 2031 militudinis,
415 1989 579 2022 videlicet
593 1989 635 2021 de
650 1988 789 2021 aurium
806 1989 1056 2022 obstructione.

162 2042 256 2075 enim
272 2039 454 2074 Pharisaei
478 2037 571 2072 nihil
592 2046 780 2072 moventur
799 2039 1064 2072 resuscitatione
1081 2038 1149 2072 La-

163 2093 232 2126 zari
258 2099 291 2125 et
314 2091 489 2124 similibus
513 2088 706 2134 perspicuis
724 2089 950 2122 testimoniis:
978 2090 1025 2122 ita
1044 2090 1149 2123 multi

162 2144 221 2177 alii
243 2143 397 2176 furentes
416 2153 480 2174 nec
497 2140 693 2175 doctrinam
712 2139 842 2183 ipsam,
870 2152 933 2173 nec
948 2140 1148 2174 testimonia

160 2191 233 2228 ulla
256 2193 379 2226 audire
404 2192 550 2234 volunt,
579 2191 636 2224 sed
662 2191 824 2224 ardentes
848 2191 930 2224 odio
949 2198 1094 2224 manent
1111 2191 1148 2223 in
1173 2229 1174 2235 ἵ

161 2244 345 2279 sententia.
398 2242 494 2276 Haec
517 2243 640 2275 eodem
663 2242 768 2274 modo
788 2253 882 2274 nunc
899 2241 988 2275 fiunt
1002 2242 1045 2274 ab
1061 2240 1148 2285 Epi-

161 2295 274 2340 scopis
297 2302 328 2328 et
345 2291 552 2334 Monachis,
582 2300 621 2327 ut
646 2299 729 2326 tunc
752 2304 769 2325 a
786 2290 984 2325 Pharisaeis
1008 2292 1149 2333 fiebant,

163 2343 290 2379 horum
321 2345 552 2379 certaminum
584 2344 621 2376 in
645 2343 780 2376 mundo
805 2343 1038 2376 consideratio
1064 2343 1147 2375 illu-

162 2403 245 2430 strat
261 2396 429 2429 Psalmos.

259 2454 355 2488 Haec
385 2455 493 2498 igitur
522 2455 740 2493 intueamur,

160 2555 233 2588 mul
252 2567 448 2599 proponere
464 2556 736 2589 consolationes.

741 97 866 134 PHIL.
894 95 1010 132 MEL.
1036 95 1243 132 SCRIPTA
1271 91 1573 129 EXEGETICA.

1170 2542 1173 2573 l

260 2613 384 2648 Sextus
409 2626 526 2647 versus
544 2614 696 2657 precatio
715 2620 764 2647 est
780 2614 908 2647 inserta
928 2621 1006 2657 post
1024 2614 1146 2647 obiur-

157 2665 350 2708 gationem:

386 2661 490 2696 Deus
517 2669 652 2698 contere
677 2662 796 2697 dentes
823 2662 993 2703 illorum,
1029 2663 1145 2698 mola-
1170 2687 1171 2699 ι

1176 1159 1263 1192 'rae
1300 1160 1421 1203 spinae
1461 1159 1549 1192 fiunt
1583 1160 1732 1202 grandes
1768 1164 1799 1191 et
1831 1159 2015 1193 aculeatae.

1171 2430 1173 2451 ζ
1200 2412 1283 2433 usus
1308 2408 1356 2434 est
1382 2407 1502 2433 contra
1520 2398 1754 2442 pleuritidem.

775 2458 808 2487 et
837 2452 986 2485 sciamus
1017 2453 1147 2486 multos
1171 2453 1173 2480 ὲ

159 2504 316 2538 Psalmos
342 2505 598 2549 praedictiones
623 2516 695 2537 esse
710 2504 832 2538 talium
849 2515 1021 2546 agonum,
1049 2510 1083 2537 et
1099 2503 1147 2536 si-
1170 2517 1172 2535 :

2083 92 2181 128 1140

1197 188 1250 210 res
1275 174 1418 210 leonum
1444 174 1686 223 confringito.
1740 174 1836 208 Haec
1852 173 2056 220 metaphora
2073 180 2183 223 signi-

1196 228 1273 261 ficat
1314 227 1507 271 potentiam
1542 234 1574 260 et
1610 226 1789 260 saevitiam
1831 224 1986 260 hostium
2017 236 2049 263 et
2072 242 2182 274 genus

1196 279 1300 316 belli,
1337 279 1431 323 quod
1462 278 1628 311 videlicet
1657 278 1830 310 laceratur
1857 276 2012 311 Ecclesia
2045 280 2183 315 iniustis

1197 329 1526 369 criminationibus,
1560 341 1648 374 quae
1678 328 1782 362 bonis
1812 328 1991 362 mentibus
2012 331 2182 364 maiorem

1197 380 1355 413 dolorem
1374 381 1559 421 adferunt,
1587 387 1620 413 et
1637 386 1755 413 tamen
1771 377 1808 412 hi
1823 391 1964 424 quoque
1980 382 2159 415 accedunt.

1299 447 1477 491 Septimus
1505 454 1538 480 et
1564 447 1596 480 8.
1622 459 1743 480 versus
1777 447 1913 479 addunt
1938 448 2184 481 comminatio-

1201 550 1317 582 ctione
1341 549 1588 582 describuntur
1611 549 1703 582 irriti
1722 555 1867 582 conatus
1887 549 2043 594 quinque
2058 550 2186 582 simili-

1201 600 1399 633 tudinibus:
1427 597 1617 646 Diffluent
1642 603 1678 631 ut
1701 611 1821 646 aqua,
1851 596 2009 644 dtrigenl
2024 599 2186 645 sagittas

1202 657 1323 683 contra
1352 648 1579 688 Ecclesiam,
1621 661 1681 682 nec
1704 649 1843 696 ferient
1876 661 1974 689 eam,
2012 652 2108 695 quod
2141 652 2184 684 ad

1202 713 1374 735 summam
1397 701 1447 733 rei
1471 701 1612 740 attinet,
1639 713 1711 733 non
1738 701 1915 744 perficient
1932 700 1998 735 hoc
2016 702 2111 746 quod
2128 714 2186 735 co-

1203 759 1344 787 nantur.
1398 750 1475 785 Etsi
1500 752 1689 785 crudeliter
1710 759 1909 794 grassantur
1932 752 2186 791 Diocletianus,

1203 810 1235 836 et
1258 803 1332 836 eius
1354 803 1524 845 collegae,
1558 810 1592 836 et
1614 802 1816 835 devoraturi
1839 803 2040 836 universam
2064 801 2186 836 Eccle-

1203 855 1289 887 siam
1319 854 1503 887 videntur:
1541 860 1657 886 tamen
1690 853 1727 885 in
1760 853 1876 886 medio
1909 866 2013 887 cursu
2042 854 2185 886 saevitia

1204 916 1325 938 eorum
1350 905 1576 949 reprimitur,
1612 911 1644 937 et
1670 904 1841 936 liberatur
1864 902 2033 937 Ecclesia.
2095 902 2188 937 Are-

1201 959 1298 989 scent
1319 959 1356 987 ut
1382 952 1563 996 cochleae,
1587 953 1758 1001 peribunt
1776 958 1813 986 ut
1829 952 2055 988 abortivum:
2083 954 2187 1002 aufe-

1204 1011 1326 1040 rentur
1342 1010 1379 1039 ut
1395 1011 1536 1039 tenerae
1549 1005 1677 1051 spinae
1690 1005 1906 1052 priusquam
1923 1010 2188 1045 maturuerunt,

1204 1058 1299 1103 quod
1338 1058 1374 1090 in
1413 1064 1508 1090 textu
1541 1057 1590 1090 sic
1620 1057 1765 1089 dicitur:
1806 1052 2031 1103 Priusquam
2059 1056 2188 1103 spinae

1205 1112 1341 1142 vestrae
1360 1105 1463 1153 fiunt
1495 1104 1662 1146 rhamni,
1699 1108 1733 1140 id
1762 1114 1828 1145 est,
1862 1108 2067 1152 priusquam
2089 1115 2189 1141 tene-

2098 1157 2188 1191 Nam

1204 1208 1393 1245 Rhamnus
1410 1210 1539 1252 species
1556 1218 1605 1243 est
1623 1210 1802 1253 spinarum
1814 1236 1823 1248 ,
1848 1221 1887 1242 ac
1905 1210 2018 1242 frutex
2035 1208 2189 1251 grandis,

1205 1268 1238 1294 et
1269 1262 1407 1295 aculeos
1430 1258 1533 1293 hahet
1559 1261 1668 1293 multo
1695 1260 1872 1302 longiores
1898 1260 2043 1293 caeteris
2067 1259 2189 1304 spinis,

1204 1313 1299 1345 unde
1328 1312 1433 1354 vulgo
1464 1311 1594 1356 (licitur
1625 1311 1698 1343 eius
1730 1310 1868 1343 fruticis
1899 1311 2006 1343 ramis
2039 1322 2188 1343 corona-

1205 1369 1277 1395 tum
1310 1374 1382 1395 esse
1415 1359 1604 1395 Christum.
1667 1360 1770 1393 Nunc
1801 1360 1837 1392 in
1870 1359 1970 1393 Italia
2002 1360 2189 1393 nominant

1204 1411 1409 1446 Rhamnum
1433 1424 1536 1444 uvam
1560 1412 1727 1454 crispam,
1755 1418 1788 1443 et
1811 1411 1931 1444 baccas
1947 1408 2074 1449 hahet,
2099 1422 2188 1455 quae

1204 1463 1241 1495 in
1260 1462 1451 1496 Germania
1472 1469 1641 1495 vocantur
1656 1460 1856 1505 &reiselbcett

1308 1521 1474 1555 Veterum
1509 1521 1707 1564 superstitio
1734 1520 1834 1553 finxit
1860 1520 2023 1564 prodesse
2048 1517 2189 1552 rhamni

1204 1573 1317 1616 virgas
1338 1579 1457 1604 contra
1478 1572 1743 1611 fascinationes,
1768 1578 1801 1604 et
1819 1571 1965 1603 incubos
1981 1582 2040 1603 seu
2055 1568 2190 1614 ephial-

1176 1628 1177 1634 ’
1205 1631 1270 1663 tas,
1303 1623 1363 1667 qui
1389 1623 1647 1655 dormientibus
1669 1622 1803 1654 faciunt
1828 1621 2105 1665 compressiones
2128 1633 2188 1665 pe-

1204 1673 1327 1713 ctoris,
1375 1673 1453 1706 ideo
1486 1672 1661 1705 Nicander
1689 1673 1788 1706 addit
1815 1669 1996 1715 epitheton
2026 1669 2189 1713 rhamno,

1204 1722 1390 1768 ἀλεξιάρος
1421 1720 1578 1767 ῥάμνος,
1626 1724 1660 1756 id
1695 1730 1764 1764 est,
1804 1720 1976 1756 rhamnus
2009 1723 2188 1767 depellens

1306 1834 1411 1877 Apud
1436 1831 1609 1866 Ovidium
1633 1840 1665 1867 et
1693 1840 1825 1878 stryges
1848 1833 2023 1876 depellere
2046 1833 2187 1877 dicitur,

1175 1908 1176 1911 ,
1203 1886 1296 1930 quod
1321 1897 1360 1917 eo
1384 1896 1568 1925 recenseo,
1595 1896 1666 1918 non
1689 1890 1727 1917 ut
1749 1884 2034 1928 superstitionem
2059 1884 2185 1916 confir-

1202 1948 1307 1976 mem,
1335 1936 1393 1968 sed
1415 1942 1453 1968 ut
1471 1933 1535 1968 hac
1550 1934 1774 1978 grammatica
1793 1934 2015 1967 enarratione
2032 1935 2186 1967 vocabu-

1203 1987 1276 2019 lum
1303 1987 1361 2019 fiat
1390 1986 1520 2019 notius.
1589 1984 1696 2018 Venit
1720 1992 1834 2019 autem
1856 1982 1944 2017 mihi
1970 1985 2006 2017 in
2034 1992 2186 2018 mentem

1202 2095 1347 2121 ronatus
1374 2094 1442 2128 est,
1469 2099 1550 2120 vere
1573 2086 1865 2120 medicamentum
1892 2098 1962 2119 esse
1987 2093 2109 2120 contra
2135 2087 2186 2119 fa-

1203 2138 1432 2179 scinationes,
1473 2138 1509 2170 id
1542 2144 1611 2178 est,
1652 2137 1761 2170 arceri
1795 2134 1985 2180 ephialtas,
2027 2135 2094 2170 hoc
2126 2145 2186 2178 est,

1202 2190 1380 2231 diabolos,
1408 2189 1618 2232 cogitatione
1635 2187 1797 2220 dolorum
1817 2186 1900 2220 Filii
1919 2186 1999 2221 Dei.

1305 2247 1540 2281 Transferunt
1570 2258 1698 2279 nomen
1723 2243 1883 2286 rhamni,
1917 2246 1977 2278 alii
2003 2246 2185 2289 negligen-

1172 2285 1174 2329 ῗ
1201 2299 1309 2332 tiores
1333 2300 1374 2332 ad
1403 2299 1538 2342 spinam
1565 2298 1701 2337 albam,
1730 2309 1832 2341 quam
1859 2303 1985 2330 vocant
2004 2296 2183 2330 Carduum

1202 2349 1357 2390 Mariae,
1390 2361 1479 2394 quae
1509 2349 1609 2392 spina
1638 2347 1742 2380 nobis
1767 2348 1885 2380 notior
1910 2354 1975 2388 est,
2010 2354 2042 2380 et
2066 2347 2182 2390 magni

1808 2397 1876 2432 Sed
1895 2399 1936 2431 de
1951 2398 2183 2442 appellatione

1199 2451 1378 2484 monuisse
1398 2451 1481 2484 satis
1504 2450 1558 2485 sit.
1617 2448 1799 2484 Caeterum
1825 2447 1890 2482 hoc
1916 2450 2060 2488 addam,
2088 2448 2181 2490 apud

1198 2500 1440 2535 Dioscoridem
1460 2508 1574 2534 extare
1590 2500 1623 2533 id
1644 2511 1774 2533 nomen
1786 2499 1999 2533 Hebraicum
2013 2496 2182 2539 Rhamni‚

1201 2553 1293 2597 quod
1313 2550 1423 2585 hiem
1441 2552 1581 2585 Psalmo
1599 2558 1700 2584 exta.t

1300 2610 1379 2644 Duo
1406 2610 1571 2654 postremi
1597 2621 1716 2642 xersus
1739 2616 1820 2642 sunt
1842 2608 2032 2652 praedictio
2051 2607 2180 2641 libera-

1197 2663 1303 2697 tionis
1328 2662 1486 2707 piorum,
1527 2672 1614 2705 qnae
1637 2661 1673 2693 fit
1696 2660 1828 2702 in¹egre
1850 2665 1927 2703 post
1949 2656 2039 2692 hanc
2062 2659 2179 2694 vitam.
