2379 2948
91 92 167 128 877
491 88 533 124 V.

90 176 203 210 culcat
220 172 305 207 haec
319 174 408 208 duo:
438 172 485 207 Ut
504 173 549 207 sit
565 171 662 207 Deus
681 174 793 208 iustus
817 180 851 206 et
873 172 1078 212 iustificans,

90 227 125 259 id
145 232 207 266 est,
235 225 452 258 Tribuamus
469 224 502 259 ei
518 225 659 258 laudem
676 224 767 258 iuste
783 223 976 267 punientis,
1005 235 1077 255 non

89 288 292 319 arrogemus
316 276 420 309 nobis
444 275 637 313 iusticiam,
666 276 724 307 sed
749 275 952 313 credamus,
981 275 1076 318 qnod

87 325 184 361 Deus
206 327 250 361 sit
273 326 497 367 iustificator‚
533 325 567 358 id
594 331 661 365 est,
689 324 794 367 Quod
819 324 865 357 ita
890 324 973 357 iusti
993 336 1074 368 pro-

88 377 318 417 nunciemur,
346 389 425 410 cum
443 377 517 420 ipse
534 375 645 408 nostri
663 376 861 413 miseretur,
890 386 954 408 nos
975 375 1077 408 iusti-

88 428 178 464 ficat.
230 427 347 461 Facile
369 433 419 460 est
434 426 550 459 verbis
573 426 730 458 tribuere
745 426 824 459 Deo
852 425 993 458 laudem
1021 426 1076 458 iu-

89 479 228 520 sficiae,
256 480 312 512 sed
331 490 370 511 ex
386 477 490 510 corde
505 487 692 519 agnoscere
710 476 992 519 magnitudinem
1010 489 1076 510 no-

89 537 240 564 strorum
260 534 480 574 peccatorum
498 539 537 559 ac
554 526 696 565 sentire,
724 528 819 571 quod
837 526 926 560 iuste
943 527 1074 571 plecta-

87 592 187 621 mur,
210 592 249 613 ac
271 586 387 624 petere
416 577 573 618 veniam,
597 574 682 611 haec
709 584 791 611 sunt
814 578 924 611 ardua
948 584 980 612 et
1005 578 1074 611 dis-

87 631 202 665 ficilia.

189 679 331 715 Necesse
348 685 398 713 est
416 684 532 712 autem
556 675 647 712 hanc
666 679 862 712 doctrinam
889 679 1075 714 contritio-

87 732 144 764 nis
159 731 343 774 diligenter
358 729 527 763 inculcari
538 727 718 770 Ecclesiis,
736 737 774 764 ut
788 742 868 763 vere
883 737 1076 773 agnoscant

87 789 242 826 peccata,
267 792 346 814 vere
369 781 482 814 sciant
508 792 638 824 poenas
668 787 701 814 et
724 781 939 815 calamitates
972 781 1074 814 nobis

88 833 201 876 infligi
235 838 379 877 propter
412 838 563 876 peccata.
623 830 723 865 Sicut
757 831 921 865 Ieremias
957 832 1074 877 inquit

87 895 160 927 cap.
179 883 229 918 5.:
257 882 399 915 Peccata
415 889 529 915 vestra
547 880 807 926 prohibuerunt
825 883 956 916 bonum
975 894 994 916 a
1011 895 1073 915 vo-

86 933 152 968 bis,
204 931 250 967 Et
273 931 450 966 hocloco:
481 932 598 966 Iustus
622 939 672 966 est
689 931 867 966 Dominus
884 932 980 966 Deus
1007 945 1073 966 no-

86 991 155 1017 ster
185 984 222 1016 in
251 984 418 1017 omnibus
449 984 615 1028 operibus
643 996 732 1028 quae
760 984 860 1024 fecit,
894 984 1073 1024 videlicet,

85 1035 245 1080 quamvis
262 1035 483 1078 gravissimas
501 1046 630 1078 poenas
647 1035 690 1067 de
708 1035 812 1067 nobis
828 1035 992 1068 sumserit
1008 1042 1071 1068 etc.

173 1085 244 1119 Nec
261 1093 377 1119 tamen
395 1085 477 1119 satis
492 1092 542 1119 est
560 1092 696 1129 peccata
716 1097 914 1128 agnoscere,
942 1085 1073 1118 intueri

85 1148 235 1180 poenas,
264 1137 323 1169 sed
340 1137 480 1169 accedat
498 1136 603 1169 etiam
621 1137 828 1169 consolatio.
883 1134 978 1179 Ergo
998 1134 1071 1168 Da—

85 1187 157 1220 niel
181 1199 253 1220 non
283 1187 397 1220 solum
422 1187 618 1220 doctrinam
643 1187 867 1220 contritionis
892 1187 1075 1231 proponit,

85 1239 144 1271 sed
163 1238 261 1271 addit
278 1238 422 1271 alteram
438 1245 585 1281 partem.
627 1236 738 1271 Docet
753 1249 816 1271 suo
834 1238 992 1281 exemplo
1011 1249 1071 1280 pe-

83 1295 176 1328 tere,
204 1295 237 1322 et
256 1295 436 1332 expectare
454 1288 603 1327 veniam,
630 1295 774 1332 propter
791 1288 1071 1322 misericordiam

85 1346 117 1372 et
137 1339 398 1383 promissiones.
453 1337 553 1372 Sicut
575 1338 662 1371 alibi
679 1339 827 1373 dicitur:
858 1337 962 1381 Agite
987 1350 1072 1381 poe-

83 1389 292 1427 nitentiam,
329 1396 363 1422 et
393 1389 524 1422 credite
547 1387 753 1432 Evangelio.
806 1387 962 1422 Accedat
987 1390 1070 1421 fides

83 1442 127 1473 ad
143 1439 394 1474 contritionem
421 1445 454 1472 et
478 1439 658 1472 intueatur
682 1439 953 1482 promissiones,
982 1440 1071 1473 sicut

84 1489 143 1524 hic
160 1489 288 1524 Daniel
306 1503 378 1524 non
404 1496 541 1523 tantum
561 1490 663 1523 dicit:
692 1489 776 1523 Tibi
794 1488 947 1524 Domine
970 1490 1068 1523 iusti-

84 1543 153 1581 cia,
182 1543 241 1574 sed
265 1542 378 1575 addit:
415 1540 501 1574 Tibi
526 1541 768 1574 misericordia
791 1549 824 1575 et
849 1541 1071 1585 propiciatio,

84 1592 144 1626 Tu
173 1592 365 1636 promisisti
386 1599 419 1626 te
441 1591 531 1624 velle
554 1591 713 1624 misereri
739 1598 772 1625 et
791 1591 982 1634 ignoscere.
1025 1591 1070 1624 Et

83 1641 175 1677 hanc
191 1643 399 1676 sententiam
421 1641 606 1686 aliquoties
623 1642 767 1686 repetit,
796 1643 925 1676 diserte
952 1643 1071 1675 exclu-

84 1697 172 1728 dens
193 1694 333 1728 merita:
361 1692 443 1726 Non
464 1693 501 1725 in
518 1692 654 1725 iusticia
674 1700 791 1726 nostra
809 1694 981 1737 petimus,
1009 1696 1068 1727 sed

83 1753 227 1790 propter
242 1756 402 1788 magnam
419 1743 695 1776 misericordiam
713 1750 821 1776 tuam.

186 1795 232 1829 Et
252 1795 461 1828 nominatim
479 1794 582 1827 dicit:
609 1792 854 1827 ExaudiDeus
872 1794 1069 1828 orationem

83 1847 173 1881 servi
191 1846 254 1887 tui,
281 1853 314 1880 et
333 1846 446 1890 aspice
462 1844 633 1889 templum
652 1851 753 1878 tuum
771 1846 962 1886 desertum,
987 1858 1070 1888 pro-

83 1906 160 1942 pter
184 1896 401 1937 Dominum,
434 1896 469 1928 id
498 1904 568 1935 est,
602 1893 758 1935 Exaudi,
786 1895 900 1939 aspice
926 1904 1072 1940 propter

82 1948 290 1984 Dominum.
341 1946 430 1980 Nam
449 1948 540 1990 apud
560 1944 715 1979 Ebraeos
732 1944 816 1979 haec
833 1947 1002 1990 particula
1020 1947 1069 1980 sic

84 1999 268 2039 inseritur,
301 2005 340 2032 ut
367 1998 497 2031 Daniel
526 1998 674 2042 loquens
707 1998 749 2030 ad
774 1998 891 2030 Deum
916 1999 1068 2031 secunda

84 2061 253 2094 persona,
277 2047 539 2089 ExmuliDeus,
566 2048 681 2092 aspice
697 2055 760 2083 etc.
785 2047 907 2082 Postea
926 2049 1069 2082 adiiciat

85 2100 223 2134 tertiam
258 2112 439 2143 personam
472 2100 509 2131 in
545 2099 631 2132 fine:
672 2099 821 2142 Propter
858 2098 1067 2134 Dominum.

87 2151 242 2195 ideoque
272 2150 388 2183 ludaei
412 2150 631 2194 interpretati
655 2157 755 2184 sunt:
784 2149 935 2193 Propter
951 2149 1067 2183 Abra-

85 2200 187 2241 ham,
214 2201 273 2233 sed
292 2198 375 2233 haec
391 2201 632 2244 interpretatio
649 2201 763 2234 aliena
793 2207 824 2234 et
848 2201 1065 2245 repudianda

84 2259 148 2286 est.
194 2251 332 2285 Sciebat
351 2251 443 2283 enim
463 2250 590 2284 Daniel
614 2264 687 2285 non
706 2249 888 2285 Abraham
907 2264 978 2286 esse
994 2252 1067 2285 Do-

83 2304 219 2336 minum
239 2302 372 2346 populi,
399 2303 458 2334 sed
477 2303 686 2345 promissum
704 2303 951 2346 liberatorem,
977 2303 1067 2336 sicut

86 2356 123 2388 in
141 2353 280 2387 Psalmo
305 2353 452 2386 dicitur:
489 2351 586 2385 Dixit
603 2351 779 2387 Dominus
795 2352 952 2387 Domino
977 2366 1066 2393 meo,

83 2406 164 2440 sede
182 2417 198 2438 a
217 2403 347 2438 dextris
363 2403 449 2436 meis
465 2410 529 2438 etc.
580 2403 655 2437 Nec
671 2405 819 2437 dubium
838 2411 887 2438 est
904 2404 990 2449 quin
1009 2401 1066 2437 hic

83 2455 211 2490 Daniel
234 2453 416 2489 Christum
442 2454 669 2493 intellexerit,
696 2455 881 2500 inquiens:
916 2455 1067 2500 Propter

82 2506 295 2544 Dominum,
323 2506 358 2538 id
380 2511 446 2545 est,
475 2511 615 2548 propter
630 2502 821 2540 Christum.

184 2556 236 2591 Ac
259 2557 391 2590 similes
414 2555 602 2589 conciones
623 2556 667 2587 de
696 2556 910 2590 contritione
935 2563 968 2590 et
997 2557 1065 2589 fide

83 2608 211 2652 passim
235 2614 353 2641 extant
375 2607 411 2639 in
428 2603 633 2649 Prophetis,
659 2612 698 2639 ut
713 2604 798 2641 lere.
823 2618 899 2651 cap.
920 2606 993 2640 14..-
1026 2607 1064 2641 Si

84 2658 288 2705 iniquitates
320 2665 460 2692 nostrae
489 2656 738 2701 responderint
760 2656 883 2698 nobis,
911 2655 1065 2691 Domine

596 87 646 123 IN
673 85 936 122 DANIELEM
961 84 1275 122 PROPHETAM
1302 83 1719 124 COMMENTARIUS.

2044 90 2120 125 878

1104 178 1107 202 ,¹
1130 171 1184 204 fac
1207 176 1350 214 propter
1373 183 1503 205 nomen
1526 179 1647 215 tuum,
1681 174 1745 208 tibi
1773 175 2011 218 peccavimus,
2037 175 2118 209 Sal-

1132 228 1231 255 vator
1256 227 1375 254 noster
1400 222 1437 255 in
1462 230 1618 268 tempore
1643 225 1885 260 tribulationis
1907 239 1980 259 non
2008 227 2118 260 reliu-

1131 284 1241 318 quens
1260 283 1324 304 nos
1343 279 1407 305 etc.

1220 321 1403 356 Discamus
1420 331 1535 357 autem
1555 332 1586 358 et
1605 338 1678 367 nos,
1698 333 1729 360 et
1746 339 1966 361 exerceamus
1983 334 2118 361 utram-

1130 386 1198 419 que
1222 373 1438 414 doctrinam,
1465 385 1694 417 agnoscamus
1719 386 1875 421 peccata,
1901 387 1934 414 et
1960 386 2117 423 petamus

1130 424 1268 457 veniam
1281 451 1289 464 ‚
1317 424 1466 458 excitent
1484 436 1548 457 nos
1567 427 1726 468 publicae
1746 435 1778 461 et
1797 431 1952 472 privatae
1974 430 2118 463 calami-

1131 482 1227 510 tates,
1282 473 1375 517 Quia
1397 472 1481 508 haec
1502 477 1659 519 exempla
1678 478 1715 510 in
1732 477 1918 523 Prophetis
1937 481 2118 524 proposita

1131 532 1231 566 sunt,
1258 532 1296 558 ut
1319 525 1557 568 intelligamus
1590 534 1621 560 et
1654 529 1915 563 consideremus
1942 531 2119 565 Ecclesiae

1130 577 1363 615 calamitates,
1390 584 1422 610 et
1441 583 1600 620 petamus
1616 578 1873 615 liberationem.
1908 580 1997 614 Nam
2016 593 2118 624 prae-

1130 627 1248 661 sertim
1268 627 1450 671 postremis
1469 629 1686 671 temporibus
1705 642 1776 662 non
1794 638 1843 665 est
1860 632 1977 664 sutura
1994 630 2117 664 Eccle-

1130 678 1201 711 siae
1219 678 1335 711 minor
1352 678 1549 718 calamitas,
1577 692 1681 723 quam
1698 681 1764 714 suit
1780 681 1867 714 illud
1888 683 2030 715 exilium
2047 681 2116 714 Ba-

1129 729 1334 774 bylonicum
1360 728 1462 762 istius
1488 730 1623 773 populi.
1677 729 1723 764 Et
1747 730 1830 765 haec
1855 732 2012 765 Danielis
2037 744 2119 776 pre-

1129 780 1220 813 catio
1245 780 1425 813 recitanda
1449 786 1520 820 est,
1548 787 1716 825 tanquam
1740 783 1938 816 communis
1963 783 2118 827 precatio

1129 843 1191 875 pro
1210 829 1364 863 Ecclesia
1383 828 1438 862 his
1456 832 1689 875 temporibus,

1229 904 1297 939 Hic
1319 907 1536 940 admonendi
1561 915 1642 942 sunt
1667 909 1832 951 lectores,
1867 918 1904 944 ut
1929 910 2119 943 observent

1130 955 1219 991 hanc
1238 958 1444 990 concionem
1462 958 1620 992 Danielis
1637 960 1899 994 confirmandae
1924 961 2118 994 sententiae

1128 1020 1242 1048 causa,
1270 1020 1358 1053 quae
1372 1009 1526 1042 traditur
1540 1022 1558 1042 a
1577 1009 1687 1044 Paulo
1705 1012 1746 1043 de
1764 1011 1900 1045 iusticia
1920 1012 2010 1046 fidei,
2046 1011 2119 1044 Hie

1128 1059 1221 1091 enim
1248 1059 1466 1102 proponitur
1489 1068 1622 1094 certum
1651 1068 1683 1094 et
1708 1063 1933 1105 perspicuum
1958 1062 2118 1096 testimo—

1128 1110 1226 1142 nium
1247 1110 1428 1142 doctrinae
1450 1109 1572 1151 Pauli,
1600 1123 1680 1144 nam
1698 1114 1801 1146 astuti
1822 1114 1965 1159 qnidam
1984 1125 2119 1146 conan-

1130 1167 1188 1193 tur
1212 1160 1390 1193 inflectere
1412 1159 1514 1193 Pauli
1538 1163 1749 1196 sententiam
1775 1165 1817 1196 ad
1850 1164 2021 1198 iudicium
2049 1160 2118 1196 hu-

1127 1223 1272 1244 manum
1290 1212 1332 1243 de
1352 1211 1484 1244 iustitia
1507 1224 1655 1256 operum
1677 1221 1709 1247 et
1727 1214 1909 1249 clamitant
1933 1213 2116 1248 horridius

1127 1273 1202 1294 eam
1230 1273 1248 1294 a
1273 1262 1377 1294 nobis
1398 1263 1518 1306 accipi.
1573 1262 1709 1306 Negant
1742 1265 1820 1298 illas
1845 1265 2117 1309 propositiones,

1127 1310 1265 1346 Omnes
1290 1309 1452 1345 homines
1480 1313 1546 1345 sub
1572 1321 1712 1357 peccato
1740 1327 1830 1354 esse,
1857 1316 1982 1349 Nostra
2007 1327 2115 1358 opera

1127 1375 1200 1396 non
1225 1363 1352 1396 mereri
1378 1364 1723 1405 reconciliationem,
1758 1364 1928 1398 Naturam
1959 1364 2118 1399 hominis

1126 1413 1292 1446 viciosam
1319 1424 1410 1450 esse,
1446 1426 1519 1446 non
1550 1426 1648 1457 posse
1676 1415 1874 1449 satisfacere
1907 1417 1990 1460 legi,
2027 1415 2115 1449 Item

1126 1464 1233 1507 gratis
1257 1476 1320 1507 per
1342 1464 1619 1497 misericordiam
1641 1463 1803 1499 homines
1827 1468 1982 1511 reputari
2005 1467 2119 1500 iustos

1125 1521 1270 1559 propter
1287 1512 1489 1556 Christum,
1515 1528 1588 1548 non
1606 1524 1754 1561 propter
1771 1530 1890 1560 opera.

1226 1564 1322 1598 Haec
1339 1567 1526 1609 paradoxa,
1556 1567 1737 1611 inquiunt,
1765 1569 1880 1602 aliena
1899 1581 1970 1602 esse
1986 1581 2003 1602 a
2020 1581 2118 1601 com-

1124 1617 1225 1649 muni
1244 1628 1358 1651 sensu.
1411 1615 1493 1649 Ideo
1510 1625 1683 1661 quaerunt
1703 1619 1945 1653 cavillationes
1969 1621 2011 1653 ad
2037 1620 2115 1652 elu-

1125 1668 1239 1700 denda
1264 1666 1366 1699 Pauli
1391 1667 1501 1706 dicta,
1527 1674 1559 1700 et
1585 1668 1630 1700 ita
1655 1668 1818 1712 mitigant
1842 1682 1892 1705 ea.
1944 1670 2117 1704 Fatentur

1125 1717 1334 1752 ceremoniis
1361 1715 1500 1750 detrahi
1532 1717 1721 1759 iusticiam,
1755 1721 1814 1752 sed
1842 1721 1942 1754 aiunt
1970 1728 2117 1765 propter

1124 1769 1270 1801 moralia
1291 1779 1394 1811 opera
1422 1766 1582 1801 homines
1609 1769 1719 1802 iustos
1734 1782 1818 1804 esse.
1870 1771 1968 1806 Sicut
1989 1770 2113 1805 Philo-

1123 1817 1228 1863 sophi
1249 1818 1388 1855 dicunt‚
1416 1817 1608 1851 Hominem
1627 1819 1757 1853 iustum
1774 1833 1848 1854 esse
1864 1830 2010 1866 propter
2025 1823 2115 1855 civi-

1123 1871 1173 1903 les
1189 1880 1316 1903 mores.
1371 1868 1464 1911 Quia
1486 1870 1579 1901 enim
1600 1867 1732 1905 habent
1757 1883 1896 1905 securos
1921 1880 1952 1907 et
1977 1874 2114 1906 ociosos

1122 1921 1279 1960 animos,
1311 1920 1536 1953 admirantur
1556 1921 1656 1953 illam
1681 1922 1821 1955 civilem
1850 1923 2043 1964 iusticiam,
2079 1930 2114 1956 et

1123 1978 1247 2015 putant
1273 1983 1349 2004 eam
1381 1971 1578 2004 satisfacere
1608 1971 1674 2015 legi
1695 1971 1783 2014 Dei,
1819 1981 1945 2017 putant
1976 1986 2011 2008 se
2035 1975 2115 2007 sine

1123 2029 1263 2066 peccato
1284 2033 1375 2062 esse,
1410 2022 1488 2054 ideo
1512 2022 1774 2057 consolationes
1796 2023 1883 2058 alias
1914 2037 1979 2059 nec
2004 2038 2112 2071 quae-

1122 2080 1204 2106 runt
1224 2084 1287 2106 nec
1306 2072 1521 2114 intelligunt.

1223 2123 1292 2158 Sed
1317 2123 1354 2156 in
1371 2123 1463 2156 veris
1484 2124 1674 2167 pavoribus
1698 2127 1900 2170 experimur
1924 2138 2011 2170 opus
2038 2137 2113 2159 esse

1121 2174 1282 2208 doctrina
1307 2175 1351 2207 de
1381 2175 1531 2218 gratuita
1564 2175 1819 2212 misericordia.
1871 2175 1923 2210 Ac
1950 2177 2019 2210 nisi
2044 2174 2112 2209 hae

1122 2226 1189 2258 fide
1206 2232 1465 2264 sustentemur,
1491 2225 1603 2258 animi
1618 2233 1726 2259 ruunt
1744 2228 1781 2260 in
1797 2228 2059 2271 desperationes
2076 2233 2109 2260 et

1123 2274 1379 2320 blasphemias,
1413 2289 1487 2309 non
1514 2285 1658 2320 possunt
1680 2278 1796 2310 Deum
1826 2278 2010 2319 invocare,
2035 2290 2109 2311 nou

1122 2334 1268 2371 possunt
1294 2334 1496 2371 expectare,
1524 2334 1583 2360 ant
1609 2334 1728 2371 petere
1751 2329 1937 2363 auxilium.
1989 2328 2112 2372 Quare

1122 2378 1170 2422 pii
1197 2390 1270 2411 non
1294 2378 1412 2411 sinant
1437 2390 1473 2410 se
1495 2378 1610 2420 decipi
1633 2379 1679 2411 ab
1697 2378 1771 2411 illis
1791 2379 1942 2419 securis,
1966 2380 2027 2424 qui
2043 2380 2108 2413 ob-

1119 2436 1228 2462 ruunt
1252 2429 1450 2462 doctrinam
1475 2428 1576 2461 Pauli
1602 2429 1646 2461 de
1671 2428 1769 2462 Fide.
1830 2428 2019 2464 Fateamur
2042 2441 2110 2463 nos

1119 2492 1193 2513 esse
1208 2480 1387 2513 auditores
1402 2478 1520 2521 Pauli,
1550 2479 1597 2511 ab
1612 2479 1688 2522 ipso
1704 2479 1890 2520 discamus,
1917 2493 1992 2515 non
2009 2493 2111 2514 arro-

1119 2542 1241 2574 gemus
1255 2531 1358 2564 nobis
1375 2541 1560 2563 censuram
1577 2536 1698 2563 contra
1715 2530 1791 2564 eius
1808 2531 1914 2567 dicta.

1220 2604 1358 2638 Deinde
1368 2604 1457 2636 illud
1469 2604 1746 2640 consideremus,
1777 2604 1868 2639 Cum
1878 2605 2010 2640 Paulus
2022 2619 2110 2640 con·

1118 2657 1281 2690 cionetur
1302 2656 1348 2688 de
1370 2654 1509 2688 iusticia
1533 2667 1653 2688 coram
1667 2654 1766 2697 Deo,
1792 2669 1931 2690 necesse
1957 2664 2007 2691 est
2031 2659 2109 2691 eius
