2379 2948
211 94 307 130 1367

212 186 261 213 set
278 177 461 216 beneficia,
487 176 529 208 de
545 175 673 219 quibus
691 172 868 215 praedicat
883 169 1114 214 Evangelium
1126 198 1134 211 ‚
1162 178 1195 204 et

210 241 298 274 quae
316 227 582 271 conspiciuntur
600 225 634 256 in
650 222 821 260 Ecclesia,
848 234 907 255 seu
924 229 1023 256 coctu
1041 222 1195 260 illorum,

212 280 273 324 qui
296 285 426 311 norunt
448 275 695 317 Evangelium.
750 273 986 306 Commendat
1015 279 1129 305 autem
1157 283 1196 304 ea

213 342 336 373 opera,
362 328 490 372 quibus
512 332 658 359 testatur
685 324 781 357 Deus
803 335 837 355 se
864 324 1034 367 respicere
1059 329 1092 355 et
1107 323 1195 355 reci-

212 392 312 424 pere,
339 379 506 411 adiuvare
524 383 558 410 et
573 376 726 415 salvare,
750 372 921 414 humiles,
946 374 1108 414 abiectos,
1133 374 1197 405 ad-

211 431 323 463 ssictos
347 435 409 462 etc.
462 427 557 460 Haec
581 432 662 459 sunt
681 425 866 469 praecipua
880 436 984 467 opera
1002 424 1083 464 Dei,
1108 435 1196 468 quae

211 486 384 515 testantur
407 490 486 511 vere
508 489 579 510 esse
596 476 724 515 Deum,
751 475 881 520 quibus
900 475 1095 508 illustratur
1121 474 1197 516 glo-

212 532 264 565 ria
281 529 364 570 Dei,
391 530 486 574 quod
504 534 599 561 curet
622 539 704 567 nos,
731 527 825 571 quod
845 526 987 559 adiuvet
1004 525 1079 569 pios
1098 531 1162 559 etc.

316 596 384 630 Sed
408 595 589 628 sciendum
615 600 683 634 est,
709 599 747 626 ut
776 604 879 636 supra
909 592 1002 631 dixi,
1030 589 1087 623 hic
1115 602 1197 634 pro-

214 648 298 693 poni
323 647 518 679 doctrinam
543 644 719 688 propriam
743 641 938 685 Evangelii.
991 642 1083 675 Nam
1106 641 1196 674 ratio

215 711 256 732 ex
283 697 442 730 doctrina
473 696 558 738 legis
590 694 768 732 iudicans,
802 691 887 726 haec
918 705 991 725 non
1020 692 1198 734 intelligit,

216 749 321 783 sentit
337 748 450 781 Deum
472 752 610 780 tantum
630 745 833 778 benefacere
855 741 926 784 his,
956 743 1017 787 qui
1035 748 1116 775 sunt
1143 742 1198 774 iu-

216 800 278 839 sti,
307 805 339 832 et
356 803 495 831 servant
514 797 642 839 legem,
669 801 797 837 negant
818 806 897 826 eum
923 793 1112 837 respicere,
1140 804 1198 824 ex-

216 850 337 883 audire
360 855 393 882 et
417 848 537 880 iuvare
561 846 744 888 indignos,
771 844 830 889 qui
851 841 983 877 habent
1007 850 1198 887 peccatum.

216 900 338 945 Itaque
355 898 485 931 iudicat
507 909 546 929 ex
565 896 808 940 praesentibus
830 894 985 934 casibus,
1014 905 1074 926 seu
1093 905 1198 926 even-

217 951 280 990 tis,
307 948 370 983 hos
395 959 467 981 esse
491 958 594 980 curae
619 945 715 985 Deo,
744 945 871 989 quibus
895 951 977 978 sunt
1001 956 1055 977 res
1075 956 1198 977 secun-

217 1003 299 1039 dae,
328 999 389 1044 qui
409 999 577 1031 fruuntur
594 996 786 1029 commodis
803 993 909 1028 huius
924 995 1029 1028 vitae.
1081 993 1199 1028 Econ--

217 1059 270 1085 tra
296 1062 354 1084 eos
376 1049 437 1094 qui
461 1048 696 1090 adfliguntur,
732 1046 793 1091 qui
820 1046 996 1079 iactantur
1023 1045 1199 1089 perpetuis

217 1102 354 1136 casibus
378 1106 410 1132 et
434 1098 627 1138 aerumnis,
648 1109 721 1130 non
747 1096 872 1140 respici
888 1108 906 1129 a
924 1095 1023 1138 Deo,
1051 1097 1110 1129 sed
1133 1108 1198 1140 pu-

217 1152 287 1186 niri
303 1156 448 1196 propter
470 1155 661 1193 peccatum.
713 1146 790 1180 Hoc
805 1153 855 1180 est
877 1147 1048 1180 iudicium
1074 1145 1200 1180 huma-

217 1215 283 1236 nae
308 1201 455 1235 rationis
477 1211 516 1232 ex
540 1199 631 1242 lege,
658 1199 752 1243 quod
777 1197 891 1241 ipsum
916 1205 1032 1231 tamen
1057 1209 1129 1230 non
1151 1204 1200 1230 est

217 1255 358 1287 firmum
377 1258 410 1285 et
431 1256 650 1295 perpetuum.
701 1247 791 1281 Nam
811 1260 890 1281 cum
906 1248 1003 1281 videt
1018 1259 1119 1292 saepe
1136 1248 1201 1280 bo-

220 1305 276 1337 nis
298 1303 389 1336 male
413 1313 506 1341 esse,
534 1307 567 1334 et
591 1311 648 1333 eos
666 1299 817 1332 exerceri
836 1298 1032 1332 durissimis
1050 1299 1200 1339 casibus,

220 1362 254 1388 et
278 1360 418 1387 econtra
443 1352 559 1396 palam
586 1350 769 1394 improbos
794 1350 942 1389 florere,
971 1356 1002 1382 et
1019 1349 1200 1382 abundare

221 1405 387 1439 omnibus
402 1401 616 1441 commodiS,
643 1400 867 1433 excutiuntur
883 1399 988 1432 etiam
1014 1400 1096 1433 illae
1121 1411 1199 1432 sen-

219 1456 366 1494 tentiae,
392 1465 477 1498 quas
494 1464 534 1485 ex
551 1452 626 1494 lege
641 1451 799 1490 tenebat,
828 1456 861 1483 et
877 1449 1065 1483 coniicitur
1079 1450 1117 1482 in
1132 1450 1198 1482 du-

219 1506 445 1541 bitationem,
472 1509 590 1535 utrum
613 1500 689 1534 Deo
716 1512 820 1533 curae
844 1500 915 1533 sint
937 1510 991 1532 res
1014 1497 1200 1540 humanae,

219 1564 340 1591 utrum
365 1553 527 1597 respiciat
550 1559 583 1585 et
604 1550 766 1584 exaudiat
790 1548 967 1590 homines,
1002 1556 1034 1582 et
1058 1551 1198 1583 tandem

219 1606 395 1641 delabitur
412 1616 464 1645 eo,
490 1609 529 1635 ut
543 1608 603 1635 aut
618 1598 854 1644 blasphemet,
882 1611 920 1633 ac
938 1611 1081 1644 prorsus
1097 1607 1200 1643 neget

218 1656 332 1691 Deum
347 1666 469 1688 curare
485 1651 657 1692 humana,
684 1656 743 1683 aut
759 1657 837 1683 ruat
855 1650 892 1682 in
910 1651 1201 1694 desperationem,

219 1720 297 1742 cum
323 1706 418 1739 videt
450 1715 548 1737 suam
580 1701 847 1744 indignitatem,
881 1700 1013 1734 iudicat
1036 1713 1072 1734 se
1102 1701 1200 1734 reiici

217 1764 361 1804 propter
376 1761 512 1800 peccata
523 1781 532 1795 ,
559 1765 623 1786 nec
639 1751 798 1785 exaudiri
816 1763 835 1784 a
854 1749 928 1784 Deo
943 1758 1005 1786 etc.

320 1822 415 1856 Haec
446 1826 496 1853 est
522 1817 706 1852 horribilis
730 1817 841 1860 caligo
860 1823 892 1850 et
907 1817 1053 1852 coecitas
1069 1817 1106 1850 in
1123 1817 1200 1850 ani-

219 1876 285 1908 mis
305 1872 509 1912 hominum,
530 1870 591 1914 qui
609 1880 682 1901 non
704 1865 836 1901 habent
853 1867 1019 1901 noticiam
1038 1866 1200 1911 Evange-

218 1926 280 1966 lii,
307 1936 345 1957 ac
367 1923 481 1955 fidem.
534 1920 653 1962 Quare
668 1916 731 1951 has
747 1918 953 1959 sententias,
981 1930 1066 1963 quas
1083 1918 1200 1950 incul—

220 1982 300 2010 cant
314 1973 445 2007 Psalmi
468 1981 611 2015 prorsus
635 1981 707 2001 non
731 1969 953 2011 intelligunt,
979 1970 1038 2002 sed
1061 1976 1121 2002 aut
1145 1980 1200 2001 se-

219 2026 293 2060 curi
318 2027 549 2058 contemnunt
573 2019 705 2059 Deum,
731 2026 764 2053 et
787 2019 875 2052 fiunt
893 2019 1007 2062 palam
1024 2017 1200 2063 Epicurei,

219 2088 293 2110 non
309 2075 456 2108 credunt
470 2073 569 2111 Deo,
595 2081 668 2102 non
684 2075 806 2113 petunt
821 2081 884 2102 nec
901 2076 1081 2112 expectant
1096 2070 1140 2103 ah
1159 2081 1200 2103 eo

219 2128 335 2166 bona,
369 2130 428 2157 aut
449 2123 477 2156 si
502 2128 584 2155 sunt
606 2118 830 2165 hypocritae,
857 2120 1033 2153 somniant
1060 2132 1094 2154 se
1118 2132 1200 2164 pro-

219 2185 298 2221 pter
321 2187 443 2219 opera,
470 2179 503 2206 et
527 2178 669 2216 propter
693 2181 790 2203 suam
806 2170 1011 2212 dignitatem
1029 2170 1154 2214 respici
1181 2183 1200 2204 a

223 2228 318 2265 Deo,
354 2237 416 2259 nec
441 2222 573 2257 habent
598 2233 720 2254 verum
745 2221 907 2255 timorem
930 2219 997 2254 Dei
1024 2228 1055 2254 et
1081 2233 1200 2254 veram

220 2278 396 2311 fiduciam.
449 2275 601 2309 Econtra
625 2283 704 2305 cum
728 2271 891 2305 incidunt
916 2271 953 2304 in
973 2272 1198 2312 calamitates,

222 2336 281 2362 aut
297 2335 464 2366 terrores,
498 2324 656 2357 iudicant
673 2333 708 2355 se
723 2333 866 2366 prorsus
881 2323 986 2356 abiici
1009 2334 1028 2356 a
1045 2320 1140 2363 Deo,
1167 2330 1200 2356 et

219 2385 327 2413 ruunt
343 2378 381 2410 in
397 2375 687 2420 desperationem.

323 2442 375 2476 Ac
391 2449 527 2475 sanctos
545 2451 685 2485 quoque
710 2445 868 2473 exercent
892 2436 976 2472 haec
1001 2439 1199 2480 certamina,

223 2500 256 2527 et
270 2500 441 2536 coguntur
456 2491 581 2525 luctari
603 2490 788 2534 praecipue
804 2491 969 2522 adversus
985 2490 1198 2533 desperatio-

223 2555 322 2581 nem,
351 2555 387 2575 ac
406 2543 576 2575 vincenda
597 2547 647 2573 est
663 2540 837 2574 dubitatio
860 2540 945 2580 fide,
971 2551 1059 2584 quae
1083 2547 1197 2573 teneat

222 2591 313 2626 hanc
327 2593 532 2626 sententiam
543 2591 749 2634 Evangelii,
777 2591 872 2635 quod
887 2589 982 2624 Deus
999 2589 1120 2635 gratis
1137 2603 1196 2623 ve-

223 2644 264 2677 lit
280 2644 458 2687 ignoscere
475 2649 506 2675 et
523 2642 679 2676 misereri
697 2642 870 2685 indignis,
898 2641 993 2686 quod
1018 2648 1113 2675 certo
1137 2653 1193 2675 re-

798 86 923 122 PHIL.
951 84 1067 121 MEL.
1091 85 1301 122 SCRIPTA
1327 84 1629 121 EXEGETICA.

2131 88 2228 123 1368

1250 172 1372 216 spiciat
1387 173 1557 212 abiectos,
1574 171 1745 213 adflictos,
1762 173 2026 216 perterrefactos
2041 179 2115 214 etc„
2132 174 2228 217 quod

1250 234 1323 256 non
1339 223 1481 256 abiiciat
1497 234 1555 255 eos
1570 229 1714 266 propter
1733 229 1884 266 peccata,
1910 235 1973 255 nec
1991 223 2082 256 sinat
2099 223 2230 266 adfligi,

1250 280 1289 306 ut
1314 274 1455 307 damnet
1479 280 1539 306 aut
1561 274 1702 317 perdat,
1729 274 1788 306 sed
1808 281 1845 307 ut
1867 273 2041 306 discamus
2057 273 2124 316 ipsi
2142 286 2228 307 con-

1251 324 1357 356 fidere
1380 336 1418 357 ac
1442 325 1622 357 invocare:
1659 336 1767 369 quare
1797 324 1985 367 diligenter
2009 324 2229 367 aspiciendae

1251 381 1332 408 sunt
1347 372 1413 407 hae
1427 374 1639 414 sententiae,
1666 386 1755 419 quae
1770 375 1896 408 docent
1919 375 1962 407 de
1990 374 2231 407 misericordia

1251 432 1283 458 et
1300 426 1478 458 beneficiis
1490 425 1662 468 gratuitis,
1690 425 1780 459 Sunt
1797 426 1891 458 enim
1908 425 2113 458 suavissima
2129 435 2232 468 prae·

1251 476 1372 519 conia,
1400 483 1432 509 et
1448 476 1640 519 ipsissimae
1657 488 1757 509 voces
1775 474 1958 518 Evangelii
1983 475 2026 508 ad
2045 475 2232 508 consolan-

1251 527 1314 559 dos
1338 527 1601 570 perterrefactos
1625 532 1658 559 et
1679 527 1854 567 adflictos,
1888 533 1921 559 et
1945 526 1989 559 ad
2012 525 2232 560 excitandam

1251 577 1354 609 fidem
1383 584 1415 610 et
1445 576 1705 609 invocationem
1737 577 1774 609 in
1810 577 1925 610 omnis
1968 576 2106 618 generis
2146 575 2233 608 casi-

1251 627 1317 660 bus
1351 634 1383 660 et
1413 627 1591 671 periculis.
1644 625 1739 660 Haec
1763 628 1845 661 satis
1871 628 1915 661 sit
1941 626 2168 660 admonuisse
2189 626 2233 659 de

1252 678 1422 711 sententia
1444 675 1571 711 horum
1599 688 1776 713 versuum.
1834 677 1917 711 Non
1945 684 2027 711 sunt
2050 676 2145 709 enim
2169 677 2235 710 ob-

1252 740 1355 761 scuri.

1355 791 1407 826 Ac
1430 800 1508 838 apte
1533 793 1721 827 distributa
1747 800 1797 826 est
1823 793 2109 827 commemoratio
2125 793 2235 827 bene-

1253 845 1414 878 ficiorum
1432 851 1465 877 et
1480 856 1626 888 operum
1645 843 1722 877 Dei.
1755 843 1917 877 Primum
1934 843 1972 876 in
1989 855 2115 887 genere
2134 855 2237 888 prae-

1253 895 1345 930 dicat
1361 895 1478 928 Deum
1495 895 1666 939 respicere
1687 901 1719 927 et
1737 895 1904 927 adiuvare
1921 894 2082 927 adflictos
2106 901 2139 928 et
2165 892 2235 928 hu-

1252 946 1364 979 miles.
1417 944 1496 978 Hoc
1512 946 1556 978 ad
1574 945 1774 978 universam
1792 943 1984 978 Ecclesiam
2003 945 2175 988 pertinet,
2201 951 2237 979 et

1252 997 1296 1029 ad
1315 1007 1436 1029 omnes
1453 996 1548 1039 pios,
1576 996 1636 1040 qui
1651 1001 1733 1029 sunt
1749 996 1904 1028 membra
1921 992 2117 1038 Ecclesiae,
2144 1006 2234 1039 quae

1252 1047 1289 1079 in
1308 1045 1375 1079 hoc
1391 1047 1524 1079 mundo
1542 1046 1630 1079 iacet
1647 1057 1810 1090 oppressa
1827 1045 1970 1079 saevitia
1997 1052 2029 1079 et
2045 1045 2235 1091 tyrannide

1253 1097 1463 1141 impiorum,
1506 1094 1726 1130 horribiliter
1766 1102 1990 1140 oppugnatur
2025 1107 2045 1129 a
2080 1096 2236 1134 diabolo,

1253 1153 1434 1181 exercetur
1450 1147 1683 1180 acerbissimis
1700 1147 1957 1180 calamitatibus
1972 1152 2005 1179 et
2020 1146 2211 1180 aerumnis.

1354 1212 1491 1246 Deinde
1515 1213 1702 1257 pollicetur
1727 1214 1822 1257 quod
1839 1211 1935 1245 Deus
1958 1212 2063 1245 etiarn
2087 1212 2238 1246 exterio-

1254 1275 1329 1297 rem
1347 1264 1454 1297 vitam
1474 1264 1613 1307 piorum
1625 1291 1634 1308 ‚
1660 1264 1822 1307 politiam
1847 1269 1880 1296 et
1894 1262 2135 1296 oeconomiam
2152 1257 2238 1296 velit

1253 1315 1420 1348 adiuvare
1443 1321 1477 1348 et
1499 1315 1713 1357 gubernare,
1739 1321 1779 1347 ut
1801 1313 1881 1347 usui
1906 1313 1975 1347 sint
1993 1312 2238 1357 Reipublicae,

1252 1372 1285 1399 et
1313 1377 1375 1409 per
1398 1365 1493 1409 ipsos
1517 1365 1668 1398 feliciter
1692 1364 2004 1403 administrentur,
2028 1370 2062 1397 et
2087 1363 2238 1397 floreant

1253 1415 1416 1458 politiae,
1450 1422 1678 1448 conservetur
1701 1426 1765 1457 pax
1790 1420 1823 1446 et
1847 1413 1914 1446 alia
1939 1414 2052 1452 bona,
2080 1420 2114 1446 et
2139 1414 2236 1458 quod

1252 1464 1349 1498 Deus
1367 1465 1411 1498 sit
1427 1465 1635 1498 defensurus
1652 1465 1745 1508 pios,
1772 1463 1909 1497 etiamsi
1934 1464 2119 1507 patiuntur
2140 1464 2237 1497 iniu-

1253 1516 1340 1548 riam
1364 1522 1398 1549 et
1415 1514 1618 1548 violentiam
1642 1515 1899 1558 improborum.
1953 1513 2032 1547 Hoc
2047 1519 2116 1555 est,
2141 1515 2238 1559 quod

1254 1566 1321 1606 ait,
1336 1566 1379 1598 de
1397 1572 1548 1599 stercore
1565 1565 1701 1608 erigens
1716 1576 1903 1608 pauperem
1916 1591 1925 1605 ,
1940 1571 1979 1597 ut
1994 1564 2142 1598 collocet
2156 1576 2238 1598 eum

1254 1628 1332 1649 cum
1350 1616 1591 1660 principibus,
1618 1617 1706 1649 sicut
1726 1611 1853 1658 Ioseph
1873 1626 1913 1647 ex
1929 1627 2083 1656 carcere,
2108 1613 2238 1649 Daniel

1253 1666 1291 1698 in
1308 1666 1431 1707 exilio,
1457 1666 1567 1699 evecti
1591 1673 1673 1700 sunt
1695 1668 1738 1699 ad
1766 1665 1880 1709 regios
1897 1663 2068 1706 honores,
2095 1665 2237 1711 Moyses

1253 1717 1430 1761 expositus
1460 1723 1492 1750 et
1525 1716 1682 1750 abiectus
1706 1717 1742 1750 fit
1765 1718 1836 1750 dux
1858 1722 1892 1749 et
1911 1716 2081 1750 liberator
2112 1716 2237 1761 populi

1255 1766 1384 1811 Israel,
1412 1767 1531 1800 David
1564 1779 1603 1800 ex
1631 1767 1753 1801 infimo
1784 1768 1861 1800 loco
1887 1767 2085 1801 traducitur
2109 1767 2154 1800 ad
2181 1779 2237 1800 re·

1253 1829 1373 1861 gnum.

1356 1883 1536 1917 Postremo
1559 1883 1662 1916 etiam
1688 1884 1724 1916 in
1749 1883 1882 1927 privata
1906 1889 1938 1917 et
1961 1884 2149 1917 domestica
2165 1885 2236 1918 vita

1254 1935 1510 1979 promittuntur
1526 1934 1593 1978 piis·
1608 1935 1699 1967 bona
1713 1961 1722 1974 ,
1749 1934 1886 1967 soboles
1902 1946 1940 1967 ac
1955 1935 2155 1977 posteritas,
2180 1934 2236 1967 vi-

1254 1992 1351 2026 ctus,
1375 1985 1552 2023 defensio,
1582 1984 1670 2017 sicut
1688 1984 1794 2018 Sarae
1819 1984 1918 2017 uxori
1934 1981 2117 2024 Abrahae,
2144 1991 2235 2019 tam-

1255 2036 1318 2069 etsi
1345 2036 1456 2069 sterili
1484 2042 1515 2068 et
1538 2036 1682 2068 effoetae
1702 2036 1807 2068 datur
1825 2032 1945 2067 haeres
1971 2041 2003 2068 et.
2029 2035 2232 2079 posteritas:

1257 2086 1507 2120 obstetricibus
1527 2086 1759 2125 benedicitur,
1775 2097 1864 2129 quae
1880 2086 2067 2118 servabant
2084 2085 2236 2120 infantes

1253 2135 1472 2170 Ebraeorum
1502 2134 1615 2170 Exod.
1642 2138 1692 2170 1.:
1727 2135 1873 2176 Viduis,
1903 2147 1991 2180 quae
2025 2143 2235 2180 exceperunt

1254 2185 1407 2231 hospitio
1423 2185 1538 2220 Eliam
1556 2194 1588 2220 et
1604 2185 1823 2225 Helisaeum,
1850 2187 1954 2219 datur
1977 2186 2088 2219 victus
2109 2187 2147 2219 in
2164 2187 2234 2220 dif-

1253 2238 1406 2272 ficultate
1430 2249 1609 2278 annonae,
1636 2244 1670 2270 et
1690 2236 1943 2270 resuscitantur
1968 2237 2084 2272 liberi.
2137 2236 2233 2271 Haec

1253 2289 1344 2322 dicta
1364 2295 1396 2321 et
1413 2288 1568 2331 exempla
1584 2288 1888 2321 accommodemus
1903 2288 2004 2321 etiam
2019 2288 2062 2320 ad
2075 2294 2233 2322 nostram

1254 2339 1362 2372 vitam
1392 2346 1423 2372 et
1450 2345 1570 2371 nostra
1604 2338 1814 2376 certamina,
1850 2344 1890 2371 ut
1917 2338 1954 2371 in
1979 2339 2175 2372 terroribus
2199 2345 2232 2372 et

1252 2389 1418 2433 periculis
1441 2389 1677 2433 concipiamus
1696 2389 1991 2431 consolationem,
2018 2396 2051 2423 et
2072 2389 2140 2422 fide
2162 2390 2231 2422 eri-

1251 2451 1393 2483 gamur,
1419 2446 1612 2473 statuamus
1634 2451 1699 2472 nos
1716 2444 1795 2472 vere
1812 2440 1937 2483 respici
1959 2453 1977 2473 a
1993 2438 2088 2480 Deo,
2115 2438 2229 2473 Deum

1250 2502 1315 2524 nos
1329 2490 1534 2524 adiuturum
1553 2497 1585 2524 et
1605 2491 1830 2523 defensurum
1846 2501 1928 2523 esse.
1981 2490 2102 2535 Itaque
2115 2490 2229 2534 ipsum

1250 2541 1455 2575 invocemus
1473 2548 1507 2575 et
1524 2547 1742 2586 expectemus
1758 2541 1852 2574 bona
1867 2542 1911 2574 ab
1929 2541 2005 2586 ipso
2022 2547 2084 2574 etc.
