<?xml version="1.0" encoding="UTF-8"?>
<!DOCTYPE html PUBLIC "-//W3C//DTD XHTML 1.0 Transitional//EN"
    "http://www.w3.org/TR/xhtml1/DTD/xhtml1-transitional.dtd">
<html xmlns="http://www.w3.org/1999/xhtml" xml:lang="en" lang="en">
 <head>
  <title>
</title>
<meta http-equiv="Content-Type" content="text/html;charset=utf-8" />
  <meta name='ocr-system' content='tesseract 3.04.00' />
  <meta name='ocr-capabilities' content='ocr_page ocr_carea ocr_par ocr_line ocrx_word'/>
</head>
<body>
  <div class='ocr_page' id='page_1' title='image "./operaquaesupersu13melauoft_0700.png"; bbox 0 0 2379 2948; ppageno 0'>
   <div class='ocr_carea' id='block_1_1' title="bbox 221 112 314 148">
    <p class='ocr_par' dir='ltr' id='par_1_1' title="bbox 221 112 314 148">
     <span class='ocr_line' id='line_1_1' title="bbox 221 112 314 148; baseline -0.022 -1"><span class='ocrx_word' id='word_1_1' title='bbox 221 112 314 148; x_wconf 73' lang='lat'>1579</span> 
     </span>
    </p>
   </div>
   <div class='ocr_carea' id='block_1_2' title="bbox 222 188 1215 633">
    <p class='ocr_par' dir='ltr' id='par_1_2' title="bbox 222 188 1215 633">
     <span class='ocr_line' id='line_1_2' title="bbox 222 188 1208 233; baseline -0.005 -8"><span class='ocrx_word' id='word_1_2' title='bbox 222 195 339 233; x_wconf 77' lang='lat' dir='ltr'>culus,</span> <span class='ocrx_word' id='word_1_3' title='bbox 367 191 462 226; x_wconf 80' lang='lat' dir='ltr'>Deus</span> <span class='ocrx_word' id='word_1_4' title='bbox 487 199 601 225; x_wconf 84' lang='lat' dir='ltr'>antem</span> <span class='ocrx_word' id='word_1_5' title='bbox 628 197 745 223; x_wconf 89' lang='lat' dir='ltr'>noster</span> <span class='ocrx_word' id='word_1_6' title='bbox 770 190 806 221; x_wconf 89' lang='lat' dir='ltr'>in</span> <span class='ocrx_word' id='word_1_7' title='bbox 831 189 928 221; x_wconf 88' lang='lat' dir='ltr'>coelo</span> <span class='ocrx_word' id='word_1_8' title='bbox 945 195 1008 223; x_wconf 78' lang='lat' dir='ltr'>etc.</span> <span class='ocrx_word' id='word_1_9' title='bbox 1062 188 1208 222; x_wconf 85' lang='lat' dir='ltr'>Praedi-</span> 
     </span>
     <span class='ocr_line' id='line_1_3' title="bbox 223 239 1211 285; baseline -0.007 -7"><span class='ocrx_word' id='word_1_10' title='bbox 223 252 275 278; x_wconf 88' lang='lat' dir='ltr'>cat</span> <span class='ocrx_word' id='word_1_11' title='bbox 298 242 392 277; x_wconf 86' lang='lat' dir='ltr'>huuc</span> <span class='ocrx_word' id='word_1_12' title='bbox 420 255 490 276; x_wconf 86' lang='lat' dir='ltr'>esse</span> <span class='ocrx_word' id='word_1_13' title='bbox 517 254 595 275; x_wconf 75' lang='lat' dir='ltr'>vere</span> <span class='ocrx_word' id='word_1_14' title='bbox 620 241 754 279; x_wconf 90' lang='lat' dir='ltr'>Deum,</span> <span class='ocrx_word' id='word_1_15' title='bbox 791 240 850 285; x_wconf 87' lang='lat' dir='ltr'>qui</span> <span class='ocrx_word' id='word_1_16' title='bbox 887 239 1024 273; x_wconf 84' lang='lat' dir='ltr'>dederit</span> <span class='ocrx_word' id='word_1_17' title='bbox 1050 241 1211 280; x_wconf 86' lang='lat' dir='ltr'>verbum,</span> 
     </span>
     <span class='ocr_line' id='line_1_4' title="bbox 225 289 1212 340; baseline -0.004 -14"><span class='ocrx_word' id='word_1_18' title='bbox 225 296 284 340; x_wconf 82' lang='lat' dir='ltr'>qui</span> <span class='ocrx_word' id='word_1_19' title='bbox 303 302 353 329; x_wconf 90' lang='lat' dir='ltr'>tot</span> <span class='ocrx_word' id='word_1_20' title='bbox 372 294 547 328; x_wconf 81' lang='lat' dir='ltr'>beneficiis</span> <span class='ocrx_word' id='word_1_21' title='bbox 565 300 599 326; x_wconf 92' lang='lat' dir='ltr'>et</span> <span class='ocrx_word' id='word_1_22' title='bbox 616 291 795 325; x_wconf 81' lang='lat' dir='ltr'>miraculis</span> <span class='ocrx_word' id='word_1_23' title='bbox 811 289 978 324; x_wconf 75' lang='lat' dir='ltr'>exhibitis</span> <span class='ocrx_word' id='word_1_24' title='bbox 997 291 1049 323; x_wconf 93' lang='lat' dir='ltr'>illi</span> <span class='ocrx_word' id='word_1_25' title='bbox 1069 290 1212 335; x_wconf 89' lang='lat' dir='ltr'>populo,</span> 
     </span>
     <span class='ocr_line' id='line_1_5' title="bbox 227 341 1213 388; baseline -0.006 -9"><span class='ocrx_word' id='word_1_26' title='bbox 227 353 371 380; x_wconf 73' lang='lat' dir='ltr'>testetur</span> <span class='ocrx_word' id='word_1_27' title='bbox 404 357 501 378; x_wconf 87' lang='lat' dir='ltr'>suam</span> <span class='ocrx_word' id='word_1_28' title='bbox 537 344 790 388; x_wconf 71' lang='lat' dir='ltr'>praesentiam,</span> <span class='ocrx_word' id='word_1_29' title='bbox 832 343 928 387; x_wconf 86' lang='lat' dir='ltr'>quod</span> <span class='ocrx_word' id='word_1_30' title='bbox 972 342 1015 375; x_wconf 86' lang='lat' dir='ltr'>sit</span> <span class='ocrx_word' id='word_1_31' title='bbox 1049 341 1213 375; x_wconf 87' lang='lat' dir='ltr'>conditor</span> 
     </span>
     <span class='ocr_line' id='line_1_6' title="bbox 228 390 1213 440; baseline -0.005 -11"><span class='ocrx_word' id='word_1_32' title='bbox 228 397 386 430; x_wconf 88' lang='lat' dir='ltr'>omnium</span> <span class='ocrx_word' id='word_1_33' title='bbox 411 407 546 435; x_wconf 90' lang='lat' dir='ltr'>rerum,</span> <span class='ocrx_word' id='word_1_34' title='bbox 574 396 668 440; x_wconf 89' lang='lat' dir='ltr'>quod</span> <span class='ocrx_word' id='word_1_35' title='bbox 695 401 791 427; x_wconf 88' lang='lat' dir='ltr'>curet</span> <span class='ocrx_word' id='word_1_36' title='bbox 815 400 848 426; x_wconf 87' lang='lat' dir='ltr'>et</span> <span class='ocrx_word' id='word_1_37' title='bbox 874 394 1046 436; x_wconf 80' lang='lat' dir='ltr'>gubernet</span> <span class='ocrx_word' id='word_1_38' title='bbox 1071 405 1123 425; x_wconf 87' lang='lat' dir='ltr'>res</span> <span class='ocrx_word' id='word_1_39' title='bbox 1147 390 1213 424; x_wconf 86' lang='lat' dir='ltr'>bu-</span> 
     </span>
     <span class='ocr_line' id='line_1_7' title="bbox 229 444 1213 491; baseline -0.004 -12"><span class='ocrx_word' id='word_1_40' title='bbox 229 458 363 487; x_wconf 79' lang='lat' dir='ltr'>manas,</span> <span class='ocrx_word' id='word_1_41' title='bbox 393 447 485 491; x_wconf 87' lang='lat' dir='ltr'>quod</span> <span class='ocrx_word' id='word_1_42' title='bbox 506 446 665 490; x_wconf 78' lang='lat' dir='ltr'>respiciat</span> <span class='ocrx_word' id='word_1_43' title='bbox 686 452 717 478; x_wconf 87' lang='lat' dir='ltr'>et</span> <span class='ocrx_word' id='word_1_44' title='bbox 734 450 847 478; x_wconf 79' lang='lat' dir='ltr'>servet</span> <span class='ocrx_word' id='word_1_45' title='bbox 873 445 968 488; x_wconf 90' lang='lat' dir='ltr'>pios,</span> <span class='ocrx_word' id='word_1_46' title='bbox 996 445 1118 488; x_wconf 79' lang='lat' dir='ltr'>puniat</span> <span class='ocrx_word' id='word_1_47' title='bbox 1147 444 1213 475; x_wconf 87' lang='lat' dir='ltr'>im-</span> 
     </span>
     <span class='ocr_line' id='line_1_8' title="bbox 230 492 1214 542; baseline -0.003 -13"><span class='ocrx_word' id='word_1_48' title='bbox 230 498 304 541; x_wconf 80' lang='lat' dir='ltr'>pios</span> <span class='ocrx_word' id='word_1_49' title='bbox 329 504 390 530; x_wconf 83' lang='lat' dir='ltr'>etc.</span> <span class='ocrx_word' id='word_1_50' title='bbox 445 496 598 542; x_wconf 82' lang='lat' dir='ltr'><strong>Ideoque</strong></span> <span class='ocrx_word' id='word_1_51' title='bbox 625 494 718 529; x_wconf 86' lang='lat' dir='ltr'>hunc</span> <span class='ocrx_word' id='word_1_52' title='bbox 746 507 816 529; x_wconf 87' lang='lat' dir='ltr'>esse</span> <span class='ocrx_word' id='word_1_53' title='bbox 842 495 1102 532; x_wconf 78' lang='lat' dir='ltr'>invocandum,</span> <span class='ocrx_word' id='word_1_54' title='bbox 1132 492 1214 527; x_wconf 86' lang='lat' dir='ltr'>huic</span> 
     </span>
     <span class='ocr_line' id='line_1_9' title="bbox 229 545 1215 592; baseline -0.005 -11"><span class='ocrx_word' id='word_1_55' title='bbox 229 560 299 581; x_wconf 77' lang='lat' dir='ltr'>esse</span> <span class='ocrx_word' id='word_1_56' title='bbox 331 549 557 592; x_wconf 78' lang='lat' dir='ltr'>praestandos</span> <span class='ocrx_word' id='word_1_57' title='bbox 594 559 692 581; x_wconf 76' lang='lat' dir='ltr'>veros</span> <span class='ocrx_word' id='word_1_58' title='bbox 723 548 854 587; x_wconf 88' lang='lat' dir='ltr'>cultus,</span> <span class='ocrx_word' id='word_1_59' title='bbox 882 546 1064 588; x_wconf 84' lang='lat' dir='ltr'>timorem,</span> <span class='ocrx_word' id='word_1_60' title='bbox 1099 545 1215 585; x_wconf 86' lang='lat' dir='ltr'>fidem,</span> 
     </span>
     <span class='ocr_line' id='line_1_10' title="bbox 229 599 532 633; baseline -0.003 -1"><span class='ocrx_word' id='word_1_61' title='bbox 229 599 452 632; x_wconf 88' lang='lat' dir='ltr'>dilectionem</span> <span class='ocrx_word' id='word_1_62' title='bbox 472 607 532 633; x_wconf 87' lang='lat' dir='ltr'>etc.</span> 
     </span>
    </p>
   </div>
   <div class='ocr_carea' id='block_1_3' title="bbox 279 698 1215 745">
    <p class='ocr_par' dir='ltr' id='par_1_3' title="bbox 279 698 1215 745">
     <span class='ocr_line' id='line_1_11' title="bbox 279 698 1215 745; baseline -0.003 -12"><span class='ocrx_word' id='word_1_63' title='bbox 279 698 492 734; x_wconf 77' lang='lat' dir='ltr'>Simulacra</span> <span class='ocrx_word' id='word_1_64' title='bbox 512 698 675 745; x_wconf 79' lang='lat' dir='ltr'>gentium</span> <span class='ocrx_word' id='word_1_65' title='bbox 695 704 886 745; x_wconf 69' lang='lat' dir='ltr'>argentarii</span> <span class='ocrx_word' id='word_1_66' title='bbox 915 703 944 731; x_wconf 79' lang='lat' dir='ltr'>et</span> <span class='ocrx_word' id='word_1_67' title='bbox 968 710 1119 736; x_wconf 75' lang='lat' dir='ltr'>aarum,</span> <span class='ocrx_word' id='word_1_68' title='bbox 1156 701 1215 731; x_wconf 76' lang='lat' dir='ltr'>ele.</span> 
     </span>
    </p>
   </div>
   <div class='ocr_carea' id='block_1_4' title="bbox 226 772 1214 1431">
    <p class='ocr_par' dir='ltr' id='par_1_4' title="bbox 226 772 1214 1431">
     <span class='ocr_line' id='line_1_12' title="bbox 332 772 1214 817; baseline -0.007 -8"><span class='ocrx_word' id='word_1_69' title='bbox 332 776 426 809; x_wconf 86' lang='lat' dir='ltr'>Haec</span> <span class='ocrx_word' id='word_1_70' title='bbox 453 783 501 809; x_wconf 86' lang='lat' dir='ltr'>est</span> <span class='ocrx_word' id='word_1_71' title='bbox 535 773 737 815; x_wconf 81' lang='lat' dir='ltr'>antithesis,</span> <span class='ocrx_word' id='word_1_72' title='bbox 773 782 811 807; x_wconf 88' lang='lat' dir='ltr'>ut</span> <span class='ocrx_word' id='word_1_73' title='bbox 836 774 925 811; x_wconf 73' lang='lat' dir='ltr'>dixi,</span> <span class='ocrx_word' id='word_1_74' title='bbox 955 775 997 806; x_wconf 87' lang='lat' dir='ltr'>de</span> <span class='ocrx_word' id='word_1_75' title='bbox 1028 773 1116 810; x_wconf 89' lang='lat' dir='ltr'>illis,</span> <span class='ocrx_word' id='word_1_76' title='bbox 1154 772 1214 817; x_wconf 83' lang='lat' dir='ltr'>qui</span> 
     </span>
     <span class='ocr_line' id='line_1_13' title="bbox 230 823 1212 870; baseline -0.005 -11"><span class='ocrx_word' id='word_1_77' title='bbox 230 841 300 860; x_wconf 75' lang='lat' dir='ltr'>non</span> <span class='ocrx_word' id='word_1_78' title='bbox 327 834 520 870; x_wconf 83' lang='lat' dir='ltr'>agnoscunt</span> <span class='ocrx_word' id='word_1_79' title='bbox 544 825 638 859; x_wconf 84' lang='lat' dir='ltr'>hunc</span> <span class='ocrx_word' id='word_1_80' title='bbox 662 825 792 865; x_wconf 87' lang='lat' dir='ltr'>Deum,</span> <span class='ocrx_word' id='word_1_81' title='bbox 821 837 883 857; x_wconf 90' lang='lat' dir='ltr'>nec</span> <span class='ocrx_word' id='word_1_82' title='bbox 907 823 1039 857; x_wconf 85' lang='lat' dir='ltr'>habent</span> <span class='ocrx_word' id='word_1_83' title='bbox 1065 824 1212 856; x_wconf 88' lang='lat' dir='ltr'>verbum</span> 
     </span>
     <span class='ocr_line' id='line_1_14' title="bbox 228 874 1214 921; baseline -0.005 -10"><span class='ocrx_word' id='word_1_84' title='bbox 228 878 310 912; x_wconf 86' lang='lat' dir='ltr'>Dei:</span> <span class='ocrx_word' id='word_1_85' title='bbox 339 879 400 911; x_wconf 88' lang='lat' dir='ltr'>sed</span> <span class='ocrx_word' id='word_1_86' title='bbox 425 883 683 921; x_wconf 88' lang='lat' dir='ltr'>persequuntur</span> <span class='ocrx_word' id='word_1_87' title='bbox 709 876 880 920; x_wconf 88' lang='lat' dir='ltr'>populum</span> <span class='ocrx_word' id='word_1_88' title='bbox 905 874 988 915; x_wconf 89' lang='lat' dir='ltr'>Dei,</span> <span class='ocrx_word' id='word_1_89' title='bbox 1017 875 1078 920; x_wconf 90' lang='lat' dir='ltr'>qui</span> <span class='ocrx_word' id='word_1_90' title='bbox 1106 874 1214 907; x_wconf 84' lang='lat' dir='ltr'>confi-</span> 
     </span>
     <span class='ocr_line' id='line_1_15' title="bbox 229 925 1214 966; baseline -0.004 -4"><span class='ocrx_word' id='word_1_91' title='bbox 229 937 320 962; x_wconf 89' lang='lat' dir='ltr'>tetur</span> <span class='ocrx_word' id='word_1_92' title='bbox 345 929 502 962; x_wconf 80' lang='lat' dir='ltr'>verbum.</span> <span class='ocrx_word' id='word_1_93' title='bbox 558 926 632 960; x_wconf 88' lang='lat' dir='ltr'>Hos</span> <span class='ocrx_word' id='word_1_94' title='bbox 651 927 698 960; x_wconf 90' lang='lat' dir='ltr'>ait</span> <span class='ocrx_word' id='word_1_95' title='bbox 717 938 788 959; x_wconf 87' lang='lat' dir='ltr'>esse</span> <span class='ocrx_word' id='word_1_96' title='bbox 812 926 887 959; x_wconf 90' lang='lat' dir='ltr'>sine</span> <span class='ocrx_word' id='word_1_97' title='bbox 914 925 1008 966; x_wconf 90' lang='lat' dir='ltr'>Deo,</span> <span class='ocrx_word' id='word_1_98' title='bbox 1036 932 1069 958; x_wconf 89' lang='lat' dir='ltr'>et</span> <span class='ocrx_word' id='word_1_99' title='bbox 1091 937 1214 958; x_wconf 84' lang='lat' dir='ltr'>omnes</span> 
     </span>
     <span class='ocr_line' id='line_1_16' title="bbox 230 975 1213 1021; baseline -0.003 -10"><span class='ocrx_word' id='word_1_100' title='bbox 230 980 372 1013; x_wconf 86' lang='lat' dir='ltr'>illorum</span> <span class='ocrx_word' id='word_1_101' title='bbox 391 979 580 1021; x_wconf 78' lang='lat' dir='ltr'>religiones</span> <span class='ocrx_word' id='word_1_102' title='bbox 598 985 630 1011; x_wconf 92' lang='lat' dir='ltr'>et</span> <span class='ocrx_word' id='word_1_103' title='bbox 647 978 761 1011; x_wconf 90' lang='lat' dir='ltr'>cultus</span> <span class='ocrx_word' id='word_1_104' title='bbox 781 989 852 1010; x_wconf 89' lang='lat' dir='ltr'>esse</span> <span class='ocrx_word' id='word_1_105' title='bbox 877 977 1088 1011; x_wconf 68' lang='lat' dir='ltr'>idolatriam.</span> <span class='ocrx_word' id='word_1_106' title='bbox 1131 975 1213 1009; x_wconf 78' lang='lat' dir='ltr'>Est-</span> 
     </span>
     <span class='ocr_line' id='line_1_17' title="bbox 228 1028 1212 1075; baseline -0.005 -11"><span class='ocrx_word' id='word_1_107' title='bbox 228 1043 294 1075; x_wconf 88' lang='lat' dir='ltr'>que</span> <span class='ocrx_word' id='word_1_108' title='bbox 317 1030 416 1063; x_wconf 87' lang='lat' dir='ltr'>valde</span> <span class='ocrx_word' id='word_1_109' title='bbox 441 1029 588 1063; x_wconf 88' lang='lat' dir='ltr'>illustris</span> <span class='ocrx_word' id='word_1_110' title='bbox 609 1029 817 1072; x_wconf 80' lang='lat' dir='ltr'>descriptio,</span> <span class='ocrx_word' id='word_1_111' title='bbox 845 1041 912 1073; x_wconf 88' lang='lat' dir='ltr'>qua</span> <span class='ocrx_word' id='word_1_112' title='bbox 939 1028 1036 1061; x_wconf 85' lang='lat' dir='ltr'>velut</span> <span class='ocrx_word' id='word_1_113' title='bbox 1059 1028 1105 1060; x_wconf 90' lang='lat' dir='ltr'>ob</span> <span class='ocrx_word' id='word_1_114' title='bbox 1129 1039 1212 1060; x_wconf 89' lang='lat' dir='ltr'>ocu-</span> 
     </span>
     <span class='ocr_line' id='line_1_18' title="bbox 228 1078 1212 1125; baseline -0.005 -10"><span class='ocrx_word' id='word_1_115' title='bbox 228 1082 279 1115; x_wconf 92' lang='lat' dir='ltr'>los</span> <span class='ocrx_word' id='word_1_116' title='bbox 296 1082 452 1125; x_wconf 78' lang='lat' dir='ltr'>pingitur</span> <span class='ocrx_word' id='word_1_117' title='bbox 468 1080 614 1113; x_wconf 89' lang='lat' dir='ltr'>caecitas</span> <span class='ocrx_word' id='word_1_118' title='bbox 636 1087 668 1114; x_wconf 88' lang='lat' dir='ltr'>et</span> <span class='ocrx_word' id='word_1_119' title='bbox 693 1079 846 1112; x_wconf 86' lang='lat' dir='ltr'>amentia</span> <span class='ocrx_word' id='word_1_120' title='bbox 870 1079 1033 1116; x_wconf 84' lang='lat' dir='ltr'>illorum,</span> <span class='ocrx_word' id='word_1_121' title='bbox 1056 1078 1116 1122; x_wconf 86' lang='lat' dir='ltr'>qui</span> <span class='ocrx_word' id='word_1_122' title='bbox 1141 1090 1212 1111; x_wconf 93' lang='lat' dir='ltr'>non</span> 
     </span>
     <span class='ocr_line' id='line_1_19' title="bbox 228 1130 1210 1175; baseline -0.004 -10"><span class='ocrx_word' id='word_1_123' title='bbox 228 1138 397 1175; x_wconf 85' lang='lat' dir='ltr'>reguntur</span> <span class='ocrx_word' id='word_1_124' title='bbox 422 1132 546 1164; x_wconf 75' lang='lat' dir='ltr'>verbo:</span> <span class='ocrx_word' id='word_1_125' title='bbox 583 1132 642 1164; x_wconf 85' lang='lat' dir='ltr'>sed</span> <span class='ocrx_word' id='word_1_126' title='bbox 666 1131 825 1164; x_wconf 89' lang='lat' dir='ltr'>iudicant</span> <span class='ocrx_word' id='word_1_127' title='bbox 854 1132 896 1163; x_wconf 91' lang='lat' dir='ltr'>de</span> <span class='ocrx_word' id='word_1_128' title='bbox 918 1130 992 1163; x_wconf 93' lang='lat' dir='ltr'>Deo</span> <span class='ocrx_word' id='word_1_129' title='bbox 1018 1130 1210 1162; x_wconf 83' lang='lat' dir='ltr'>secundum</span> 
     </span>
     <span class='ocr_line' id='line_1_20' title="bbox 226 1181 1211 1225; baseline -0.004 -9"><span class='ocrx_word' id='word_1_130' title='bbox 226 1195 305 1217; x_wconf 88' lang='lat' dir='ltr'>suas</span> <span class='ocrx_word' id='word_1_131' title='bbox 326 1182 617 1225; x_wconf 78' lang='lat' dir='ltr'>imaginationes,</span> <span class='ocrx_word' id='word_1_132' title='bbox 653 1189 685 1216; x_wconf 91' lang='lat' dir='ltr'>et</span> <span class='ocrx_word' id='word_1_133' title='bbox 708 1182 844 1225; x_wconf 80' lang='lat' dir='ltr'>fingunt</span> <span class='ocrx_word' id='word_1_134' title='bbox 871 1194 909 1214; x_wconf 87' lang='lat' dir='ltr'>ac</span> <span class='ocrx_word' id='word_1_135' title='bbox 931 1181 1115 1214; x_wconf 86' lang='lat' dir='ltr'>cumulant</span> <span class='ocrx_word' id='word_1_136' title='bbox 1138 1181 1211 1213; x_wconf 91' lang='lat' dir='ltr'>cul-</span> 
     </span>
     <span class='ocr_line' id='line_1_21' title="bbox 228 1230 1212 1278; baseline -0.005 -10"><span class='ocrx_word' id='word_1_137' title='bbox 228 1243 282 1268; x_wconf 88' lang='lat' dir='ltr'>tus</span> <span class='ocrx_word' id='word_1_138' title='bbox 305 1234 447 1278; x_wconf 90' lang='lat' dir='ltr'>propria</span> <span class='ocrx_word' id='word_1_139' title='bbox 471 1233 674 1273; x_wconf 75' lang='lat' dir='ltr'>autoritate,</span> <span class='ocrx_word' id='word_1_140' title='bbox 709 1240 742 1266; x_wconf 91' lang='lat' dir='ltr'>et</span> <span class='ocrx_word' id='word_1_141' title='bbox 764 1232 907 1277; x_wconf 88' lang='lat' dir='ltr'>quidem</span> <span class='ocrx_word' id='word_1_142' title='bbox 932 1230 1062 1265; x_wconf 83' lang='lat' dir='ltr'>babent</span> <span class='ocrx_word' id='word_1_143' title='bbox 1086 1232 1212 1274; x_wconf 87' lang='lat' dir='ltr'>ingen-</span> 
     </span>
     <span class='ocr_line' id='line_1_22' title="bbox 227 1281 1210 1329; baseline -0.004 -11"><span class='ocrx_word' id='word_1_144' title='bbox 227 1293 293 1318; x_wconf 89' lang='lat' dir='ltr'>tem</span> <span class='ocrx_word' id='word_1_145' title='bbox 313 1285 461 1329; x_wconf 89' lang='lat' dir='ltr'>speciem</span> <span class='ocrx_word' id='word_1_146' title='bbox 479 1284 690 1323; x_wconf 87' lang='lat' dir='ltr'>sanctitatis,</span> <span class='ocrx_word' id='word_1_147' title='bbox 710 1284 834 1317; x_wconf 90' lang='lat' dir='ltr'>volunt</span> <span class='ocrx_word' id='word_1_148' title='bbox 853 1281 1029 1327; x_wconf 87' lang='lat' dir='ltr'>perhiberi</span> <span class='ocrx_word' id='word_1_149' title='bbox 1048 1283 1210 1325; x_wconf 80' lang='lat' dir='ltr'>religiose</span> 
     </span>
     <span class='ocr_line' id='line_1_23' title="bbox 226 1334 1210 1377; baseline -0.004 -8"><span class='ocrx_word' id='word_1_150' title='bbox 226 1336 338 1369; x_wconf 91' lang='lat' dir='ltr'>colere</span> <span class='ocrx_word' id='word_1_151' title='bbox 356 1336 485 1370; x_wconf 89' lang='lat' dir='ltr'>Deum.</span> <span class='ocrx_word' id='word_1_152' title='bbox 539 1334 658 1377; x_wconf 82' lang='lat' dir='ltr'>Quare</span> <span class='ocrx_word' id='word_1_153' title='bbox 682 1347 755 1367; x_wconf 90' lang='lat' dir='ltr'>non</span> <span class='ocrx_word' id='word_1_154' title='bbox 783 1335 901 1367; x_wconf 87' lang='lat' dir='ltr'>ferunt</span> <span class='ocrx_word' id='word_1_155' title='bbox 922 1335 964 1367; x_wconf 91' lang='lat' dir='ltr'>de</span> <span class='ocrx_word' id='word_1_156' title='bbox 991 1346 1026 1366; x_wconf 92' lang='lat' dir='ltr'>se</span> <span class='ocrx_word' id='word_1_157' title='bbox 1050 1345 1210 1377; x_wconf 86' lang='lat' dir='ltr'>pronun-</span> 
     </span>
     <span class='ocr_line' id='line_1_24' title="bbox 226 1384 1209 1431; baseline -0.003 -12"><span class='ocrx_word' id='word_1_158' title='bbox 226 1387 329 1428; x_wconf 88' lang='lat' dir='ltr'>ciari,</span> <span class='ocrx_word' id='word_1_159' title='bbox 345 1387 439 1431; x_wconf 91' lang='lat' dir='ltr'>quod</span> <span class='ocrx_word' id='word_1_160' title='bbox 458 1398 530 1418; x_wconf 88' lang='lat' dir='ltr'>non</span> <span class='ocrx_word' id='word_1_161' title='bbox 548 1386 669 1419; x_wconf 88' lang='lat' dir='ltr'>norint</span> <span class='ocrx_word' id='word_1_162' title='bbox 683 1384 816 1425; x_wconf 88' lang='lat' dir='ltr'>Deum,</span> <span class='ocrx_word' id='word_1_163' title='bbox 833 1386 927 1430; x_wconf 84' lang='lat' dir='ltr'>quod</span> <span class='ocrx_word' id='word_1_164' title='bbox 943 1385 1012 1418; x_wconf 89' lang='lat' dir='ltr'>sint</span> <span class='ocrx_word' id='word_1_165' title='bbox 1028 1385 1209 1417; x_wconf 81' lang='lat' dir='ltr'>idolatrae.</span> 
     </span>
    </p>
   </div>
   <div class='ocr_carea' id='block_1_5' title="bbox 222 1452 1211 2249">
    <p class='ocr_par' dir='ltr' id='par_1_5' title="bbox 222 1452 1211 2249">
     <span class='ocr_line' id='line_1_25' title="bbox 326 1452 1211 1499; baseline -0.002 -12"><span class='ocrx_word' id='word_1_166' title='bbox 326 1453 394 1487; x_wconf 91' lang='lat' dir='ltr'>Sed</span> <span class='ocrx_word' id='word_1_167' title='bbox 418 1453 579 1486; x_wconf 87' lang='lat' dir='ltr'>Psalmus</span> <span class='ocrx_word' id='word_1_168' title='bbox 603 1453 787 1486; x_wconf 90' lang='lat' dir='ltr'>confirmat</span> <span class='ocrx_word' id='word_1_169' title='bbox 813 1453 907 1496; x_wconf 81' lang='lat' dir='ltr'>pios,</span> <span class='ocrx_word' id='word_1_170' title='bbox 937 1459 970 1485; x_wconf 85' lang='lat' dir='ltr'>et</span> <span class='ocrx_word' id='word_1_171' title='bbox 995 1452 1211 1499; x_wconf 85' lang='lat' dir='ltr'>pronunciat</span> 
     </span>
     <span class='ocr_line' id='line_1_26' title="bbox 226 1502 1209 1547; baseline -0.003 -10"><span class='ocrx_word' id='word_1_172' title='bbox 226 1516 347 1538; x_wconf 90' lang='lat' dir='ltr'>omnes</span> <span class='ocrx_word' id='word_1_173' title='bbox 364 1515 436 1537; x_wconf 90' lang='lat' dir='ltr'>esse</span> <span class='ocrx_word' id='word_1_174' title='bbox 453 1504 639 1544; x_wconf 84' lang='lat' dir='ltr'>idolatras,</span> <span class='ocrx_word' id='word_1_175' title='bbox 667 1510 699 1536; x_wconf 89' lang='lat' dir='ltr'>et</span> <span class='ocrx_word' id='word_1_176' title='bbox 716 1515 835 1536; x_wconf 88' lang='lat' dir='ltr'>revera</span> <span class='ocrx_word' id='word_1_177' title='bbox 853 1503 927 1536; x_wconf 89' lang='lat' dir='ltr'>sine</span> <span class='ocrx_word' id='word_1_178' title='bbox 942 1502 1030 1541; x_wconf 92' lang='lat' dir='ltr'>Deo,</span> <span class='ocrx_word' id='word_1_179' title='bbox 1058 1502 1119 1547; x_wconf 90' lang='lat' dir='ltr'>qui</span> <span class='ocrx_word' id='word_1_180' title='bbox 1137 1515 1209 1535; x_wconf 88' lang='lat' dir='ltr'>non</span> 
     </span>
     <span class='ocr_line' id='line_1_27' title="bbox 225 1552 1209 1600; baseline -0.002 -12"><span class='ocrx_word' id='word_1_181' title='bbox 225 1554 497 1600; x_wconf 87' lang='lat' dir='ltr'>apprehendunt</span> <span class='ocrx_word' id='word_1_182' title='bbox 526 1552 620 1587; x_wconf 83' lang='lat' dir='ltr'>hunc</span> <span class='ocrx_word' id='word_1_183' title='bbox 654 1553 787 1594; x_wconf 83' lang='lat' dir='ltr'>Deum,</span> <span class='ocrx_word' id='word_1_184' title='bbox 829 1554 890 1598; x_wconf 92' lang='lat' dir='ltr'>qui</span> <span class='ocrx_word' id='word_1_185' title='bbox 923 1553 1019 1586; x_wconf 89' lang='lat' dir='ltr'>dedit</span> <span class='ocrx_word' id='word_1_186' title='bbox 1051 1554 1209 1587; x_wconf 90' lang='lat' dir='ltr'>verbum.</span> 
     </span>
     <span class='ocr_line' id='line_1_28' title="bbox 224 1605 1209 1651; baseline -0.003 -12"><span class='ocrx_word' id='word_1_187' title='bbox 224 1605 271 1639; x_wconf 89' lang='lat' dir='ltr'>Et</span> <span class='ocrx_word' id='word_1_188' title='bbox 287 1607 368 1651; x_wconf 91' lang='lat' dir='ltr'>quia</span> <span class='ocrx_word' id='word_1_189' title='bbox 381 1618 452 1638; x_wconf 93' lang='lat' dir='ltr'>non</span> <span class='ocrx_word' id='word_1_190' title='bbox 471 1611 642 1648; x_wconf 86' lang='lat' dir='ltr'>reguntur</span> <span class='ocrx_word' id='word_1_191' title='bbox 658 1605 766 1637; x_wconf 93' lang='lat' dir='ltr'>verbo</span> <span class='ocrx_word' id='word_1_192' title='bbox 777 1631 786 1647; x_wconf 89' lang='lat'>,</span> <span class='ocrx_word' id='word_1_193' title='bbox 804 1616 876 1636; x_wconf 92' lang='lat' dir='ltr'>non</span> <span class='ocrx_word' id='word_1_194' title='bbox 894 1610 1043 1649; x_wconf 85' lang='lat' dir='ltr'>possunt</span> <span class='ocrx_word' id='word_1_195' title='bbox 1058 1611 1209 1637; x_wconf 80' lang='lat' dir='ltr'>statuere</span> 
     </span>
     <span class='ocr_line' id='line_1_29' title="bbox 225 1654 1208 1697; baseline -0.003 -7"><span class='ocrx_word' id='word_1_196' title='bbox 225 1670 259 1690; x_wconf 86' lang='lat' dir='ltr'>se</span> <span class='ocrx_word' id='word_1_197' title='bbox 277 1669 379 1690; x_wconf 84' lang='lat' dir='ltr'>curae</span> <span class='ocrx_word' id='word_1_198' title='bbox 399 1668 470 1689; x_wconf 89' lang='lat' dir='ltr'>esse</span> <span class='ocrx_word' id='word_1_199' title='bbox 485 1654 560 1689; x_wconf 93' lang='lat' dir='ltr'>Deo</span> <span class='ocrx_word' id='word_1_200' title='bbox 573 1680 581 1693; x_wconf 89' lang='lat'>,</span> <span class='ocrx_word' id='word_1_201' title='bbox 610 1666 645 1687; x_wconf 88' lang='lat' dir='ltr'>se</span> <span class='ocrx_word' id='word_1_202' title='bbox 670 1654 829 1688; x_wconf 87' lang='lat' dir='ltr'>exaudiri</span> <span class='ocrx_word' id='word_1_203' title='bbox 846 1661 909 1688; x_wconf 90' lang='lat' dir='ltr'>etc.</span> <span class='ocrx_word' id='word_1_204' title='bbox 964 1654 1013 1687; x_wconf 88' lang='lat' dir='ltr'>lta</span> <span class='ocrx_word' id='word_1_205' title='bbox 1035 1655 1138 1697; x_wconf 88' lang='lat' dir='ltr'>plane</span> <span class='ocrx_word' id='word_1_206' title='bbox 1157 1655 1208 1687; x_wconf 82' lang='lat' dir='ltr'>fa-</span> 
     </span>
     <span class='ocr_line' id='line_1_30' title="bbox 224 1705 1208 1751; baseline -0.003 -10"><span class='ocrx_word' id='word_1_207' title='bbox 224 1709 322 1742; x_wconf 90' lang='lat' dir='ltr'>ciunt</span> <span class='ocrx_word' id='word_1_208' title='bbox 349 1706 463 1741; x_wconf 86' lang='lat' dir='ltr'>Deum</span> <span class='ocrx_word' id='word_1_209' title='bbox 488 1707 666 1746; x_wconf 86' lang='lat' dir='ltr'>ociosum,</span> <span class='ocrx_word' id='word_1_210' title='bbox 701 1706 762 1751; x_wconf 90' lang='lat' dir='ltr'>qui</span> <span class='ocrx_word' id='word_1_211' title='bbox 786 1717 849 1738; x_wconf 90' lang='lat' dir='ltr'>nec</span> <span class='ocrx_word' id='word_1_212' title='bbox 873 1705 995 1738; x_wconf 90' lang='lat' dir='ltr'>oculos</span> <span class='ocrx_word' id='word_1_213' title='bbox 1020 1717 1083 1738; x_wconf 91' lang='lat' dir='ltr'>nec</span> <span class='ocrx_word' id='word_1_214' title='bbox 1107 1717 1208 1739; x_wconf 89' lang='lat' dir='ltr'>aures</span> 
     </span>
     <span class='ocr_line' id='line_1_31' title="bbox 224 1753 1208 1801; baseline -0.003 -9"><span class='ocrx_word' id='word_1_215' title='bbox 224 1758 365 1799; x_wconf 80' lang='lat' dir='ltr'>habeat,</span> <span class='ocrx_word' id='word_1_216' title='bbox 393 1770 466 1791; x_wconf 91' lang='lat' dir='ltr'>non</span> <span class='ocrx_word' id='word_1_217' title='bbox 492 1758 655 1791; x_wconf 87' lang='lat' dir='ltr'>tribuunt</span> <span class='ocrx_word' id='word_1_218' title='bbox 677 1757 708 1789; x_wconf 92' lang='lat' dir='ltr'>ei</span> <span class='ocrx_word' id='word_1_219' title='bbox 732 1767 832 1790; x_wconf 90' lang='lat' dir='ltr'>veros</span> <span class='ocrx_word' id='word_1_220' title='bbox 856 1753 1026 1796; x_wconf 87' lang='lat' dir='ltr'>honores,</span> <span class='ocrx_word' id='word_1_221' title='bbox 1053 1756 1114 1801; x_wconf 90' lang='lat' dir='ltr'>qui</span> <span class='ocrx_word' id='word_1_222' title='bbox 1131 1757 1208 1789; x_wconf 89' lang='lat' dir='ltr'>Deo</span> 
     </span>
     <span class='ocr_line' id='line_1_32' title="bbox 224 1805 1207 1848; baseline -0.005 -4"><span class='ocrx_word' id='word_1_223' title='bbox 224 1811 418 1847; x_wconf 86' lang='lat' dir='ltr'>debentur,</span> <span class='ocrx_word' id='word_1_224' title='bbox 454 1821 527 1841; x_wconf 92' lang='lat' dir='ltr'>non</span> <span class='ocrx_word' id='word_1_225' title='bbox 559 1820 639 1841; x_wconf 83' lang='lat' dir='ltr'>vere</span> <span class='ocrx_word' id='word_1_226' title='bbox 665 1808 808 1848; x_wconf 89' lang='lat' dir='ltr'>timent,</span> <span class='ocrx_word' id='word_1_227' title='bbox 844 1819 908 1839; x_wconf 88' lang='lat' dir='ltr'>nec</span> <span class='ocrx_word' id='word_1_228' title='bbox 940 1808 1090 1840; x_wconf 82' lang='lat' dir='ltr'>credunt</span> <span class='ocrx_word' id='word_1_229' title='bbox 1119 1805 1207 1840; x_wconf 87' lang='lat' dir='ltr'>Deo.</span> 
     </span>
     <span class='ocr_line' id='line_1_33' title="bbox 225 1857 1208 1906; baseline -0.003 -12"><span class='ocrx_word' id='word_1_230' title='bbox 225 1860 346 1906; x_wconf 77' lang='lat' dir='ltr'>Itaque</span> <span class='ocrx_word' id='word_1_231' title='bbox 377 1872 456 1893; x_wconf 86' lang='lat' dir='ltr'>vere</span> <span class='ocrx_word' id='word_1_232' title='bbox 493 1866 574 1893; x_wconf 90' lang='lat' dir='ltr'>sunt</span> <span class='ocrx_word' id='word_1_233' title='bbox 606 1859 787 1892; x_wconf 84' lang='lat' dir='ltr'>idolatrae.</span> <span class='ocrx_word' id='word_1_234' title='bbox 847 1857 944 1891; x_wconf 88' lang='lat' dir='ltr'>Haec</span> <span class='ocrx_word' id='word_1_235' title='bbox 973 1858 1129 1891; x_wconf 89' lang='lat' dir='ltr'>breviter</span> <span class='ocrx_word' id='word_1_236' title='bbox 1158 1865 1208 1891; x_wconf 90' lang='lat' dir='ltr'>est</span> 
     </span>
     <span class='ocr_line' id='line_1_34' title="bbox 224 1907 1206 1954; baseline -0.004 -9"><span class='ocrx_word' id='word_1_237' title='bbox 224 1912 394 1945; x_wconf 86' lang='lat' dir='ltr'>sententia</span> <span class='ocrx_word' id='word_1_238' title='bbox 413 1908 540 1943; x_wconf 88' lang='lat' dir='ltr'>horum</span> <span class='ocrx_word' id='word_1_239' title='bbox 565 1921 749 1949; x_wconf 80' lang='lat' dir='ltr'>versuum,</span> <span class='ocrx_word' id='word_1_240' title='bbox 777 1909 837 1954; x_wconf 89' lang='lat' dir='ltr'>qui</span> <span class='ocrx_word' id='word_1_241' title='bbox 864 1921 943 1942; x_wconf 91' lang='lat' dir='ltr'>cum</span> <span class='ocrx_word' id='word_1_242' title='bbox 971 1907 1124 1942; x_wconf 88' lang='lat' dir='ltr'>habeant</span> <span class='ocrx_word' id='word_1_243' title='bbox 1151 1909 1206 1941; x_wconf 88' lang='lat' dir='ltr'>in-</span> 
     </span>
     <span class='ocr_line' id='line_1_35' title="bbox 223 1960 1207 2006; baseline -0.002 -12"><span class='ocrx_word' id='word_1_244' title='bbox 223 1963 354 2005; x_wconf 80' lang='lat' dir='ltr'>signem</span> <span class='ocrx_word' id='word_1_245' title='bbox 370 1962 541 2006; x_wconf 85' lang='lat' dir='ltr'>picturam</span> <span class='ocrx_word' id='word_1_246' title='bbox 562 1961 827 1994; x_wconf 86' lang='lat' dir='ltr'>idolatricorum</span> <span class='ocrx_word' id='word_1_247' title='bbox 850 1960 1029 1999; x_wconf 89' lang='lat' dir='ltr'>cultuum,</span> <span class='ocrx_word' id='word_1_248' title='bbox 1055 1960 1207 2003; x_wconf 86' lang='lat' dir='ltr'>diligen-</span> 
     </span>
     <span class='ocr_line' id='line_1_36' title="bbox 223 2010 1208 2056; baseline -0.003 -10"><span class='ocrx_word' id='word_1_249' title='bbox 223 2021 274 2046; x_wconf 88' lang='lat' dir='ltr'>ter</span> <span class='ocrx_word' id='word_1_250' title='bbox 289 2020 371 2046; x_wconf 90' lang='lat' dir='ltr'>sunt</span> <span class='ocrx_word' id='word_1_251' title='bbox 393 2011 650 2045; x_wconf 87' lang='lat' dir='ltr'>considerandi.</span> <span class='ocrx_word' id='word_1_252' title='bbox 704 2010 830 2044; x_wconf 88' lang='lat' dir='ltr'>Pulcre</span> <span class='ocrx_word' id='word_1_253' title='bbox 856 2011 949 2043; x_wconf 90' lang='lat' dir='ltr'>enim</span> <span class='ocrx_word' id='word_1_254' title='bbox 972 2012 1100 2045; x_wconf 88' lang='lat' dir='ltr'>docent</span> <span class='ocrx_word' id='word_1_255' title='bbox 1122 2011 1208 2056; x_wconf 90' lang='lat' dir='ltr'>quid</span> 
     </span>
     <span class='ocr_line' id='line_1_37' title="bbox 224 2061 1208 2107; baseline -0.001 -11"><span class='ocrx_word' id='word_1_256' title='bbox 224 2065 265 2098; x_wconf 83' lang='lat' dir='ltr'>sit</span> <span class='ocrx_word' id='word_1_257' title='bbox 290 2063 473 2101; x_wconf 86' lang='lat' dir='ltr'>idolatria,</span> <span class='ocrx_word' id='word_1_258' title='bbox 508 2075 568 2095; x_wconf 89' lang='lat' dir='ltr'>seu</span> <span class='ocrx_word' id='word_1_259' title='bbox 593 2062 654 2107; x_wconf 87' lang='lat' dir='ltr'>qui</span> <span class='ocrx_word' id='word_1_260' title='bbox 682 2069 765 2095; x_wconf 89' lang='lat' dir='ltr'>sunt</span> <span class='ocrx_word' id='word_1_261' title='bbox 794 2061 970 2094; x_wconf 86' lang='lat' dir='ltr'>idolatrici</span> <span class='ocrx_word' id='word_1_262' title='bbox 1010 2062 1142 2100; x_wconf 89' lang='lat' dir='ltr'>cultus,</span> <span class='ocrx_word' id='word_1_263' title='bbox 1175 2069 1208 2095; x_wconf 90' lang='lat' dir='ltr'>et</span> 
     </span>
     <span class='ocr_line' id='line_1_38' title="bbox 222 2110 1207 2152; baseline -0.002 -4"><span class='ocrx_word' id='word_1_264' title='bbox 222 2116 316 2148; x_wconf 81' lang='lat' dir='ltr'>unde</span> <span class='ocrx_word' id='word_1_265' title='bbox 345 2114 480 2147; x_wconf 88' lang='lat' dir='ltr'>oriatur</span> <span class='ocrx_word' id='word_1_266' title='bbox 507 2113 690 2149; x_wconf 87' lang='lat' dir='ltr'>idolatria,</span> <span class='ocrx_word' id='word_1_267' title='bbox 725 2113 907 2152; x_wconf 89' lang='lat' dir='ltr'>videlicet,</span> <span class='ocrx_word' id='word_1_268' title='bbox 935 2125 1014 2145; x_wconf 90' lang='lat' dir='ltr'>cum</span> <span class='ocrx_word' id='word_1_269' title='bbox 1045 2110 1207 2146; x_wconf 90' lang='lat' dir='ltr'>homines</span> 
     </span>
     <span class='ocr_line' id='line_1_39' title="bbox 224 2162 1207 2209; baseline 0.001 -13"><span class='ocrx_word' id='word_1_270' title='bbox 224 2166 347 2199; x_wconf 83' lang='lat' dir='ltr'>volunt</span> <span class='ocrx_word' id='word_1_271' title='bbox 372 2162 634 2209; x_wconf 86' lang='lat' dir='ltr'>apprehendere</span> <span class='ocrx_word' id='word_1_272' title='bbox 656 2163 790 2204; x_wconf 88' lang='lat' dir='ltr'>Deum,</span> <span class='ocrx_word' id='word_1_273' title='bbox 819 2170 852 2197; x_wconf 89' lang='lat' dir='ltr'>et</span> <span class='ocrx_word' id='word_1_274' title='bbox 877 2163 1069 2197; x_wconf 87' lang='lat' dir='ltr'>instituunt</span> <span class='ocrx_word' id='word_1_275' title='bbox 1093 2164 1207 2198; x_wconf 86' lang='lat' dir='ltr'>cultus</span> 
     </span>
     <span class='ocr_line' id='line_1_40' title="bbox 222 2213 630 2249; baseline 0.002 -1"><span class='ocrx_word' id='word_1_276' title='bbox 222 2217 296 2249; x_wconf 79' lang='lat' dir='ltr'>sine</span> <span class='ocrx_word' id='word_1_277' title='bbox 318 2223 411 2249; x_wconf 87' lang='lat' dir='ltr'>certo</span> <span class='ocrx_word' id='word_1_278' title='bbox 429 2216 535 2248; x_wconf 90' lang='lat' dir='ltr'>verbo</span> <span class='ocrx_word' id='word_1_279' title='bbox 552 2213 630 2249; x_wconf 84' lang='lat' dir='ltr'>Dei.</span> 
     </span>
    </p>
   </div>
   <div class='ocr_carea' id='block_1_6' title="bbox 219 2271 1207 2726">
    <p class='ocr_par' dir='ltr' id='par_1_6' title="bbox 219 2271 1207 2726">
     <span class='ocr_line' id='line_1_41' title="bbox 324 2271 1207 2317; baseline -0.002 -9"><span class='ocrx_word' id='word_1_280' title='bbox 324 2274 483 2308; x_wconf 87' lang='lat' dir='ltr'>Primum</span> <span class='ocrx_word' id='word_1_281' title='bbox 503 2275 609 2317; x_wconf 82' lang='lat' dir='ltr'>igitur</span> <span class='ocrx_word' id='word_1_282' title='bbox 630 2271 696 2306; x_wconf 90' lang='lat' dir='ltr'>hoc</span> <span class='ocrx_word' id='word_1_283' title='bbox 720 2274 970 2316; x_wconf 82' lang='lat' dir='ltr'>constituatur,</span> <span class='ocrx_word' id='word_1_284' title='bbox 999 2274 1113 2307; x_wconf 87' lang='lat' dir='ltr'>cultus</span> <span class='ocrx_word' id='word_1_285' title='bbox 1130 2275 1207 2307; x_wconf 92' lang='lat' dir='ltr'>ido-</span> 
     </span>
     <span class='ocr_line' id='line_1_42' title="bbox 224 2323 1206 2370; baseline -0.001 -12"><span class='ocrx_word' id='word_1_286' title='bbox 224 2327 364 2360; x_wconf 91' lang='lat' dir='ltr'>latricos</span> <span class='ocrx_word' id='word_1_287' title='bbox 386 2337 457 2358; x_wconf 83' lang='lat' dir='ltr'>esse</span> <span class='ocrx_word' id='word_1_288' title='bbox 475 2337 615 2365; x_wconf 88' lang='lat' dir='ltr'>omnes,</span> <span class='ocrx_word' id='word_1_289' title='bbox 643 2325 846 2370; x_wconf 88' lang='lat' dir='ltr'>quicunque</span> <span class='ocrx_word' id='word_1_290' title='bbox 865 2325 939 2357; x_wconf 92' lang='lat' dir='ltr'>sine</span> <span class='ocrx_word' id='word_1_291' title='bbox 958 2326 1123 2357; x_wconf 85' lang='lat' dir='ltr'>mandato</span> <span class='ocrx_word' id='word_1_292' title='bbox 1140 2323 1206 2357; x_wconf 62' lang='lat' dir='ltr'>Dei</span> 
     </span>
     <span class='ocr_line' id='line_1_43' title="bbox 224 2375 1206 2418; baseline 0 -10"><span class='ocrx_word' id='word_1_293' title='bbox 224 2377 374 2411; x_wconf 85' lang='lat' dir='ltr'>instituti</span> <span class='ocrx_word' id='word_1_294' title='bbox 407 2385 500 2411; x_wconf 86' lang='lat' dir='ltr'>sunt.</span> <span class='ocrx_word' id='word_1_295' title='bbox 564 2376 644 2409; x_wconf 83' lang='lat' dir='ltr'>Non</span> <span class='ocrx_word' id='word_1_296' title='bbox 669 2375 761 2408; x_wconf 88' lang='lat' dir='ltr'>enim</span> <span class='ocrx_word' id='word_1_297' title='bbox 787 2382 899 2418; x_wconf 86' lang='lat' dir='ltr'>potest</span> <span class='ocrx_word' id='word_1_298' title='bbox 935 2383 1025 2409; x_wconf 86' lang='lat' dir='ltr'>recte</span> <span class='ocrx_word' id='word_1_299' title='bbox 1052 2376 1206 2418; x_wconf 83' lang='lat' dir='ltr'>agnosci,</span> 
     </span>
     <span class='ocr_line' id='line_1_44' title="bbox 223 2425 1204 2471; baseline 0 -12"><span class='ocrx_word' id='word_1_300' title='bbox 223 2434 281 2460; x_wconf 83' lang='lat' dir='ltr'>aut</span> <span class='ocrx_word' id='word_1_301' title='bbox 303 2425 520 2471; x_wconf 85' lang='lat' dir='ltr'>apprehendi</span> <span class='ocrx_word' id='word_1_302' title='bbox 538 2426 650 2467; x_wconf 91' lang='lat' dir='ltr'>Deus,</span> <span class='ocrx_word' id='word_1_303' title='bbox 676 2426 744 2459; x_wconf 87' lang='lat' dir='ltr'>nisi</span> <span class='ocrx_word' id='word_1_304' title='bbox 769 2438 840 2460; x_wconf 88' lang='lat' dir='ltr'>sese</span> <span class='ocrx_word' id='word_1_305' title='bbox 866 2427 1013 2465; x_wconf 87' lang='lat' dir='ltr'>revelet,</span> <span class='ocrx_word' id='word_1_306' title='bbox 1043 2434 1075 2459; x_wconf 89' lang='lat' dir='ltr'>et</span> <span class='ocrx_word' id='word_1_307' title='bbox 1102 2434 1204 2460; x_wconf 79' lang='lat' dir='ltr'>teste-</span> 
     </span>
     <span class='ocr_line' id='line_1_45' title="bbox 223 2478 794 2512; baseline 0.002 -2"><span class='ocrx_word' id='word_1_308' title='bbox 223 2485 279 2510; x_wconf 85' lang='lat' dir='ltr'>tur</span> <span class='ocrx_word' id='word_1_309' title='bbox 305 2479 519 2512; x_wconf 76' lang='lat' dir='ltr'>voluntatem</span> <span class='ocrx_word' id='word_1_310' title='bbox 548 2490 647 2511; x_wconf 89' lang='lat' dir='ltr'>suam</span> <span class='ocrx_word' id='word_1_311' title='bbox 677 2478 794 2511; x_wconf 86' lang='lat' dir='ltr'>verbo.</span> 
     </span>
     <span class='ocr_line' id='line_1_46' title="bbox 224 2527 1202 2573; baseline 0.001 -13"><span class='ocrx_word' id='word_1_312' title='bbox 224 2535 321 2561; x_wconf 81' lang='lat' dir='ltr'>ceant</span> <span class='ocrx_word' id='word_1_313' title='bbox 339 2527 425 2568; x_wconf 75' lang='lat' dir='ltr'>Deo,</span> <span class='ocrx_word' id='word_1_314' title='bbox 451 2540 588 2562; x_wconf 84' lang='lat' dir='ltr'>necesse</span> <span class='ocrx_word' id='word_1_315' title='bbox 605 2536 653 2562; x_wconf 84' lang='lat' dir='ltr'>est</span> <span class='ocrx_word' id='word_1_316' title='bbox 669 2541 726 2561; x_wconf 87' lang='lat' dir='ltr'>eos</span> <span class='ocrx_word' id='word_1_317' title='bbox 745 2530 850 2561; x_wconf 73' lang='lat' dir='ltr'>verbo</span> <span class='ocrx_word' id='word_1_318' title='bbox 872 2530 1062 2573; x_wconf 86' lang='lat' dir='ltr'>praescribi</span> <span class='ocrx_word' id='word_1_319' title='bbox 1082 2542 1120 2561; x_wconf 90' lang='lat' dir='ltr'>ac</span> <span class='ocrx_word' id='word_1_320' title='bbox 1142 2530 1202 2561; x_wconf 90' lang='lat' dir='ltr'>de-</span> 
     </span>
     <span class='ocr_line' id='line_1_47' title="bbox 222 2579 1201 2625; baseline 0.002 -15"><span class='ocrx_word' id='word_1_321' title='bbox 222 2579 332 2617; x_wconf 83' lang='lat' dir='ltr'>finiri,</span> <span class='ocrx_word' id='word_1_322' title='bbox 367 2591 452 2623; x_wconf 84' lang='lat' dir='ltr'>quos</span> <span class='ocrx_word' id='word_1_323' title='bbox 483 2587 515 2613; x_wconf 85' lang='lat' dir='ltr'>et</span> <span class='ocrx_word' id='word_1_324' title='bbox 543 2581 662 2625; x_wconf 86' lang='lat' dir='ltr'>quales</span> <span class='ocrx_word' id='word_1_325' title='bbox 696 2579 862 2625; x_wconf 85' lang='lat' dir='ltr'>requirat.</span> <span class='ocrx_word' id='word_1_326' title='bbox 919 2579 999 2613; x_wconf 86' lang='lat' dir='ltr'>Ideo</span> <span class='ocrx_word' id='word_1_327' title='bbox 1025 2580 1118 2613; x_wconf 88' lang='lat' dir='ltr'>enim</span> <span class='ocrx_word' id='word_1_328' title='bbox 1143 2581 1201 2612; x_wconf 91' lang='lat' dir='ltr'>dat</span> 
     </span>
     <span class='ocr_line' id='line_1_48' title="bbox 222 2629 1200 2676; baseline 0.003 -15"><span class='ocrx_word' id='word_1_329' title='bbox 222 2629 386 2668; x_wconf 79' lang='lat' dir='ltr'>verbum,</span> <span class='ocrx_word' id='word_1_330' title='bbox 422 2637 456 2662; x_wconf 85' lang='lat' dir='ltr'>ut</span> <span class='ocrx_word' id='word_1_331' title='bbox 482 2632 523 2662; x_wconf 85' lang='lat' dir='ltr'>de</span> <span class='ocrx_word' id='word_1_332' title='bbox 549 2631 621 2663; x_wconf 89' lang='lat' dir='ltr'>eius</span> <span class='ocrx_word' id='word_1_333' title='bbox 646 2631 826 2664; x_wconf 79' lang='lat' dir='ltr'>voluntate</span> <span class='ocrx_word' id='word_1_334' title='bbox 850 2631 932 2664; x_wconf 86' lang='lat' dir='ltr'>certi</span> <span class='ocrx_word' id='word_1_335' title='bbox 956 2631 1083 2669; x_wconf 89' lang='lat' dir='ltr'>simus,</span> <span class='ocrx_word' id='word_1_336' title='bbox 1113 2643 1200 2676; x_wconf 87' lang='lat' dir='ltr'>quo-</span> 
     </span>
     <span class='ocr_line' id='line_1_49' title="bbox 219 2679 1199 2726; baseline 0.003 -14"><span class='ocrx_word' id='word_1_337' title='bbox 219 2681 323 2713; x_wconf 87' lang='lat' dir='ltr'>modo</span> <span class='ocrx_word' id='word_1_338' title='bbox 350 2692 366 2713; x_wconf 87' lang='lat' dir='ltr'>a</span> <span class='ocrx_word' id='word_1_339' title='bbox 395 2681 495 2713; x_wconf 82' lang='lat' dir='ltr'>nobis</span> <span class='ocrx_word' id='word_1_340' title='bbox 522 2681 588 2713; x_wconf 88' lang='lat' dir='ltr'>coli</span> <span class='ocrx_word' id='word_1_341' title='bbox 612 2682 774 2724; x_wconf 76' lang='lat' dir='ltr'>postulet.</span> <span class='ocrx_word' id='word_1_342' title='bbox 832 2679 930 2714; x_wconf 78' lang='lat' dir='ltr'>Nihil</span> <span class='ocrx_word' id='word_1_343' title='bbox 963 2689 1079 2716; x_wconf 78' lang='lat' dir='ltr'>autem</span> <span class='ocrx_word' id='word_1_344' title='bbox 1112 2694 1199 2726; x_wconf 83' lang='lat' dir='ltr'>opus</span> 
     </span>
    </p>
   </div>
   <div class='ocr_carea' id='block_1_7' title="bbox 809 103 1641 141">
    <p class='ocr_par' dir='ltr' id='par_1_7' title="bbox 809 103 1641 141">
     <span class='ocr_line' id='line_1_50' title="bbox 809 103 1641 141; baseline 0.001 -2"><span class='ocrx_word' id='word_1_345' title='bbox 809 105 933 141; x_wconf 84' lang='lat' dir='ltr'>PIIlL.</span> <span class='ocrx_word' id='word_1_346' title='bbox 963 103 1076 140; x_wconf 80' lang='lat' dir='ltr'><strong>MEL.</strong></span> <span class='ocrx_word' id='word_1_347' title='bbox 1104 105 1311 141; x_wconf 71' lang='lat' dir='ltr'>SCRIPTA</span> <span class='ocrx_word' id='word_1_348' title='bbox 1342 103 1641 140; x_wconf 72' lang='lat' dir='ltr'>EXEGE&#39;HCA.</span> 
     </span>
    </p>
   </div>
   <div class='ocr_carea' id='block_1_8' title="bbox 1234 581 1244 1812">
    <p class='ocr_par' dir='ltr' id='par_1_8' title="bbox 1234 581 1244 1812">
     <span class='ocr_line' id='line_1_51' title="bbox 1234 581 1244 1812; baseline 0 0"><span class='ocrx_word' id='word_1_349' title='bbox 1234 581 1244 1812; x_wconf 95' lang='lat' dir='ltr'> </span> 
     </span>
    </p>
   </div>
   <div class='ocr_carea' id='block_1_9' title="bbox 1232 2272 1235 2351">
    <p class='ocr_par' dir='ltr' id='par_1_9' title="bbox 1232 2272 1235 2351">
     <span class='ocr_line' id='line_1_52' title="bbox 1232 2272 1235 2351; baseline 0 597"><span class='ocrx_word' id='word_1_350' title='bbox 1232 2272 1235 2351; x_wconf 95' lang='lat' dir='ltr'> </span> 
     </span>
    </p>
   </div>
   <div class='ocr_carea' id='block_1_10' title="bbox 1229 2355 1234 2468">
    <p class='ocr_par' dir='ltr' id='par_1_10' title="bbox 1229 2355 1234 2468">
     <span class='ocr_line' id='line_1_53' title="bbox 1229 2355 1234 2468; baseline 0 480"><span class='ocrx_word' id='word_1_351' title='bbox 1229 2355 1234 2468; x_wconf 95' lang='lat' dir='ltr'> </span> 
     </span>
    </p>
   </div>
   <div class='ocr_carea' id='block_1_11' title="bbox 2155 105 2251 140">
    <p class='ocr_par' dir='ltr' id='par_1_11' title="bbox 2155 105 2251 140">
     <span class='ocr_line' id='line_1_54' title="bbox 2155 105 2251 140; baseline 0.01 -1"><span class='ocrx_word' id='word_1_352' title='bbox 2155 105 2251 140; x_wconf 83' lang='lat'><strong>1380</strong></span> 
     </span>
    </p>
   </div>
   <div class='ocr_carea' id='block_1_12' title="bbox 1264 187 2251 987">
    <p class='ocr_par' dir='ltr' id='par_1_12' title="bbox 1264 187 2251 987">
     <span class='ocr_line' id='line_1_55' title="bbox 1264 187 2249 235; baseline 0.004 -14"><span class='ocrx_word' id='word_1_353' title='bbox 1264 195 1337 221; x_wconf 84' lang='lat' dir='ltr'>erat</span> <span class='ocrx_word' id='word_1_354' title='bbox 1361 188 1437 221; x_wconf 86' lang='lat' dir='ltr'>dari</span> <span class='ocrx_word' id='word_1_355' title='bbox 1461 188 1624 228; x_wconf 86' lang='lat' dir='ltr'>verbum,</span> <span class='ocrx_word' id='word_1_356' title='bbox 1651 187 1679 221; x_wconf 90' lang='lat' dir='ltr'>si</span> <span class='ocrx_word' id='word_1_357' title='bbox 1703 188 1791 222; x_wconf 88' lang='lat' dir='ltr'>ratio</span> <span class='ocrx_word' id='word_1_358' title='bbox 1817 199 1877 232; x_wconf 85' lang='lat' dir='ltr'>per</span> <span class='ocrx_word' id='word_1_359' title='bbox 1903 200 1976 221; x_wconf 87' lang='lat' dir='ltr'>sese</span> <span class='ocrx_word' id='word_1_360' title='bbox 1991 188 2106 224; x_wconf 86' lang='lat' dir='ltr'>Deum</span> <span class='ocrx_word' id='word_1_361' title='bbox 2125 203 2249 235; x_wconf 86' lang='lat' dir='ltr'>appre-</span> 
     </span>
     <span class='ocr_line' id='line_1_56' title="bbox 1265 237 2248 282; baseline 0.004 -11"><span class='ocrx_word' id='word_1_362' title='bbox 1265 237 1419 272; x_wconf 86' lang='lat' dir='ltr'>hendere</span> <span class='ocrx_word' id='word_1_363' title='bbox 1448 246 1581 282; x_wconf 88' lang='lat' dir='ltr'>posset,</span> <span class='ocrx_word' id='word_1_364' title='bbox 1611 245 1670 272; x_wconf 88' lang='lat' dir='ltr'>aut</span> <span class='ocrx_word' id='word_1_365' title='bbox 1691 239 1720 271; x_wconf 87' lang='lat' dir='ltr'>si</span> <span class='ocrx_word' id='word_1_366' title='bbox 1751 238 1928 282; x_wconf 88' lang='lat' dir='ltr'>placerent</span> <span class='ocrx_word' id='word_1_367' title='bbox 1952 240 2082 279; x_wconf 90' lang='lat' dir='ltr'>cultus,</span> <span class='ocrx_word' id='word_1_368' title='bbox 2116 242 2248 276; x_wconf 89' lang='lat' dir='ltr'>iudicio</span> 
     </span>
     <span class='ocr_line' id='line_1_57' title="bbox 1266 287 2247 332; baseline 0.004 -10"><span class='ocrx_word' id='word_1_369' title='bbox 1266 287 1421 323; x_wconf 82' lang='lat' dir='ltr'>humano</span> <span class='ocrx_word' id='word_1_370' title='bbox 1453 290 1646 332; x_wconf 81' lang='lat' dir='ltr'>excogitati.</span> <span class='ocrx_word' id='word_1_371' title='bbox 1707 288 1826 332; x_wconf 84' lang='lat' dir='ltr'>Quare</span> <span class='ocrx_word' id='word_1_372' title='bbox 1851 302 1988 322; x_wconf 86' lang='lat' dir='ltr'>necesse</span> <span class='ocrx_word' id='word_1_373' title='bbox 2012 297 2062 324; x_wconf 90' lang='lat' dir='ltr'>est</span> <span class='ocrx_word' id='word_1_374' title='bbox 2087 289 2247 326; x_wconf 87' lang='lat' dir='ltr'>homines</span> 
     </span>
     <span class='ocr_line' id='line_1_58' title="bbox 1266 339 2248 381; baseline 0.003 -8"><span class='ocrx_word' id='word_1_375' title='bbox 1266 341 1341 373; x_wconf 91' lang='lat' dir='ltr'>sine</span> <span class='ocrx_word' id='word_1_376' title='bbox 1362 341 1467 374; x_wconf 77' lang='lat' dir='ltr'>verbo</span> <span class='ocrx_word' id='word_1_377' title='bbox 1490 341 1651 373; x_wconf 83' lang='lat' dir='ltr'>deerrare</span> <span class='ocrx_word' id='word_1_378' title='bbox 1669 353 1685 373; x_wconf 88' lang='lat' dir='ltr'>a</span> <span class='ocrx_word' id='word_1_379' title='bbox 1706 353 1787 373; x_wconf 88' lang='lat' dir='ltr'>vero</span> <span class='ocrx_word' id='word_1_380' title='bbox 1809 341 1905 374; x_wconf 90' lang='lat' dir='ltr'>cultu</span> <span class='ocrx_word' id='word_1_381' title='bbox 1923 339 2001 381; x_wconf 89' lang='lat' dir='ltr'>Dei,</span> <span class='ocrx_word' id='word_1_382' title='bbox 2028 348 2060 375; x_wconf 92' lang='lat' dir='ltr'>et</span> <span class='ocrx_word' id='word_1_383' title='bbox 2079 343 2153 375; x_wconf 90' lang='lat' dir='ltr'>fieri</span> <span class='ocrx_word' id='word_1_384' title='bbox 2171 343 2248 376; x_wconf 91' lang='lat' dir='ltr'>ido-</span> 
     </span>
     <span class='ocr_line' id='line_1_59' title="bbox 1266 391 2248 437; baseline 0.001 -12"><span class='ocrx_word' id='word_1_385' title='bbox 1266 392 1382 425; x_wconf 87' lang='lat' dir='ltr'>latras.</span> <span class='ocrx_word' id='word_1_386' title='bbox 1401 392 1410 400; x_wconf 71' lang='lat'><em>*</em></span> <span class='ocrx_word' id='word_1_387' title='bbox 1436 391 1593 433; x_wconf 84' lang='lat' dir='ltr'>Fingunt</span> <span class='ocrx_word' id='word_1_388' title='bbox 1614 391 1706 424; x_wconf 86' lang='lat' dir='ltr'>enim</span> <span class='ocrx_word' id='word_1_389' title='bbox 1724 392 1842 424; x_wconf 87' lang='lat' dir='ltr'>Deum</span> <span class='ocrx_word' id='word_1_390' title='bbox 1860 392 1961 424; x_wconf 86' lang='lat' dir='ltr'>aliter</span> <span class='ocrx_word' id='word_1_391' title='bbox 1977 404 2081 437; x_wconf 87' lang='lat' dir='ltr'>quam</span> <span class='ocrx_word' id='word_1_392' title='bbox 2098 400 2160 432; x_wconf 87' lang='lat' dir='ltr'>est,</span> <span class='ocrx_word' id='word_1_393' title='bbox 2184 393 2248 426; x_wconf 84' lang='lat' dir='ltr'>ali-</span> 
     </span>
     <span class='ocr_line' id='line_1_60' title="bbox 1267 442 2249 488; baseline 0 -11"><span class='ocrx_word' id='word_1_394' title='bbox 1267 450 1318 477; x_wconf 90' lang='lat' dir='ltr'>ter</span> <span class='ocrx_word' id='word_1_395' title='bbox 1341 443 1462 476; x_wconf 85' lang='lat' dir='ltr'>colunt</span> <span class='ocrx_word' id='word_1_396' title='bbox 1486 455 1589 488; x_wconf 84' lang='lat' dir='ltr'>quam</span> <span class='ocrx_word' id='word_1_397' title='bbox 1616 442 1684 475; x_wconf 86' lang='lat' dir='ltr'>coli</span> <span class='ocrx_word' id='word_1_398' title='bbox 1709 443 1802 483; x_wconf 85' lang='lat' dir='ltr'>vult,</span> <span class='ocrx_word' id='word_1_399' title='bbox 1831 443 1984 487; x_wconf 82' lang='lat' dir='ltr'>denique</span> <span class='ocrx_word' id='word_1_400' title='bbox 2011 455 2073 486; x_wconf 89' lang='lat' dir='ltr'>pro</span> <span class='ocrx_word' id='word_1_401' title='bbox 2090 443 2166 477; x_wconf 84' lang='lat' dir='ltr'>Deo</span> <span class='ocrx_word' id='word_1_402' title='bbox 2190 456 2249 477; x_wconf 93' lang='lat' dir='ltr'>co-</span> 
     </span>
     <span class='ocr_line' id='line_1_61' title="bbox 1268 493 2248 540; baseline 0.001 -13"><span class='ocrx_word' id='word_1_403' title='bbox 1268 494 1345 527; x_wconf 85' lang='lat' dir='ltr'>lunt</span> <span class='ocrx_word' id='word_1_404' title='bbox 1369 494 1516 528; x_wconf 84' lang='lat' dir='ltr'>idolum.</span> <span class='ocrx_word' id='word_1_405' title='bbox 1569 493 1647 526; x_wconf 90' lang='lat' dir='ltr'>Non</span> <span class='ocrx_word' id='word_1_406' title='bbox 1673 500 1723 527; x_wconf 88' lang='lat' dir='ltr'>est</span> <span class='ocrx_word' id='word_1_407' title='bbox 1747 494 1840 526; x_wconf 87' lang='lat' dir='ltr'>enim</span> <span class='ocrx_word' id='word_1_408' title='bbox 1866 494 1944 527; x_wconf 90' lang='lat' dir='ltr'>talis</span> <span class='ocrx_word' id='word_1_409' title='bbox 1967 493 2081 533; x_wconf 87' lang='lat' dir='ltr'>Deus,</span> <span class='ocrx_word' id='word_1_410' title='bbox 2110 495 2248 540; x_wconf 87' lang='lat' dir='ltr'>qualem</span> 
     </span>
     <span class='ocr_line' id='line_1_62' title="bbox 1268 542 2249 588; baseline 0.001 -11"><span class='ocrx_word' id='word_1_411' title='bbox 1268 545 1332 588; x_wconf 87' lang='lat' dir='ltr'>ipsi</span> <span class='ocrx_word' id='word_1_412' title='bbox 1352 544 1601 587; x_wconf 77' lang='lat' dir='ltr'>imaginantur.</span> <span class='ocrx_word' id='word_1_413' title='bbox 1657 544 1800 578; x_wconf 85' lang='lat' dir='ltr'>Constat</span> <span class='ocrx_word' id='word_1_414' title='bbox 1817 551 1932 578; x_wconf 87' lang='lat' dir='ltr'>autem</span> <span class='ocrx_word' id='word_1_415' title='bbox 1958 542 2048 578; x_wconf 89' lang='lat' dir='ltr'>hanc</span> <span class='ocrx_word' id='word_1_416' title='bbox 2072 557 2151 579; x_wconf 89' lang='lat' dir='ltr'>vere</span> <span class='ocrx_word' id='word_1_417' title='bbox 2177 557 2249 579; x_wconf 87' lang='lat' dir='ltr'>esse</span> 
     </span>
     <span class='ocr_line' id='line_1_63' title="bbox 1268 594 2250 640; baseline 0.002 -12"><span class='ocrx_word' id='word_1_418' title='bbox 1268 595 1486 635; x_wconf 85' lang='lat' dir='ltr'>idolatriam,</span> <span class='ocrx_word' id='word_1_419' title='bbox 1523 607 1600 627; x_wconf 88' lang='lat' dir='ltr'>cum</span> <span class='ocrx_word' id='word_1_420' title='bbox 1625 607 1687 637; x_wconf 89' lang='lat' dir='ltr'>pro</span> <span class='ocrx_word' id='word_1_421' title='bbox 1716 594 1789 628; x_wconf 90' lang='lat' dir='ltr'>Deo</span> <span class='ocrx_word' id='word_1_422' title='bbox 1815 596 1942 630; x_wconf 89' lang='lat' dir='ltr'>colitur</span> <span class='ocrx_word' id='word_1_423' title='bbox 1967 597 2060 640; x_wconf 87' lang='lat' dir='ltr'>quod</span> <span class='ocrx_word' id='word_1_424' title='bbox 2093 609 2166 630; x_wconf 91' lang='lat' dir='ltr'>non</span> <span class='ocrx_word' id='word_1_425' title='bbox 2199 603 2250 630; x_wconf 87' lang='lat' dir='ltr'>est</span> 
     </span>
     <span class='ocr_line' id='line_1_64' title="bbox 1268 644 2249 692; baseline 0.002 -13"><span class='ocrx_word' id='word_1_426' title='bbox 1268 646 1380 686; x_wconf 84' lang='lat' dir='ltr'>Dens,</span> <span class='ocrx_word' id='word_1_427' title='bbox 1416 653 1475 679; x_wconf 89' lang='lat' dir='ltr'>aut</span> <span class='ocrx_word' id='word_1_428' title='bbox 1511 658 1589 678; x_wconf 90' lang='lat' dir='ltr'>cum</span> <span class='ocrx_word' id='word_1_429' title='bbox 1616 644 1710 678; x_wconf 84' lang='lat' dir='ltr'>Deus</span> <span class='ocrx_word' id='word_1_430' title='bbox 1744 646 1833 679; x_wconf 88' lang='lat' dir='ltr'>alius</span> <span class='ocrx_word' id='word_1_431' title='bbox 1868 647 2012 690; x_wconf 86' lang='lat' dir='ltr'>fingitur</span> <span class='ocrx_word' id='word_1_432' title='bbox 2048 659 2152 692; x_wconf 88' lang='lat' dir='ltr'>quam</span> <span class='ocrx_word' id='word_1_433' title='bbox 2187 654 2249 686; x_wconf 86' lang='lat' dir='ltr'>est,</span> 
     </span>
     <span class='ocr_line' id='line_1_65' title="bbox 1271 696 2250 742; baseline 0.001 -13"><span class='ocrx_word' id='word_1_434' title='bbox 1271 698 1570 742; x_wconf 83' lang='lat' dir='ltr'>quemadmodum</span> <span class='ocrx_word' id='word_1_435' title='bbox 1596 698 1697 729; x_wconf 84' lang='lat' dir='ltr'>docet</span> <span class='ocrx_word' id='word_1_436' title='bbox 1712 696 1870 730; x_wconf 83' lang='lat' dir='ltr'>Primum</span> <span class='ocrx_word' id='word_1_437' title='bbox 1894 705 2135 742; x_wconf 88' lang='lat' dir='ltr'>praeceptum,</span> <span class='ocrx_word' id='word_1_438' title='bbox 2169 697 2250 731; x_wconf 88' lang='lat' dir='ltr'>Non</span> 
     </span>
     <span class='ocr_line' id='line_1_66' title="bbox 1271 746 2250 792; baseline 0.001 -12"><span class='ocrx_word' id='word_1_439' title='bbox 1271 746 1416 781; x_wconf 82' lang='lat' dir='ltr'>habebis</span> <span class='ocrx_word' id='word_1_440' title='bbox 1434 746 1527 780; x_wconf 90' lang='lat' dir='ltr'>Deos</span> <span class='ocrx_word' id='word_1_441' title='bbox 1545 748 1695 787; x_wconf 76' lang='lat' dir='ltr'>alienos,</span> <span class='ocrx_word' id='word_1_442' title='bbox 1722 749 1815 792; x_wconf 87' lang='lat' dir='ltr'>quod</span> <span class='ocrx_word' id='word_1_443' title='bbox 1836 761 1907 781; x_wconf 92' lang='lat' dir='ltr'>non</span> <span class='ocrx_word' id='word_1_444' title='bbox 1925 756 2061 782; x_wconf 84' lang='lat' dir='ltr'>tantum</span> <span class='ocrx_word' id='word_1_445' title='bbox 2080 750 2122 782; x_wconf 92' lang='lat' dir='ltr'>de</span> <span class='ocrx_word' id='word_1_446' title='bbox 2135 749 2250 782; x_wconf 86' lang='lat' dir='ltr'>mani-</span> 
     </span>
     <span class='ocr_line' id='line_1_67' title="bbox 1266 798 2248 841; baseline 0.001 -10"><span class='ocrx_word' id='word_1_447' title='bbox 1266 800 1350 832; x_wconf 81' lang='lat' dir='ltr'>festa</span> <span class='ocrx_word' id='word_1_448' title='bbox 1373 799 1589 831; x_wconf 89' lang='lat' dir='ltr'>idolomania</span> <span class='ocrx_word' id='word_1_449' title='bbox 1620 798 1887 841; x_wconf 87' lang='lat' dir='ltr'>intelligendum</span> <span class='ocrx_word' id='word_1_450' title='bbox 1914 807 1980 840; x_wconf 90' lang='lat' dir='ltr'>est,</span> <span class='ocrx_word' id='word_1_451' title='bbox 2008 812 2087 833; x_wconf 91' lang='lat' dir='ltr'>cum</span> <span class='ocrx_word' id='word_1_452' title='bbox 2113 806 2248 833; x_wconf 87' lang='lat' dir='ltr'>statuae</span> 
     </span>
     <span class='ocr_line' id='line_1_68' title="bbox 1268 848 2251 893; baseline 0.002 -12"><span class='ocrx_word' id='word_1_453' title='bbox 1268 857 1327 883; x_wconf 86' lang='lat' dir='ltr'>aut</span> <span class='ocrx_word' id='word_1_454' title='bbox 1351 861 1430 882; x_wconf 85' lang='lat' dir='ltr'>saxa</span> <span class='ocrx_word' id='word_1_455' title='bbox 1456 851 1665 882; x_wconf 86' lang='lat' dir='ltr'>adorantur:</span> <span class='ocrx_word' id='word_1_456' title='bbox 1703 851 1759 882; x_wconf 85' lang='lat' dir='ltr'>sed</span> <span class='ocrx_word' id='word_1_457' title='bbox 1792 848 1955 893; x_wconf 84' lang='lat' dir='ltr'>prohibet</span> <span class='ocrx_word' id='word_1_458' title='bbox 1985 863 2107 884; x_wconf 90' lang='lat' dir='ltr'>omnes</span> <span class='ocrx_word' id='word_1_459' title='bbox 2137 850 2251 884; x_wconf 89' lang='lat' dir='ltr'>cultus</span> 
     </span>
     <span class='ocr_line' id='line_1_69' title="bbox 1267 898 2251 946; baseline 0.002 -14"><span class='ocrx_word' id='word_1_460' title='bbox 1267 898 1458 939; x_wconf 85' lang='lat' dir='ltr'>humanos,</span> <span class='ocrx_word' id='word_1_461' title='bbox 1487 913 1574 945; x_wconf 88' lang='lat' dir='ltr'>quos</span> <span class='ocrx_word' id='word_1_462' title='bbox 1596 912 1733 932; x_wconf 89' lang='lat' dir='ltr'>necesse</span> <span class='ocrx_word' id='word_1_463' title='bbox 1760 908 1809 934; x_wconf 87' lang='lat' dir='ltr'>est</span> <span class='ocrx_word' id='word_1_464' title='bbox 1827 913 1898 934; x_wconf 87' lang='lat' dir='ltr'>esse</span> <span class='ocrx_word' id='word_1_465' title='bbox 1917 901 2140 942; x_wconf 81' lang='lat' dir='ltr'>itlolatricos,</span> <span class='ocrx_word' id='word_1_466' title='bbox 2168 901 2251 946; x_wconf 86' lang='lat' dir='ltr'>quia</span> 
     </span>
     <span class='ocr_line' id='line_1_70' title="bbox 1266 949 1959 987; baseline 0.001 -3"><span class='ocrx_word' id='word_1_467' title='bbox 1266 958 1386 985; x_wconf 90' lang='lat' dir='ltr'>contra</span> <span class='ocrx_word' id='word_1_468' title='bbox 1405 949 1472 984; x_wconf 86' lang='lat' dir='ltr'>hoc</span> <span class='ocrx_word' id='word_1_469' title='bbox 1489 953 1693 985; x_wconf 86' lang='lat' dir='ltr'>mandatum</span> <span class='ocrx_word' id='word_1_470' title='bbox 1714 952 1959 987; x_wconf 87' lang='lat' dir='ltr'>instituuntur.</span> 
     </span>
    </p>
   </div>
   <div class='ocr_carea' id='block_1_13' title="bbox 1264 1025 2250 1276">
    <p class='ocr_par' dir='ltr' id='par_1_13' title="bbox 1264 1025 2250 1276">
     <span class='ocr_line' id='line_1_71' title="bbox 1366 1025 2250 1072; baseline 0.002 -12"><span class='ocrx_word' id='word_1_471' title='bbox 1366 1026 1518 1072; x_wconf 83' lang='lat' dir='ltr'>Ideoque</span> <span class='ocrx_word' id='word_1_472' title='bbox 1549 1027 1586 1060; x_wconf 90' lang='lat' dir='ltr'>in</span> <span class='ocrx_word' id='word_1_473' title='bbox 1610 1025 1795 1071; x_wconf 83' lang='lat' dir='ltr'>Prophetis</span> <span class='ocrx_word' id='word_1_474' title='bbox 1821 1028 1948 1071; x_wconf 88' lang='lat' dir='ltr'>passim</span> <span class='ocrx_word' id='word_1_475' title='bbox 1981 1033 2164 1061; x_wconf 87' lang='lat' dir='ltr'>accusatur</span> <span class='ocrx_word' id='word_1_476' title='bbox 2186 1040 2250 1072; x_wconf 92' lang='lat' dir='ltr'>po-</span> 
     </span>
     <span class='ocr_line' id='line_1_72' title="bbox 1267 1078 2250 1125; baseline 0.001 -14"><span class='ocrx_word' id='word_1_477' title='bbox 1267 1079 1369 1122; x_wconf 85' lang='lat' dir='ltr'>pulus</span> <span class='ocrx_word' id='word_1_478' title='bbox 1392 1086 1537 1125; x_wconf 81' lang='lat' dir='ltr'>propter</span> <span class='ocrx_word' id='word_1_479' title='bbox 1561 1079 1645 1111; x_wconf 90' lang='lat' dir='ltr'>tales</span> <span class='ocrx_word' id='word_1_480' title='bbox 1667 1079 1799 1119; x_wconf 89' lang='lat' dir='ltr'>cultus,</span> <span class='ocrx_word' id='word_1_481' title='bbox 1827 1085 1859 1111; x_wconf 90' lang='lat' dir='ltr'>et</span> <span class='ocrx_word' id='word_1_482' title='bbox 1879 1085 2050 1111; x_wconf 87' lang='lat' dir='ltr'>vocantur</span> <span class='ocrx_word' id='word_1_483' title='bbox 2068 1078 2250 1120; x_wconf 85' lang='lat' dir='ltr'>idolatrae,</span> 
     </span>
     <span class='ocr_line' id='line_1_73' title="bbox 1264 1125 2246 1170; baseline 0 -8"><span class='ocrx_word' id='word_1_484' title='bbox 1264 1130 1353 1162; x_wconf 90' lang='lat' dir='ltr'>sicut</span> <span class='ocrx_word' id='word_1_485' title='bbox 1379 1137 1452 1163; x_wconf 84' lang='lat' dir='ltr'>erat</span> <span class='ocrx_word' id='word_1_486' title='bbox 1475 1130 1589 1162; x_wconf 87' lang='lat' dir='ltr'>cultus</span> <span class='ocrx_word' id='word_1_487' title='bbox 1606 1125 1799 1162; x_wconf 77' lang='lat' dir='ltr'>vituloruni</span> <span class='ocrx_word' id='word_1_488' title='bbox 1818 1130 1853 1162; x_wconf 93' lang='lat' dir='ltr'>in</span> <span class='ocrx_word' id='word_1_489' title='bbox 1869 1127 1993 1163; x_wconf 80' lang='lat' dir='ltr'>Betliel</span> <span class='ocrx_word' id='word_1_490' title='bbox 2007 1156 2015 1170; x_wconf 92' lang='lat'>,</span> <span class='ocrx_word' id='word_1_491' title='bbox 2043 1136 2076 1163; x_wconf 90' lang='lat' dir='ltr'>et</span> <span class='ocrx_word' id='word_1_492' title='bbox 2093 1129 2246 1163; x_wconf 83' lang='lat' dir='ltr'>excelso-</span> 
     </span>
     <span class='ocr_line' id='line_1_74' title="bbox 1264 1180 2250 1222; baseline 0.001 -9"><span class='ocrx_word' id='word_1_493' title='bbox 1264 1193 1342 1213; x_wconf 87' lang='lat' dir='ltr'>rum</span> <span class='ocrx_word' id='word_1_494' title='bbox 1364 1180 1400 1213; x_wconf 89' lang='lat' dir='ltr'>in</span> <span class='ocrx_word' id='word_1_495' title='bbox 1420 1181 1524 1221; x_wconf 90' lang='lat' dir='ltr'>lucis,</span> <span class='ocrx_word' id='word_1_496' title='bbox 1559 1180 1631 1222; x_wconf 87' lang='lat' dir='ltr'>Qui</span> <span class='ocrx_word' id='word_1_497' title='bbox 1649 1181 1787 1214; x_wconf 87' lang='lat' dir='ltr'>tametsi</span> <span class='ocrx_word' id='word_1_498' title='bbox 1807 1181 2048 1214; x_wconf 82' lang='lat' dir='ltr'>sacrificabant</span> <span class='ocrx_word' id='word_1_499' title='bbox 2072 1192 2144 1213; x_wconf 91' lang='lat' dir='ltr'>non</span> <span class='ocrx_word' id='word_1_500' title='bbox 2170 1180 2250 1214; x_wconf 91' lang='lat' dir='ltr'>ido-</span> 
     </span>
     <span class='ocr_line' id='line_1_75' title="bbox 1264 1230 2250 1276; baseline 0 -12"><span class='ocrx_word' id='word_1_501' title='bbox 1264 1232 1328 1271; x_wconf 89' lang='lat' dir='ltr'>lis,</span> <span class='ocrx_word' id='word_1_502' title='bbox 1356 1232 1447 1264; x_wconf 82' lang='lat' dir='ltr'>sicut</span> <span class='ocrx_word' id='word_1_503' title='bbox 1473 1239 1607 1274; x_wconf 80' lang='lat' dir='ltr'>gentes:</span> <span class='ocrx_word' id='word_1_504' title='bbox 1636 1233 1694 1264; x_wconf 89' lang='lat' dir='ltr'>sed</span> <span class='ocrx_word' id='word_1_505' title='bbox 1723 1232 1785 1264; x_wconf 92' lang='lat' dir='ltr'>uni</span> <span class='ocrx_word' id='word_1_506' title='bbox 1805 1230 1898 1271; x_wconf 84' lang='lat' dir='ltr'>Deo,</span> <span class='ocrx_word' id='word_1_507' title='bbox 1926 1238 1961 1265; x_wconf 87' lang='lat' dir='ltr'>et</span> <span class='ocrx_word' id='word_1_508' title='bbox 1983 1231 2127 1276; x_wconf 88' lang='lat' dir='ltr'>quidem</span> <span class='ocrx_word' id='word_1_509' title='bbox 2150 1231 2250 1264; x_wconf 88' lang='lat' dir='ltr'>sirni-</span> 
     </span>
    </p>
   </div>
   <div class='ocr_carea' id='block_1_14' title="bbox 1236 1282 2248 1327">
    <p class='ocr_par' dir='ltr' id='par_1_14' title="bbox 1236 1282 2248 1327">
     <span class='ocr_line' id='line_1_76' title="bbox 1236 1282 2248 1327; baseline 0 -12"><span class='ocrx_word' id='word_1_510' title='bbox 1236 1294 1238 1300; x_wconf 94' lang='lat'></span> <span class='ocrx_word' id='word_1_511' title='bbox 1263 1283 1313 1315; x_wconf 75' lang='lat' dir='ltr'>les</span> <span class='ocrx_word' id='word_1_512' title='bbox 1331 1290 1431 1316; x_wconf 90' lang='lat' dir='ltr'>erant</span> <span class='ocrx_word' id='word_1_513' title='bbox 1448 1283 1536 1316; x_wconf 88' lang='lat' dir='ltr'>ritus</span> <span class='ocrx_word' id='word_1_514' title='bbox 1560 1283 1648 1321; x_wconf 86' lang='lat' dir='ltr'>illis,</span> <span class='ocrx_word' id='word_1_515' title='bbox 1678 1283 1737 1327; x_wconf 89' lang='lat' dir='ltr'>qui</span> <span class='ocrx_word' id='word_1_516' title='bbox 1759 1290 1858 1317; x_wconf 87' lang='lat' dir='ltr'>erant</span> <span class='ocrx_word' id='word_1_517' title='bbox 1877 1282 2032 1316; x_wconf 87' lang='lat' dir='ltr'>instituti</span> <span class='ocrx_word' id='word_1_518' title='bbox 2047 1282 2153 1316; x_wconf 90' lang='lat' dir='ltr'>verbo</span> <span class='ocrx_word' id='word_1_519' title='bbox 2170 1282 2248 1323; x_wconf 88' lang='lat' dir='ltr'>Dei,</span> 
     </span>
    </p>
   </div>
   <div class='ocr_carea' id='block_1_15' title="bbox 1260 1333 2250 1927">
    <p class='ocr_par' dir='ltr' id='par_1_15' title="bbox 1260 1333 2250 1927">
     <span class='ocr_line' id='line_1_77' title="bbox 1262 1333 2249 1378; baseline 0.001 -13"><span class='ocrx_word' id='word_1_520' title='bbox 1262 1340 1379 1366; x_wconf 84' lang='lat' dir='ltr'>tamen</span> <span class='ocrx_word' id='word_1_521' title='bbox 1407 1340 1577 1366; x_wconf 84' lang='lat' dir='ltr'>vocantur</span> <span class='ocrx_word' id='word_1_522' title='bbox 1602 1333 1805 1374; x_wconf 77' lang='lat' dir='ltr'>idolatriae,</span> <span class='ocrx_word' id='word_1_523' title='bbox 1839 1333 1919 1378; x_wconf 91' lang='lat' dir='ltr'>quia</span> <span class='ocrx_word' id='word_1_524' title='bbox 1944 1340 2066 1367; x_wconf 88' lang='lat' dir='ltr'>contra</span> <span class='ocrx_word' id='word_1_525' title='bbox 2094 1334 2249 1366; x_wconf 88' lang='lat' dir='ltr'>manda-</span> 
     </span>
     <span class='ocr_line' id='line_1_78' title="bbox 1262 1381 2249 1427; baseline 0 -10"><span class='ocrx_word' id='word_1_526' title='bbox 1262 1391 1336 1417; x_wconf 89' lang='lat' dir='ltr'>tum</span> <span class='ocrx_word' id='word_1_527' title='bbox 1364 1383 1430 1416; x_wconf 85' lang='lat' dir='ltr'>Dei</span> <span class='ocrx_word' id='word_1_528' title='bbox 1452 1385 1496 1417; x_wconf 88' lang='lat' dir='ltr'>ab</span> <span class='ocrx_word' id='word_1_529' title='bbox 1521 1384 1604 1427; x_wconf 89' lang='lat' dir='ltr'>ipsis</span> <span class='ocrx_word' id='word_1_530' title='bbox 1629 1391 1730 1416; x_wconf 91' lang='lat' dir='ltr'>erant</span> <span class='ocrx_word' id='word_1_531' title='bbox 1752 1385 1870 1423; x_wconf 86' lang='lat' dir='ltr'>electi,</span> <span class='ocrx_word' id='word_1_532' title='bbox 1906 1384 1977 1416; x_wconf 87' lang='lat' dir='ltr'>imo</span> <span class='ocrx_word' id='word_1_533' title='bbox 2009 1381 2076 1417; x_wconf 88' lang='lat' dir='ltr'>hoc</span> <span class='ocrx_word' id='word_1_534' title='bbox 2103 1383 2249 1417; x_wconf 86' lang='lat' dir='ltr'>nomine</span> 
     </span>
     <span class='ocr_line' id='line_1_79' title="bbox 1262 1433 2250 1480; baseline 0.001 -14"><span class='ocrx_word' id='word_1_535' title='bbox 1262 1434 1402 1477; x_wconf 88' lang='lat' dir='ltr'>gravius</span> <span class='ocrx_word' id='word_1_536' title='bbox 1424 1441 1606 1467; x_wconf 89' lang='lat' dir='ltr'>accusatur</span> <span class='ocrx_word' id='word_1_537' title='bbox 1632 1434 1783 1478; x_wconf 91' lang='lat' dir='ltr'>populus</span> <span class='ocrx_word' id='word_1_538' title='bbox 1810 1433 1972 1467; x_wconf 86' lang='lat' dir='ltr'>Iudaicus</span> <span class='ocrx_word' id='word_1_539' title='bbox 1992 1446 2097 1480; x_wconf 88' lang='lat' dir='ltr'>quam</span> <span class='ocrx_word' id='word_1_540' title='bbox 2119 1441 2250 1477; x_wconf 88' lang='lat' dir='ltr'>gentes,</span> 
     </span>
     <span class='ocr_line' id='line_1_80' title="bbox 1262 1485 2249 1529; baseline 0.001 -12"><span class='ocrx_word' id='word_1_541' title='bbox 1262 1486 1356 1529; x_wconf 89' lang='lat' dir='ltr'>quod</span> <span class='ocrx_word' id='word_1_542' title='bbox 1374 1485 1571 1518; x_wconf 86' lang='lat' dir='ltr'>meretricio</span> <span class='ocrx_word' id='word_1_543' title='bbox 1591 1497 1686 1517; x_wconf 90' lang='lat' dir='ltr'>more</span> <span class='ocrx_word' id='word_1_544' title='bbox 1711 1485 1945 1525; x_wconf 90' lang='lat' dir='ltr'>fornicentur,</span> <span class='ocrx_word' id='word_1_545' title='bbox 1976 1493 2010 1519; x_wconf 91' lang='lat' dir='ltr'>et</span> <span class='ocrx_word' id='word_1_546' title='bbox 2035 1496 2070 1517; x_wconf 90' lang='lat' dir='ltr'>se</span> <span class='ocrx_word' id='word_1_547' title='bbox 2097 1485 2249 1529; x_wconf 87' lang='lat' dir='ltr'>turpiter</span> 
     </span>
     <span class='ocr_line' id='line_1_81' title="bbox 1263 1533 2249 1580; baseline 0.002 -13"><span class='ocrx_word' id='word_1_548' title='bbox 1263 1536 1474 1579; x_wconf 87' lang='lat' dir='ltr'>prostituant</span> <span class='ocrx_word' id='word_1_549' title='bbox 1505 1536 1572 1568; x_wconf 89' lang='lat' dir='ltr'>diis</span> <span class='ocrx_word' id='word_1_550' title='bbox 1606 1535 1741 1569; x_wconf 87' lang='lat' dir='ltr'>alienis.</span> <span class='ocrx_word' id='word_1_551' title='bbox 1796 1535 1889 1577; x_wconf 89' lang='lat' dir='ltr'>Quia</span> <span class='ocrx_word' id='word_1_552' title='bbox 1913 1548 1991 1568; x_wconf 93' lang='lat' dir='ltr'>cum</span> <span class='ocrx_word' id='word_1_553' title='bbox 2016 1533 2074 1568; x_wconf 91' lang='lat' dir='ltr'>hic</span> <span class='ocrx_word' id='word_1_554' title='bbox 2097 1536 2249 1580; x_wconf 90' lang='lat' dir='ltr'>populus</span> 
     </span>
     <span class='ocr_line' id='line_1_82' title="bbox 1260 1584 2248 1628; baseline 0.001 -9"><span class='ocrx_word' id='word_1_555' title='bbox 1260 1586 1472 1628; x_wconf 85' lang='lat' dir='ltr'>gloriaretur</span> <span class='ocrx_word' id='word_1_556' title='bbox 1493 1598 1528 1619; x_wconf 93' lang='lat' dir='ltr'>se</span> <span class='ocrx_word' id='word_1_557' title='bbox 1553 1584 1682 1618; x_wconf 89' lang='lat' dir='ltr'>habere</span> <span class='ocrx_word' id='word_1_558' title='bbox 1712 1586 1880 1620; x_wconf 89' lang='lat' dir='ltr'>noticiam</span> <span class='ocrx_word' id='word_1_559' title='bbox 1904 1584 1987 1627; x_wconf 88' lang='lat' dir='ltr'>Dei,</span> <span class='ocrx_word' id='word_1_560' title='bbox 2013 1584 2143 1619; x_wconf 88' lang='lat' dir='ltr'>habere</span> <span class='ocrx_word' id='word_1_561' title='bbox 2169 1598 2248 1620; x_wconf 89' lang='lat' dir='ltr'>ver-</span> 
     </span>
     <span class='ocr_line' id='line_1_83' title="bbox 1260 1635 2248 1683; baseline 0.002 -14"><span class='ocrx_word' id='word_1_562' title='bbox 1260 1637 1367 1677; x_wconf 85' lang='lat' dir='ltr'>bum,</span> <span class='ocrx_word' id='word_1_563' title='bbox 1396 1638 1492 1682; x_wconf 87' lang='lat' dir='ltr'>quod</span> <span class='ocrx_word' id='word_1_564' title='bbox 1518 1637 1566 1669; x_wconf 89' lang='lat' dir='ltr'>eis</span> <span class='ocrx_word' id='word_1_565' title='bbox 1592 1635 1689 1670; x_wconf 86' lang='lat' dir='ltr'>Deus</span> <span class='ocrx_word' id='word_1_566' title='bbox 1713 1637 1922 1678; x_wconf 87' lang='lat' dir='ltr'>tradiderat,</span> <span class='ocrx_word' id='word_1_567' title='bbox 1949 1643 1988 1671; x_wconf 90' lang='lat' dir='ltr'>ut</span> <span class='ocrx_word' id='word_1_568' title='bbox 2012 1638 2142 1671; x_wconf 84' lang='lat' dir='ltr'>scirent</span> <span class='ocrx_word' id='word_1_569' title='bbox 2159 1650 2248 1683; x_wconf 91' lang='lat' dir='ltr'>quo-</span> 
     </span>
     <span class='ocr_line' id='line_1_84' title="bbox 1260 1688 2248 1728; baseline 0.003 -9"><span class='ocrx_word' id='word_1_570' title='bbox 1260 1688 1365 1720; x_wconf 89' lang='lat' dir='ltr'>modo</span> <span class='ocrx_word' id='word_1_571' title='bbox 1384 1689 1487 1722; x_wconf 86' lang='lat' dir='ltr'>vellet</span> <span class='ocrx_word' id='word_1_572' title='bbox 1505 1688 1592 1728; x_wconf 91' lang='lat' dir='ltr'>coli,</span> <span class='ocrx_word' id='word_1_573' title='bbox 1621 1695 1739 1721; x_wconf 86' lang='lat' dir='ltr'>tamen</span> <span class='ocrx_word' id='word_1_574' title='bbox 1758 1700 1820 1721; x_wconf 90' lang='lat' dir='ltr'>suo</span> <span class='ocrx_word' id='word_1_575' title='bbox 1837 1688 1986 1721; x_wconf 86' lang='lat' dir='ltr'>arbitrio</span> <span class='ocrx_word' id='word_1_576' title='bbox 2004 1700 2116 1721; x_wconf 92' lang='lat' dir='ltr'>novos</span> <span class='ocrx_word' id='word_1_577' title='bbox 2133 1688 2248 1723; x_wconf 86' lang='lat' dir='ltr'>cultus</span> 
     </span>
     <span class='ocr_line' id='line_1_85' title="bbox 1260 1738 2247 1784; baseline 0.002 -13"><span class='ocrx_word' id='word_1_578' title='bbox 1260 1739 1505 1782; x_wconf 84' lang='lat' dir='ltr'>excogitabant</span> <span class='ocrx_word' id='word_1_579' title='bbox 1527 1746 1647 1772; x_wconf 89' lang='lat' dir='ltr'>contra</span> <span class='ocrx_word' id='word_1_580' title='bbox 1664 1740 1868 1772; x_wconf 85' lang='lat' dir='ltr'>mandatum</span> <span class='ocrx_word' id='word_1_581' title='bbox 1887 1739 1964 1774; x_wconf 88' lang='lat' dir='ltr'>Dei.</span> <span class='ocrx_word' id='word_1_582' title='bbox 2022 1738 2152 1784; x_wconf 83' lang='lat' dir='ltr'>Itaque</span> <span class='ocrx_word' id='word_1_583' title='bbox 2168 1751 2247 1783; x_wconf 85' lang='lat' dir='ltr'>gra-</span> 
     </span>
     <span class='ocr_line' id='line_1_86' title="bbox 1260 1788 2248 1834; baseline 0.002 -12"><span class='ocrx_word' id='word_1_584' title='bbox 1260 1790 1338 1823; x_wconf 87' lang='lat' dir='ltr'>vius</span> <span class='ocrx_word' id='word_1_585' title='bbox 1363 1797 1435 1823; x_wconf 90' lang='lat' dir='ltr'>erat</span> <span class='ocrx_word' id='word_1_586' title='bbox 1454 1790 1643 1833; x_wconf 82' lang='lat' dir='ltr'>flagitium,</span> <span class='ocrx_word' id='word_1_587' title='bbox 1668 1802 1731 1823; x_wconf 88' lang='lat' dir='ltr'>nec</span> <span class='ocrx_word' id='word_1_588' title='bbox 1751 1797 1886 1834; x_wconf 87' lang='lat' dir='ltr'>poterat</span> <span class='ocrx_word' id='word_1_589' title='bbox 1906 1788 1989 1823; x_wconf 89' lang='lat' dir='ltr'>haec</span> <span class='ocrx_word' id='word_1_590' title='bbox 2007 1790 2173 1824; x_wconf 88' lang='lat' dir='ltr'>idolatria</span> <span class='ocrx_word' id='word_1_591' title='bbox 2188 1803 2248 1824; x_wconf 83' lang='lat' dir='ltr'>ex-</span> 
     </span>
     <span class='ocr_line' id='line_1_87' title="bbox 1261 1839 2247 1886; baseline 0.002 -13"><span class='ocrx_word' id='word_1_592' title='bbox 1261 1841 1373 1874; x_wconf 87' lang='lat' dir='ltr'>cusari</span> <span class='ocrx_word' id='word_1_593' title='bbox 1392 1841 1630 1884; x_wconf 83' lang='lat' dir='ltr'>ignoratione,</span> <span class='ocrx_word' id='word_1_594' title='bbox 1658 1841 1746 1874; x_wconf 90' lang='lat' dir='ltr'>sicut</span> <span class='ocrx_word' id='word_1_595' title='bbox 1770 1841 1945 1884; x_wconf 88' lang='lat' dir='ltr'>gentium,</span> <span class='ocrx_word' id='word_1_596' title='bbox 1971 1853 2060 1886; x_wconf 80' lang='lat' dir='ltr'>quae</span> <span class='ocrx_word' id='word_1_597' title='bbox 2087 1853 2160 1875; x_wconf 91' lang='lat' dir='ltr'>non</span> <span class='ocrx_word' id='word_1_598' title='bbox 2184 1839 2247 1875; x_wconf 88' lang='lat' dir='ltr'>ha-</span> 
     </span>
     <span class='ocr_line' id='line_1_88' title="bbox 1262 1892 1567 1927; baseline 0.01 -3"><span class='ocrx_word' id='word_1_599' title='bbox 1262 1892 1391 1925; x_wconf 75' lang='lat' dir='ltr'>bebant</span> <span class='ocrx_word' id='word_1_600' title='bbox 1407 1893 1567 1927; x_wconf 86' lang='lat' dir='ltr'>verbum.</span> 
     </span>
    </p>
   </div>
   <div class='ocr_carea' id='block_1_16' title="bbox 1258 1965 2246 2471">
    <p class='ocr_par' dir='ltr' id='par_1_16' title="bbox 1258 1965 2246 2471">
     <span class='ocr_line' id='line_1_89' title="bbox 1362 1965 2246 2012; baseline 0.002 -12"><span class='ocrx_word' id='word_1_601' title='bbox 1362 1967 1440 2001; x_wconf 87' lang='lat' dir='ltr'>Hoc</span> <span class='ocrx_word' id='word_1_602' title='bbox 1464 1968 1616 2012; x_wconf 90' lang='lat' dir='ltr'>primum</span> <span class='ocrx_word' id='word_1_603' title='bbox 1645 1968 1680 2000; x_wconf 92' lang='lat' dir='ltr'>in</span> <span class='ocrx_word' id='word_1_604' title='bbox 1704 1979 1829 2011; x_wconf 85' lang='lat' dir='ltr'>genere</span> <span class='ocrx_word' id='word_1_605' title='bbox 1848 1965 1914 2000; x_wconf 89' lang='lat' dir='ltr'>hoc</span> <span class='ocrx_word' id='word_1_606' title='bbox 1938 1967 2015 2000; x_wconf 93' lang='lat' dir='ltr'>loco</span> <span class='ocrx_word' id='word_1_607' title='bbox 2039 1968 2246 2003; x_wconf 88' lang='lat' dir='ltr'>observetur</span> 
     </span>
     <span class='ocr_line' id='line_1_90' title="bbox 1262 2018 2245 2066; baseline 0.002 -15"><span class='ocrx_word' id='word_1_608' title='bbox 1262 2020 1305 2052; x_wconf 90' lang='lat' dir='ltr'>de</span> <span class='ocrx_word' id='word_1_609' title='bbox 1323 2019 1504 2057; x_wconf 82' lang='lat' dir='ltr'>idolatria,</span> <span class='ocrx_word' id='word_1_610' title='bbox 1533 2020 1628 2066; x_wconf 82' lang='lat' dir='ltr'>quod</span> <span class='ocrx_word' id='word_1_611' title='bbox 1654 2018 1816 2052; x_wconf 88' lang='lat' dir='ltr'>idolatria</span> <span class='ocrx_word' id='word_1_612' title='bbox 1841 2024 2011 2051; x_wconf 90' lang='lat' dir='ltr'>vocentur</span> <span class='ocrx_word' id='word_1_613' title='bbox 2027 2031 2149 2052; x_wconf 91' lang='lat' dir='ltr'>omnes</span> <span class='ocrx_word' id='word_1_614' title='bbox 2169 2021 2245 2053; x_wconf 83' lang='lat' dir='ltr'>cul</span> 
     </span>
     <span class='ocr_line' id='line_1_91' title="bbox 1261 2068 2244 2104; baseline 0.002 -2"><span class='ocrx_word' id='word_1_615' title='bbox 1261 2077 1316 2103; x_wconf 89' lang='lat' dir='ltr'>tus</span> <span class='ocrx_word' id='word_1_616' title='bbox 1343 2070 1416 2103; x_wconf 87' lang='lat' dir='ltr'>sine</span> <span class='ocrx_word' id='word_1_617' title='bbox 1442 2071 1546 2104; x_wconf 88' lang='lat' dir='ltr'>verbo</span> <span class='ocrx_word' id='word_1_618' title='bbox 1571 2069 1637 2103; x_wconf 87' lang='lat' dir='ltr'>Dei</span> <span class='ocrx_word' id='word_1_619' title='bbox 1665 2069 1827 2102; x_wconf 86' lang='lat' dir='ltr'>instituti.</span> <span class='ocrx_word' id='word_1_620' title='bbox 1879 2068 2017 2102; x_wconf 91' lang='lat' dir='ltr'>Deinde</span> <span class='ocrx_word' id='word_1_621' title='bbox 2041 2071 2244 2104; x_wconf 86' lang='lat' dir='ltr'>memineri-</span> 
     </span>
     <span class='ocr_line' id='line_1_92' title="bbox 1261 2118 2244 2156; baseline 0.001 -2"><span class='ocrx_word' id='word_1_622' title='bbox 1261 2133 1339 2154; x_wconf 91' lang='lat' dir='ltr'>mus</span> <span class='ocrx_word' id='word_1_623' title='bbox 1365 2118 1422 2153; x_wconf 85' lang='lat' dir='ltr'>hic</span> <span class='ocrx_word' id='word_1_624' title='bbox 1448 2121 1602 2154; x_wconf 84' lang='lat' dir='ltr'>accusari</span> <span class='ocrx_word' id='word_1_625' title='bbox 1628 2120 1811 2153; x_wconf 82' lang='lat' dir='ltr'>idolatriae</span> <span class='ocrx_word' id='word_1_626' title='bbox 1837 2119 1874 2151; x_wconf 85' lang='lat' dir='ltr'>in</span> <span class='ocrx_word' id='word_1_627' title='bbox 1899 2119 2104 2154; x_wconf 87' lang='lat' dir='ltr'>universum</span> <span class='ocrx_word' id='word_1_628' title='bbox 2123 2133 2244 2156; x_wconf 90' lang='lat' dir='ltr'>omnes</span> 
     </span>
     <span class='ocr_line' id='line_1_93' title="bbox 1262 2168 2243 2217; baseline 0.002 -13"><span class='ocrx_word' id='word_1_629' title='bbox 1262 2169 1441 2212; x_wconf 86' lang='lat' dir='ltr'>homiues,</span> <span class='ocrx_word' id='word_1_630' title='bbox 1466 2173 1525 2217; x_wconf 91' lang='lat' dir='ltr'>qui</span> <span class='ocrx_word' id='word_1_631' title='bbox 1547 2184 1618 2205; x_wconf 93' lang='lat' dir='ltr'>non</span> <span class='ocrx_word' id='word_1_632' title='bbox 1639 2177 1770 2204; x_wconf 91' lang='lat' dir='ltr'>norunt</span> <span class='ocrx_word' id='word_1_633' title='bbox 1787 2168 1854 2203; x_wconf 91' lang='lat' dir='ltr'>hoc</span> <span class='ocrx_word' id='word_1_634' title='bbox 1872 2171 2016 2204; x_wconf 85' lang='lat' dir='ltr'>verbum</span> <span class='ocrx_word' id='word_1_635' title='bbox 2029 2196 2038 2209; x_wconf 89' lang='lat'><strong></strong></span> <span class='ocrx_word' id='word_1_636' title='bbox 2057 2173 2151 2216; x_wconf 85' lang='lat' dir='ltr'>quod</span> <span class='ocrx_word' id='word_1_637' title='bbox 2170 2173 2243 2216; x_wconf 87' lang='lat' dir='ltr'>pri-</span> 
     </span>
     <span class='ocr_line' id='line_1_94' title="bbox 1262 2221 2243 2267; baseline 0.002 -12"><span class='ocrx_word' id='word_1_638' title='bbox 1262 2235 1357 2256; x_wconf 88' lang='lat' dir='ltr'>mum</span> <span class='ocrx_word' id='word_1_639' title='bbox 1386 2223 1436 2255; x_wconf 84' lang='lat' dir='ltr'>illi</span> <span class='ocrx_word' id='word_1_640' title='bbox 1464 2224 1593 2267; x_wconf 89' lang='lat' dir='ltr'>populo</span> <span class='ocrx_word' id='word_1_641' title='bbox 1612 2223 1648 2255; x_wconf 89' lang='lat' dir='ltr'>in</span> <span class='ocrx_word' id='word_1_642' title='bbox 1670 2221 1964 2266; x_wconf 85' lang='lat' dir='ltr'>promissionibus</span> <span class='ocrx_word' id='word_1_643' title='bbox 1982 2222 2150 2256; x_wconf 86' lang='lat' dir='ltr'>traditum</span> <span class='ocrx_word' id='word_1_644' title='bbox 2166 2224 2243 2265; x_wconf 81' lang='lat' dir='ltr'>fuit,</span> 
     </span>
     <span class='ocr_line' id='line_1_95' title="bbox 1261 2272 2242 2318; baseline 0.002 -12"><span class='ocrx_word' id='word_1_645' title='bbox 1261 2276 1320 2307; x_wconf 83' lang='lat' dir='ltr'>sed</span> <span class='ocrx_word' id='word_1_646' title='bbox 1341 2281 1458 2318; x_wconf 86' lang='lat' dir='ltr'>postea</span> <span class='ocrx_word' id='word_1_647' title='bbox 1484 2286 1545 2318; x_wconf 89' lang='lat' dir='ltr'>per</span> <span class='ocrx_word' id='word_1_648' title='bbox 1562 2273 1857 2318; x_wconf 86' lang='lat' dir='ltr'>praedicationem</span> <span class='ocrx_word' id='word_1_649' title='bbox 1873 2272 2057 2315; x_wconf 86' lang='lat' dir='ltr'>Evangelii</span> <span class='ocrx_word' id='word_1_650' title='bbox 2083 2285 2242 2317; x_wconf 89' lang='lat' dir='ltr'>sparsum</span> 
     </span>
     <span class='ocr_line' id='line_1_96' title="bbox 1259 2323 2243 2359; baseline 0.001 -1"><span class='ocrx_word' id='word_1_651' title='bbox 1259 2325 1362 2358; x_wconf 89' lang='lat' dir='ltr'>estin</span> <span class='ocrx_word' id='word_1_652' title='bbox 1384 2331 1495 2358; x_wconf 88' lang='lat' dir='ltr'>totum</span> <span class='ocrx_word' id='word_1_653' title='bbox 1515 2326 1646 2358; x_wconf 77' lang='lat' dir='ltr'>orbem.</span> <span class='ocrx_word' id='word_1_654' title='bbox 1700 2323 1793 2356; x_wconf 90' lang='lat' dir='ltr'>Hinc</span> <span class='ocrx_word' id='word_1_655' title='bbox 1811 2324 1903 2356; x_wconf 86' lang='lat' dir='ltr'>enim</span> <span class='ocrx_word' id='word_1_656' title='bbox 1922 2330 2057 2357; x_wconf 86' lang='lat' dir='ltr'>tantum</span> <span class='ocrx_word' id='word_1_657' title='bbox 2076 2332 2168 2358; x_wconf 87' lang='lat' dir='ltr'>recte</span> <span class='ocrx_word' id='word_1_658' title='bbox 2184 2338 2243 2359; x_wconf 88' lang='lat' dir='ltr'>co-</span> 
     </span>
     <span class='ocr_line' id='line_1_97' title="bbox 1258 2374 2241 2420; baseline 0.001 -12"><span class='ocrx_word' id='word_1_659' title='bbox 1258 2376 1379 2418; x_wconf 81' lang='lat' dir='ltr'>gnosci</span> <span class='ocrx_word' id='word_1_660' title='bbox 1397 2383 1509 2420; x_wconf 88' lang='lat' dir='ltr'>potest</span> <span class='ocrx_word' id='word_1_661' title='bbox 1525 2377 1640 2415; x_wconf 90' lang='lat' dir='ltr'>Deus,</span> <span class='ocrx_word' id='word_1_662' title='bbox 1669 2382 1702 2408; x_wconf 88' lang='lat' dir='ltr'>et</span> <span class='ocrx_word' id='word_1_663' title='bbox 1719 2374 1887 2418; x_wconf 83' lang='lat' dir='ltr'>intelligi,</span> <span class='ocrx_word' id='word_1_664' title='bbox 1915 2376 2092 2420; x_wconf 89' lang='lat' dir='ltr'>quomodo</span> <span class='ocrx_word' id='word_1_665' title='bbox 2118 2376 2163 2410; x_wconf 89' lang='lat' dir='ltr'>sit</span> <span class='ocrx_word' id='word_1_666' title='bbox 2184 2389 2241 2409; x_wconf 94' lang='lat' dir='ltr'>co-</span> 
     </span>
     <span class='ocr_line' id='line_1_98' title="bbox 1259 2423 2238 2471; baseline 0.001 -12"><span class='ocrx_word' id='word_1_667' title='bbox 1259 2427 1395 2461; x_wconf 80' lang='lat' dir='ltr'>lendus,</span> <span class='ocrx_word' id='word_1_668' title='bbox 1447 2427 1534 2460; x_wconf 73' lang='lat' dir='ltr'>Nam</span> <span class='ocrx_word' id='word_1_669' title='bbox 1560 2427 1648 2460; x_wconf 91' lang='lat' dir='ltr'>ratio</span> <span class='ocrx_word' id='word_1_670' title='bbox 1678 2424 1830 2459; x_wconf 87' lang='lat' dir='ltr'>humana</span> <span class='ocrx_word' id='word_1_671' title='bbox 1863 2426 1926 2458; x_wconf 87' lang='lat' dir='ltr'>etsi</span> <span class='ocrx_word' id='word_1_672' title='bbox 1953 2423 2057 2459; x_wconf 86' lang='lat' dir='ltr'>habet</span> <span class='ocrx_word' id='word_1_673' title='bbox 2087 2427 2238 2471; x_wconf 85' lang='lat' dir='ltr'>aliquam</span> 
     </span>
    </p>
   </div>
   <div class='ocr_carea' id='block_1_17' title="bbox 856 2476 2239 2523">
    <p class='ocr_par' dir='ltr' id='par_1_17' title="bbox 856 2476 2239 2523">
     <span class='ocr_line' id='line_1_99' title="bbox 856 2476 2239 2523; baseline 0 -12"><span class='ocrx_word' id='word_1_674' title='bbox 856 2476 902 2511; x_wconf 87' lang='lat' dir='ltr'>Et</span> <span class='ocrx_word' id='word_1_675' title='bbox 927 2485 964 2511; x_wconf 88' lang='lat' dir='ltr'>ut</span> <span class='ocrx_word' id='word_1_676' title='bbox 990 2479 1104 2512; x_wconf 88' lang='lat' dir='ltr'>cultus</span> <span class='ocrx_word' id='word_1_677' title='bbox 1129 2478 1205 2521; x_wconf 84' lang='lat' dir='ltr'>pla</span> <span class='ocrx_word' id='word_1_678' title='bbox 1228 2476 1233 2523; x_wconf 72' lang='lat' dir='ltr'>f</span> <span class='ocrx_word' id='word_1_679' title='bbox 1257 2478 1423 2511; x_wconf 90' lang='lat' dir='ltr'>noticiam</span> <span class='ocrx_word' id='word_1_680' title='bbox 1459 2479 1501 2510; x_wconf 92' lang='lat' dir='ltr'>de</span> <span class='ocrx_word' id='word_1_681' title='bbox 1528 2478 1602 2511; x_wconf 87' lang='lat' dir='ltr'>Deo</span> <span class='ocrx_word' id='word_1_682' title='bbox 1636 2478 1838 2521; x_wconf 84' lang='lat' dir='ltr'>impressam</span> <span class='ocrx_word' id='word_1_683' title='bbox 1879 2484 2044 2517; x_wconf 87' lang='lat' dir='ltr'>naturae,</span> <span class='ocrx_word' id='word_1_684' title='bbox 2078 2477 2239 2511; x_wconf 84' lang='lat' dir='ltr'>videlicet</span> 
     </span>
    </p>
   </div>
   <div class='ocr_carea' id='block_1_18' title="bbox 1256 2528 2237 2625">
    <p class='ocr_par' dir='ltr' id='par_1_18' title="bbox 1256 2528 2237 2625">
     <span class='ocr_line' id='line_1_100' title="bbox 1257 2528 2237 2573; baseline -0.001 -11"><span class='ocrx_word' id='word_1_685' title='bbox 1257 2530 1350 2573; x_wconf 90' lang='lat' dir='ltr'>quod</span> <span class='ocrx_word' id='word_1_686' title='bbox 1370 2528 1519 2562; x_wconf 87' lang='lat' dir='ltr'>sitDeus</span> <span class='ocrx_word' id='word_1_687' title='bbox 1536 2529 1699 2562; x_wconf 89' lang='lat' dir='ltr'>conditor</span> <span class='ocrx_word' id='word_1_688' title='bbox 1715 2534 1747 2561; x_wconf 90' lang='lat' dir='ltr'>et</span> <span class='ocrx_word' id='word_1_689' title='bbox 1763 2534 1990 2560; x_wconf 88' lang='lat' dir='ltr'>conservator</span> <span class='ocrx_word' id='word_1_690' title='bbox 2006 2528 2164 2560; x_wconf 87' lang='lat' dir='ltr'>omnium</span> <span class='ocrx_word' id='word_1_691' title='bbox 2183 2541 2237 2561; x_wconf 78' lang='lat' dir='ltr'>re-</span> 
     </span>
     <span class='ocr_line' id='line_1_101' title="bbox 1256 2580 2235 2625; baseline 0 -12"><span class='ocrx_word' id='word_1_692' title='bbox 1256 2592 1354 2618; x_wconf 89' lang='lat' dir='ltr'>rum,</span> <span class='ocrx_word' id='word_1_693' title='bbox 1392 2582 1485 2625; x_wconf 88' lang='lat' dir='ltr'>quod</span> <span class='ocrx_word' id='word_1_694' title='bbox 1513 2581 1556 2613; x_wconf 90' lang='lat' dir='ltr'>sit</span> <span class='ocrx_word' id='word_1_695' title='bbox 1581 2580 1801 2613; x_wconf 80' lang='lat' dir='ltr'>invocandus</span> <span class='ocrx_word' id='word_1_696' title='bbox 1820 2586 1905 2619; x_wconf 87' lang='lat' dir='ltr'>etc.,</span> <span class='ocrx_word' id='word_1_697' title='bbox 1933 2586 2048 2611; x_wconf 89' lang='lat' dir='ltr'>tamen</span> <span class='ocrx_word' id='word_1_698' title='bbox 2077 2590 2139 2622; x_wconf 91' lang='lat' dir='ltr'>per</span> <span class='ocrx_word' id='word_1_699' title='bbox 2163 2591 2235 2613; x_wconf 82' lang='lat' dir='ltr'>sese</span> 
     </span>
    </p>
   </div>
   <div class='ocr_carea' id='block_1_19' title="bbox 1253 2628 2235 2728">
    <p class='ocr_par' dir='ltr' id='par_1_19' title="bbox 1253 2628 2235 2728">
     <span class='ocr_line' id='line_1_102' title="bbox 1255 2628 2235 2675; baseline 0 -11"><span class='ocrx_word' id='word_1_700' title='bbox 1255 2643 1327 2664; x_wconf 90' lang='lat' dir='ltr'>non</span> <span class='ocrx_word' id='word_1_701' title='bbox 1354 2638 1463 2675; x_wconf 86' lang='lat' dir='ltr'>potest</span> <span class='ocrx_word' id='word_1_702' title='bbox 1488 2638 1639 2665; x_wconf 84' lang='lat' dir='ltr'>statuere</span> <span class='ocrx_word' id='word_1_703' title='bbox 1663 2631 1705 2663; x_wconf 93' lang='lat' dir='ltr'>de</span> <span class='ocrx_word' id='word_1_704' title='bbox 1723 2630 1902 2663; x_wconf 86' lang='lat' dir='ltr'>voluntate</span> <span class='ocrx_word' id='word_1_705' title='bbox 1919 2628 2002 2669; x_wconf 82' lang='lat' dir='ltr'>Dei,</span> <span class='ocrx_word' id='word_1_706' title='bbox 2028 2641 2100 2662; x_wconf 90' lang='lat' dir='ltr'>non</span> <span class='ocrx_word' id='word_1_707' title='bbox 2123 2637 2235 2674; x_wconf 84' lang='lat' dir='ltr'>potest</span> 
     </span>
     <span class='ocr_line' id='line_1_103' title="bbox 1253 2679 1980 2728; baseline -0.003 -12"><span class='ocrx_word' id='word_1_708' title='bbox 1253 2682 1488 2728; x_wconf 86' lang='lat' dir='ltr'>pronunciare</span> <span class='ocrx_word' id='word_1_709' title='bbox 1508 2683 1568 2727; x_wconf 86' lang='lat' dir='ltr'>qui</span> <span class='ocrx_word' id='word_1_710' title='bbox 1588 2683 1700 2716; x_wconf 89' lang='lat' dir='ltr'>cultus</span> <span class='ocrx_word' id='word_1_711' title='bbox 1718 2682 1878 2726; x_wconf 84' lang='lat' dir='ltr'>placeant</span> <span class='ocrx_word' id='word_1_712' title='bbox 1895 2679 1980 2714; x_wconf 88' lang='lat' dir='ltr'>Deo.</span> 
     </span>
    </p>
   </div>
  </div>
 </body>
</html>
