2379 2948
217 102 290 138 719

223 189 302 221 ideo
316 176 415 219 'falsa
439 190 489 216 est
512 180 726 227 propositio,
753 177 835 223 quia
860 183 921 211 aut
944 175 1105 211 definitio
1129 187 1202 208 non
1227 178 1234 254 Ι

222 236 402 281 congruit,
440 241 500 267 aut
529 243 667 271 causae,
701 235 760 263 aut
791 228 951 269 effectus,
986 239 1136 273 quorum
1166 227 1204 259 fit

222 289 377 327 mentio,
406 296 477 318 non
500 288 718 324 congruunt,
745 285 803 312 aut
829 285 982 317 caetera,
1011 279 1054 311 de
1074 278 1203 323 quibus

223 339 291 373 loci
319 334 547 381 praecipiunt.
606 331 694 364 Nam
725 341 804 362 cum
836 330 902 362 loci
935 330 1081 372 gignant
1108 338 1204 360 veras

222 387 499 434 propositiones,
533 383 690 416 cernitur
716 392 817 414 causa
842 380 1023 419 salsitatis,
1058 391 1136 412 cnm
1161 379 1202 411 ad

222 442 335 473 sontes
352 436 500 471 reditur.

491 529 548 562 13³2
568 524 676 572 falsa
700 522 927 571 definitione.

377 595 458 630 Non
475 595 571 628 decet
591 594 691 625 fucus
707 588 953 635 I'hilosopbos,

377 644 592 690 Eloquentia
613 651 663 676 est
681 643 781 674 fucus
799 648 832 675 et
855 640 1039 674 accersitus
1062 642 1207 671 ornatus

428 695 579 732 inutilis,

380 746 493 790 Igitur
509 743 707 789 eloquentia
725 754 797 775 non
820 742 917 774 decet
934 735 1182 783 PhilosophoS.

226 801 284 838 Sic
302 802 565 843 argumentatur
581 794 682 827 Picus
702 795 744 826 ad
763 791 1005 825 Hermolaum.

329 848 546 884 Solvendum
573 851 621 878 est
640 856 699 889 per
717 842 966 875 inficiationem
993 838 1060 873 hoc
1085 839 1207 871 modo:

227 902 324 945 Nego
352 899 544 936 minorem,
578 907 658 928 nam
687 893 847 927 definitio
879 892 966 925 falsa
999 898 1060 926 est.
1120 887 1203 922 Eto-

228 951 372 998 quentia
397 948 490 982 enim
508 953 559 980 est
576 945 739 985 facultas,
765 955 819 977 res
837 955 936 976 veras
959 948 1050 975 recte
1075 947 1107 974 et
1131 951 1205 984 per-

228 1003 347 1048 spicue
369 1001 464 1033 bono
494 1009 619 1041 genere
652 995 825 1028 sermonis
855 992 1072 1038 exponendi,
1104 998 1137 1024 et
1172 990 1207 1022 in

228 1052 295 1087 hac
320 1049 537 1095 expositione
560 1047 712 1080 elocutio
739 1058 811 1078 non
835 1052 884 1078 est
915 1045 1037 1083 fucus,
1077 1042 1134 1074 sed
1161 1048 1209 1074 est

228 1104 346 1137 nativa
381 1108 414 1134 et
443 1111 517 1132 non
546 1104 743 1130 monstrosa
775 1096 888 1129 forma
928 1093 1109 1127 orationis,
1163 1090 1211 1125 Ut

228 1155 323 1188 enim
348 1152 521 1196 picturam
547 1149 751 1185 laudamus,
787 1153 878 1180 recte
909 1145 1105 1178 imitantem
1131 1154 1209 1175 cor-

229 1215 315 1250 pora
351 1199 589 1235 mediocribus
625 1197 818 1231 coloribus:
857 1197 902 1230 ita
939 1195 1051 1229 oratio
1087 1205 1140 1226 res
1174 1193 1210 1225 in

228 1261 345 1288 mente
364 1258 454 1286 recte
471 1249 647 1293 cogitatas,
668 1248 784 1281 verbis
801 1247 974 1291 exprimat
991 1257 1047 1278 eas
1064 1256 1117 1278 res
1134 1256 1231 1277 vere<

230 1302 508 1349 significantibus
525 1312 562 1332 ac
581 1299 853 1334 illustrantibus.
907 1297 991 1330 ldeo
1011 1296 1047 1329 in
1065 1295 1140 1330 Pici
1157 1307 1211 1328 ar-

231 1361 397 1400 gumento
414 1351 572 1386 definitio
591 1350 715 1384 vitiosa
732 1355 792 1385 est.

648 1433 798 1467 Aliud.

385 1496 490 1530 Nulla
509 1493 682 1528 naturalia
697 1499 779 1525 sunt
797 1492 900 1531 mala,

383 1546 484 1580 Mors
501 1543 657 1577 bominis
675 1549 725 1576 est
741 1543 924 1582 naturalis,
950 1548 988 1575 ut
1005 1541 1213 1585 putrefactio

439 1596 547 1640 pomi,

385 1645 480 1690 Ergo
498 1656 590 1679 mors
606 1642 762 1677 hominis
781 1654 854 1675 non
873 1647 921 1674 est
940 1641 1085 1675 malum.

323 1698 381 1733 Sic
394 1697 517 1732 Cicero
535 1701 799 1739 argumentatur
818 1693 854 1725 in
874 1692 986 1737 prima
1003 1691 1215 1726 Tusculana.

234 1751 303 1786 Sed
320 1749 526 1783 solvendum
544 1754 594 1780 est
610 1751 854 1789 argumentum
872 1755 932 1788 per
949 1742 1215 1777 inficiationem:

234 1802 330 1845 Nego
354 1800 551 1838 minorem,
579 1797 660 1841 quia
686 1791 860 1829 naturalia
888 1801 970 1827 sunt
994 1805 1048 1827 res
1071 1801 1104 1827 et
1134 1805 1216 1836 pro-

234 1852 399 1897 prietates
424 1848 586 1882 conditae
606 1859 624 1880 a
643 1845 718 1879 Deo
731 1873 739 1886 ‚
767 1856 852 1890 quas
871 1843 966 1877 Deus
985 1844 1022 1876 in
1041 1844 1217 1877 creatione

235 1910 268 1936 et
283 1901 398 1935 voluit
415 1899 580 1936 existere,
603 1905 635 1930 et
652 1896 871 1941 approbavit.
927 1895 1079 1928 Mortem
1101 1901 1215 1928 autem

235 1953 273 1986 in
295 1958 422 1985 natura
447 1947 602 1982 humana
620 1947 715 1981 Deus
738 1959 801 1979 nec
819 1945 998 1985 condidit,
1026 1958 1089 1978 nec
1106 1945 1217 1978 voluit

236 2003 382 2037 existere
406 2001 444 2033 in
467 2006 609 2038 natura,
644 1999 782 2042 qualem
808 1997 1025 2030 condiderat.
1077 1995 1216 2041 Nequa-

237 2064 343 2099 quam
363 2051 458 2084 enim
476 2050 589 2083 voluit
601 2048 697 2081 Deus
715 2047 820 2081 huius
838 2047 892 2080 sui
909 2048 1026 2090 operis
1044 2053 1076 2080 et
1094 2047 1217 2089 imagi-
1244 2051 1247 2068 ¹

236 2104 292 2137 nis
308 2114 389 2136 suae
407 2099 692 2135 destructionem.
746 2097 814 2130 Sed
833 2104 1017 2144 postquam
1034 2095 1139 2131 homo
1160 2110 1217 2130 vo-

236 2155 313 2188 lens
329 2160 362 2186 et
378 2159 502 2196 sponte
519 2162 554 2184 se
570 2149 696 2183 avertit
713 2160 730 2180 a
748 2146 842 2186 Deo,
870 2154 903 2180 et
919 2146 1032 2180 Deum
1050 2155 1217 2181 rectorem
1245 2148 1248 2180 Ι

238 2203 396 2244 excussit,
418 2200 602 2235 horribilis
621 2199 810 2233 destructio
830 2204 945 2231 secuta
962 2205 1023 2232 est·
1060 2198 1110 2232 lta
1128 2211 1220 2232 mors

239 2263 288 2290 est
303 2254 437 2288 malum
457 2264 604 2298 poenae,
631 2258 668 2285 ut
686 2250 790 2292 vulgo
811 2249 951 2283 dicitur.

654 2334 805 2369 Aliud.

390 2395 521 2431 Omnis
547 2396 715 2428 invocans
743 2391 856 2426 Deum
891 2393 1127 2435 conditorem,
1163 2407 1219 2427 ve-

443 2460 521 2481 rum
537 2446 651 2480 Deum
669 2445 821 2483 invocat,

393 2498 504 2531 Turci
522 2499 686 2529 invocant
704 2493 818 2528 Deum
837 2495 1068 2536 conditorem,

392 2547 487 2590 Ergo
504 2559 625 2580 verum
647 2546 759 2580 Deum
778 2546 954 2581 invocant,

343 2598 558 2633 Solvendum
586 2605 635 2630 est
660 2608 723 2640 per
752 2596 1020 2630 inficiationem:
1056 2595 1220 2640 Neganda

241 2658 291 2686 est
309 2649 403 2684 enim
425 2648 561 2687 minor,
587 2647 668 2692 quia
687 2646 796 2681 'l'urci
822 2658 895 2680 non
917 2648 1081 2682 invocant
1107 2647 1220 2682 Deum
1246 2651 1248 2656 “

451 95 659 133 SCRIPTA
688 94 763 131 PH.
791 91 906 127 MEL.
935 91 999 126 AD
1027 89 1156 125 HIST.
1183 86 1326 124 PROF.
1357 86 1422 123 ET
1446 85 1640 123 PHILOS.
1669 84 1988 122 SPECTANTIA.

2157 87 2230 122 720

1255 174 1484 214 conditorem,
1511 171 1648 206 tametsi
1665 171 1700 204 id
1718 171 1887 212 iactitant,
1913 178 1947 206 et
1962 172 2064 205 valde
2079 172 2233 215 glorian-

1255 231 1312 258 tur
1327 237 1363 258 se
1381 236 1452 257 non
1472 224 1619 256 adorare
1637 222 1752 261 idola,
1778 222 1837 254 sed
1860 229 1976 255 mente
1997 222 2125 256 intueri
2149 235 2233 256 con-

1255 275 1404 309 ditorem
1428 286 1557 307 rerum.
1611 272 1744 316 Negant
1774 272 1868 305 enim
1900 270 1995 306 hunc
2024 284 2095 306 esse
2119 273 2235 307 Deum

1256 326 1492 365 conditorem,
1537 324 1596 369 qui
1628 330 1679 357 est
1714 329 1810 367 pater
1836 320 1983 356 Domini
2014 324 2126 356 nostri
2157 323 2236 357 Iesu

1256 374 1408 415 Christi,
1434 381 1467 408 et
1497 388 1573 408 cum
1593 373 1685 407 Filio
1714 380 1748 407 et
1771 372 1907 418 Spiritu
1929 379 2047 406 sancto
2063 375 2238 408 mundum

1257 427 1403 466 creavit,
1449 433 1481 459 et
1518 438 1552 458 se
1587 424 1785 458 illustribus
1820 423 2032 457 testimoniis
2066 424 2238 468 patefecit.

1257 476 1358 510 Hane
1376 476 1617 510 definitionem
1636 487 1714 508 cum
1740 481 1990 518 aspernentur,
2019 475 2155 517 fingunt
2172 474 2240 518 ipsi

1259 527 1325 560 sibi
1353 527 1449 560 aliud
1477 527 1646 572 quiddam
1678 537 1750 558 esse
1775 523 1887 558 Deum
1915 525 1990 558 sine
2012 524 2116 560 Filio.
2170 524 2241 558 lta-

1259 590 1326 623 que
1359 577 1493 610 idolum
1527 576 1810 610 commenticium
1847 575 2031 615 invocant,
2074 587 2147 609 non
2181 587 2242 608 ve-

1259 640 1336 661 rum
1361 626 1487 662 Deum.
1539 626 1641 660 Hanc
1675 626 1888 660 solutionem
1915 627 2116 660 meminisse
2140 626 2242 659 valde

1259 678 1345 712 utile
1374 685 1436 713 est.

1361 735 1574 781 Complexus
1601 742 1653 769 est
1683 742 1800 769 autem
1828 734 2036 770 Aristoteles
2063 735 2243 769 definitio-

1261 800 1346 821 num
1377 786 1595 830 corruptelas
1629 787 1666 819 in
1695 786 1833 820 fallacia
1860 787 2176 832 aequivocationiS,
2210 795 2243 820 et

1260 838 1398 872 fallacia
1419 836 1622 872 accidentis.

1583 957 1642 989 De
1667 954 1921 990 distinctione.

1366 1020 1499 1055 Usitata
1531 1021 1622 1056 dicta
1652 1028 1751 1055 sunt:
1791 1020 1910 1055 Omne
1938 1021 2122 1065 multiplex
2155 1020 2248 1065 parit

1263 1072 1527 1113 confusionem,
1555 1073 1589 1105 id
1613 1079 1683 1113 est,
1710 1073 1872 1116 ambigua
1898 1073 2038 1116 pariunt
2056 1072 2248 1106 dissensio-

1264 1135 1337 1158 nes,
1392 1122 1495 1155 ltem:
1525 1121 1700 1166 Ambigua
1725 1130 1805 1157 sunt
1829 1123 2088 1166 distinguenda.
2143 1121 2249 1157 Item:

1266 1173 1335 1216 Qui
1369 1174 1457 1206 bene
1488 1173 1691 1217 distinguit,
1726 1174 1815 1207 bene
1847 1175 1959 1208 docet.
2016 1171 2062 1207 Et
2088 1172 2248 1207 Socrates

1265 1225 1357 1268 apud
1382 1223 1565 1257 Platonem
1591 1224 1723 1269 inquit:
1759 1224 1797 1258 Si
1827 1231 1950 1258 nactus
1981 1224 2087 1258 fuerit
2111 1226 2250 1265 ducem,

1265 1276 1325 1320 qni
1351 1282 1441 1307 recte
1466 1275 1589 1318 partiri
1623 1275 1724 1315 sciat,
1760 1287 1795 1308 se
1821 1276 1947 1320 ipsius,
1981 1282 2150 1320 tanquam
2172 1273 2250 1314 Dei,

1266 1326 1408 1368 vestigia
1427 1333 1628 1359 secuturum
1647 1337 1729 1358 esse.
1781 1325 1875 1358 Haec
1896 1327 1987 1359 dicta
2005 1332 2170 1365 monent,
2211 1331 2251 1358 ut

1268 1377 1303 1408 in
1322 1387 1482 1408 sermone
1499 1376 1741 1419 circumspecti
1767 1377 1894 1413 simus,
1923 1388 1967 1408 ne
1993 1376 2059 1419 ipsi
2086 1375 2252 1418 ambigua

1267 1437 1486 1470 spargamus,
1521 1432 1554 1459 et
1576 1432 1613 1459 ut
1636 1426 1787 1459 aliorum
1816 1426 1979 1467 ambigue
2008 1425 2101 1459 dicta
2131 1426 2252 1459 dextre

1269 1477 1553 1520 interpretemur.
1607 1475 1653 1510 Ut
1678 1477 1773 1509 enim
1799 1476 1894 1510 venit
1913 1475 2008 1521 Ἔρις
2032 1488 2106 1508 non
2129 1483 2252 1510 vocata

1268 1527 1305 1559 in
1333 1527 1536 1559 convivium
1561 1526 1677 1567 Pelei,
1704 1527 1741 1559 in
1764 1538 1833 1571 quo
1858 1526 1967 1564 Iuno,
1996 1526 2111 1559 Pallas
2131 1533 2164 1559 et
2181 1525 2254 1559 Ve-

1269 1589 1335 1610 nus
1359 1579 1607 1616 consederant,
1644 1584 1677 1609 et
1702 1588 1780 1609 cum
1807 1589 1951 1619 pomum
1976 1577 2152 1610 obiectum
2175 1576 2254 1610 dari

1268 1627 1540 1658 formosissimae
1556 1625 1727 1666 iussisset,
1755 1625 1968 1659 discordiam
1987 1627 2080 1660 inter
2096 1627 2178 1659 deas
2194 1639 2254 1660 ex-

1270 1676 1407 1715 citavit,
1440 1677 1534 1708 unde
1561 1676 1692 1708 bellum
1721 1675 1919 1709 Troianum
1950 1684 2064 1710 ortum
2096 1684 2162 1711 est:
2205 1677 2254 1711 ita

1271 1727 1330 1773 qui
1355 1734 1522 1770 spargunt
1557 1727 1737 1769 ambiguas
1764 1727 1966 1771 opiniones,
1998 1735 2165 1772 tanquam
2189 1740 2254 1772 po-

1271 1790 1366 1811 mum
1407 1775 1524 1821 ἔριδος
1565 1778 1706 1821 populis
1749 1777 1946 1820 obiiciunt,
1997 1780 2091 1824 quod
2135 1778 2258 1824 postea

1271 1840 1413 1871 magnas
1433 1829 1669 1861 dissensiones
1697 1829 1798 1872 parit.

1373 1886 1532 1920 Primum
1560 1896 1673 1921 autem
1700 1887 1994 1922 considerandum
2021 1895 2088 1929 est,
2115 1900 2158 1921 an
2178 1900 2254 1921 am-

1273 1939 1423 1981 biguitas
1447 1938 1582 1971 oriatur
1607 1951 1645 1971 ex
1671 1950 1797 1981 genere
1820 1940 2009 1978 sermonis,
2038 1951 2080 1972 an
2107 1951 2188 1972 vero
2213 1951 2254 1972 ex

1273 1993 1393 2028 rebus,
1421 1986 1486 2021 hoc
1506 1995 1574 2029 est,
1605 2001 1643 2021 ex
1661 2000 1785 2031 genere
1807 1990 1945 2034 aliquo,
1973 1990 2034 2023 ubi
2057 1990 2254 2033 specierum

1273 2039 1452 2073 distinctio
1482 2039 1722 2083 praetermissa
1755 2046 1823 2079 est,
1859 2047 1916 2074 aut
1947 2052 1986 2073 ex
2019 2040 2256 2074 divisionibus

1275 2103 1347 2124 non
1363 2090 1627 2123 sufficientibus.
1681 2090 1718 2123 Si
1739 2090 1949 2133 ambiguitas
1974 2103 2011 2124 ex
2037 2103 2163 2134 genere
2182 2103 2254 2124 ser-

1275 2141 1388 2174 monis
1414 2141 1546 2181 oritur,
1572 2140 1748 2173 iudicatur
1764 2153 1803 2173 ex
1822 2140 2060 2175 Grammatica
2078 2149 2111 2175 et
2134 2140 2255 2186 phrasi

1274 2205 1355 2225 suae
1376 2192 1532 2234 linguae,
1557 2203 1624 2236 qua
1646 2191 1682 2222 in
1700 2203 1736 2224 re
1751 2191 1794 2224 sit
1813 2192 1849 2224 in
1867 2192 2072 2236 interprete,
2098 2204 2171 2225 non
2196 2203 2254 2226 so-

1276 2245 1347 2276 lum
1371 2242 1539 2282 eruditio,
1575 2242 1633 2274 sed
1664 2241 1768 2275 etiam
1795 2254 1894 2276 amor
1925 2243 2097 2284 veritatis,
2132 2243 2254 2276 odium

1275 2293 1526 2330 cavillationis,
1567 2299 1601 2325 et
1628 2294 1769 2326 candor.
1831 2292 2013 2336 Quaedam
2047 2293 2141 2327 enim
2173 2300 2254 2326 sunt

1276 2352 1421 2377 naturae
1445 2343 1692 2383 cavillatrices,
1721 2355 1871 2389 quarum
1899 2345 2003 2378 ludus
2027 2351 2077 2378 est
2101 2343 2255 2382 odiosus,

1246 2408 1248 2429 1
1275 2396 1379 2428 etiam
1403 2401 1494 2427 recte
1523 2394 1614 2427 dicta
1642 2394 1850 2437 depravare,
1885 2408 1954 2440 quo
1977 2407 2017 2428 ex
2045 2405 2169 2438 genere
2191 2394 2254 2427 illa

1277 2452 1374 2478 sunt:
1403 2444 1491 2479 Cum
1509 2451 1621 2477 essent
1637 2445 1774 2477 dierum
1793 2445 1938 2489 triginta
1954 2446 2062 2479 factae
2079 2444 2253 2482 induciae,

1276 2494 1430 2529 Thraces
1451 2504 1557 2528 noctu
1583 2496 1741 2539 populati
1763 2503 1845 2530 sunt
1869 2507 1986 2539 agros,
2013 2495 2094 2539 quia
2114 2495 2254 2529 dierum

1276 2559 1348 2580 non
1366 2546 1521 2579 noctium
1547 2546 1708 2579 induciae
1734 2554 1856 2581 essent.
1908 2546 2177 2579 Lacedaemonii
2202 2546 2253 2579 le-

1275 2604 1372 2641 gatos
1389 2596 1546 2630 Persicos
1565 2603 1720 2640 petentes
1742 2604 1869 2630 terram
1891 2603 1923 2630 et
1942 2608 2086 2641 aquam,
2116 2597 2254 2630 demer-

1276 2654 1395 2682 serunt
1427 2648 1461 2680 in
1498 2655 1637 2692 puteos,
1670 2655 1701 2682 et
1728 2654 1817 2682 terra
1846 2647 2051 2681 obruerunt.
2105 2646 2254 2691 Legatus
