2379 2948
158 119 231 153 325
713 118 777 154 111.

258 201 331 236 Nec
354 209 494 237 tantum
521 202 735 238 valetudinis
758 203 856 245 signa
881 207 965 234 sunt
987 199 1139 233 illustria

833 115 988 152 INITIA
1015 114 1307 152 DOCTRINAE
1334 117 1587 156 PHYSICAE.

2101 131 2174 166 326

1196 201 1447 236 coniunctione
1486 205 1578 239 Solis
1617 214 1649 240 et
1682 207 1802 241 Lunae
1839 210 1969 243 malum
2001 218 2172 257 tempera-

156 254 196 285 in
212 253 340 294 stellis,
375 255 436 288 sed
461 254 567 288 etiam
586 252 857 286 inclinationum
873 250 1055 283 foelicium
1080 257 1142 284 aut
1194 258 1353 284 mentum
1376 250 1523 294 habere,
1550 264 1656 291 etant
1682 270 1753 290 non
1781 260 1959 294 durabiles
1986 274 2078 302 esse,
2113 275 2172 299 aut

158 303 376 337 infoelicium
394 305 433 337 in
450 305 602 344 artibUS‚
629 310 688 335 aut
708 302 786 334 aliis
804 301 1022 338 actionibus,
1050 313 1140 345 quae

157 360 303 387 naturae
320 352 504 388 hominum
522 353 712 386 familiares
728 358 821 392 sunt,
837 358 876 385 ut
894 352 932 384 in
944 352 1141 395 adsequen-
1166 384 1167 393 ἵ

156 405 210 436 dis
226 404 373 447 fastigiis
390 403 583 443 honorum,
620 404 656 435 in
677 403 902 446 praeliando,
938 402 973 434 in
1000 401 1140 445 pericu·
1166 398 1168 423 ¹*

157 455 199 486 lis
221 455 324 488 vitae.

258 504 405 544 Musici,
431 511 571 547 poetae,
599 511 754 537 oratores
780 504 868 536 fiunt
893 502 1033 542 canori,
1057 502 1139 535 dul-

158 567 230 594 ces,
258 554 452 598 splendidi,
485 555 614 598 quibus
638 554 810 587 foeliciter
836 554 940 597 positi
960 560 1040 586 sunt
1064 552 1139 593 Sol,

158 604 276 644 Luna,
313 603 452 644 Venus,
481 603 694 640 Blercurius.
759 602 915 637 Econtra
942 602 1080 637 horridi
1106 611 1138 636 et

156 655 285 694 amusi‚
312 654 373 698 qui
388 668 407 688 a
426 654 579 688 Saturno
598 663 662 689 eta
676 654 793 688 Marte
811 654 1070 699 impediuntur.

256 703 361 746 Quod
378 705 485 748 igitur
502 705 648 749 Stigelio
666 705 833 739 scribenti
857 716 999 738 carmen
1024 703 1130 736 verba

155 755 409 798 splendidiora,
437 756 566 799 figurae
583 756 815 794 venustiores,
842 755 983 788 numeri
999 755 1137 787 dulcio-
1162 777 1163 787 2

156 815 229 845 res,
258 806 358 850 quasi
377 813 501 850 sponte
521 818 556 840 se
572 807 745 848 offerunt,
788 805 918 840 Ursino
937 805 1013 837 viro
1031 805 1134 837 docto
1161 815 1162 818 ¹

155 863 189 888 et
206 856 338 888 maiore
358 857 475 890 studio
501 858 701 902 quaerenti,
735 869 808 890 non
834 868 869 889 se
895 855 1024 889 similia
1048 855 1134 888 offe·
1161 872 1162 875 =

155 912 258 946 runt,
286 907 435 940 dicimus
455 908 636 942 fortunam
655 919 738 942 esse.
803 907 873 941 Sed
897 918 999 939 causa
1024 917 1086 949 per
1101 917 1136 937 se

154 963 204 989 est
220 963 392 990 astrorum
407 959 561 1001 positus,
602 959 663 1004 qui
686 956 777 991 hanc
799 957 959 990 soelicem
984 956 1135 988 inclina—
1159 962 1162 972 ¹

154 1007 307 1045 tionem,
335 1019 395 1040 seu
413 1006 508 1042 hunc
523 1009 682 1042 soelicem
702 1009 872 1052 impetum
897 1007 935 1039 in
963 1004 1053 1039 hanc
1072 1018 1134 1038 na-

153 1066 269 1090 turam
287 1059 486 1097 transfudit,
513 1071 581 1103 qua
599 1059 831 1092 inclinatione
849 1063 1011 1090 movetur
1026 1067 1136 1097 mens,

154 1114 193 1141 ut
211 1107 413 1151 pulchriora
431 1109 577 1142 celerius
593 1111 709 1142 videat
724 1116 757 1142 et
780 1109 935 1151 arripiat.

258 1158 316 1192 Sic
334 1160 370 1191 in
389 1157 546 1201 Achille,
574 1159 788 1199 Alexandro,
816 1158 1002 1202 Scipione,
1030 1156 1135 1197 Iulio,
1160 1180 1162 1183 ψ

159 1221 218 1241 cor
238 1216 267 1241 et
289 1210 429 1252 sanguis
453 1216 694 1253 temperantur
718 1210 793 1242 luce.
818 1209 978 1247 coelesti,
1019 1214 1058 1240 ut
1084 1207 1136 1249 gi-
1160 1224 1162 1228 ·

159 1266 290 1292 uantur
308 1260 344 1291 in
363 1260 412 1292 eis
430 1260 584 1302 Spiritus
608 1260 843 1299 ardentiores,
888 1258 1061 1291 firmiores
1104 1264 1137 1289 et

156 1310 383 1349 efficaciores,
411 1310 470 1353 qui
489 1317 606 1342 motus
622 1311 715 1344 cient
734 1311 884 1342 malores
905 1315 938 1341 et
959 1308 1136 1345 rectiores,

155 1371 259 1403 quam
278 1358 398 1403 quales
414 1366 496 1392 sunt
514 1360 551 1391 in
567 1359 714 1397 Paride,
743 1367 803 1392 aut
821 1360 857 1390 in
873 1358 1021 1392 Glauco.

257 1410 308 1442 Ac
324 1416 468 1442 naturae
486 1410 627 1453 quidem
647 1421 742 1442 acres
759 1417 791 1442 et
806 1409 946 1441 foelices
973 1414 1064 1440 recte
1092 1407 1135 1439 ad

155 1461 270 1493 stellas
286 1461 614 1500 accommodantur,
648 1468 681 1494 et
706 1460 807 1493 multi
835 1465 979 1492 eventus
1003 1457 1138 1490 naturis

154 1518 364 1553 congruunt.
418 1511 486 1544 Sed
512 1511 623 1555 aliqui
647 1511 798 1543 mirandi
826 1511 955 1542 ducum
981 1514 1138 1548 eventus,

155 1562 272 1605 potius
289 1562 331 1593 ad
348 1560 463 1594 Deum
488 1561 663 1594 referendi
687 1568 787 1600 sunt,
832 1560 893 1604 qui
919 1571 997 1592 cum
1024 1565 1138 1591 servet

154 1618 212 1645 aut
240 1617 352 1644 mutet
370 1611 534 1654 imperia,
560 1612 665 1644 duces
681 1623 782 1655 saepe
799 1610 950 1644 custodit
968 1609 1138 1652 peculiari

154 1663 271 1702 inodo,
289 1662 351 1706 qui
367 1674 440 1694 non
458 1668 571 1705 potest
586 1663 627 1694 ad
649 1669 738 1695 astra
759 1662 896 1694 referri:
936 1659 1138 1693 utAlexan-

156 1714 260 1745 drum
284 1720 460 1745 servatum
486 1723 558 1744 esse
581 1713 754 1744 divinitus
779 1717 1052 1744 consentaneum
1077 1717 1139 1749 est,

157 1774 236 1796 cum
255 1762 437 1795 dimicanti
460 1763 504 1795 ad
522 1761 718 1795 Granicum
735 1763 806 1794 dux
821 1761 980 1793 Persicus
1006 1760 1138 1802 galeam

156 1814 385 1853 ‹tecussisset‚
413 1819 446 1845 et
462 1813 609 1846 incitato
628 1824 717 1856 equo
736 1813 805 1844 iam
829 1812 1000 1843 nudatum
1027 1810 1139 1842 inter-

158 1866 314 1897 fecturus
332 1870 439 1903 esset,
467 1875 536 1907 quo
556 1864 593 1895 in
610 1863 721 1906 prelio
741 1861 864 1907 Clytus
888 1860 1139 1899 interveniens,

155 1913 398 1947 Alexandrum
416 1913 584 1957 protexit,
617 1920 650 1946 et
675 1914 798 1946 ducem
816 1911 995 1944 Persicum
1016 1922 1139 1943 occur—

155 1973 311 2005 rentem,
336 1962 434 1997 hasta
455 1964 636 1997 transfixit.

258 2014 375 2048 Multa
401 2015 574 2058 gubernat
596 2022 742 2054 natura,
778 2026 849 2046 non
874 2013 1005 2047 omnia.
1068 2010 1139 2044 Nec

153 2064 250 2099 Deus
266 2066 502 2098 removendus
518 2064 862 2108 estagubernatione
881 2069 1024 2107 propter
1040 2069 1140 2102 astra,

157 2117 215 2148 sed
250 2128 329 2150 vere
362 2117 606 2157 statuendum,
650 2115 778 2148 multas
818 2114 1069 2147 inclinationes
1095 2114 1140 2145 ab

155 2166 258 2199 astris
281 2173 392 2208 ortas,
425 2166 541 2200 Deum
574 2165 775 2204 moderari,
810 2172 841 2198 et
864 2165 1059 2203 orandum,
1102 2169 1140 2196 ut

155 2218 267 2250 bonas
282 2216 395 2257 iuvet,
421 2224 455 2250 et
470 2217 639 2260 reprimat
659 2217 778 2251 malas,
839 2215 918 2248 Non
947 2215 1040 2247 enim
1065 2214 1140 2246 fru-

157 2275 227 2300 stra
244 2267 375 2300 dictum
395 2274 572 2310 putemus:
604 2267 749 2310 Quanto
768 2267 878 2308 magis
901 2272 998 2309 pater
1025 2264 1140 2297 coele-

157 2319 218 2351 stis
236 2317 335 2350 dabit
351 2316 521 2360 Spiritum
540 2318 575 2352 S.
594 2317 807 2361 petentibus.

256 2366 321 2401 Est
346 2374 462 2400 tamen
491 2375 524 2400 et
556 2368 594 2400 in
628 2368 681 2400 vis
713 2368 830 2412 aliqua
866 2373 900 2400 et
932 2365 1140 2405 significatio

156 2425 331 2452 astrorum
344 2443 353 2457 ‚
394 2426 431 2450 ut
452 2417 542 2450 infra
560 2418 734 2461 copiosius
751 2419 897 2452 dicetur.
951 2415 996 2449 Et
1011 2416 1141 2460 aliqua,

156 2482 229 2502 non
256 2468 396 2507 omnia,
430 2479 502 2500 non
527 2467 712 2501 levissima.
765 2467 834 2502 Sed
858 2474 897 2501 ut
920 2466 1142 2501 Ptolemaeus

156 2519 317 2552 nominat
356 2515 658 2563 ὁλοσχερέστεροι,
707 2519 744 2551 id
784 2525 836 2552 est
855 2545 863 2559 ‚
920 2517 1142 2561 principalia,

158 2582 246 2614 quae
263 2575 425 2602 naturam
442 2569 561 2613 aliquo
578 2569 683 2601 modo
694 2569 919 2609 comitantur,
946 2575 979 2601 et
994 2568 1036 2600 ad
1054 2575 1142 2600 tem-

159 2626 381 2663 peramenta,
417 2619 678 2658 valetudinem,
715 2630 832 2651 mores
862 2626 895 2652 et
920 2625 1011 2652 artes
1034 2618 1142 2661 perti-

159 2677 266 2711 nent,
302 2678 472 2713 reguntur
498 2671 541 2703 ab
567 2669 685 2702 astris:
733 2675 770 2702 ut
792 2675 945 2706 constat,
979 2675 1080 2702 natos
1104 2669 1142 2700 in

1193 302 1325 384 mmgiis
1356 302 1528 358 obnoxios
1555 313 1587 338 et
1611 309 1745 349 magnis
1770 310 2031 354 impedimentis
2051 314 2085 346 in
2104 316 2172 348 xita

1192 363 1258 384 con
1289 358 1400 387 1ctar1.

1165 425 1167 441 ι
1293 409 1433 453 Quibus
1450 410 1623 446 Saturnus
1648 419 1869 455 nascentibus
1888 421 1923 453 in
1945 423 2061 456 medio
2086 425 2171 456 coeli

1164 444 1277 499 lfuit,
1321 462 1364 493 de
1391 462 1535 494 sublimi
1567 476 1666 507 saepe
1695 476 1772 498 cum
1805 470 1960 511 periculo
1992 473 2174 515 labuntur,

1191 512 1285 555 quod
1307 512 1426 544 multis
1443 514 1609 556 exemplis
1625 516 1762 548 ostendi
1782 525 1901 560 potest.
1956 522 2094 564 Quibus
2110 524 2171 557 Sol

1191 568 1224 595 et
1241 561 1338 594 Mars
1357 562 1393 594 in
1411 569 1531 596 octava
1549 565 1654 597 domo
1680 573 1750 604 est,
1779 579 1817 600 ac
1845 573 2046 611 praesertim
2073 575 2101 606 si
2116 587 2172 608 ac-

1190 614 1287 645 cedat
1305 613 1419 645 malus
1437 620 1593 656 aspectus
1609 616 1773 656 Saturni,
1801 625 1861 651 aut
1885 620 1911 651 si
1930 620 2000 654 sint
2017 635 2094 656 cum
2114 637 2172 657 ca-

1162 669 1165 711 f
1190 662 1261 705 pite
1281 662 1468 703 Medusae,
1497 664 1649 698 violenta
1668 674 1780 700 morte
1796 668 1992 714 plerunque
2016 683 2171 715 pereunt.

1161 730 1164 775 Ι
1293 721 1540 756 Maximiliano
1557 736 1729 758 carcerem
1753 726 1962 768 significavit
1978 729 2077 763 Blars
2094 744 2171 765 cum

1188 773 1298 804 cauda
1320 772 1511 813 Draconis,
1539 774 1576 806 in
1595 776 1700 807 domo
1727 777 1955 819 duodecima,
1984 793 2072 825 quae
2099 794 2173 815 car-

1161 852 1162 858 ,
1188 834 1299 854 cerem
1340 823 1523 865 significat.
1589 824 1782 859 Bellatores
1821 828 2002 863 infoelices
2030 831 2173 866 suerunt

1160 896 1162 899 »
1188 871 1390 906 Fridericus
1408 873 1493 918 imp.
1523 874 1764 909 BIaximiliani
1782 885 1890 920 pater,
1918 886 1951 913 et
1965 880 2173 916 Franciscus

1160 952 1161 960 ,
1188 935 1247 955 rex
1265 922 1444 965 Gallicus,
1472 925 1552 969 quia
1572 927 1712 970 utrique
1730 926 1827 961 Mars
1845 936 1893 963 est
1910 930 1948 963 in
1965 939 2107 975 quarta,
2137 934 2172 965 in

1160 981 1161 1019 ξ
1186 973 1263 1006 loco
1289 974 1438 1007 abiecto.

1160 1024 1162 1089 ὲ
1288 1032 1477 1066 Francisco
1508 1034 1580 1076 regi
1622 1036 1725 1068 etiam
1760 1038 1795 1069 in
1830 1039 1947 1072 medio
1986 1042 2073 1073 coeli
2108 1043 2173 1075 suit

1160 1102 1162 1112 2
1187 1083 1296 1116 cauda
1316 1083 1512 1126 Draconis,
1540 1097 1628 1128 quae
1652 1087 1751 1128 regni
1779 1088 2003 1122 amissionem
2021 1093 2061 1124 ad
2087 1100 2173 1125 teru-

1160 1131 1162 1161 ἱ
1188 1145 1252 1176 pus
1278 1133 1506 1174 significavit,
1540 1137 1744 1178 praesertim
1770 1150 1848 1170 cum
1875 1138 1954 1181 Sol,
1983 1140 2116 1185 Iupiter
2142 1152 2172 1175 et

1161 1202 1162 1205 =
1188 1183 1286 1215 Mars
1314 1183 1349 1215 in
1375 1184 1518 1216 abiectis
1548 1185 1633 1217 locis
1659 1194 1783 1222 essent.
1853 1188 1923 1222 Sed
1954 1191 2174 1235 eloquentiae

1188 1245 1308 1266 causas
1333 1234 1486 1276 insigues
1509 1231 1644 1270 habuit.
1700 1236 1871 1271 Geminos
1894 1240 1932 1271 in
1956 1245 2175 1280 ascendente,

1159 1304 1162 1319 2
1188 1283 1282 1316 Solis
1307 1290 1340 1316 et
1363 1284 1457 1316 Iovis
1481 1284 1635 1327 positum
1661 1286 1698 1318 In
1726 1287 1886 1331 Virgine.
1955 1289 2174 1325 Blermrhnn

1190 1333 1228 1365 in
1245 1333 1365 1372 Libra,
1389 1345 1478 1377 quae
1497 1336 1615 1366 omnia
1636 1348 1782 1369 acumen
1801 1346 1834 1371 et
1853 1340 2076 1381 splendorem
2097 1356 2175 1375 ora-

1188 1384 1295 1416 tionis
1322 1384 1496 1418 adserunt.

1559 1384 1627 1417 Sed
1654 1385 1750 1418 Mars
1781 1395 1812 1420 et
1839 1387 1969 1430 Venus,
2005 1391 2116 1425 iuncti
2140 1394 2174 1425 in

1188 1433 1327 1473 Leone,
1371 1446 1534 1476 pompam
1570 1443 1601 1467 et
1636 1436 1929 1471 incontinentiam
1968 1441 2175 1483 significant.

1188 1483 1348 1527 luppiter
1364 1485 1565 1530 combustus
1591 1498 1673 1529 epar
1697 1487 1821 1521 siccius
1845 1496 1877 1522 et
1895 1491 2061 1533 calidius,
2090 1506 2178 1538 quae

1162 1544 1163 1548 ’
1189 1545 1290 1567 causa
1308 1534 1614 1578 intemperantiam
1634 1538 1737 1570 auxit.

1290 1592 1407 1626 Multa
1432 1600 1463 1627 et
1489 1594 1671 1638 eclipsium
1698 1597 1854 1639 exen'lpla
1873 1601 2011 1632 ostendi
2034 1610 2173 1644 possunt

1189 1645 1224 1676 in
1253 1644 1457 1686 genesibus,
1487 1645 1547 1677 ubi
1575 1646 1628 1677 vel
1649 1647 1847 1679 eversiones
1869 1651 2177 1693 patrimoniorum,

1191 1695 1243 1727 vel
1270 1695 1412 1734 mortis,
1460 1706 1521 1738 per
1556 1696 1699 1739 eclipses
1733 1698 1915 1732 manifeste
1948 1702 2177 1736 denunciatas

1189 1756 1260 1777 esse
1278 1746 1433 1788 adparet.

1292 1801 1408 1835 Bloles
1442 1800 1634 1841 halituum,
1682 1815 1769 1847 quae
1796 1805 1938 1841 incensa
1963 1808 1999 1841 fit
2020 1808 2177 1850 Cometa,

1189 1853 1330 1885 videtur
1348 1864 1427 1884 casu
1440 1879 1448 1891 ,
1475 1860 1505 1884 et
1525 1860 1654 1885 temere
1670 1854 1706 1885 in
1724 1866 1802 1887 eum
1822 1856 1938 1889 locum
1955 1866 2110 1900 attracta,
2138 1862 2175 1893 in

1191 1915 1260 1947 quo
1276 1902 1453 1941 consistit,
1481 1904 1538 1935 sed
1558 1911 1831 1938 consentaneum
1852 1914 1918 1947 est,
1944 1921 2018 1941 earn
2043 1911 2077 1942 vi
2103 1923 2176 1944 cer-

1190 1960 1303 1985 tarum
1347 1953 1527 1985 stellarum
1569 1966 1607 1986 eo
1640 1952 1791 1995 attrahi,
1834 1958 1995 1991 videlicet
2019 1960 2176 2000 Saturni,

1191 2002 1336 2042 Martis,
1373 2001 1545 2036 Mercurii
1567 2012 1600 2037 et
1624 2004 1727 2038 Solis,
1791 2005 1994 2053 plerunque
2020 2012 2113 2043 enim
2143 2020 2176 2045 et

1190 2066 1263 2086 non
1281 2053 1420 2095 longius
1436 2066 1508 2086 uno
1527 2054 1627 2097 signo
1646 2067 1664 2087 a
1683 2054 1764 2088 Sole
1781 2056 2000 2100 incenditur,
2028 2073 2066 2093 ac
2085 2062 2176 2095 vidi-

1191 2116 1267 2137 mus
1300 2103 1366 2147 ipsi
1399 2104 1556 2137 diversos
1590 2104 1818 2139 Cometarum
1852 2117 1986 2150 motus,
2026 2111 2175 2145 alterum

1191 2154 1268 2195 Sol,
1304 2155 1455 2188 alterum
1483 2156 1698 2189 contrarium
1733 2155 1831 2190 Mars
1872 2160 2023 2202 regebat.
2103 2162 2173 2196 Sed

1191 2206 1232 2237 de
1271 2211 1439 2249 potestate
1483 2206 1662 2239 stellarum
1702 2206 1884 2251 aliquanto
1931 2217 2010 2253 past
2053 2213 2173 2256 copio-

1191 2256 1263 2288 sius
1281 2256 1413 2296 dicam,
1442 2256 1478 2287 in
1503 2257 1707 2301 quaestione
1734 2258 1776 2289 de
1802 2258 1882 2291 sato.
1936 2259 2038 2294 Nunc
2056 2262 2174 2295 brevi-

1164 2312 1165 2316 ’
1190 2313 1243 2339 ter
1270 2303 1337 2339 hoc
1360 2313 1496 2339 tantum
1522 2320 1665 2345 moneo,
1702 2307 1864 2341 fortuitos
1897 2318 2040 2344 eventus
2074 2325 2175 2357 saepe

1191 2358 1234 2390 ad
1263 2357 1400 2397 stellas,
1428 2364 1596 2401 tanquam
1615 2358 1656 2389 ad
1677 2368 1738 2399 per
1756 2368 1790 2389 se
1805 2370 1925 2392 causas
1942 2372 2022 2394 vere
2041 2364 2173 2397 referri,

1293 2414 1414 2448 Tertia
1430 2427 1531 2448 causa
1558 2426 1688 2458 perse,
1717 2422 1906 2449 eventuum
1934 2418 2176 2463 fortuitorum,

1191 2466 1245 2499 sui
1270 2465 1439 2510 cuiusque
1468 2476 1581 2497 mores
1607 2471 1705 2504 sunt,
1734 2477 1797 2498 nec
1816 2466 1883 2499 iam
1911 2470 1952 2501 de
1972 2470 2176 2506 inclinatio-

1193 2517 1298 2550 nibus
1316 2523 1453 2549 tantum
1481 2516 1623 2559 loquor,
1652 2527 1740 2559 quae
1765 2518 1874 2559 magis
1897 2522 2038 2563 proprie
2060 2535 2176 2556 mores

1193 2574 1381 2606 vocantur,
1408 2566 1467 2598 sed
1485 2566 1526 2596 de
1545 2565 1644 2598 factis
1667 2565 1770 2608 ipsiS,
1800 2567 1919 2608 iustis,
1949 2578 2008 2604 aut
2028 2573 2175 2606 scelera-

1193 2618 1248 2652 tis.
1305 2615 1350 2650 Ut
1377 2616 1458 2660 quia
1483 2614 1654 2647 Latrones
1678 2616 1827 2651 iniustas
1854 2622 1974 2653 caedes
2009 2623 2178 2664 fecerunt,

1192 2668 1253 2700 illa
1277 2666 1406 2700 scelera
1431 2678 1491 2709 per
1515 2677 1550 2698 se
1575 2678 1697 2699 causae
1729 2675 1810 2702 sunt
1836 2670 1933 2704 exitii
1956 2679 1988 2705 et
2012 2674 2176 2718 supplicii

1693 2718 1768 2752 21*
