2379 2948
145 74 239 111 1461

141 159 266 194 divina
289 160 466 205 potentia,
491 160 649 205 primum
675 170 747 193 esse
771 158 832 204 qui
856 158 900 193 sit
917 159 1134 200 benedictus,

139 212 220 245 Deo
246 211 414 253 dilectus,
448 218 594 256 propter
618 223 724 256 quem
760 210 888 244 caeteri
922 210 1134 254 diliguntur,

140 274 230 308 quos
247 262 461 297 liberaturus
479 269 528 296 est
543 275 560 296 a
580 261 846 303 maledictione,
875 274 963 307 quae
988 273 1133 306 oppres-

139 314 183 348 sit
202 325 312 358 genus
328 312 537 348 humanum.

243 363 366 410 Itaque
396 371 431 399 et
463 364 673 398 benedictus
702 370 753 398 est
786 363 878 408 ipse,
913 364 1002 397 sicut
1032 369 1133 408 pater

138 421 303 449 aeternus
318 416 456 460 inquit?
480 414 548 448 Hic
567 422 617 449 est
635 414 731 449 filius
748 427 846 449 meus
865 415 1032 453 dilectus,
1061 426 1131 460 quo

138 466 306 500 delector.
360 465 409 500 Et
436 467 589 501 donatus
613 473 663 500 est
684 466 808 506 nobis,
833 472 872 499 ut
889 473 1032 511 propter
1053 478 1131 499 eum

136 517 243 551 nobis
269 517 519 557 benedicatur,
556 530 574 551 a
606 524 704 562 patre
733 524 897 559 aeternO,
935 525 968 552 et
993 525 1031 551 ut
1058 517 1131 561 ipse

135 568 231 602 filius
249 568 293 601 sit
311 569 539 610 benedictor,
565 569 601 602 id
627 575 697 610 est,
726 575 765 602 ut
792 576 936 613 propter
961 581 1041 602 eum
1066 569 1131 601 do-

134 626 269 654 nentur
285 620 444 653 remissio
469 627 715 665 peccatorum,
741 619 896 659 iusticia,
923 620 994 653 vita
1017 626 1129 653 aeter—

134 682 201 712 na,
229 678 264 705 et
288 671 356 705 alia
381 672 494 711 bona,
523 678 556 705 et
578 678 618 706 ut
642 671 716 716 ipse
741 671 785 705 sit
804 672 955 705 donator
971 671 1130 705 iusticiae

135 728 169 756 et
185 721 277 756 vitae
293 729 468 756 aeternae.

237 780 296 816 Fit
320 782 458 816 illustre
477 782 610 816 dictum
630 780 782 823 Psalmi,
810 794 888 816 cum
911 783 1061 817 refertur
1085 782 1129 815 ad

136 832 234 866 illam
253 833 495 866 dulcissimam
519 833 808 878 promissionem:
846 832 886 866 In
910 834 1041 866 semine
1067 840 1128 867 tuo

134 884 394 918 benedicentur
411 896 534 917 omnes
552 891 689 928 gentes,
719 885 801 929 quia
817 884 899 918 satis
925 891 1060 918 constat
1077 885 1127 918 ibi

131 935 416 969 benedictionem
436 936 605 979 intelligi,
632 936 879 969 liberationem
899 948 916 969 a
936 942 1076 980 peccato
1095 942 1128 970 et

134 993 270 1027 morte,
298 993 331 1020 et
355 987 586 1020 donationem
614 986 773 1020 iusticiae
789 994 821 1021 et
840 987 931 1020 vitae
953 994 1127 1028 aeternae,

131 1048 171 1070 ac
188 1037 322 1082 opponi
339 1038 581 1071 maledictioni
600 1038 745 1082 primae,
773 1050 852 1071 cum
869 1045 993 1071 natura
1011 1036 1127 1072 homi-

129 1088 186 1122 nis
206 1100 372 1133 oppressa
394 1096 444 1124 est
462 1089 514 1123 ira
533 1089 617 1134 Dei,
646 1101 752 1123 ruens
771 1089 807 1122 in
825 1096 1005 1134 peccatum
1031 1096 1064 1124 et
1088 1090 1126 1123 in

130 1146 293 1175 mortem.

234 1197 309 1233 Nec
332 1211 421 1243 opus
444 1205 495 1233 est
522 1199 627 1242 longa
657 1199 894 1235 enarratione.
954 1198 1024 1233 Sed
1058 1199 1125 1244 ipsi

129 1249 310 1283 discamus
344 1248 401 1283 his
434 1250 661 1294 amplissimis
693 1251 990 1295 promissionibus
1020 1251 1126 1284 fidem

129 1307 291 1334 nostram
317 1301 522 1337 exuscitare.
583 1300 732 1344 Quoties
764 1302 973 1336 invocamus
997 1301 1125 1341 Deum,

129 1363 229 1385 mens
247 1352 428 1386 intueatur
448 1352 678 1386 mediatorem
699 1352 831 1387 Filium
842 1352 921 1392 Dei,
943 1361 976 1387 et
994 1353 1125 1397 cogite-

127 1414 208 1436 mus
226 1414 292 1436 nos
310 1409 456 1447 propter
472 1400 568 1435 hunc
586 1403 715 1446 recipi,
743 1404 921 1443 exaudiri,
951 1405 1065 1437 iuvari
1092 1411 1125 1438 et

128 1453 279 1493 salvari,
307 1454 389 1499 quia
406 1451 474 1486 hoc
497 1454 675 1487 decretum
700 1455 834 1488 aeterni
858 1455 967 1499 patris
994 1455 1125 1489 immu-

127 1505 238 1540 tabile
254 1511 322 1546 est,
351 1511 384 1538 et
402 1504 633 1538 iureiurando
652 1505 763 1549 ipsius
780 1506 973 1540 sancitum:
1005 1505 1046 1539 In
1072 1518 1125 1539 se-

127 1556 225 1589 mine
244 1562 304 1590 tuo
321 1556 580 1589 benedicentur
591 1568 714 1589 omnes
733 1564 864 1599 gentes,
888 1557 993 1591 Item:
1010 1556 1125 1590 Bene-

127 1607 246 1641 dictus
272 1607 334 1652 qui
360 1606 458 1640 venit
481 1607 519 1640 in
537 1607 683 1640 nomine
699 1606 860 1642 Domini.
913 1606 1018 1642 Certo
1040 1620 1124 1652 pro-

126 1665 205 1703 pter
230 1656 326 1692 hunc
355 1658 583 1692 benedictum
606 1658 720 1691 filium
747 1659 824 1693 vult
851 1670 934 1700 nos,
969 1659 1030 1705 qui
1053 1660 1125 1693 fui-

126 1721 206 1744 mus
225 1710 375 1744 subiecti
392 1710 465 1742 irae
481 1709 780 1751 etmaledictioni,
796 1710 948 1754 recipere
967 1717 1001 1744 et
1017 1711 1124 1744 bene-

129 1760 282 1795 dicendo
299 1758 433 1800 iubere,
455 1767 495 1795 ut
512 1761 621 1794 simus
638 1761 780 1795 liberati
798 1762 842 1795 ab
863 1762 1030 1795 omnibus
1050 1774 1125 1796 ma-

128 1812 187 1847 lis.
240 1811 386 1847 Utinam
403 1810 458 1845 his
476 1811 585 1846 tantis
609 1811 908 1857 promissionibus
930 1813 1021 1847 serio
1047 1826 1125 1847 mo-

125 1875 310 1905 veremur,
346 1870 381 1898 et
405 1863 714 1897 inflammarentur
744 1864 872 1905 animi,
907 1871 947 1898 ut
977 1865 1123 1899 excitata

126 1915 207 1954 fide,
224 1915 439 1949 disceremus
455 1926 536 1948 vera
554 1915 780 1949 invocatione
796 1913 888 1950 hanc
905 1916 1124 1950 benedictio-

129 1978 232 2008 nem,
259 1973 291 2000 et
309 1967 459 2000 salutem
483 1966 695 2010 promissam
712 1973 850 2012 petere,
879 1974 1060 2011 expectare
1089 1975 1124 2002 et

127 2029 211 2051 vero
230 2019 336 2052 corde
351 2018 539 2053 celebrare.
593 2016 671 2051 Hoc
686 2018 812 2052 affectu
837 2025 870 2052 et
889 2016 1066 2063 Propheta
1086 2019 1124 2052 in

125 2068 269 2103 Psalmo
299 2070 398 2104 addit
431 2066 668 2114 epiphonema
695 2069 739 2103 de
770 2069 969 2105 ministerio
1000 2068 1123 2105 Evan—

126 2119 222 2164 getii.

179 2219 450 2256 Benediximus
471 2221 571 2257 vobis
590 2220 632 2256 de
652 2220 759 2257 domo
773 2220 947 2259 Domini.

228 2306 345 2339 Antea
366 2305 493 2341 cecinit
514 2307 700 2341 victoriam
725 2313 758 2342 et
780 2306 950 2341 beneficia
975 2304 1120 2342 Christi.

125 2355 230 2391 Nunc
248 2357 347 2391 addit
363 2355 650 2392 adhortationem
662 2386 672 2400 ,
698 2370 760 2393 suo
780 2366 813 2393 et
829 2358 1012 2391 communi
1031 2357 1119 2393 Pro-

125 2407 311 2454 phetarum
336 2409 502 2449 nomine,
537 2410 580 2443 ad
606 2410 809 2444 universam
833 2407 1046 2451 Ecclesiam,
1082 2416 1121 2444 ut

126 2472 182 2494 res
199 2460 337 2494 easdem
355 2460 522 2500 celebret,
550 2461 587 2495 id
615 2468 683 2501 est,
711 2468 751 2496 ut
769 2461 1007 2495 ministerium
1033 2473 1119 2495 con-

127 2517 263 2550 servet,
288 2518 321 2546 et
338 2523 533 2556 propagare
558 2513 709 2549 studeat.
760 2510 895 2558 Estque
917 2509 976 2546 hic
1000 2512 1119 2547 brevis

125 2562 339 2604 versiculus,
368 2563 471 2597 dulce
495 2564 696 2598 encomium
714 2562 1117 2607 ministeriiEvangelii,

126 2614 340 2654 admonens,
368 2614 454 2660 quid
477 2614 523 2649 sit
547 2616 766 2656 docendum,
800 2616 896 2662 quod
921 2615 966 2650 sit
987 2627 1117 2651 munus

125 2666 330 2708 doctorum,
357 2672 390 2700 et
407 2677 495 2712 quae
512 2667 556 2702 sit
569 2665 740 2702 Ecclesia.

745 72 807 108 lx.
861 69 1226 108 COMMEIxTARu
1254 71 1305 107 IN
1332 70 1576 111 PSALMOS.

2081 84 2178 121 1462

1289 157 1335 193 Et
1354 166 1393 193 ut
1407 156 1492 193 hinc
1507 159 1688 205 incipiam.
1722 159 1878 198 Ecclesia
1896 174 1945 200 est
1962 168 2086 203 domus
2096 167 2174 210 Dei,

1186 209 1224 242 in
1249 222 1318 255 qua
1348 211 1602 246 benedixerunt
1628 213 1732 246 nobis
1761 222 1877 258 patres
1908 225 1940 251 et
1963 217 2173 265 Prophetae,

1186 258 1276 294 hanc
1295 262 1578 296 benedictionem
1598 263 1682 297 Filii
1701 263 1767 298 Dei
1785 275 2024 311 proponentes
2048 279 2079 305 et
2102 272 2173 305 cla—

1185 312 1364 346 mitantes:
1392 312 1508 354 Deus,
1533 315 1698 349 dominus
1713 316 1936 353 illuminator
1951 328 2077 357 noster.
2113 322 2173 357 Sic

1185 363 1303 406 alligat
1327 362 1521 397 Ecclesiam
1541 366 1718 411 principio
1739 370 1781 400 ad
1804 371 1951 404 verbum
1976 370 2172 417 Propheta—

1184 426 1281 455 rum,
1309 414 1381 449 Ubi
1399 416 1503 449 etiam
1520 416 1677 460 ipsorum
1698 426 1837 463 patrum
1858 428 1891 454 et
1909 421 2171 468 Prophetarum

1183 466 1372 499 certamina
1393 467 1602 510 cogitemus,
1632 470 1773 513 quaein
1791 469 1977 516 Evangelii
2000 487 2171 519 propaga-

1183 517 1279 549 tione
1309 517 1564 554 sustinuerunt.
1628 519 1718 554 Cum
1756 523 1851 555 enim
1887 525 2004 570 inquit
2035 525 2170 560 David:

1181 564 1449 601 Benediximus
1467 568 1565 602 cobis
1581 582 1626 604 ex
1642 568 1748 605 domo
1761 571 1939 616 Domini,
1954 577 1988 609 id
2008 584 2068 618 est,
2092 589 2170 619 nOS,

1182 619 1243 664 qui
1261 631 1380 653 sumus
1404 621 1440 652 in
1468 622 1574 654 domo
1594 623 1763 662 Domini,
1792 626 2036 661 benediximus
2055 629 2169 672 vobis,

1182 670 1367 704 docuimus
1400 669 1491 705 hanc
1525 672 1831 717 benedictionem,
1869 684 1902 711 et
1927 690 2002 711 earn
2033 680 2169 722 magnis

1181 722 1434 756 certaminibus
1461 725 1748 767 propagavimus,
1778 726 1920 762 Intuere
1938 731 2057 764 animo
2072 738 2169 764 stan-

1180 779 1230 805 tes
1248 773 1284 805 in
1302 774 1433 817 templo
1453 781 1582 817 patres,
1610 776 1746 816 Adam,
1773 776 1878 818 Seth,
1905 778 2052 822 Enoch,
2079 780 2169 822 Noe,

1180 823 1281 865 Sem,
1315 822 1515 863 Abraham,
1553 825 1667 867 Isaac,
1704 826 1829 867 Iacob,
1864 829 2026 872 Moisen,
2058 830 2169 866 Davi-

1180 875 1278 916 dem,
1305 873 1441 917 Eliam,
1468 874 1648 910 Elisaeum
1672 885 1705 911 et
1729 879 1827 912 alios.
1881 879 2057 915 Omnium
2083 880 2168 917 haec

1179 938 1248 959 una
1273 939 1341 959 vox
1364 934 1431 961 est:
1465 925 1734 963 Benedt'ximus
1760 929 1859 964 vobis
1885 929 1927 965 de
1951 931 2058 967 domo
2082 931 2170 967 Do-

1178 988 1285 1011 mznz.

1281 1027 1327 1063 Ut
1343 1035 1425 1063 sunt
1446 1027 1482 1062 in
1500 1027 1617 1065 choris
1636 1032 1739 1073 certi,
1766 1033 1828 1078 qui
1852 1033 1997 1068 incoant
2021 1036 2169 1070 cantile-

1179 1091 1258 1121 nas,
1292 1087 1324 1114 et
1349 1081 1557 1124 praecinunt
1581 1083 1736 1129 reliquae
1759 1085 1899 1126 turbae,
1937 1092 1970 1119 et
1996 1094 2168 1121 vocantur

1179 1128 1344 1170 Exarchi‚
1373 1131 1418 1164 ita
1437 1139 1518 1166 sunt
1537 1133 1574 1166 in
1593 1135 1751 1168 Ecclesia
1773 1142 1888 1180 patres
1906 1143 1940 1170 et
1956 1135 2168 1182 Prophetae.

1180 1181 1290 1227 quue
1313 1195 1516 1228 quanquam
1542 1192 1592 1218 est
1615 1185 1808 1228 gloriosum
1827 1188 1960 1232 populo
1980 1187 2106 1230 Israel,
2133 1197 2168 1224 et

1178 1245 1242 1265 nos
1261 1234 1410 1277 gratiam
1428 1234 1498 1268 illis
1517 1236 1724 1270 doctoribus
1744 1238 1930 1280 dehemus,
1949 1245 2067 1272 tamen
2085 1240 2166 1275 ideo

1177 1285 1364 1328 praecipue
1381 1285 1616 1329 significatur,
1644 1294 1684 1321 ut
1701 1288 1852 1322 sciamus
1871 1287 2065 1324 Ecclesiam
2086 1292 2167 1325 alli-

1177 1342 1293 1378 gatam
1319 1348 1391 1369 esse
1414 1338 1458 1369 ad
1480 1338 1627 1372 verbum
1647 1339 1815 1373 traditum
1832 1352 1895 1385 per
1918 1348 2051 1385 patres,
2078 1342 2168 1377 Pro-

1177 1385 1318 1431 phetas,
1345 1385 1528 1422 Christum
1548 1396 1582 1424 et
1607 1390 1808 1433 Apostolos.
1867 1390 1916 1424 Hi
1940 1405 2062 1427 omnes
2086 1401 2168 1429 sunt

1176 1436 1330 1471 Exarehi
1347 1436 1513 1472 Ecclesiis
1532 1441 1687 1474 collectis
1705 1454 1743 1474 ex
1761 1443 1936 1485 gentibus.

1279 1488 1327 1522 Ut
1344 1496 1461 1522 autem
1479 1491 1724 1525 definitionem
1740 1491 1916 1527 Ecclesiae
1933 1506 2111 1530 sumamus
2126 1508 2166 1530 ex

1176 1536 1356 1581 hocloco,
1383 1552 1457 1573 non
1476 1542 1590 1575 solum
1608 1543 1783 1584 dicemus,
1810 1557 1899 1589 quae
1923 1557 2093 1589 personae
2108 1560 2168 1581 so-

1177 1597 1263 1624 nent
1278 1588 1374 1624 hunc
1392 1592 1619 1634 versiculum,
1647 1595 1707 1626 sed
1724 1595 1827 1627 etiam
1844 1596 1930 1640 quid
1948 1605 2085 1639 sonent,
2112 1599 2167 1631 vi-

1177 1641 1301 1675 delicet
1325 1641 1632 1677 Benedictionem:
1666 1645 1784 1678 brevis
1813 1659 1880 1679 vox
1910 1654 1979 1691 est,
2013 1650 2073 1682 sed
2110 1661 2167 1683 re-

1176 1693 1319 1727 serenda
1335 1694 1378 1726 ad
1397 1695 1660 1738 promissiones.
1708 1695 1780 1729 Nec
1797 1697 1985 1743 quicquam
2003 1699 2072 1732 dici
2092 1712 2166 1733 ma-

1176 1744 1230 1777 ius
1249 1751 1380 1788 potest,
1395 1757 1501 1790 quam
1519 1747 1614 1792 quod
1633 1747 1692 1780 illa
1710 1746 1865 1782 Ecclesia
1882 1750 2082 1792 patefecerit
2099 1763 2165 1785 no-

1175 1795 1231 1828 bis
1254 1796 1558 1839 benedictionem,
1586 1798 1795 1842 promissam
1821 1811 1840 1832 a
1866 1798 1959 1841 Deo,
1986 1813 2075 1846 quae
2091 1803 2165 1846 pri-

1175 1858 1273 1879 mum
1295 1845 1435 1882 exhibet
1460 1856 1600 1883 aeterna
1628 1850 1733 1883 bona.
1777 1850 1900 1885 Postea
1928 1853 2027 1886 addit
2059 1854 2165 1888 etiam

1174 1897 1286 1931 multa
1310 1900 1526 1942 praesentia,
1558 1901 1646 1934 sicut
1668 1901 1785 1947 inquit
1808 1901 1939 1936 Paulus
1966 1904 1998 1939 1.
2014 1903 2110 1941 Tim.
2131 1905 2166 1940 4.

1176 1949 1340 1993 pietatem
1365 1947 1496 1984 habere
1520 1952 1713 1996 praesentis
1736 1959 1768 1986 et
1798 1954 1938 1987 futurae
1961 1955 2052 1988 vitae
2080 1968 2164 2003 pro-

1175 1999 1368 2036 missiones.
1421 2000 1517 2035 Haec
1539 2003 1739 2037 benedictio
1762 2004 1800 2036 in
1819 2002 1992 2046 Ecclesia,
2018 2013 2165 2041 testatur

1175 2049 1288 2084 Deum
1301 2052 1405 2085 nobis
1423 2054 1600 2097 placatum
1618 2066 1691 2088 esse
1707 2066 1769 2098 per
1778 2053 1931 2097 Filium,
1959 2068 2024 2090 nos
2040 2054 2164 2091 haere-

1174 2103 1233 2135 des
1252 2113 1325 2137 esse
1342 2104 1434 2138 vitae
1454 2111 1624 2139 aeternae.
1680 2104 1835 2150 Ideoque
1855 2105 1930 2140 Deo
1948 2119 2051 2141 curae
2077 2120 2162 2150 esse,

1173 2154 1246 2197 regi
1263 2154 1367 2188 etiam
1383 2155 1420 2188 in
1439 2153 1503 2189 hac
1522 2156 1612 2194 vita,
1638 2163 1671 2190 et
1687 2156 1900 2190 mirabiliter
1915 2159 2064 2200 servari,
2095 2160 2162 2193 sic-

1173 2212 1212 2239 ut
1243 2205 1311 2250 ipsi
1334 2212 1466 2250 patres,
1494 2204 1709 2251 Prophetae,
1736 2205 1901 2242 Christus
1923 2216 1957 2243 et
1982 2208 2160 2254 Apostoli,

1173 2256 1246 2290 suis
1261 2257 1428 2302 exemplis
1444 2255 1535 2291 hanc
1552 2258 1752 2291 mirandam
1769 2259 2061 2302 gubernationem
2080 2262 2160 2306 pin·
2190 2264 2194 2265 ⁷

1171 2315 1310 2350 xerunt,
1327 2315 1360 2342 et
1376 2309 1617 2349 ostenderunt,
1632 2321 1721 2354 quae
1737 2310 1831 2343 bona
1850 2318 1988 2345 aeterna
2006 2318 2039 2346 et
2057 2325 2160 2357 prae·

1171 2359 1282 2393 sentia
1293 2360 1546 2404 complectatur
1555 2360 1754 2394 benedictio
1770 2373 1830 2395 seu
1844 2363 2044 2405 promissio,
2069 2376 2159 2409 quo-

1171 2411 1277 2444 modo
1302 2417 1469 2454 regantur
1494 2411 1579 2445 socii
1610 2409 1717 2445 huius
1749 2412 2028 2455 benedictionis,
2069 2428 2157 2461 quo-

1171 2462 1280 2495 modo
1299 2469 1543 2504 exerceantur,
1570 2463 1739 2497 inventur
1754 2470 1787 2497 et
1804 2464 1994 2499 salventur.

1271 2512 1347 2546 Iam
1379 2514 1554 2547 discamus
1577 2511 1668 2548 hanc
1692 2514 1995 2557 benedictionem,
2029 2516 2066 2550 id
2093 2524 2156 2559 est,

1168 2563 1422 2608 promissiones
1438 2565 1578 2598 divinas
1600 2565 1669 2599 fide
1686 2566 1842 2611 accipere
1856 2573 1888 2600 et
1906 2567 2076 2609 retinere,
2103 2580 2156 2601 se-

1167 2627 1320 2660 quamur
1334 2613 1515 2650 Exarchos
1540 2616 1722 2651 incoantes
1748 2618 1979 2659 cantilenam,
2001 2631 2074 2652 non
2097 2631 2157 2652 ex-

1167 2666 1341 2702 cutiamus
1370 2667 1527 2702 oblatam
1559 2668 1860 2711 misericordiam,
1895 2670 1955 2704 sed
1984 2669 2154 2713 fruamur,

1454 2716 1538 2755 92*
