2379 2948
0 2891 11 2948 ii

146 100 245 137 1157

141 237 309 272 convenit
339 237 436 271 Filio
453 236 520 271 Dei
536 236 692 271 Domino
728 242 852 269 nostro
883 234 962 268 Iesu
985 232 1139 275 Christo,

142 289 206 335 qui
225 289 360 333 primus
378 289 537 321 sacerdos
552 295 636 321 tunc
652 286 767 320 statim
787 286 875 325 fuit,
903 286 1047 330 quando
1061 293 1137 328 post

143 340 280 384 lapsum
298 340 397 373 Adae
424 346 459 385 et
483 338 578 372 Evae
601 337 799 371 intercessit
823 349 887 380 pro
913 343 987 369 toto
1011 348 1137 379 genere

143 388 320 431 humano,
356 397 389 424 et
413 389 544 423 obtulit
567 401 602 421 se
626 390 669 421 ad
696 385 787 420 hanc
811 387 1070 426 obedientiam,
1099 395 1136 421 ut

144 454 293 485 poenam
316 443 353 474 in
382 453 415 474 se
440 440 633 478 derivaret,
666 446 699 473 et
723 438 852 472 deinde
883 438 995 472 edidit
1017 450 1136 472 vocem

144 492 392 537 promissionis
409 492 446 524 in
464 490 644 524 Paradiso.

248 552 371 586 Postea
405 552 465 584 alii
492 550 554 595 qui
581 562 665 584 vero
698 549 897 583 ministerio
929 549 1138 592 funguntur,

143 604 413 648 participatione
429 603 625 635 sacerdotes
643 608 746 642 sunt,
775 601 857 646 quia
878 600 1033 645 aliquam
1056 613 1136 644 par-

143 662 212 688 tem
236 653 419 688 sacerdotii
442 650 577 686 Christi
602 653 871 692 administrant,
901 658 932 684 et
959 649 1064 685 huius
1083 663 1136 684 sa-

144 706 296 739 cerdotis
319 703 485 738 beneficia
509 704 750 745 distribuunt,
785 703 864 736 ideo
889 709 1070 736 teneamus
1093 703 1136 734 il-

143 757 252 790 lustre
269 756 459 789 discrimen
475 755 568 788 inter
584 767 762 788 summum
788 754 1002 787 sacerdotem
1027 760 1060 787 et
1082 765 1136 786 re—

144 807 281 852 liquum
298 806 496 849 collegium.

248 865 419 900 Summus
443 866 606 898 sacerdos
633 872 683 900 est
712 877 860 909 persona
890 863 1092 897 immediate
1119 875 1136 896 a

143 916 218 951 Deo
243 916 410 950 ordinata
437 918 480 949 ad
508 917 797 950 annunciandum
822 914 1077 958 Evangelium,
1105 921 1137 948 et

142 969 186 1001 ad
205 968 427 1002 offerendum
454 968 637 1012 proprium
663 967 890 1007 sacrificium,
924 967 966 999 ad
993 966 1136 1009 placan—

143 1020 230 1052 dum
248 1020 335 1052 iram
354 1018 439 1057 Dei,
467 1026 500 1052 et
519 1019 562 1052 ad
583 1019 868 1052 satisfaciendum
894 1017 1051 1051 iusticiae
1070 1016 1136 1050 Dei

143 1082 207 1114 pro
223 1070 344 1110 nobis,
371 1077 404 1104 et
426 1071 469 1103 ad
496 1081 561 1103 nos
576 1070 821 1110 redimendos,
847 1081 886 1102 ac
913 1069 955 1101 ad
985 1068 1136 1101 interce-

143 1122 301 1154 dendum
337 1133 401 1165 pro
437 1121 560 1162 nobis,
614 1128 646 1155 et
681 1119 815 1154 habens
852 1119 1136 1164 promissionem,

144 1173 239 1217 quod
263 1170 360 1205 Deus
386 1184 466 1205 eum
499 1172 679 1212 exaudiat,
713 1178 746 1205 et
769 1183 850 1204 vere
873 1171 931 1204 fiat
956 1169 1136 1214 propicius

144 1223 312 1256 omnibus
329 1235 394 1267 pro
411 1224 541 1268 quibus
559 1221 617 1256 hic
634 1223 796 1256 sacerdos
819 1221 1016 1255 intercedit.
1062 1219 1136 1253 Ha-

143 1274 232 1307 hens
254 1275 482 1318 mandatum,
522 1281 561 1308 ut
587 1273 790 1307 immediate
823 1273 897 1317 ipse
924 1284 987 1317 per
1016 1283 1135 1305 vocem

143 1324 329 1368 Evangelii
344 1332 522 1358 aeternam
539 1323 732 1358 Ecclesiam
750 1324 904 1367 colligat.

245 1382 341 1416 Haec
364 1383 523 1416 definitio
544 1382 687 1427 propria
713 1388 764 1416 est
788 1381 918 1415 summi
933 1380 1136 1420 sacerdotis,

143 1433 205 1480 qui
217 1441 267 1468 est
277 1433 391 1468 Filius
407 1433 473 1467 Dei
492 1435 672 1467 redemtor
687 1439 819 1477 noster,
838 1430 933 1466 hunc
949 1443 1021 1465 esse
1039 1431 1137 1464 ordi-

144 1492 266 1519 natum
278 1486 419 1519 decreto
429 1485 626 1519 divinitatis
635 1484 767 1518 dictum
785 1491 835 1518 est
852 1485 889 1516 in
900 1481 967 1517 hoc
978 1482 1136 1516 Psalmo:

144 1535 279 1570 Iuravit
289 1536 480 1578 Dominus,
494 1542 529 1569 et
546 1547 619 1569 non
636 1535 833 1580 poenitebit
851 1547 943 1569 eum.
982 1532 1136 1567 EtPsal-

145 1600 204 1620 mo
224 1586 303 1622 44.:
338 1586 451 1621 Unxit
473 1594 507 1621 te
529 1585 645 1627 Deus,
674 1585 771 1619 Deus
787 1593 868 1620 tuus
884 1586 962 1618 oleo
979 1585 1136 1618 laeticiae

146 1645 291 1682 propter
314 1645 494 1672 consortes
517 1644 609 1672 tuos.
663 1636 711 1671 Et
729 1635 855 1670 Esaiae
876 1636 954 1670 61.:
981 1635 1137 1680 Spiritus

144 1687 291 1723 Domini
306 1701 411 1733 super
426 1701 501 1730 me,
528 1701 569 1722 eo
587 1689 682 1734 quod
706 1688 847 1722 unxerit
863 1699 931 1723 me.

250 1748 416 1782 Secundo
447 1749 543 1793 quod
574 1748 768 1781 annunciet
788 1745 1025 1790 Evangelium
1053 1753 1136 1780 nota

146 1812 213 1833 vox
228 1806 295 1833 est:
324 1798 437 1833 Filius
455 1800 515 1845 qui
534 1806 583 1832 est
602 1799 638 1831 in
662 1798 744 1832 sinu
765 1799 872 1842 patris
896 1799 970 1841 ipse
994 1809 1136 1830 enarra-

147 1851 196 1884 vit
225 1850 341 1886 nobis,
403 1850 490 1884 Item
523 1849 604 1884 Esa.
631 1850 710 1884 61.:
757 1848 813 1883 Ad
845 1849 1136 1882 annunciandum

145 1901 286 1936 afflictis
303 1902 399 1936 misit
413 1913 489 1942 me,
516 1908 554 1934 ut
572 1902 714 1934 medear
729 1900 892 1934 contritis
909 1901 1026 1935 corde.

257 1961 381 1995 Tertio
418 1962 515 2006 quod
551 1961 676 1994 offerat
709 1960 893 2005 proprium
928 1959 1137 1993 sacrificium

148 2025 218 2058 quo
242 2013 403 2057 placatur
428 2014 479 2045 ira
501 2011 587 2052 Dei,
618 2019 700 2045 sunt
722 2012 906 2045 manifesta
924 2011 1138 2052 testimonia,

147 2061 358 2097 Esaiae53.;
388 2063 481 2106 Quia
499 2070 607 2108 ponet
621 2063 775 2096 animam
794 2074 891 2096 suam
905 2060 1054 2095 hostiam
1074 2073 1137 2106 pro

148 2122 289 2162 peccato
307 2115 442 2148 videbit
459 2127 578 2148 semen
594 2115 817 2158 longaevum.
846 2112 933 2147 Item
952 2112 1050 2147 Ioan.
1065 2113 1138 2148 17.:

149 2163 226 2209 Ego
246 2177 302 2199 me
327 2177 391 2209 pro
415 2165 464 2198 eis
482 2166 679 2207 sanctifico,
706 2166 743 2198 id
761 2172 828 2206 est,
855 2165 976 2198 offero.
1030 2164 1138 2198 Item:

149 2214 241 2250 Ecce
264 2227 376 2259 agnus
400 2214 467 2249 Dei
492 2217 553 2262 qui
577 2217 671 2251 tollit
695 2223 833 2261 peccata
860 2216 997 2250 mundi.
1051 2214 1138 2249 Item

149 2266 319 2301 Rom.8.:
338 2266 390 2300 De
407 2275 547 2311 peccato
557 2268 740 2301 damnavit
750 2274 941 2312 peccatum.
970 2266 1139 2302 Rom.4.:

151 2317 324 2352 Traditus
349 2324 400 2351 est
426 2325 569 2362 propter
593 2319 720 2352 delicta
748 2326 879 2353 nostra.
932 2316 1042 2352 Hebr.
1066 2318 1139 2352 10.:

151 2368 234 2412 Qua
250 2370 435 2403 voluntate
460 2370 666 2404 sanctificati
690 2382 811 2404 sumus
837 2382 899 2415 per
922 2369 1138 2403 oblationem

152 2420 312 2465 corporis
329 2419 408 2453 Iesu
425 2417 559 2454 Christi
576 2421 693 2456 semel.

255 2479 393 2523 Quarto
416 2485 494 2513 orat
517 2491 580 2523 pro
604 2479 726 2520 nobis,
753 2485 793 2512 ut
818 2477 941 2514 Ioban.
963 2480 1040 2514 17.:
1068 2477 1139 2514 Ubi

153 2531 258 2565 etiam
282 2530 491 2564 solennibus
517 2530 633 2563 verbis
659 2530 812 2574 applicat
839 2531 1049 2564 sacrificium
1075 2542 1139 2575 pro

153 2582 271 2621 nobis,
300 2582 482 2627 inquiens:
513 2579 589 2624 Ego
604 2592 669 2625 pro
687 2582 736 2614 eis
750 2583 927 2615 sanctifico
945 2594 1013 2623 me,
1031 2589 1063 2616 et
1077 2582 1140 2614 ad-

154 2633 207 2667 dit
221 2633 481 2677 precationem:
501 2629 579 2666 Oro
590 2644 663 2665 non
684 2643 749 2677 pro
766 2631 814 2664 eis
830 2639 982 2673 tantum,
997 2634 1056 2666 sed
1075 2645 1139 2677 pro

155 2684 340 2718 credituris
357 2696 419 2729 per
440 2684 587 2717 verbum
605 2695 740 2719 eorum.
796 2681 899 2716 Item:
927 2683 1032 2717 Pater
1047 2684 1141 2724 volo,

740 98 806 134 lx,
863 94 1230 134 COMMENTARII
1264 95 1316 130 IN
1348 93 1592 132 PSALMOS.

247 185 387 221 Nomen
420 185 610 220 sacerdotis
642 184 798 229 primum
829 190 863 218 et
893 183 1139 228 principaliter
1162 181 1166 212 1
1191 188 1230 216 ut
1248 182 1311 216 ubi
1329 193 1390 226 ego
1408 194 1505 222 sum,
1532 188 1565 216 et
1581 180 1635 214 illi
1654 192 1790 214 mecum
1808 179 1890 215 sint.

2093 94 2193 132 1158

1945 179 2048 214 Item:
2077 180 2188 216 Serva

1191 245 1249 266 eos
1268 234 1304 266 in
1322 234 1467 267 nomine
1484 240 1564 271 tUO,
1599 239 1638 266 ut
1655 244 1766 265 unum
1784 231 1907 265 sintin
1926 231 2042 265 nobis.
2097 231 2185 266 Item

1191 283 1297 320 Rom.
1315 284 1366 320 8.:
1396 283 1502 318 Sedet
1519 285 1560 315 ad
1581 284 1738 316 dextram
1758 281 1824 316 Dei
1840 289 1872 316 et
1891 282 2093 326 interpellat
2120 296 2184 327 pro

1190 335 1304 369 nobis.
1358 332 1621 368 EtEsaiae53.:
1650 332 1720 367 Pro
1738 334 2054 377 transgressoribus
2076 342 2188 377 rogat.

1293 385 1430 429 Quinto
1462 386 1556 430 quod
1600 383 1726 418 habeat
1763 385 2054 429 promissionem,
2090 386 2187 430 quod

1191 438 1419 477 exaudiatur,
1449 443 1621 470 testantur
1637 436 1740 470 dicta.
1797 434 1892 469 loan.
1916 435 1989 471 11.:
2025 435 2099 478 Ego
2124 448 2188 469 au-

1190 496 1259 521 tem
1279 488 1430 521 sciebam
1448 488 1543 532 quod
1563 499 1616 519 me
1641 498 1778 530 semper
1804 487 1958 520 exaudis.
2011 484 2058 520 Et
2078 485 2187 520 Hebr.

1191 537 1241 573 5.:
1277 538 1365 574 Cum
1393 539 1546 572 clamore
1572 538 1690 570 valido
1719 544 1751 570 et
1777 537 1933 570 lacrimis
1952 537 2124 576 offerens,
2154 544 2187 571 et

1191 590 1375 624 exauditus
1392 598 1441 623 est
1459 596 1604 633 propter
1620 600 1717 621 snam
1736 588 1989 622 obedientiam.
2023 588 2116 622 Psal.
2133 589 2184 623 2.;

1191 641 1334 676 Postula
1359 653 1377 674 a
1402 652 1474 680 me,
1511 646 1544 673 et
1570 640 1662 672 dabo
1693 639 1756 671 tibi
1789 645 1908 681 gentes
1934 636 2185 672 haereditatem

1191 700 1298 726 tuam.
1354 691 1446 727 Psal.
1467 689 1541 725 15.:
1566 689 1705 724 Sanctis
1729 689 1890 733 quisunt
1909 690 1946 721 in
1964 696 2054 722 terra
2085 689 2186 722 miri-

1191 744 1309 777 ficabit
1340 754 1462 776 omnes
1491 742 1690 775 voluntates
1727 752 1817 775 snas,
1871 739 1950 773 Esa.
1985 741 2063 774 42:
2098 739 2186 773 Ecce

1191 807 1312 828 servus
1330 805 1428 826 meus
1450 793 1654 827 sustentabo
1672 803 1769 829 eum,
1801 797 1833 824 et
1851 791 1980 823 electus
1997 803 2094 823 meus
2116 803 2185 835 quo

1191 846 1386 879 delectatur
1410 844 1528 877 anima
1552 855 1640 878 mea.
1695 842 1737 876 Et
1763 841 1884 875 Esaiae
1913 840 1973 875 53.
2010 841 2186 875 Voluntas

1190 896 1338 930 Domini
1355 896 1390 928 in
1408 907 1514 928 manu
1535 895 1608 927 eius
1626 893 1815 936 dirigetur,
1843 891 2038 925 promissio
2055 900 2105 925 est
2129 904 2186 926 as—

1190 959 1355 981 severans
1387 947 1623 990 perfecturum
1656 957 1729 977 esse
1764 943 2015 977 liberationem
2047 944 2185 986 generis

1191 997 1358 1038 humani,
1384 998 1427 1031 ad
1452 1009 1555 1041 quam
1580 996 1750 1033 mittitur,
1779 1002 1810 1028 et
1829 993 1904 1027 Deo
1922 1001 2019 1037 grata
2046 1006 2118 1027 esse
2135 1007 2185 1032 ea,

1190 1062 1279 1095 quae
1303 1047 1360 1082 bic
1384 1048 1533 1082 Messias
1556 1047 1628 1090 agit
1653 1053 1685 1080 et
1711 1052 1803 1090 petet
1827 1045 1914 1080 fieri.
1969 1043 2093 1078 Esaiae
2111 1043 2185 1079 55.:

1190 1100 1234 1135 Et
1250 1100 1373 1134 feriam
1389 1099 1570 1132 vobiscum
1586 1098 1711 1130 foedus
1725 1097 1980 1140 sempiternum
1993 1123 2001 1135 ‚
2026 1108 2080 1128 me
2098 1097 2185 1129 fide-

1190 1152 1271 1185 liter
1296 1153 1462 1184 daturum
1486 1161 1557 1182 esse
1580 1147 1858 1181 misericordiam
1881 1145 2010 1180 Davidi
2032 1147 2185 1191 promis-

1191 1215 1262 1236 sam
1275 1227 1284 1242 ,
1312 1202 1405 1247 quod
1433 1202 1470 1234 in
1489 1199 1589 1234 Actis
1609 1199 1736 1233 citatur
1752 1196 1820 1231 hoc
1837 1199 1963 1230 modo:
1991 1196 2094 1231 Dabo
2111 1197 2184 1231 Da-

1190 1255 1248 1287 vid
1282 1259 1401 1286 sancta
1432 1251 1570 1292 fidelia,
1606 1252 1641 1283 id
1669 1257 1737 1290 est,
1772 1249 1833 1282 illa
1870 1249 1961 1281 bona
1998 1249 2183 1292 promissa,

1191 1305 1282 1338 dabo
1300 1305 1328 1337 ei
1346 1303 1497 1337 fideliter
1515 1309 1547 1336 et
1567 1301 1800 1335 veracissime.
1843 1299 1989 1333 loannis
2010 1299 2083 1335 17.:
2112 1298 2183 1333 De-

1191 1356 1273 1389 disti
1292 1356 1323 1388 ei
1347 1360 1552 1399 potestatem
1574 1353 1691 1386 omnis
1714 1351 1850 1391 carnis,
1873 1357 1913 1383 ut
1931 1351 1991 1383 det
2008 1350 2057 1383 eis
2074 1351 2183 1384 vitam

1191 1414 1380 1440 aeternam.
1443 1404 1530 1438 Item
1562 1401 1692 1437 Matth.
1715 1402 1859 1435 ultimo:
1898 1399 1987 1434 Data
2015 1408 2064 1434 est
2093 1399 2182 1433 mihi

1190 1458 1306 1491 omnis
1334 1462 1487 1501 potestas
1517 1455 1555 1487 in
1576 1455 1673 1488 coelo
1696 1460 1728 1487 et
1760 1453 1798 1485 in
1822 1459 1927 1486 terra.
1983 1450 2080 1487 Ioan.
2108 1452 2183 1487 16.:

1191 1508 1371 1553 Quicquid
1388 1506 1558 1551 petieritis
1575 1512 1709 1550 patrem
1732 1504 1769 1537 in
1787 1503 1933 1537 nomine
1949 1515 2027 1536 meo
2039 1527 2047 1542 ,
2069 1503 2184 1538 saciet.

1190 1559 1235 1593 Et
1255 1560 1293 1593 in
1311 1557 1378 1592 hoc
1388 1557 1547 1591 Psalmo:
1576 1556 1634 1590 Tu
1651 1568 1684 1589 es
1705 1556 1865 1589 sacerdos
1883 1561 1948 1588 etc.
1961 1581 1969 1595 ,
1987 1554 2066 1587 ideo
2086 1554 2182 1587 enim

1190 1611 1337 1654 ungitur
1354 1617 1386 1643 et
1403 1608 1631 1642 constituitur
1648 1607 1809 1640 sacerdos
1824 1612 1862 1638 ut
1882 1605 2101 1639 exaudiatur.

1290 1660 1491 1695 Constituta
1515 1658 1722 1692 definitione
1749 1656 1876 1690 summi
1898 1656 2087 1689 sacerdotis
2111 1655 2182 1689 iam

1191 1713 1233 1746 de
1257 1711 1426 1744 membris
1449 1711 1524 1743 eius
1545 1710 1712 1742 dicemus.
1765 1708 1972 1741 Sacerdotes
1991 1707 2181 1751 participa-

1191 1764 1286 1798 tione
1304 1762 1365 1808 qui
1382 1768 1464 1795 sunt
1481 1761 1637 1793 membra
1657 1757 1811 1799 Christi,
1839 1765 1872 1791 et
1891 1765 2009 1791 tamen
2027 1770 2108 1791 vere
2127 1769 2182 1791 sa-

1191 1815 1366 1854 cerdotes,
1397 1819 1479 1846 sunt
1517 1823 1640 1844 omnes
1678 1810 1888 1854 accipientes
1920 1809 2126 1842 unctionem
2163 1821 2182 1842 a

1192 1877 1328 1899 summo
1346 1864 1526 1897 sacerdote
1544 1862 1636 1895 Filio
1653 1860 1739 1902 Dei,
1768 1859 2001 1903 Evangelium
2017 1867 2049 1894 et
2067 1859 2182 1904 Spiri-

1192 1924 1266 1950 tum
1294 1923 1472 1956 sanctum‚
1505 1913 1661 1947 ordinati
1686 1913 1726 1945 ad
1755 1911 2031 1951 confessionem,
2059 1923 2098 1944 ac
2116 1923 2181 1955 pro

1191 1976 1348 2011 tempore
1372 1968 1413 1999 ad
1441 1965 1698 2003 ministerium,
1730 1975 1803 1995 non
1829 1962 2017 1995 offerentes
2040 1962 2183 2006 propria

1191 2018 1358 2052 sacrificia
1380 2016 1650 2061 propiciatoria‚
1676 2015 1710 2047 id
1730 2020 1799 2054 est,
1826 2020 1865 2046 ut
1884 2012 1961 2045 aliis
1980 2020 2184 2046 mereantur

1192 2069 1536 2105 reconciliationem,
1575 2067 1632 2099 sed
1668 2064 1873 2099 sanctificati
1907 2076 1979 2097 uno
2012 2063 2182 2097 sacrificio

1192 2121 1321 2154 summi
1340 2118 1546 2158 sacerdotis,
1575 2115 1744 2150 hahentes
1763 2116 1967 2149 mandatum
1986 2122 2019 2147 et
2043 2115 2116 2153 ius,
2143 2121 2183 2147 ut

1191 2173 1345 2205 fructum
1372 2169 1478 2204 huius
1503 2169 1662 2203 sacrificii
1689 2168 1755 2200 sibi
1778 2166 1972 2210 applicent,
2000 2171 2031 2197 et
2055 2165 2183 2198 fiducia

1191 2223 1320 2257 summi
1348 2221 1538 2256 sacerdotis
1555 2220 1719 2252 invocent
1738 2217 1871 2255 Deum,
1898 2223 1931 2249 et
1952 2216 2103 2249 offerant
2128 2227 2183 2250 sa-

1192 2273 1321 2308 crificia
1354 2273 1487 2313 laudis,
1525 2278 1558 2304 et
1590 2268 1760 2303 habentes
1785 2267 2054 2312 promissionem
2086 2267 2183 2311 quod

1193 2325 1447 2366 exaudiantur,
1481 2322 1678 2367 perferente
1703 2331 1840 2353 summo
1859 2318 2038 2351 sacerdote
2061 2324 2183 2351 nostra

1192 2383 1272 2410 vota
1295 2383 1328 2410 et
1351 2375 1519 2409 sacrificia
1543 2373 1580 2405 in
1603 2377 1720 2405 sancta
1745 2377 1965 2407 sanctorum,
1994 2369 2028 2401 id
2051 2375 2118 2409 est,
2146 2368 2184 2401 in

1192 2439 1360 2461 arcanum
1386 2425 1574 2459 consilium
1599 2421 1804 2456 divinitatis.
1858 2419 1907 2453 Ita
1936 2419 2024 2453 dicit
2043 2418 2184 2453 Petrus:

1193 2479 1267 2512 Vos
1290 2478 1372 2511 estis
1394 2475 1628 2510 sacerdotium
1650 2479 1808 2506 sanctum
1835 2472 1878 2504 ad
1897 2470 2094 2504 offerendas
2113 2470 2185 2515 spi-

1193 2529 1337 2564 rituales
1353 2526 1486 2562 hostias
1505 2531 1662 2569 acceptas
1676 2524 1750 2558 Deo
1773 2534 1836 2566 per
1855 2521 1968 2555 Iesum
1989 2519 2185 2556 Christum.

1194 2581 1300 2614 Tales
1327 2586 1409 2612 sunt
1436 2578 1635 2610 sacerdotes
1658 2574 1789 2614 Adam,
1817 2571 1927 2613 Abel,
1962 2572 2056 2613 Noe,
2090 2572 2185 2610 Sem,

1194 2628 1396 2667 Abraham,
1430 2629 1569 2668 Esaias,
1603 2625 1779 2671 Baptista,
1821 2623 1954 2664 Maria,
1990 2621 2186 2663 Elizabetb,

1194 2690 1227 2717 et
1243 2693 1365 2715 omnes
1382 2680 1525 2721 Sancti,
1550 2690 1703 2724 quorum
1720 2676 1832 2721 aliqui
1849 2687 1911 2710 suo
1932 2682 2087 2719 tempore
2104 2682 2186 2707 sunt

1573 2729 1650 2764 73*
