2379 2948
98 105 172 141 295

207 188 265 222 Sic
300 189 406 231 igitur
443 186 650 230 respondeo:
691 181 833 228 Physici
863 193 936 215 non
966 182 1080 214 solum

106 240 251 282 gignunt
272 241 376 272 mixta
395 249 538 281 corpora
554 247 593 267 ex
610 234 802 271 elementis,
829 234 887 266 sed
910 238 1083 277 quaerunt

107 292 209 323 etiam
229 301 363 329 causas,
387 299 447 319 cur
465 287 634 318 elementa
653 284 744 317 inter
768 295 840 318 sese
863 283 1019 323 misceri,
1047 294 1084 314 ac

107 340 332 373 transmutari
350 337 500 382 possint,
526 336 607 379 quia
633 346 753 368 causas
771 335 1035 378 generationum
1054 339 1086 365 et

108 390 374 432 corruptionum
394 388 430 418 in
451 393 576 420 natura
593 392 803 419 scrutantur.
839 385 919 418 Non
940 390 1086 428 possunt

108 448 222 473 autem
238 450 381 482 corpora
400 438 493 470 inter
504 448 538 470 se
554 436 793 475 transmutari,
809 436 876 468 nisi
891 435 1085 468 subiectum

109 496 293 531 cognatum
313 489 376 528 sit,
403 488 576 532 recipiens
599 488 740 521 alteram
762 487 927 526 sormam,
953 486 1086 517 abiecta

107 541 225 573 altera.
277 538 331 572 Ex
349 550 438 583 aqua
460 550 532 571 non
558 544 670 582 posset
697 537 793 580 gigni
820 540 898 577 aer,
923 536 991 568 nisi
1015 546 1088 566 ma-

107 590 191 622 teria
210 601 319 634 aquae
344 590 497 632 recipere
524 596 640 632 posset
662 589 811 621 sormam
837 587 944 626 aeris,
973 586 1088 629 priore

108 641 220 673 forma
240 640 384 674 abiecta.
439 638 585 683 Alioqui
602 640 697 672 fieret
714 640 772 670 ae‘r
790 650 828 670 ex
851 635 975 670 nihilo.
1018 635 1086 668 Sed

108 698 233 724 natura
250 697 414 728 testatur,
437 702 510 722 non
527 689 621 732 gigni
646 701 685 721 ex
708 686 821 720 nihilo
851 687 996 731 aliquid.
1050 684 1089 718 Si

109 741 203 774 enim
232 741 266 773 id
285 742 377 785 quod
401 741 467 774 suit
490 752 599 784 aqua,
634 750 776 784 prorsus
799 739 991 774 deleretur,
1024 747 1089 768 nec

110 791 209 836 qnasi
241 803 426 824 commune
457 802 573 823 semen
606 796 779 828 maneret,
816 796 855 822 ut
885 788 931 821 ita
962 787 1091 826 dicam,

110 853 254 885 prorsus
275 854 314 874 ex
330 839 443 874 nihilo
461 843 520 874 a'elr
536 848 612 885 post
636 840 840 873 dissolutam
868 850 995 882 aquam
1017 837 1091 870 exi-

110 898 226 925 steret.

215 940 260 975 Ut
278 942 385 984 igitur
402 939 627 974 transmutari
651 940 742 973 inter
765 951 799 972 se
822 940 994 972 elementa
1012 949 1092 981 pos-

110 994 199 1031 sint,
234 1004 370 1025 necesse
393 999 441 1025 est
465 1003 651 1024 commune
675 991 819 1035 aliquod
846 997 879 1023 et
905 997 1090 1032 cognatum

109 1043 326 1087 principium
348 1054 435 1082 esse,
462 1042 635 1084 recipiens
652 1041 877 1074 mutationes.
907 1039 945 1072 Id
964 1050 1091 1081 cogna-

110 1100 185 1127 tum
202 1093 240 1125 in
263 1093 444 1126 elementis
466 1092 595 1124 dicitur
619 1091 783 1131 materia,
817 1097 850 1123 et
876 1090 1091 1133 principium

109 1155 296 1187 corporum
309 1167 318 1180 ,
346 1149 378 1175 et
394 1142 557 1175 ultimum
575 1141 769 1174 subiectum
787 1141 1066 1183 generationum.

210 1192 356 1225 Erudite
375 1193 480 1235 igitur
490 1190 628 1237 Physiei
645 1204 716 1224 non
741 1192 785 1224 ab
804 1191 1005 1228 elementis,
1033 1190 1089 1222 sed

108 1256 127 1276 a
153 1243 295 1276 materia
322 1244 572 1283 exordiuntur,
606 1249 644 1275 ut
667 1243 854 1275 ostendant
878 1247 1093 1274 transmuta—

110 1294 224 1328 tiones
243 1306 315 1326 non
332 1294 405 1326 fieri
423 1306 463 1326 ex
478 1290 613 1331 nihilo,
641 1300 674 1325 et
699 1298 914 1331 monstrent,
943 1303 1005 1323 cur
1023 1291 1092 1322 ele-

109 1351 227 1376 menta
251 1345 344 1376 inter
375 1356 409 1376 se
434 1344 662 1376 transmutari
696 1343 842 1385 possint.
906 1341 973 1374 Hic
1005 1342 1093 1373 duae

111 1395 303 1427 sententiae
322 1393 647 1432 communissimae‚
675 1393 815 1437 quaein
836 1389 992 1436 Physicis
1010 1392 1093 1423 suh-

111 1445 196 1476 inde
227 1450 452 1486 repetuntur,
489 1443 604 1475 statim
629 1443 666 1475 in
688 1443 785 1475 aditu
810 1443 925 1485 operis
949 1453 983 1473 se
1008 1441 1095 1472 ofse-

112 1501 208 1529 runt.
261 1494 380 1526 Prior:
409 1491 461 1526 Ex
478 1492 591 1526 nihilo
608 1491 700 1525 nihil
719 1493 773 1531 fit,
801 1493 895 1537 quod
922 1491 1095 1533 intelligas

113 1546 156 1577 de
172 1545 393 1577 naturalibus
418 1544 721 1586 generationibus,
749 1543 868 1588 quales
894 1554 989 1575 nunc
1016 1548 1095 1574 sunt

116 1595 156 1627 in
176 1602 299 1627 natura
318 1595 365 1626 sic
382 1595 555 1628 ordinata.
591 1593 776 1627 Caeterum
795 1594 955 1625 doctriua
973 1591 1095 1625 Eccle-

115 1646 184 1678 siae
207 1646 384 1684 adfirmat,
420 1643 533 1677 Deum
560 1657 599 1677 ex
624 1642 737 1676 nihilo
764 1644 961 1676 condidisse
984 1649 1095 1675 totuin

115 1696 241 1728 mundi
275 1695 472 1738 opificium,
500 1702 531 1728 et
554 1695 766 1734 animantia,
809 1706 897 1739 quae
928 1694 1095 1726 continet.

115 1746 184 1779 Sed
212 1744 416 1778 Aristoteles
441 1746 518 1777 ideo
543 1746 714 1777 mundum
734 1756 805 1777 esse
827 1751 1005 1777 aeternum
1025 1743 1096 1774 dis-

114 1803 234 1840 putat‚
271 1808 315 1827 ne
342 1796 385 1828 ab
411 1793 474 1828 hac
504 1795 678 1828 sententia
704 1796 872 1828 discedat:
908 1793 960 1827 Ex
983 1793 1096 1826 nihilo

115 1845 207 1878 nihil
232 1845 280 1878 fit.
341 1845 424 1878 Ideo
457 1847 630 1878 mundum
663 1846 855 1878 necessario
880 1858 957 1877 cum
986 1845 1096 1887 prima

116 1908 216 1929 causa
234 1896 378 1929 existere
395 1896 534 1937 cogitat,
563 1903 595 1929 et
614 1903 728 1929 tamen
746 1896 859 1928 Deum
877 1896 999 1927 mundi
1018 1907 1098 1927 cau—

118 1958 189 1979 sam
218 1958 289 1978 esse
314 1947 493 1986 concedit,
530 1947 709 1986 videlicet,
741 1954 779 1979 ut
802 1946 892 1988 ignis
922 1953 972 1978 est
997 1957 1099 1978 causa

117 1997 262 2036 caloris,
295 1997 355 2041 qui
380 2008 516 2040 semper
532 1997 636 2029 simul
655 2004 704 2029 est
722 2009 799 2028 curn
818 1998 907 2039 igne.

220 2047 365 2080 Fatetur
381 2053 411 2080 et
430 2045 516 2086 hoc,
544 2059 617 2079 uon
643 2047 729 2079 oriri
756 2054 889 2080 motum
908 2058 926 2079 a
944 2046 1100 2085 materia,

120 2099 179 2132 sed
196 2099 238 2130 ab
260 2097 320 2130 illa
340 2098 413 2141 ipsa
433 2098 604 2130 efficiente
621 2109 734 2131 causa.

225 2147 345 2181 Altera
365 2148 535 2181 sententia
551 2154 669 2191 postea
689 2148 870 2189 profutura
886 2153 935 2180 est
953 2146 989 2178 in
1008 2146 1100 2178 mul-

121 2200 165 2232 tis
197 2198 496 2242 (lisputationibus
531 2199 633 2231 etiam
662 2197 900 2231 Medicorum:
935 2196 974 2229 ln
1003 2197 1101 2229 omni

122 2250 317 2284 mutatione
354 2255 516 2292 oportere
554 2249 748 2282 subiectum
794 2254 981 2290 cognatum
1020 2258 1102 2287 esse,

124 2301 216 2345 quod
236 2299 359 2342 recipit
376 2300 536 2333 formam.
588 2299 641 2331 De
660 2297 723 2331 hac
740 2299 913 2331 sententia
930 2298 1022 2329 infra
1047 2298 1100 2329 (li-

124 2357 236 2389 cetur,
269 2351 331 2382 ubi
355 2350 611 2394 disputabitur,
645 2362 734 2394 quae
771 2361 917 2392 corpora
939 2360 957 2381 a
975 2347 1102 2393 quibus

123 2400 220 2431 adlici
246 2400 396 2442 possint,
423 2412 482 2433 seu
501 2413 589 2445 qnae
614 2408 758 2433 naturae
786 2400 878 2432 inter
900 2410 972 2431 sese
1000 2406 1104 2440 agant

126 2457 156 2482 et
175 2450 367 2492 patiantur,
395 2459 432 2483 ut
457 2452 609 2483 calidum
638 2452 778 2495 proprie
805 2462 877 2483 non
901 2456 1007 2482 certat
1023 2461 1101 2482 cum

127 2500 308 2539 albedine,
334 2512 397 2532 nec
416 2501 524 2542 figura
539 2514 617 2534 cum
634 2502 810 2535 caliditate
827 2508 884 2534 aut
901 2499 1104 2543 frigiditate,

126 2556 187 2583 aut
205 2547 424 2587 humiditate,
451 2557 511 2584 aut
526 2552 690 2587 siccitate.
742 2551 812 2585 Sed
828 2550 995 2584 certantia
1012 2550 1105 2584 inter

126 2611 161 2632 se
178 2607 297 2633 mutua
322 2599 477 2639 actione,
504 2609 641 2643 oportet
666 2613 756 2642 esse,
782 2609 821 2636 ut
843 2602 934 2634 infra
957 2601 1104 2642 dicetur,

126 2661 251 2692 genere
275 2649 519 2684 convenientia
542 2658 575 2684 et
598 2652 794 2686 differentia
818 2653 950 2697 specie,
977 2658 1016 2685 ut
1046 2664 1104 2686 ca-

336 101 544 138 SCRlPTA
572 100 646 134 PH.
674 97 788 132 MEL.
815 95 881 130 AD
909 95 1035 132 HtsT.
1064 93 1206 130 PROF.
1233 94 1298 129 ET
1325 92 1517 130 PHILOS.
1545 93 1863 130 SPECTANTIA.

2039 97 2114 133 296

1135 181 1189 214 lor
1202 189 1235 216 et
1252 182 1361 224 frigus
1373 191 1499 224 genere
1514 179 1742 219 conveniunt,
1759 187 1791 212 et
1807 181 1921 224 specie
1940 182 2121 216 differunt.

1109 256 1111 265 .
1134 231 1230 265 Haec
1257 233 1370 265 obiter
1396 229 1452 264 hie
1476 231 1678 269 recitamus,
1715 236 1754 263 ut
1777 230 1858 263 illae
1875 233 2121 265 communissi-

1138 295 1212 315 mae
1245 282 1437 316 sententiae
1465 281 1581 315 statim
1606 280 1708 313 initio
1732 280 1947 314 discentibus
1971 283 2123 316 familia-

1138 344 1192 366 res
1215 334 1311 367 fiant.

1398 409 1489 449 Quot
1515 411 1602 441 sunt
1629 405 1856 451 Principia?

1367 469 1414 500 Et
1464 466 1550 511 quid
1596 471 1654 499 est
1695 464 1893 500 sslaterz'a?

1242 532 1329 565 Tria
1355 543 1428 565 esse
1451 532 1624 576 principia
1646 530 1855 566 Aristoteles
1880 532 1982 573 dicit,
2017 539 2126 566 mate-

1141 583 1250 622 riam,
1282 584 1452 623 formam,
1486 590 1519 616 et
1544 583 1790 626 privationem.
1855 582 1904 617 Et
1939 596 2001 616 cur
2033 581 2128 617 hunc

1143 645 1330 666 numerum
1366 633 1540 676 posuerit,
1582 639 1699 676 postea
1733 634 1908 675 dicemus,
1949 634 2129 678 explicatis

1145 683 1423 718 definitionibus.

1244 733 1395 767 Materia
1427 740 1477 767 est
1501 733 1657 777 primum
1694 734 1890 768 subiectum
1925 736 2130 780 unicuique,

1144 797 1183 818 ex
1210 797 1279 829 quo
1303 785 1341 818 fit
1365 784 1520 829 aliquid,
1548 791 1717 828 tanquam
1743 796 1784 817 ex
1810 796 1870 825 eo,
1908 787 2002 830 quod
2027 787 2130 826 inest,

1145 848 1182 868 ac
1200 847 1273 868 non
1290 837 1484 869 secundum
1509 835 1689 874 accidens,
1717 841 1750 868 et
1773 835 1810 867 in
1835 837 1929 879 quod
1954 838 1996 869 ad
2016 844 2130 870 extre-

1145 898 1241 919 mum
1268 897 1322 918 res
1339 887 1538 919 resolvitur.
1590 883 1685 918 Haec
1703 886 1892 929 descriptio
1910 886 2050 920 videtur
2065 887 2132 919 ob-

1146 949 1263 975 scura,
1290 937 1370 981 quia
1392 949 1454 969 nec
1472 935 1628 969 cernitur
1651 936 1782 975 oculis,
1811 948 1874 970 nec
1896 943 1946 970 est
1972 949 2131 982 unquam

1146 987 1289 1020 materia
1318 987 1392 1019 sine
1418 988 1489 1020 ulla
1511 987 1634 1020 forma.
1687 986 1756 1020 Sed
1775 987 1986 1029 cogitatione
2001 988 2133 1021 discer-

1147 1039 1303 1070 nendum
1323 1044 1372 1070 est
1389 1038 1605 1076 subiectum,
1633 1037 1670 1068 in
1696 1049 1764 1081 quo
1782 1038 1894 1070 forma
1916 1045 1948 1071 et
1964 1038 2133 1083 recipitur

1146 1095 1177 1121 et
1194 1088 1349 1132 pellitur.

1249 1137 1348 1171 Plato
1368 1137 1403 1169 in
1423 1135 1570 1170 Timaeo
1595 1135 1680 1171 haec
1699 1138 1846 1171 crassius
1871 1138 2000 1181 pingit,
2034 1137 2134 1182 quasi

1149 1188 1267 1231 digitis
1305 1195 1565 1220 monstraturus
1595 1188 1789 1221 materiam.
1846 1187 1947 1221 Iubet
1976 1188 2135 1220 elemen-

1147 1246 1221 1272 tum
1248 1239 1392 1283 aliquod
1433 1238 1582 1279 intueri‚
1623 1240 1717 1283 quod
1744 1250 1823 1271 cum
1854 1239 1969 1271 varias
2002 1239 2134 1271 formas

1149 1289 1290 1327 induat,
1338 1288 1490 1331 intelligi
1536 1295 1696 1332 oporteat
1729 1300 1802 1320 esse
1837 1289 1993 1333 aliquam
2027 1295 2135 1321 natu-

1148 1352 1221 1372 ram
1270 1351 1430 1382 capacem
1479 1339 1656 1371 variarum
1714 1338 1927 1378 formarum,
1983 1339 2135 1382 priorem

1148 1390 1231 1432 ipsis
1256 1388 1456 1427 elementis,
1488 1394 1527 1420 ut
1561 1400 1639 1421 cum
1679 1388 1839 1421 videmus
1881 1401 2007 1433 aquam
2049 1389 2136 1422 alias

1149 1439 1310 1483 dissipari
1347 1440 1383 1470 in
1418 1439 1553 1478 aerem,
1594 1445 1712 1482 postea
1740 1439 1855 1471 ae'rem
1898 1440 1973 1472 fieri
2008 1440 2137 1482 ignem,

1151 1490 1236 1524 alias
1260 1495 1458 1522 concretam
1484 1500 1610 1533 aquam
1637 1489 1793 1528 densari,
1828 1501 1866 1521 ac
1890 1496 2018 1522 terram
2050 1490 2137 1523 fieri.

1150 1541 1229 1574 Non
1247 1552 1347 1584 aqua,
1371 1539 1504 1583 inquit,
1533 1540 1591 1571 sed
1612 1539 1699 1572 illud
1716 1540 1808 1584 quod
1828 1540 1914 1572 alias
1931 1552 2041 1585 aquae
2057 1552 2137 1584 spe-

1152 1592 1238 1624 ciem
1265 1589 1390 1630 habet,
1425 1590 1511 1622 alias
1539 1590 1642 1622 aliam
1670 1590 1839 1633 speciem,
1871 1591 1986 1633 prima
2010 1603 2135 1635 corpo-

1151 1654 1228 1675 rum
1247 1641 1344 1686 quasi
1361 1647 1471 1673 mater
1488 1647 1548 1673 est.
1602 1640 1668 1673 His
1685 1641 1779 1673 enim
1797 1641 1913 1673 verbis
1934 1641 1970 1674 in
1990 1641 2136 1674 Timaeo

1152 1693 1281 1725 utitur:
1317 1688 1434 1735 πάσης
1464 1689 1638 1737 γενέσεως
1678 1688 1843 1736 ὑποδοχὴ
1874 1691 1953 1725 οἵον
1989 1688 2138 1737 τιθήνη,

1154 1744 1185 1775 id
1206 1749 1272 1782 est,
1303 1742 1417 1774 omnis
1437 1741 1674 1784 generationis
1700 1743 1959 1786 receptaculum
1979 1749 2050 1784 est,
2076 1755 2137 1776 ve-

1152 1794 1203 1826 lut
1227 1792 1358 1826 nutrix.

1255 1843 1355 1876 Hanc
1385 1842 1482 1887 quasi
1512 1843 1700 1885 imaginem
1724 1843 1948 1886 aspicientes,
1975 1843 2138 1877 videlicet

1154 1895 1267 1927 varias
1286 1906 1396 1938 aquae
1416 1894 1646 1932 mutationes,
1674 1893 1810 1926 facilius
1834 1894 1988 1934 cogitare
2013 1905 2136 1937 possu-

1154 1958 1248 1985 mus,
1275 1956 1346 1976 esse
1364 1944 1507 1988 aliquod
1525 1955 1711 1976 commune
1731 1944 1910 1976 elementis
1927 1944 2137 1979 subiectum.

1153 1995 1199 2029 Et
1221 1995 1438 2028 considerata
1475 1991 1539 2026 hac
1570 1994 1722 2037 imagine
1749 1994 1886 2027 facilius
1912 1995 2137 2029 Aristotelica

1154 2045 1311 2080 definitio
1335 2044 1561 2086 intelligetur.

1257 2096 1308 2129 Ac
1341 2095 1465 2128 ordine
1497 2095 1602 2128 verba
1636 2095 1852 2128 definitionis
1885 2096 2139 2140 expendantur.

1155 2147 1294 2180 Dicitur
1311 2146 1457 2179 materia
1475 2146 1629 2189 primum
1656 2146 1871 2186 subiectum,
1898 2154 1936 2180 ut
1963 2147 2137 2190 significe-

1155 2205 1213 2231 tur
1231 2203 1354 2230 natura
1374 2197 1545 2241 quaedam
1561 2196 1741 2230 elementis
1764 2197 1972 2233 communis.

1260 2247 1398 2279 Deinde
1425 2247 1586 2291 sequitur
1606 2247 1642 2279 in
1667 2248 1872 2281 definitione
1887 2249 1980 2292 apud
2000 2246 2139 2282 Aristo-

1156 2299 1278 2332 telem:
1314 2296 1367 2330 ΕΚ
1393 2310 1463 2342 quo
1487 2297 1525 2331 fit
1548 2297 1702 2342 aliquid,
1730 2305 1897 2343 tanquam
1924 2311 1963 2332 ex
1984 2310 2023 2332 eo
2041 2299 2136 2343 quod

1156 2350 1258 2384 inest.
1310 2347 1398 2381 Vult
1417 2348 1512 2381 enim
1537 2348 1749 2390 significare,
1778 2350 1957 2382 materiam
1980 2348 2017 2381 in
2041 2360 2139 2381 com-

1157 2399 1269 2443 posito
1287 2410 1439 2439 manere,
1464 2411 1544 2431 cum
1561 2399 1648 2432 siunt
1667 2400 1895 2439 substantiae,
1924 2406 1955 2432 et
1973 2399 2138 2432 substan-

1157 2451 1284 2483 tiarum
1302 2449 1474 2492 originem
1504 2461 1576 2482 esse
1599 2451 1792 2483 materiam.
1844 2449 1902 2483 Fit
1925 2456 2039 2482 autem
2064 2461 2138 2482 non

1158 2501 1351 2533 secundum
1378 2500 1550 2533 accidens.
1606 2499 1644 2533 Id
1671 2501 1802 2534 dicitur
1823 2501 1864 2532 ad
1889 2500 2138 2533 discernendas

1156 2550 1414 2594 generationes,
1454 2557 1486 2583 et
1521 2551 1717 2585 artificiales
1758 2550 1981 2586 mutationes.
2046 2549 2137 2584 Nam

1157 2614 1235 2634 curn
1262 2601 1450 2634 statuarius
1467 2613 1506 2634 ex
1523 2601 1639 2645 lapide
1655 2600 1873 2635 Mercurium
1891 2601 1972 2635 facit
1984 2627 1992 2642 ,
2019 2601 2057 2634 fit
2071 2600 2137 2633 ati-

1156 2652 1260 2698 quid,
1287 2652 1346 2686 sed
1363 2663 1425 2696 per
1442 2652 1614 2689 accidens.
1665 2650 1791 2686 Manet
1812 2651 1906 2685 enim
1924 2651 2140 2693 substantiae
