2379 2948
211 105 305 139 1447

806 101 929 137 PHIL.
957 99 1074 138 MEL.
1102 100 1310 137 SCRIPTA
1336 100 1635 137 EXEGETICA.

2144 105 2240 144 1448

207 188 283 231 Ego
314 188 494 221 vobiscum
522 199 598 221 sum
634 198 744 231 usque
775 187 819 219 ad
851 189 1197 223 consummationem
1221 192 1226 227 ξ
1249 201 1329 223 tum
1346 188 1485 233 fingunt
1503 189 1622 223 Iovem
1643 190 1680 223 in
1697 191 1794 224 coelo
1812 191 1970 225 ociosum
1986 193 2149 228 convivia
2164 195 2239 238 agi-

208 239 326 272 seculi.
384 238 487 272 Item:
518 238 596 271 Non
618 238 817 282 relinquam
836 250 898 271 vos
915 236 1115 283 orphanos,
1137 252 1197 273 ve-

209 291 304 322 niam
328 291 371 323 ad
398 301 471 322 vos,

210 348 248 374 ut
267 342 452 380 discamus,
469 351 577 385 quare
594 347 737 373 vocetur
754 339 867 372 Filius
884 340 951 373 Dei
968 340 1074 386 Lapis
1090 354 1201 386 angu-

214 392 314 430 laris,
332 403 369 423 ac
388 398 539 433 gestator
555 391 751 430 Ecclesiae,
771 397 805 424 et
826 403 890 424 nos
908 389 973 424 hac
989 393 1150 427 doctrina
1169 401 1202 427 et

210 442 449 475 consolatione
484 443 527 474 ad
549 442 674 482 fidem,
703 441 982 481 invocationem,
1011 451 1044 477 et
1071 446 1115 477 ad
1140 456 1200 477 ve-

212 504 266 525 ros
285 494 398 526 cultus
418 493 618 526 excitemus.

308 558 353 592 Et
377 559 544 604 quoniam
569 560 606 592 fit
631 559 781 592 aedificii
815 559 969 600 mentio,
998 560 1199 592 considere--

209 621 287 643 mus
315 622 402 654 quae
428 610 551 643 sintin
572 610 704 653 politiis
722 610 929 654 praecipua,
956 609 1088 654 Caput,
1113 611 1200 643 ordo

212 672 459 704 personarum,
491 668 524 694 et
541 662 663 705 gloria.

210 712 367 744 aedificio
388 710 583 753 Ecclesiae,
611 714 713 745 docet
730 710 788 745 hic
802 724 935 746 versu&

446 902 497 925 DE
528 899 689 924 CAPITE
713 900 969 924 ECCLESIAE.

313 980 504 1014 Dissimilis
535 986 585 1012 est
614 977 771 1012 Ecclesia
807 979 964 1022 imperiis
991 990 1053 1013 seu
1085 991 1202 1023 regnis

210 1032 412 1066 mundanis.
465 1031 563 1064 Sicut
587 1030 677 1062 clare
696 1030 780 1062 dicit
797 1028 944 1063 Paulus:
976 1030 1047 1073 Qui
1065 1030 1203 1075 Spiritu

208 1082 275 1116 Dei
291 1089 454 1125 aguntur,
478 1079 515 1113 hi
535 1088 616 1114 sunt
643 1081 706 1113 filii
723 1080 802 1114 Dei.
858 1080 960 1114 Item:
991 1081 1063 1124 Qui
1085 1082 1201 1125 Spiri—

209 1142 282 1167 tum
301 1131 436 1166 Christi
455 1144 528 1165 non
547 1130 665 1172 habet:
697 1129 753 1164 hic
770 1144 843 1164 non
860 1139 910 1165 est
930 1133 1015 1165 eius.
1068 1131 1114 1167 Et
1127 1132 1201 1166 Ga-

211 1186 268 1218 lat.
297 1185 347 1218 3.:
377 1182 513 1217 Omnes
537 1183 602 1215 filii
623 1181 690 1215 Dei
714 1183 795 1216 estis
819 1195 881 1227 per
905 1184 1008 1216 fidem
1033 1184 1071 1216 in
1095 1182 1202 1218 Chri-

211 1243 301 1269 stum
318 1234 450 1275 lesum,
474 1233 556 1267 Non
575 1242 624 1267 est
644 1233 812 1274 Iudaeus,
837 1246 901 1267 nec
923 1233 1097 1275 Graecus,
1127 1248 1199 1268 non

211 1298 350 1321 servus,
376 1298 439 1319 nec
457 1285 566 1325 liber,
582 1297 655 1318 non
672 1297 765 1325 mas,
788 1297 852 1318 nec
869 1286 1039 1320 foemina.
1076 1285 1201 1329 Quan-
1224 1301 1226 1304 ·

212 1350 316 1383 quam
340 1337 446 1380 igitur
470 1343 616 1379 vagatur
638 1336 675 1368 in
700 1336 800 1384 terris
827 1334 1002 1377 Ecclesia,
1037 1343 1069 1370 et
1096 1335 1201 1371 habet

212 1396 393 1422 externum
419 1387 655 1420 ministerium
683 1385 871 1429 Evangelii
895 1395 927 1421 et
950 1387 1200 1421 Sacramento-

212 1452 311 1479 rum,
339 1446 371 1472 et
394 1450 448 1471 res
473 1449 616 1480 magnas
641 1437 748 1480 gerit,
775 1438 919 1471 dimicat
945 1450 1023 1471 cum
1045 1439 1201 1479 diabolo,
1224 1451 1225 1461 ³

213 1498 244 1523 et
262 1489 441 1533 impietate
458 1488 598 1529 mundi,
626 1495 744 1521 tamen
763 1488 800 1520 in
818 1495 909 1521 terra
928 1500 1001 1521 non
1022 1486 1126 1522 habet
1143 1501 1200 1522 ca—

212 1548 293 1585 put,
320 1538 386 1573 hoc
411 1546 479 1579 est,
507 1551 622 1582 regem
650 1546 687 1572 ut
707 1545 840 1572 caetera
864 1550 990 1582 regna,
1026 1540 1088 1584 qui
1113 1540 1201 1573 ferat

210 1603 318 1624 novas
342 1591 432 1634 leges
459 1590 582 1634 populi
605 1588 688 1628 Dei,
723 1596 782 1623 aut
806 1596 936 1629 mutet,
963 1597 1023 1623 aut
1046 1590 1200 1624 inflectat

210 1642 407 1675 doctrinam
431 1653 450 1674 a
473 1640 548 1673 Deo
568 1641 753 1678 traditam,
782 1648 842 1674 aut
867 1647 967 1684 cogat
992 1641 1144 1674 exercitu
1168 1648 1200 1674 et

209 1693 315 1726 armis
333 1692 551 1725 adversarios
568 1692 810 1735 obtemperare
825 1689 1035 1734 Evangelio,
1060 1699 1120 1725 aut
1137 1693 1198 1725 de-

209 1745 328 1776 fendat
344 1743 449 1775 armis
467 1743 637 1786 populum
653 1742 736 1783 Dei,
761 1743 821 1775 sed
838 1753 986 1785 regnum
1012 1750 1062 1777 est
1085 1743 1198 1776 coele-

209 1802 258 1828 ste
286 1807 346 1827 seu
370 1793 569 1838 spirituale,
611 1805 757 1837 corpora
791 1793 946 1827 subiecta
975 1801 1058 1828 sunt
1093 1795 1198 1835 cruci,

211 1852 344 1879 mentes
383 1857 465 1878 vero
497 1844 715 1888 praeliantur
753 1844 921 1877 adversus
954 1845 1134 1878 diabolum
1165 1853 1198 1880 et

210 1897 335 1930 mundi
357 1896 583 1939 impietatem.
640 1894 784 1928 Habent
807 1902 923 1928 autem
947 1902 1068 1940 caput,
1102 1896 1196 1929 scili-

211 1955 263 1980 cet
279 1947 412 1980 Filium
428 1945 514 1980 Dei.
542 1946 602 1991 qui
619 1947 716 1979 adest
743 1946 848 1989 ipsis,
878 1952 910 1979 et
936 1947 1091 1990 primum
1108 1948 1197 1990 regit

211 2010 268 2031 eos
284 2010 353 2030 una
371 2004 403 2030 et
420 1997 633 2030 immutabili
652 1995 839 2039 Evangelii
860 2009 960 2038 voce,
987 1998 1117 2031 deinde
1133 1999 1197 2031 ad-

210 2050 305 2082 iuvat
321 2048 423 2081 etiam
434 2046 571 2091 Spiritu
590 2054 727 2085 sancto,
754 2048 961 2082 corroborat
977 2055 1100 2082 contra
1119 2061 1196 2082 car-

209 2112 310 2139 nem,
345 2106 377 2132 et
408 2099 564 2131 defendit
596 2106 717 2132 contra
742 2099 945 2140 diabolum,
977 2100 1140 2144 reprimit
1165 2108 1197 2135 et

208 2152 345 2184 furores
362 2157 616 2195 tyrannorum,
642 2150 731 2183 sicut
750 2150 939 2183 Danielem
958 2150 995 2183 in
1021 2151 1100 2185 lacu
1123 2151 1197 2185 leo-

208 2213 294 2235 num
313 2202 481 2234 servabat.

309 2267 380 2301 Nec
397 2267 491 2300 enim
511 2267 730 2310 intelligatur
752 2273 856 2310 caput
873 2265 1070 2307 Ecclesiae,
1098 2269 1194 2302 ocio-

208 2331 265 2352 sus
290 2319 433 2357 titulus‚
461 2319 521 2351 sed
540 2318 655 2351 Filius
672 2316 738 2351 Dei
762 2330 845 2353 vere
861 2325 910 2352 est
935 2319 1074 2361 efficax,
1098 2320 1195 2355 iuvat

208 2377 240 2404 et
263 2370 416 2403 vivificat
439 2370 662 2409 invocantes,
690 2369 780 2403 sicut
804 2381 905 2413 saepe
929 2370 1100 2414 scriptum
1127 2379 1191 2406 est:

206 2418 281 2462 Ego
307 2432 384 2453 sum
407 2420 507 2461 vitis,
535 2433 598 2453 vos
623 2420 804 2464 palmites,
833 2419 919 2454 Sine
937 2433 992 2454 me
1018 2420 1111 2455 nihil
1130 2435 1193 2467 po-

205 2472 300 2504 testis
323 2473 448 2504 facere.
499 2469 545 2505 Et
563 2471 694 2505 Paulus
719 2472 921 2505 describens
942 2471 1134 2506 Ecclesiam
1159 2481 1192 2508 et

204 2529 307 2565 caput
324 2524 366 2554 ad
386 2520 515 2566 Ephes.
533 2523 648 2566 primo
665 2523 729 2556 ait:
757 2521 804 2556 Et
821 2524 941 2557 omnia
958 2525 1106 2558 subiecit
1131 2537 1189 2568 pe-

202 2573 306 2605 dibus
323 2572 397 2605 eius
409 2599 417 2612 ,
446 2580 478 2606 et
494 2574 609 2617 ipsum
627 2574 723 2608 dedit
742 2581 844 2618 caput
861 2586 966 2619 super
982 2576 1100 2609 omnia
1120 2573 1188 2609 Ec-

201 2624 345 2663 clesiae,
376 2635 463 2667 quae
488 2631 538 2658 est
561 2637 688 2669 corpus
714 2625 842 2669 ipsius,
875 2627 1039 2661 videlicet
1069 2633 1187 2660 coetus

198 2674 412 2718 perficientis
444 2675 563 2708 omnia
591 2676 628 2708 in
654 2677 831 2710 omnibus.

525 288 597 321 Has
621 289 811 322 sententias
838 289 941 322 nobis
969 290 1198 332 inculcemus,
1224 319 1225 325 ,

724 660 821 694 Haec
844 674 914 705 quo
937 663 1043 694 modo
1069 661 1139 695 sint
1166 662 1203 694 in
1226 689 1227 700 ,

1248 247 1336 281 tare,
1359 242 1417 273 sed
1437 248 1553 274 tamen
1573 242 1802 284 cogitationes
1817 240 1989 276 humanas
2007 244 2049 276 de
2064 243 2139 278 Deo
2157 247 2239 289 pin-

1249 303 1329 335 gere
1352 293 1529 326 volebant.
1582 290 1629 326 Et
1649 293 1698 326 sic
1718 293 1872 336 cogitant
1897 295 1940 327 de
1957 291 2100 328 Christo
2124 297 2239 337 multi,

1250 344 1370 376 sedere
1395 344 1552 376 ociosum
1577 344 1614 376 in
1637 344 1746 378 coelo.
1799 342 1852 378 Ac
1882 345 1968 379 talia
1994 346 2131 378 somnia
2155 358 2241 381 con-

1250 394 1436 428 firmantur
1451 395 1487 426 in
1506 395 1641 435 stultis,
1668 407 1746 428 cum
1773 396 1986 440 proponitur
2011 396 2108 430 aliud
2136 405 2241 440 caput

1250 443 1427 478 Ecclesiae
1457 446 1493 478 in
1519 446 1640 484 terris,
1676 446 1839 480 videlicet
1861 446 2048 481 Romanus
2072 448 2240 491 pontisex,

1251 502 1284 528 et
1311 496 1481 530 tribuitur
1514 497 1545 529 ei
1568 497 1738 530 autoritas
1768 504 1883 538 tanta,
1924 504 1965 532 ut
1987 510 2109 531 verum
2134 505 2240 543 caput

1252 546 1470 580 obscuretur.

1353 596 1402 631 At
1417 605 1538 631 contra
1557 598 1674 631 omnia
1699 595 1783 631 baec
1803 599 2032 633 deliramenta
2051 605 2239 633 teneantur

1226 649 1462 688 sternendae,
1497 661 1586 694 quae
1617 650 1744 682 docent
1766 648 1898 683 Filium
1921 649 1990 684 Dei
2023 662 2095 684 esse
2125 657 2240 694 caput,

1226 727 1227 734 ,
1250 699 1389 732 assidue
1412 700 1529 733 efficax
1558 700 1595 732 in
1625 700 1770 740 sanctis,
1796 708 1828 734 et
1853 701 1963 744 velle,
1991 709 2031 735 ut
2055 699 2148 734 hane
2162 701 2239 734 effi-

1226 751 1227 773 ἶ
1251 750 1381 783 caciam
1409 751 1629 795 experiamur
1654 751 1691 783 in
1722 751 1938 795 quotidianis
1972 752 2238 793 certaminibus,

1226 807 1284 853 {et
1318 802 1525 845 quotidiana
1560 802 1798 836 invocatione.
1866 801 2007 837 Perficit
2045 802 2165 836 omnia
2201 803 2240 836 in

1225 860 1228 897 j
1251 852 1436 893 omnibus,
1462 852 1559 887 iuvat
1580 851 1753 886 Davidem
1778 853 1944 886 adversus
1963 851 2133 894 Goliam,
2162 865 2239 887 sus-

1226 902 1228 948 }
1251 909 1361 936 tentat
1377 915 1469 943 eum,
1495 910 1527 937 et
1543 916 1622 936 vere
1645 910 1695 937 est
1711 903 1800 947 lapis
1816 904 2012 947 angularis,
2039 917 2119 938 cum
2136 905 2240 949 pelli-

1175 980 1183 987 .
1226 959 1227 965 ¹
1251 960 1308 986 tur
1324 954 1361 987 in
1379 954 1543 995 exilium,
1571 961 1604 988 et
1620 961 1845 998 oppugnatur
1864 966 1967 988 sensu
1986 955 2057 988 irae
2073 955 2139 989 Dei
2156 968 2239 1000 pro-

1225 1034 1228 1043 ,
1251 1011 1327 1048 pter
1356 1012 1512 1049 peccata,
1544 1012 1577 1039 et
1602 1012 1698 1039 metu
1722 1013 1884 1039 aeternae
1908 1017 2060 1050 poenae,
2093 1005 2241 1040 terrori-

1226 1076 1228 1096 ;
1250 1057 1315 1088 bus
1333 1056 1482 1098 diaboli,
1509 1057 1600 1090 odiis
1616 1064 1648 1091 et
1664 1058 1783 1090 furore
1803 1057 2064 1092 seditiosorum.
2102 1056 2144 1091 In
2160 1064 2239 1091 tan-

1226 1126 1227 1130 =
1251 1107 1294 1139 tis
1321 1108 1489 1151 periculis
1513 1109 1615 1151 erigit
1645 1120 1679 1140 se
1705 1108 1942 1152 promissione
1966 1108 2240 1149 misericordiae,

1225 1159 1228 1216 Ι
1251 1157 1478 1192 Sustentatur
1496 1171 1576 1202 ergo
1594 1172 1612 1192 a
1629 1158 1723 1192 Filio
1741 1159 1829 1199 Dei,
1857 1166 2024 1204 tanquam
2043 1159 2158 1203 lapide
2175 1171 2240 1192 an-

1225 1217 1228 1248 !
1249 1210 1382 1250 gulari,
1410 1217 1444 1243 et
1468 1210 1580 1243 exitus
1602 1217 1685 1243 sunt
1702 1210 1864 1252 gloriosi,
1891 1210 1981 1243 sicut
2006 1208 2063 1243 hic
2090 1211 2237 1243 dicitur:

1248 1257 1337 1293 AVon
1354 1260 1507 1299 moriar,
1532 1264 1596 1294 secl
1613 1260 1754 1303 vivam,
1782 1265 1812 1293 et
1839 1259 2004 1293 narrabo
2029 1272 2137 1307 opera
2155 1259 2239 1294 Do-

1249 1310 1351 1346 mini.
1404 1311 1519 1345 Sentit
1546 1311 1661 1345 David
1687 1323 1721 1345 se
1746 1311 1903 1345 revocari
1932 1324 1972 1345 ex
1990 1313 2180 1356 pavoribus
2206 1319 2240 1346 et

1248 1369 1380 1402 morte,
1408 1363 1539 1395 remitti
1557 1370 1714 1406 peccata,
1743 1363 1914 1396 liberatur
1932 1363 1976 1396 ab
1999 1361 2180 1403 hostibus,
2206 1370 2240 1396 et

1249 1413 1372 1445 crescit
1396 1413 1433 1444 in
1465 1413 1533 1445 fide
1566 1420 1598 1446 et
1617 1413 1720 1445 donis
1738 1409 1993 1456 spiritualibus,
2046 1413 2100 1447 Ita
2124 1413 2238 1447 Filius

1247 1461 1314 1495 Dei
1332 1463 1393 1507 qui
1411 1470 1515 1506 caput
1531 1471 1598 1504 est,
1626 1463 1745 1496 omnia
1766 1464 1803 1496 in
1821 1475 1860 1496 eo
1880 1463 2024 1506 perficit.

1348 1513 1406 1547 Sic
1423 1520 1455 1546 et
1471 1526 1536 1546 nos
1553 1514 1676 1557 capitis
1694 1520 1726 1547 et
1744 1514 1844 1546 ducis
1868 1514 1981 1547 nostri
2004 1514 2237 1557 praesentiam

1223 1588 1225 1598 .
1248 1569 1281 1596 et
1304 1564 1492 1597 efficaciam
1510 1565 1742 1609 experiamur.
1797 1563 1869 1597 Nec
1885 1564 2039 1598 sinamus
2056 1566 2159 1599 nobis
2184 1567 2238 1599 of-

1246 1614 1347 1647 fundi
1365 1616 1512 1648 nebulas
1528 1628 1590 1660 per
1606 1615 1763 1649 carnales
1779 1615 2048 1658 imaginationes
2071 1622 2104 1649 et
2125 1629 2237 1652 κακο-

1248 1662 1386 1710 ζηλίας,
1422 1678 1511 1712 quae
1536 1667 1790 1700 transformant
1811 1663 2006 1699 Ecclesiam
2030 1667 2068 1699 in
2089 1679 2236 1710 regnum

1246 1718 1467 1750 mundanum
1479 1745 1488 1758 ,
1517 1725 1551 1752 et
1568 1718 1758 1762 imponunt
1774 1717 1950 1750 scenicum
1968 1725 2089 1761 caput,
2117 1719 2236 1762 ponti-

1245 1767 1344 1800 ficem
1361 1767 1585 1810 Romanum,
1611 1781 1690 1803 cum
1714 1769 1773 1801 illa
1791 1775 1932 1802 externa
1957 1769 2154 1804 dominatio
2182 1782 2237 1804 res

1245 1819 1360 1853 aliena
1377 1820 1420 1853 sit
1437 1821 1481 1854 ab
1500 1818 1669 1855 Ecclesia.
1714 1820 1819 1854 Nunc
1836 1820 1995 1853 dicamus
2013 1820 2056 1853 de
2075 1821 2209 1855 ordine.

1460 1996 1516 2019 DE
1540 1996 1700 2020 ORDINE
1727 1996 1770 2020 IN
1793 1994 2022 2019 ECCLESIA.

1347 2064 1389 2098 In
1406 2065 1562 2109 imperiis
1579 2067 1667 2099 ordo
1686 2063 1900 2105 instituitur,
1928 2077 2007 2097 cum
2025 2065 2233 2100 discernun-

1245 2123 1304 2150 tur
1329 2117 1529 2160 principum
1557 2125 1590 2151 et
1607 2117 1804 2150 officiorum
1821 2116 1969 2159 graduS‚
1995 2123 2033 2150 ut
2056 2117 2153 2150 aliud
2180 2124 2231 2151 est

1246 2168 1365 2208 ducis,
1391 2168 1488 2201 aliud
1510 2168 1699 2207 senatoris,
1728 2167 1823 2200 aliud
1850 2167 2044 2211 quaestoris
2067 2168 2233 2209 officium,

1245 2219 1335 2252 alius
1348 2220 1477 2262 gradus
1493 2219 1664 2257 militum,
1692 2218 1781 2251 alius
1796 2218 1982 2252 artificum.
2037 2217 2088 2252 Ita
2108 2219 2144 2251 in
2163 2217 2232 2252 Ec-

1245 2271 1348 2303 clesia
1378 2271 1506 2304 docent
1537 2269 1745 2307 adversarii,
1788 2269 1968 2312 episcopos
1996 2274 2071 2303 iure
2107 2269 2230 2303 divino

1244 2321 1452 2354 antecellere
1485 2321 1628 2355 caeteris
1648 2320 1821 2353 ministris
1843 2318 2048 2363 Evangelii,
2082 2321 2230 2354 addide-

1244 2380 1327 2407 runt
1344 2373 1448 2406 etiam
1467 2372 1637 2406 Senatum
1656 2370 1920 2408 Cardinalium,
1950 2378 1982 2404 et
1999 2371 2128 2404 multos
2150 2383 2228 2415 gra-

1242 2424 1307 2457 dus
1325 2424 1502 2464 fecerunt,
1530 2423 1629 2468 quasi
1646 2421 1802 2456 Ecclesia
1823 2421 1866 2455 sit
1882 2419 2037 2455 humana
2056 2422 2194 2467 politia.

1342 2474 1533 2518 Praecipue
1563 2481 1679 2507 autem
1715 2475 1758 2507 de
1784 2470 1850 2505 hoc
1880 2473 2030 2506 articulo
2057 2481 2228 2517 pugnant,

1239 2527 1335 2571 quod
1352 2524 1509 2559 Ecclesia
1526 2525 1664 2568 alligata
1682 2525 1727 2558 sit
1744 2527 1786 2558 ad
1804 2523 2018 2557 ordinariam
2037 2524 2226 2557 successio-

1238 2589 1319 2610 nem
1334 2577 1592 2620 episcoporum.
1645 2574 1698 2609 Ex
1716 2588 1785 2621 qua
1805 2573 1990 2620 hypothesi
2009 2574 2224 2608 ratiocinan—

1208 2620 1212 2687 ἱ
1236 2634 1312 2667 tur,
1340 2628 1475 2662 nullam
1500 2640 1571 2660 esse
1587 2627 1870 2667 ordinationem,
1897 2626 2036 2659 nullum
2062 2625 2223 2660 ministe-

894 2676 1020 2712 Poetae
1045 2678 1184 2719 ludunt,
1207 2694 1210 2720 χ
1236 2679 1346 2718 rium,
1373 2679 1507 2713 nullam
1525 2678 1767 2712 remissionem
1786 2684 2006 2722 peccatorum
2032 2678 2125 2721 apud
2151 2689 2223 2718 eos,

2329 706 2335 736 ὓ,

2328 749 2339 782 9

2328 947 2340 1082 ξ

2328 1085 2335 1230 ἔ
