2379 2948
211 97 308 134 1455

211 185 382 221 beneficio
418 183 603 218 confirmat
638 178 737 226 pios,
772 184 805 211 et
833 176 963 210 multos
999 175 1127 209 invitat
1159 175 1202 207 ad

213 236 429 282 agnitionem
455 233 532 268 Dei.
586 229 691 263 Tales
714 229 858 262 fuerunt
881 234 913 261 et
936 226 1064 270 Moisi,
1089 226 1201 275 Eliae,

214 288 368 328 Elisaei,
391 285 536 324 Esaiae,
564 280 747 321 Ieremiae,
769 278 930 313 Danielis
956 285 987 311 et
1010 278 1204 311 multorum

216 341 368 374 aliorum
398 333 618 383 prophetiae.
689 331 796 364 Tales
828 327 1027 377 Prophetae
1061 329 1206 361 fuerunt

218 399 251 425 et
270 387 445 433 Apostoli,

322 446 367 481 Et
394 454 597 491 quanquam
624 441 818 486 posteriora
848 447 1008 487 tempora
1034 437 1210 470 Ecclesiae

221 512 292 534 non
311 497 444 531 habent
460 506 578 529 coram
598 494 731 526 mundo
750 491 897 535 gloriam
916 497 1062 530 tantam,
1081 495 1211 533 quanta

221 551 288 585 suit
307 546 567 592 Prophetarum
589 545 626 577 in
637 544 754 584 lsra’e'l,
781 549 900 576 tamen
918 541 1097 575 interdum
1115 538 1210 572 Dens

223 602 349 635 excitat
368 595 629 641 velProphetas
652 596 769 629 futura
787 593 960 633 dicentes,
987 591 1101 636 qualis
1124 590 1212 623 scri-

224 653 322 686 bitur
339 651 444 683 suisse
469 646 676 682 Methodius
701 651 845 690 martyr,
871 644 1054 687 episcopus
1072 641 1214 687 Lyciae,

226 711 258 737 et
277 702 379 735 multi
398 701 469 734 alii.
515 699 700 732 Interdum
718 697 795 729 sine
822 693 1126 738 praedictionibus
1151 693 1216 725 do-

227 762 340 788 ctores
365 752 592 793 excellentes,
627 760 688 793 per
710 758 798 791 quos
830 751 977 777 renovat
1003 743 1214 782 doctrinam,

229 813 260 839 ct
280 809 447 848 repurgat
460 800 653 835 Ecclesiam
667 822 675 836 ‚
704 808 792 841 quos
810 795 910 828 etiam
934 794 1088 827 mirabili
1108 794 1215 826 modo

229 854 401 893 defendit,
419 853 507 885 sicut
520 849 685 883 excitavit
701 846 942 885 Ambrosium,
968 843 1220 888 Augustinum,

231 905 408 949 ctpassim
435 902 572 946 aliquos
599 910 744 941 magnos
768 898 864 930 viros
879 897 1068 944 postremis
1083 902 1220 938 tempo-

232 957 349 995 ribus,
378 954 435 987 sed
457 950 696 987 obscuriores,
724 955 763 982 ut
780 948 975 981 Taulerum
1002 954 1061 980 aut
1077 947 1221 979 similes.

335 1020 381 1055 Et
416 1030 514 1053 nunc
547 1018 685 1051 incoata
721 1022 772 1049 est
807 1014 1008 1048 emendatio
1033 1012 1223 1053 Ecclesiae,

233 1086 340 1121 quam
358 1083 430 1105 esse
454 1083 472 1103 a
489 1069 582 1110 Deo,
608 1068 763 1112 primum
790 1072 936 1100 testatur
958 1066 1073 1109 ipsum
1091 1064 1225 1098 doctri-

236 1138 301 1160 nae
329 1134 455 1166 genus,
483 1121 564 1166 quia
588 1131 662 1152 non
691 1118 799 1152 tradit
824 1129 878 1150 res
902 1128 1012 1150 novas
1033 1122 1127 1149 extra
1146 1127 1224 1148 ver-

236 1179 321 1211 bum
337 1173 422 1213 Dei,
450 1174 508 1205 sed
528 1176 667 1203 revocat
682 1168 874 1203 Ecclesiam
893 1168 938 1201 ad
963 1168 1079 1211 ipsum
1098 1178 1226 1210 purum

236 1225 471 1269 Evangelium
496 1222 581 1262 Dei,
623 1221 826 1265 ubicunque
859 1225 975 1252 autem
1012 1225 1062 1251 est
1097 1229 1226 1262 purum

238 1276 472 1320 Evangelium
498 1273 587 1313 Dei,
618 1272 668 1305 ibi
695 1282 834 1304 necesse
858 1277 908 1304 est
935 1281 1007 1303 esse
1025 1281 1144 1302 veram
1160 1266 1229 1301 Ee—

238 1329 390 1363 clesiam.
445 1325 544 1359 Sicut
555 1321 719 1357 Christus
736 1322 799 1356 ait:
830 1321 903 1364 Qui
922 1333 961 1353 ex
971 1319 1046 1354 Deo
1067 1327 1126 1360 est,
1151 1331 1230 1351 ver-

238 1382 323 1414 bum
340 1377 408 1412 Dei
423 1376 532 1411 audit.

344 1437 527 1476 Secundo,
554 1432 726 1467 hahemus
752 1439 785 1465 et
807 1430 875 1465 hoc
892 1430 1134 1464 testimonium
1150 1428 1233 1472 Spi-

244 1490 331 1523 ritus
350 1487 492 1527 sancti,⁴
509 1486 604 1531 quod
631 1495 685 1517 res
711 1483 902 1530 patefactae
921 1488 1003 1514 sunt
1019 1479 1232 1513 necessariae

245 1548 278 1574 et
295 1538 516 1584 spirituales,
544 1537 587 1568 de
603 1534 821 1582 poenitentia
835 1560 843 1574 ,
860 1532 1118 1571 consolatione,
1144 1541 1233 1575 quae

245 1592 282 1625 fit
301 1602 361 1635 per
379 1590 493 1622 fidem.
546 1585 622 1620 Hae
648 1597 702 1618 res
730 1596 802 1617 non
827 1590 989 1628 poterant
1005 1579 1235 1626 deprehendi,

245 1649 306 1675 aut
325 1640 422 1675 cerni
442 1638 593 1682 ingeniis
609 1634 787 1671 humanis.
840 1634 911 1668 Sed
937 1640 1074 1667 tantum
1100 1632 1234 1665 lumine

245 1692 399 1736 Spiritus
419 1690 529 1724 sancti
553 1700 615 1733 per
631 1688 792 1728 verbum,
809 1686 846 1718 in
866 1697 967 1719 cruce
986 1689 1235 1727 agnoscuntur.

337 1749 473 1788 Tertio,
493 1748 654 1780 videmus
673 1746 778 1780 etiam
797 1745 970 1778 divinitus
988 1743 1131 1776 defendi
1147 1739 1236 1775 hanc

247 1801 466 1838 doctrinam,
494 1810 573 1831 cum
600 1797 764 1830 diabolus
789 1795 949 1840 undique
969 1796 1136 1827 adversus
1161 1805 1236 1826 eam

248 1905 347 1952 pium
366 1902 511 1944 vulgus,
537 1901 608 1932 imo
628 1899 731 1933 etiam
752 1897 897 1932 Turcas.
946 1896 1030 1929 ldeo
1048 1896 1143 1928 enim
1161 1895 1237 1928 dia-

249 1956 351 1989 bolus
369 1952 521 2000 impellit
538 1950 691 1989 Turcas,
721 1956 759 1982 ut
778 1949 815 1980 in
832 1946 917 1981 haec
936 1948 1012 1980 loca
1027 1947 1238 1990 irrumpant,

248 2014 287 2039 ut
305 2005 513 2046 extinguant
528 2002 641 2034 lucem
652 2000 857 2042 Evangelii,
882 1999 1007 2032 excitat
1025 1998 1129 2031 etiam
1143 1996 1239 2029 varia
1263 2003 1264 2019 ³

250 2055 414 2090 scandala
430 2054 522 2087 inter
540 2063 603 2085 nos
621 2052 731 2095 ipsos,
753 2058 793 2084 ut
809 2051 982 2083 deformet
993 2047 1237 2091 Evangelium.

251 2107 348 2141 Inter
374 2103 459 2138 haec
483 2103 640 2147 pericula
666 2109 783 2135 tamen
806 2101 906 2134 fulsit
922 2099 1177 2142 Evangelium,
1206 2104 1239 2131 et

250 2165 287 2191 ut
307 2166 486 2202 speramus
502 2154 662 2196 fulgebit.
716 2151 812 2184 Haec
830 2152 904 2196 ipsa
922 2151 1129 2194 magnitudo
1146 2150 1239 2194 peri—

251 2209 432 2246 culorum,
469 2212 501 2239 et
526 2203 725 2247 indignatio
749 2203 883 2236 diaboli
907 2201 1163 2235 commoventis
1186 2208 1240 2234 to-

251 2268 323 2293 tum
345 2258 517 2291 mundum
536 2257 703 2289 adversus
720 2267 803 2295 nos,
821 2261 870 2287 est
887 2254 1047 2295 signum,
1062 2252 1158 2297 quod
1175 2252 1239 2284 do—

252 2312 362 2344 ctrina
378 2308 616 2342 Ecclesiarum
633 2312 832 2339 nostrarum
852 2305 896 2339 sit
912 2302 1147 2346 Evangelium
1164 2301 1239 2336 Dei.

352 2370 477 2403 Sextus
495 2368 623 2411 gradus
640 2373 691 2400 est
706 2393 715 2406 ,
741 2362 890 2398 Etiamsi
913 2362 1070 2397 Ecclesia
1087 2374 1167 2395 vera
1191 2369 1241 2395 est

253 2432 481 2459 aerumnosa,
507 2418 583 2451 sine
606 2418 753 2462 opibus,
782 2416 857 2449 sine
876 2415 1030 2460 potentia
1045 2441 1052 2455 ,
1089 2421 1120 2447 et
1138 2413 1239 2447 multi

253 2472 300 2514 pii
321 2471 582 2504 interficiuntur
600 2482 617 2502 a
637 2467 813 2514 tyrannis,
842 2474 957 2500 tamen
983 2467 1078 2514 ipsae
1096 2465 1240 2498 virtutes

255 2520 431 2555 Ecclesiae
458 2528 539 2554 sunt
572 2532 697 2563 magna
730 2519 854 2562 gloria.
914 2517 1013 2552 Sicut
1042 2528 1140 2549 mens
1173 2513 1240 2548 hu-

254 2584 357 2606 mana
390 2572 597 2605 naturaliter
623 2572 815 2604 detestatur
841 2569 1103 2608 crudelitatem,
1139 2578 1242 2609 vagas

255 2632 287 2658 et
304 2623 519 2667 promiscua-s
535 2622 720 2661 libidines,
738 2620 893 2665 periuria
905 2648 913 2660 ,
930 2619 1123 2653 calumnias
1136 2646 1144 2657 ,
1161 2618 1240 2662 qui-

253 2677 319 2708 bus
335 2673 430 2707 vitiis
455 2674 620 2706 omnibus
637 2673 777 2718 tyranni
795 2672 997 2705 abundant:
1027 2671 1073 2703 ita
1100 2676 1240 2702 econtra

805 90 931 126 PHIL.
958 84 1075 124 MEL.
1100 88 1310 124 SCRIPTA
1338 87 1640 124 EXEGETICA.

2144 88 2244 123 1456

1256 177 1404 209 miratur
1422 182 1454 208 et
1474 176 1599 219 probat
1618 174 1812 214 iusticiam,
1840 174 2051 212 castitatem,
2079 181 2245 208 constan-

1258 228 1340 261 tiam
1360 227 1396 259 in
1416 226 1631 271 perferendis
1647 225 1878 266 cruciatibus,
1896 232 2040 273 propter
2055 226 2245 259 confessio-

1259 290 1339 311 nem
1356 284 1470 311 rectae
1490 277 1695 312 sententiae.

1361 335 1445 368 Ideo
1463 346 1590 378 magna
1607 342 1657 368 est
1676 332 1852 367 Ecclesiae
1873 333 1983 377 gloria
2007 333 2044 365 in
2067 333 2139 366 illis
2162 332 2248 381 ipsis

1259 387 1526 423 certaminibus,
1563 385 1599 418 in
1623 386 1752 431 quibus
1776 385 1919 431 tyranni
1941 396 2039 417 suam
2066 384 2247 417 saevitiam

1261 438 1415 481 explent:
1451 443 1490 469 ut
1513 437 1616 470 etiam
1643 434 1775 469 ethnici
1800 442 2010 480 spectatores
2034 434 2252 478 magnitudi-

1263 501 1342 521 nem
1358 488 1498 521 virtutis
1516 488 1552 519 in
1571 487 1782 528 Laurentio,
1800 499 1879 520 cum
1900 487 2060 519 viderent
2078 498 2157 518 eum
2176 497 2250 518 am·-

1263 541 1407 573 bustum
1444 546 1595 583 tyranno
1630 538 1820 578 insultare,
1863 538 1973 581 magis
2007 537 2126 570 mirati
2159 542 2255 577 sunt,

1264 602 1368 636 quam
1387 589 1579 633 potentiam
1597 589 1752 633 tyranni.
1805 588 1924 631 Quare
1942 595 1975 621 et
1998 588 2156 630 exempla
2181 587 2257 620 vir-

1265 648 1379 675 tutum
1399 640 1514 673 omnis
1538 639 1691 682 generis,
1718 639 1847 672 multos
1873 641 1917 672 ad
1938 637 2175 682 Evangelium
2198 637 2258 670 in-

1267 693 1481 725 vitaverunt.

1373 750 1551 794 Septimus
1567 749 1695 791 gradus
1714 755 1785 787 est,
1812 747 2018 782 Haereditas
2037 748 2128 781 vitae
2145 754 2258 781 aeter-

1268 813 1353 842 nae,
1381 801 1418 832 in
1435 813 1501 845 qua
1518 800 1628 832 sancti
1646 807 1814 843 perpetuo
1833 800 2059 833 laetabuntur
2074 811 2153 832 cum
2169 797 2257 837 Deo,

1271 859 1304 886 et
1327 853 1491 885 fruentur
1519 850 1721 883 dulcissima
1751 850 2008 883 consuetudine
2040 850 2260 893 angelorum,

1272 910 1429 948 patrum,
1456 899 1729 945 Prophetarum,
1758 901 2031 945 Apostolorum,
2056 909 2089 934 et
2107 901 2260 934 aliorum

1274 965 1493 987 summorum
1510 953 1683 985 virorum.
1722 951 1818 985 Haec
1835 952 1945 994 gloria
1966 952 2125 984 nondum
2142 952 2180 984 in
2197 949 2261 984 hac

1275 1005 1345 1038 vita
1371 1003 1603 1047 conspicitur,
1631 1005 1690 1036 sed
1717 1010 1834 1036 tamen
1859 1015 1922 1035 nos
1947 1003 2127 1035 credentes
2142 1000 2264 1035 Evan-

1276 1056 1367 1100 gelio
1380 1083 1388 1095 ,
1404 1061 1494 1088 certa
1512 1066 1571 1098 spe
1589 1062 1621 1087 et
1638 1054 1876 1098 expectatione
1895 1053 1985 1086 tanti
2003 1053 2159 1085 muneris
2178 1065 2263 1086 con-

1278 1107 1383 1140 solari
1396 1117 1460 1138 nos
1476 1106 1570 1149 ipsos
1582 1106 1761 1142 debemus,
1781 1112 1814 1138 et
1831 1105 1988 1137 iudicare
2001 1104 2177 1146 ingentem
2190 1104 2266 1146 glo-

1279 1158 1367 1191 riam
1381 1168 1466 1196 esse,
1493 1157 1587 1200 quod
1606 1157 1674 1188 iam
1696 1156 1806 1188 simus
1822 1152 1989 1188 haeredes
2005 1154 2094 1187 tanti
2110 1152 2268 1195 honoris,

1281 1210 1368 1242 sicut
1378 1207 1508 1240 Paulus
1527 1207 1654 1252 inquit,
1675 1206 1820 1249 gloriari
1837 1218 1901 1239 nos
1917 1206 1954 1238 in
1975 1217 2034 1248 spe
2044 1205 2137 1238 vitae
2154 1212 2268 1239 aeter-

1281 1272 1355 1293 nae.
1385 1258 1454 1293 Sed
1472 1256 1555 1291 haec
1571 1258 1681 1301 gloria
1702 1257 1810 1300 magis
1826 1257 2064 1301 conspicietur
2081 1262 2160 1300 post
2178 1253 2268 1289 hanc

1281 1311 1401 1345 vitam.

1387 1367 1451 1402 Est
1469 1375 1586 1402 autem
1604 1376 1636 1400 et
1653 1366 1721 1400 hoc
1738 1368 2035 1400 considerandum
2048 1394 2056 1407 ,
2083 1367 2178 1411 quod
2203 1367 2271 1399 im-

1284 1421 1333 1465 pii
1358 1421 1514 1452 fatentur
1538 1431 1572 1451 se
1598 1418 1761 1451 dubitare
1792 1420 1835 1450 de
1867 1418 1984 1451 futura
2011 1417 2097 1455 vita,
2134 1424 2166 1450 et
2188 1424 2272 1451 sunt

1285 1469 1532 1504 contumeliosi
1547 1469 1583 1501 in
1602 1469 1735 1508 Deum,
1763 1468 1927 1501 dubitant
1945 1480 1989 1500 an
2014 1468 2056 1500 sit
2081 1467 2274 1510 providen-

1286 1523 1354 1561 tia,
1382 1532 1426 1552 an
1446 1520 1526 1553 iusti
1546 1519 1615 1551 sint
1633 1517 1791 1551 habituri
1809 1519 1983 1562 praemia,
2012 1517 2169 1551 scelerati
2187 1530 2273 1562 poe-

1287 1584 1359 1605 nas.
1389 1569 1484 1603 Haec
1502 1571 1575 1614 ipsa
1588 1569 1761 1603 dubitatio
1782 1577 1832 1602 est
1850 1581 1971 1613 magna
1989 1569 2083 1601 labes
2103 1569 2140 1601 in
2156 1577 2274 1603 mente

1286 1621 1439 1656 humana
1451 1649 1459 1662 ,
1487 1629 1518 1655 et
1535 1627 1584 1654 est
1600 1620 1853 1654 contumeliosa
1874 1621 1909 1652 in
1926 1619 2052 1655 Deum.

1389 1688 1462 1722 Nos
1484 1689 1592 1732 igitur
1616 1686 1684 1721 hoc
1709 1688 1856 1721 nomine
1883 1688 2146 1727 antecellimus,
2181 1689 2276 1733 quod

1288 1741 1475 1775 statuimus
1500 1747 1629 1773 restare
1655 1739 1783 1780 vitam,
1826 1746 1859 1772 et
1883 1739 2054 1772 indicium
2082 1746 2159 1783 post
2185 1737 2277 1772 hanc

1261 1825 1263 1840 Ε
1289 1793 1416 1833 vitam,
1444 1798 1477 1825 et
1501 1792 1574 1825 eius
1598 1791 1648 1824 rei
1674 1797 1834 1823 tenemus
1851 1797 1978 1823 certam
1995 1790 2121 1832 fidem,
2148 1790 2277 1823 confir-

248 1852 415 1886 exuscitet
432 1848 564 1890 hostes,
583 1848 786 1896 pontifices,
806 1857 923 1889 reges,
942 1845 1137 1889 principes,
1170 1844 1237 1876 im-
1261 1842 1263 1863 ²

1289 1851 1418 1877 matam
1442 1843 1478 1875 in
1503 1842 1631 1875 animis
1661 1842 1737 1874 luce
1763 1841 1861 1873 verbi
1888 1840 1971 1881 Dei,
2003 1848 2101 1874 motu
2123 1840 2278 1884 Spiritus

1290 1894 1421 1934 sancti,
1459 1901 1492 1927 et
1516 1893 1637 1926 multis
1660 1892 1858 1925 illustribus
1885 1892 2100 1935 argumentis
2125 1899 2158 1925 et
2181 1892 2277 1926 testi-

1290 1944 1438 1984 moniis,
1465 1944 1721 1977 resurrectione
1738 1940 1891 1983 Christi,
1919 1949 1952 1975 et
1966 1942 2116 1975 aliorum
2135 1949 2275 1976 sancto-

1291 2008 1383 2029 rum.
1444 1994 1539 2027 Haec
1565 1995 1638 2038 ipsa
1662 1993 1836 2037 sapientia
1861 1999 1910 2025 est
1935 1993 2058 2035 ingens
2081 1994 2211 2036 gloria,
2246 2000 2279 2027 et

1292 2046 1417 2080 tribuit
1433 2045 1509 2079 Deo
1528 2045 1788 2089 providentiam
1814 2051 1846 2077 et
1865 2044 2050 2078 iusticiam.
2102 2042 2280 2078 Recensui

1292 2098 1500 2146 praecipuos
1518 2098 1646 2139 gradus
1662 2096 1811 2138 gloriae,
1839 2106 1926 2139 quos
1943 2107 2024 2126 vera
2040 2092 2197 2128 Ecclesia
2217 2107 2281 2138 op-

1292 2160 1423 2193 ponere
1440 2148 1630 2192 impiorum
1647 2147 1777 2189 gloriae
1795 2146 1908 2179 debet.
1963 2144 2051 2178 Nam
2066 2152 2100 2180 et
2117 2144 2281 2179 afflictio-

1293 2211 1353 2232 nes
1379 2207 1515 2232 nostras
1541 2206 1573 2232 et
1600 2199 1748 2242 gloriam
1775 2197 1999 2230 considerare
2022 2208 2088 2230 nos
2105 2198 2281 2235 convenit,

1292 2258 1330 2284 ut
1348 2263 1411 2283 nos
1430 2250 1652 2290 erudiamus,
1680 2249 1903 2281 consolemur
1926 2255 1958 2281 et
1974 2247 2232 2283 confirmemus.

1395 2309 1491 2343 Haec
1513 2316 1552 2342 ut
1581 2310 1624 2342 de
1650 2305 1806 2341 Ecclesia
1839 2307 2055 2349 colligerem,
2089 2309 2284 2341 admonue-

1292 2368 1377 2395 runt
1392 2373 1447 2393 me
1465 2359 1658 2393 dulcissimi
1677 2359 1856 2392 versiculi:
1883 2354 2004 2404 Lapis
2031 2369 2135 2405 quem
2164 2370 2284 2405 repro-

1295 2410 1431 2451 bastis,
1460 2408 1520 2444 hic
1539 2410 1669 2458 factus
1694 2414 1743 2442 est
1769 2409 1807 2442 in
1826 2413 1933 2456 capul
1953 2408 2098 2454 anguli.
2153 2407 2283 2442 ADo-

1296 2463 1397 2496 mino
1415 2462 1564 2509 sactum
1590 2466 1639 2494 est
1666 2458 1751 2498 hoc,
1782 2466 1811 2494 et
1842 2465 1892 2493 est
1915 2459 2087 2493 mirabile
2111 2460 2148 2493 in
2168 2459 2284 2494 oculis

1296 2515 1446 2547 nostris.
1501 2514 1551 2546 Ut
1571 2515 1663 2545 enim
1684 2513 1824 2555 agnosci
1844 2513 1981 2556 possint
2000 2510 2084 2544 haec
2107 2512 2284 2544 mirabilia

1297 2578 1401 2609 opera
1429 2564 1493 2598 Dei
1522 2565 1557 2597 in
1583 2563 1757 2603 Ecclesia,
1791 2564 1979 2596 dicendum
2008 2561 2064 2595 hic
2087 2562 2171 2600 snit,
2200 2563 2284 2607 quid

1297 2618 1340 2650 sit
1358 2614 1516 2649 Ecclesia
1530 2644 1537 2653 ,
1566 2616 1680 2661 qualis
1699 2615 1772 2647 eius
1790 2615 1831 2647 sit
1855 2615 1986 2657 species
2005 2625 2120 2645 coram
2141 2615 2286 2652 mundo,

1299 2668 1413 2713 qualis
1442 2667 1585 2711 politia,
1620 2678 1681 2700 seu
1711 2666 1814 2711 quale
1839 2664 2096 2704 ministerium,
2130 2677 2218 2709 qnae
2242 2665 2286 2698 sit
