2379 2948
88 126 164 165 253

88 213 148 247 sed
164 212 203 245 in
221 212 346 246 mediis
364 214 474 246 ferme
491 212 650 257 partibus
668 209 816 252 Cancri,
843 211 1082 256 praecedentis
1107 217 1110 253 ζ

1106 285 1108 287 >
1134 272 1326 304 regnorum
1352 263 1389 295 in
1418 262 1513 298 Asia.

87 264 242 298 Leonem
258 264 295 297 in
311 264 436 297 ordine
456 264 650 307 signorum.

189 321 342 367 Propter
367 321 459 356 hanc
481 321 714 355 variationem
747 327 963 365 punctorum
990 319 1080 353 circa

87 386 176 420 quae
205 374 297 408 fiunt
328 374 489 417 eclipses,
529 371 662 404 circulo
690 369 834 405 vehenti
863 369 928 405 hos
956 372 1081 412 nodos,

86 437 191 471 quem
210 436 314 468 supra
334 424 486 468 primum
503 422 542 455 in
551 422 786 466 descriptione
804 423 945 456 orbium
954 421 1078 455 Lunae

86 476 286 520 posuimuS‚
315 473 487 508 tribuitur
502 479 620 506 motus
636 473 836 507 contrarius
862 473 976 507 motui
994 472 1081 506 Pla-

86 533 247 561 netarum
274 524 436 569 propri0,
465 524 679 557 conveniens
703 536 783 557 cum
802 524 916 568 primo
939 524 1078 562 mobili,

85 578 145 610 sed
170 578 217 611 ita
243 575 378 614 tardus,
405 580 445 607 ut
471 574 620 617 singulis
646 575 772 608 diebus
795 574 882 608 nodi
905 587 978 608 non
1004 586 1079 607 am-

85 629 179 672 plius
201 626 312 660 tribus
337 624 485 658 minutis
518 633 795 669 promoveantur
821 626 870 664 εἷς
894 623 940 659 τὰ
964 637 1078 671 προη-

84 675 264 726 γούμενα,
291 687 349 709 seu
368 676 410 709 ab
427 675 563 710 oriente
579 688 700 710 versus
715 688 887 717 occasum,
915 689 985 722 quo
1005 683 1078 709 tar-

84 729 228 761 dissimo
262 733 361 760 motu
392 735 578 770 peragrant
613 734 726 761 totum
750 727 945 760 Zodiacum
975 726 1103 760 annis*

86 779 143 820 18,
170 778 296 811 diebus
322 777 407 816 226,
432 774 529 811 horis
556 778 593 819 7,
619 785 697 822 post
722 779 817 823 quod
849 778 1077 811 intervallum

82 829 270 873 temporis,
296 828 442 873 eclipses
467 829 506 861 in
530 828 655 862 iisdem
679 829 766 862 locis
782 828 930 861 Zodiaci
947 829 1076 863 iterum

83 880 156 913 fieri
174 886 340 924 possunt,
368 879 428 912 ubi
446 880 545 924 prius
565 887 768 924 conspectae
790 885 883 913 sunt.

389 982 449 1015 De
477 982 610 1027 eclipsi
636 982 749 1017 Solis·-

182 1047 259 1082 Hac
277 1060 360 1081 vero
386 1048 549 1082 omnium
576 1048 728 1082 maxime
751 1048 840 1081 moti
857 1053 940 1081 sunt
958 1044 1076 1079 homi-

83 1112 164 1141 nes,
197 1106 237 1133 ut
266 1106 300 1133 et
325 1099 609 1140 admirarentur,
645 1107 677 1134 et
703 1099 926 1144 inquirerent
959 1104 1076 1130 motus

82 1162 271 1194 corporum
295 1150 519 1189 coelestium,
556 1157 744 1195 postquam
770 1150 938 1183 viderunt
959 1148 1075 1181 media

81 1202 139 1234 die
164 1201 361 1241 interdum,
389 1201 487 1234 coelo
510 1212 653 1241 sereno,
680 1200 800 1235 Solem
820 1201 907 1234 lucis
925 1200 1076 1233 diurnae

82 1253 215 1286 fontem
239 1251 339 1285 tetris
362 1258 395 1285 et
419 1249 606 1285 horrendis
629 1252 783 1285 tenebris
802 1250 957 1291 involvi,
986 1261 1076 1294 quae

83 1303 200 1336 subito
216 1302 330 1334 noctis
349 1302 537 1342 imaginem
563 1302 747 1340 afferrent,
775 1309 810 1335 et
834 1302 953 1335 stellas
976 1300 1074 1334 coelo

83 1350 287 1392 haerentes,
314 1350 472 1384 interdiu
488 1350 694 1393 conspicuas
711 1353 911 1386 redderent.

182 1410 253 1445 Sed
276 1409 389 1443 multo
413 1409 524 1452 magis
549 1409 675 1443 terruit
693 1420 753 1442 eos
771 1408 986 1453 experientia
1010 1407 1075 1440 tri-

83 1463 187 1496 stium
220 1467 430 1501 eventuum,
464 1471 552 1505 quos
577 1460 813 1493 observabant
839 1471 977 1503 semper
1003 1459 1075 1492 sere

82 1512 180 1558 sequi
197 1512 308 1545 solere
325 1512 469 1555 eclipses
486 1510 591 1546 Solis.
646 1510 736 1544 Cum
755 1511 849 1544 enim
866 1510 996 1544 scirent
1008 1508 1074 1543 So-

83 1565 152 1597 lem
172 1574 245 1596 non
261 1568 398 1595 tantum
415 1562 504 1595 lucis
521 1569 554 1596 et
570 1561 697 1595 caloris
715 1568 873 1595 autorem
891 1573 983 1602 esse,
1011 1561 1071 1593 sed

83 1614 186 1648 etiam
203 1613 376 1646 vivificam
396 1613 573 1658 quandam
595 1613 664 1645 vim
684 1614 894 1657 corporibus
911 1612 1074 1645 animan-

84 1665 172 1699 tium
185 1691 194 1705 ‚
221 1671 253 1698 et
268 1664 374 1697 rebus
392 1676 431 1697 ex
447 1670 539 1697 terra
564 1664 788 1697 nascentibus
814 1663 1013 1708 impertire,
1042 1668 1073 1695 et

83 1715 200 1751 vitalis
223 1715 349 1748 caloris
364 1714 463 1759 quasi
489 1715 621 1747 fontem
642 1721 675 1747 et
693 1721 974 1747 conservatorem
992 1724 1075 1753 esse,

83 1765 349 1805 existimabant,
377 1765 411 1797 id
432 1765 524 1809 quod
542 1771 660 1808 postea
680 1764 894 1808 experientia
911 1775 1074 1807 compro-

83 1817 201 1856 babat,
228 1816 332 1848 etiam
350 1815 465 1857 exigui
483 1815 650 1858 temporis
667 1815 951 1848 obscurationem
970 1814 1074 1855 Solis,

82 1879 151 1913 qua
167 1864 250 1900 huic
265 1865 406 1898 infimae
424 1866 514 1910 parti
532 1866 668 1907 mundi,
696 1865 733 1898 in
752 1878 819 1910 qua
837 1872 1004 1909 perpetua
1023 1872 1074 1898 est

83 1931 201 1952 rerum
222 1916 401 1961 generatio
420 1923 451 1950 et
469 1917 667 1961 corruptio,
694 1917 815 1950 radius
833 1916 894 1949 ille
912 1915 1072 1948 vivificus

83 1970 200 2003 subito
220 1968 425 2012 eriperetur,
453 1979 526 2001 non
544 1979 645 2011 posse
662 1979 734 2000 non
754 1965 845 2000 hanc
863 1967 1072 2000 inferiorum

83 2032 201 2053 rerum
228 2025 392 2053 naturam
419 2019 614 2063 plurimum
645 2019 783 2051 laedere
811 2025 845 2053 et
875 2018 1074 2051 debilitare.

84 2070 291 2116 Sequuntur
305 2070 399 2102 enim
416 2070 608 2115 aliquando
625 2069 856 2114 pestilentiae,
880 2069 1073 2114 aliquando

85 2133 248 2165 agrorum
267 2121 469 2154 sterilitates
483 2121 529 2154 ob
546 2128 660 2154 aestus
677 2121 850 2161 insolitos,
879 2127 939 2153 aut
958 2119 1073 2152 conti-

83 2183 174 2206 nuos
193 2172 333 2215 imbres,
360 2172 552 2217 aliquando
570 2172 673 2206 etiam
691 2172 867 2205 bellorum
887 2171 1073 2213 tumultus,

84 2231 117 2258 et
132 2223 287 2266 insignes
305 2223 535 2267 imperiorum
552 2223 766 2257 mutationes
790 2229 937 2267 propter
950 2233 1071 2265 regum

82 2287 121 2308 ac
137 2274 338 2319 principum
356 2281 495 2307 morteS.

185 2331 251 2365 His
270 2331 468 2374 insignibus
486 2333 681 2373 eventibus,
709 2343 796 2378 quos
813 2338 872 2366 aut
891 2331 980 2365 effici
997 2344 1072 2365 cre·
1096 2373 1097 2378 1

38 2426 40 2428 v
83 2384 234 2424 debant,
261 2389 320 2416 aut
335 2382 525 2425 significari
543 2396 604 2427 per
619 2383 712 2418 Solis
726 2384 898 2421 defectus,
926 2383 1071 2417 adducti

85 2441 167 2469 sunt
187 2441 318 2468 veteres
335 2433 431 2466 docti
450 2430 628 2475 homines,
656 2442 695 2469 ut
711 2446 830 2468 causas
854 2440 887 2467 et
913 2440 1071 2478 tempora

85 2485 266 2529 eclipsium
284 2484 446 2527 diligenti
458 2490 491 2518 et
502 2484 639 2518 assidua
657 2485 937 2519 consideratione
954 2492 1072 2519 motus

85 2536 281 2576 luminum,
306 2535 499 2570 studiosius
516 2535 735 2579 inquirerent
753 2543 787 2571 et
802 2537 1045 2570 observarent.

186 2594 342 2628 Primam
360 2601 475 2628 autem
495 2594 587 2637 apud
599 2591 751 2627 Graecos
765 2595 803 2628 in
819 2607 857 2629 ea
869 2607 906 2628 re
921 2595 1069 2638 gloriam

85 2646 232 2690 adeptus
246 2646 413 2679 scribitur
429 2642 561 2678 Thales
579 2643 759 2685 Milesius,
786 2647 847 2690 qui
869 2646 966 2678 illam
985 2646 1070 2679 ecli—

85 2697 165 2741 psin
175 2696 269 2732 Solis
279 2696 460 2741 praedixit,
476 2707 564 2741 quae
573 2702 742 2738 regnante
760 2695 798 2728 in
808 2695 928 2730 Media
938 2693 1069 2741 Astya-
1088 2713 1094 2741 1

680 126 745 162 ΙΙΙ.
781 124 938 161 INITIA
964 122 1258 161 DOCTRINAE
1284 125 1538 166 PHYSICAE.

2052 133 2126 168 254

1134 220 1176 253 ge
1213 220 1418 255 conspecta,
1461 217 1648 258 praecessit
1681 217 1893 251 mutationes
1928 218 2122 252 multorum

1567 267 1655 300 Nam
1684 269 1788 312 paulo
1810 275 1888 313 post
1910 267 2024 314 Cyrus
2049 281 2125 302 mo-

1133 309 1317 345 narchiam
1336 325 1354 345 a
1376 312 1493 347 Medis
1510 318 1550 349 ad
1569 317 1692 351 Persas
1716 320 1914 360 transtulit,
1942 326 1976 353 et
2000 325 2126 363 poten-

1133 362 1308 396 tissimum
1332 375 1478 407 regnum
1504 366 1655 411 Lydiae,
1688 370 1779 403 victo
1806 377 1838 404 et
1869 377 1970 415 capto
1994 369 2125 404 Croeso

1133 414 1291 456 subegit,
1327 421 1359 447 et
1387 415 1598 450 rebellantes
1629 429 1768 461 graecas
1794 421 1951 455 civitates
1982 422 2020 454 in
2041 421 2125 454 Asia

1133 464 1269 498 duriter
1290 465 1426 499 afflixit.

1233 530 1336 565 Hanc
1353 533 1563 573 doctrinam,
1591 546 1681 578 quae
1698 546 1817 568 causas
1835 536 2124 572 obscurationum

1132 582 1279 616 istarum
1298 590 1483 624 monstrat,
1499 596 1563 616 nos
1580 597 1720 630 quoqne
1734 587 1967 629 magnifacere
1985 596 2016 622 et
2033 589 2124 622 tueri

1131 634 1247 674 decet,
1274 645 1352 667 cum
1372 635 1445 667 eius
1464 635 1619 677 cognitio
1638 637 1680 669 de
1698 636 1818 670 multis
1835 637 2052 679 gravissimis
2067 651 2123 672 re-

1131 684 1196 716 bus
1222 696 1287 717 nos
1310 687 1515 725 admoneat,
1544 692 1576 719 et
1595 698 1757 729 magnam
1777 688 1980 722 varietatem
2005 689 2124 721 erudi-

1132 735 1240 768 tionis
1264 736 1529 779 complectatur.
1591 734 1668 770 Etsi
1694 745 1809 771 autem
1842 739 2023 782 prodesset
2048 750 2125 771 eam

1130 785 1261 818 alicubi
1295 786 1429 830 integre
1456 787 1638 831 explicari,
1674 790 1879 823 monstratis
1910 789 2068 822 sontibus
2093 796 2126 824 et

1130 836 1242 869 causis
1260 838 1376 870 omnis
1394 838 1582 879 varietatis,
1611 851 1699 883 quae
1717 837 1773 873 hic
1793 841 1907 873 maior
1929 847 1992 880 est,
2019 852 2124 885 quam

1130 887 1167 919 in
1184 886 1309 920 Lunae
1327 889 1535 932 eclipsibus,
1563 896 1680 923 tamen
1705 903 1783 924 cum
1812 891 1847 924 id
1865 888 1930 924 hoc
1949 891 1985 923 in
2012 891 2089 924 loco
2106 901 2125 923 a

1129 937 1234 971 nobis
1250 950 1364 983 neque
1383 940 1457 972 fieri
1474 947 1599 985 queat,
1627 953 1691 973 nec
1708 942 1843 986 requiri
1859 942 2001 981 debeat,
2028 942 2125 975 dice-

1128 1000 1227 1029 muS‚
1252 996 1290 1022 ut
1308 989 1344 1022 in
1360 989 1480 1024 lunari
1499 990 1621 1034 eclipsi
1639 991 1802 1030 fecimus,
1828 993 2000 1037 quaedam
2027 1003 2123 1025 com—

1128 1039 1336 1072 munissima
1348 1067 1356 1080 ,
1385 1053 1475 1085 quae
1494 1042 1643 1075 rudibus
1661 1049 1842 1087 utcunque
1859 1054 1978 1076 causas
1996 1043 2123 1076 obscu-

1128 1090 1306 1123 rationum
1323 1091 1493 1124 solarium
1512 1099 1544 1126 et
1563 1104 1683 1125 earum
1707 1093 1922 1127 diversitatis
1938 1094 2123 1126 ostendere

1128 1141 1280 1184 possint,
1308 1142 1415 1187 idque
1436 1140 1519 1176 huic
1543 1149 1749 1187 argumento
1774 1151 1806 1178 et
1831 1145 1909 1178 loco
1933 1143 2123 1178 convenire

1128 1191 1338 1226 iudicamus.

1230 1249 1374 1284 Dictum
1400 1258 1450 1284 est
1479 1262 1602 1295 supra,
1623 1252 1746 1286 Lunae
1772 1265 1899 1298 corpus
1921 1265 2070 1298 opacum
2090 1259 2123 1287 et

1129 1302 1217 1334 adeo
1234 1302 1382 1335 densum
1402 1314 1484 1342 esse,
1504 1309 1543 1336 ut
1560 1304 1677 1336 radios
1694 1304 1787 1338 Solis
1805 1317 1878 1337 non
1896 1305 2123 1339 transmittat.

1129 1351 1248 1392 Quare
1267 1365 1344 1382 cnm
1365 1351 1440 1383 Soli
1459 1353 1706 1394 coniungitur,
1732 1360 1764 1386 et
1783 1360 1874 1387 recta
1893 1355 1986 1387 inter
2006 1354 2122 1397 ipsum

1128 1406 1161 1433 et
1177 1406 1338 1433 nostrum
1357 1400 1470 1433 visum
1495 1402 1753 1446 interponitur,
1781 1415 1841 1437 sua
1867 1404 2040 1437 densitate
2065 1416 2122 1437 ra—

1129 1451 1206 1484 dios
1233 1450 1327 1484 Solis
1358 1458 1519 1496 exceptos
1545 1460 1637 1487 arcet
1662 1466 1680 1486 a
1706 1461 1828 1487 nostro
1859 1452 2062 1495 horizonte,
2089 1461 2122 1488 et

1127 1502 1253 1535 umbra
1283 1503 1441 1546 corporis
1475 1504 1529 1536 sui
1560 1505 1722 1538 tenebras
1752 1506 1887 1551 aliquot
1921 1505 2121 1539 climatibus

1126 1552 1273 1589 inducit.

1229 1610 1293 1646 Est
1311 1612 1417 1656 igitur
1434 1613 1527 1647 Solis
1547 1614 1684 1658 eclipsis
1704 1628 1775 1648 non
1793 1616 1948 1650 defectus
1964 1623 2024 1650 aut
2047 1616 2121 1660 pri-

1127 1662 1220 1696 vatio
1239 1663 1327 1696 lucis
1344 1664 1380 1696 in
1400 1665 1476 1707 ipso
1492 1664 1586 1698 Sole.
1629 1664 1660 1698 ls
1681 1667 1773 1698 enim
1793 1664 1884 1699 nihil
1902 1679 1920 1700 a
1938 1666 2040 1700 Luna
2058 1677 2120 1710 pa·

1127 1713 1231 1752 titur,
1260 1715 1317 1747 sed
1337 1721 1473 1748 tantum
1493 1722 1541 1748 est
1559 1716 1743 1759 impeditio
1763 1729 1822 1750 seu
1843 1718 1978 1750 aversio
2000 1717 2119 1750 radio-

1126 1776 1205 1796 rum
1224 1764 1336 1805 Solis‚
1363 1765 1454 1799 sacta
1477 1778 1623 1809 corpore
1648 1779 1755 1811 opaco
1772 1767 1911 1808 Lunae,
1940 1780 2028 1813 quae
2046 1767 2119 1800 col-

1126 1814 1239 1848 locata
1257 1816 1349 1849 inter
1367 1823 1528 1849 nostrum
1544 1817 1657 1849 visum
1676 1824 1708 1851 et
1725 1817 1855 1858 Solem,
1881 1819 2034 1851 involvit
2049 1818 2118 1850 ali-

1127 1877 1232 1909 quam
1247 1872 1359 1899 terrae
1375 1873 1508 1910 partem
1526 1867 1651 1900 umbra
1670 1869 1722 1901 sni
1742 1870 1910 1912 corporis,
1932 1876 2036 1914 atque
2051 1865 2118 1901 hoc

1126 1917 1233 1948 modo
1251 1923 1364 1950 terrae
1382 1918 1474 1950 vices
1492 1918 1628 1958 reddit,
1656 1926 1694 1952 ut
1713 1918 1851 1952 Plinius
1876 1920 2054 1965 loquitur,
2081 1919 2116 1951 id

1127 1973 1195 2005 est,
1222 1967 1313 2000 sicut
1329 1967 1521 2012 aliquando
1537 1967 1639 2001 Luna
1663 1970 1707 2002 ab
1726 1970 1851 2003 umbra
1874 1977 1986 2004 terrae
2009 1968 2117 2003 hebe-

1126 2023 1214 2058 tata,
1246 2018 1323 2051 luce
1346 2017 1438 2051 Solis
1468 2019 1645 2062 privatur,
1672 2020 1718 2054 ita
1745 2020 1818 2064 ipsa
1841 2022 1994 2055 vicissim
2018 2021 2117 2065 quasi

1127 2068 1296 2101 iniuriam
1313 2081 1388 2102 eam
1406 2069 1604 2109 vindicans,
1631 2070 1913 2107 suointerventu
1929 2077 2115 2115 augustum

1126 2119 1248 2152 lumen
1271 2119 1364 2154 Solis
1390 2127 1503 2153 terrae
1530 2121 1645 2164 eripit.
1697 2121 1765 2156 Sed
1795 2123 1877 2167 quia
1902 2124 2032 2156 iactura
2057 2132 2115 2154 ra-

1126 2170 1266 2204 diorum
1289 2171 1458 2204 solarium
1484 2172 1643 2205 crebrior
1661 2178 1694 2205 et
1714 2173 1937 2213 diuturnior,
1965 2171 2115 2205 exitialis

1126 2228 1237 2254 terrae
1259 2222 1378 2255 sutura
1402 2228 1509 2263 esset,
1536 2222 1638 2256 Luna
1664 2234 1702 2255 ea
1722 2223 1964 2257 moderatione
1989 2222 2114 2261 utitur,

1124 2279 1163 2306 ut
1179 2284 1259 2306 raro
1280 2279 1312 2306 et
1331 2285 1403 2305 non
1421 2273 1490 2306 nisi
1506 2273 1692 2318 aliquoties
1710 2274 1806 2318 prius
1825 2286 1843 2306 a
1861 2280 1973 2307 terrae
1987 2273 2113 2306 umbra

1124 2323 1326 2365 obscurata,
1353 2331 1458 2369 atque
1473 2324 1520 2357 ita
1539 2324 1638 2369 quasi
1655 2324 1790 2368 saepius
1807 2331 2006 2368 provocata,
2033 2331 2114 2358 tan-

1124 2375 1201 2407 dem
1228 2376 1302 2419 ipsa
1321 2375 1474 2408 vicissim
1493 2375 1606 2408 solare
1630 2375 1749 2407 lumen
1773 2381 1885 2408 terrae
1902 2374 2113 2419 intercipiat,

1122 2425 1230 2469 idque
1257 2438 1331 2459 non
1355 2426 1559 2465 universae,
1591 2425 1649 2457 sed
1673 2424 1778 2458 alicui
1805 2426 1879 2459 eius
1904 2426 2051 2466 tractui,
2079 2432 2112 2459 et

1122 2477 1263 2522 quidem
1282 2477 1358 2510 sine
1375 2489 1470 2509 mora
1484 2503 1493 2517 ,
1518 2483 1556 2509 ut
1574 2475 1664 2508 infra
1682 2475 1830 2510 dicetur.

1223 2543 1291 2578 Sed
1312 2544 1460 2576 miretur
1485 2542 1633 2587 aliquis,
1660 2545 1838 2588 quomodo
1864 2543 1966 2577 Luna
1996 2552 2110 2589 tegere

1120 2601 1233 2629 totum
1256 2594 1350 2628 Solis
1367 2604 1493 2636 corpus
1517 2593 1644 2636 possit,
1671 2606 1750 2627 cum
1777 2606 1882 2639 supra
1900 2596 2032 2629 dictum
2053 2595 2110 2632 sit,

1119 2646 1238 2679 Solem
1267 2644 1395 2678 centies
1413 2643 1566 2686 sexagies
1589 2643 1698 2678 sexies
1715 2645 1886 2679 maiorem
1907 2658 1980 2680 esse
2004 2652 2110 2684 terra,

1119 2703 1151 2730 et
1171 2695 1260 2730 hanc
1282 2706 1403 2728 rursus
1427 2696 1684 2740 propemodum
1709 2697 1923 2742 quadragies
1938 2696 2108 2731 maiorem
