2379 2948
217 123 289 160 559

223 210 289 243 Sed
308 215 345 242 ut
361 205 426 240 hae
443 202 724 239 circumstantiae
742 201 854 243 magis
871 201 1027 236 illustres
1045 203 1127 244 sint,
1152 213 1210 235 re-

225 266 411 293 censentur
429 254 664 301 peculiaribus
681 252 795 285 titulis
822 259 915 286 extra
941 254 1211 298 praedicamen-

227 318 301 344 tum
319 309 566 344 relativorum,
594 303 649 336 cui
670 311 785 336 tamen
807 304 928 338 affines
947 312 1040 339 sunt.

526 422 624 464 Quid
647 427 704 457 est
735 422 917 467 Tempus?

317 507 476 550 Tempus
496 505 621 538 usitate
639 505 852 538 describitur
871 503 937 538 hoc
957 506 1076 538 modo:
1105 504 1214 537 Tem-

232 571 296 604 pus
318 565 367 591 est
390 567 557 589 uumerus
582 556 730 588 alicuius
757 562 872 588 motus
897 557 1090 589 secundum
1116 555 1214 598 prius

233 618 265 644 et
282 608 465 653 posterius.

235 713 358 744 inanes
379 707 596 747 calumniae,
624 714 654 739 et
671 713 808 740 tantum
833 705 1088 750 sophismatum
1115 719 1215 751 prae-

235 762 374 805 stigiae,
406 759 620 792 omittendae
645 765 737 791 sunt.
791 756 1012 799 Augustinus
1036 758 1216 795 exclamat,

235 812 333 858 quasi
353 811 390 843 in
407 822 442 842 re
463 808 787 852 impervestigabili:
817 807 857 840 In
877 815 1033 852 tempore.
1053 809 1216 845 vivimus,

236 872 268 898 et
285 862 369 907 quid
388 861 430 893 sit
447 866 582 902 tempus
600 858 811 900 ignoramus.
867 858 1081 904 Quanquam
1101 866 1216 892 autem

235 923 360 955 magna
394 910 504 953 caligo
533 917 582 942 est
606 906 781 942 humanae
810 911 955 951 mentis,
988 917 1105 943 tamen
1132 907 1217 942 haec

237 962 426 1008 appellatio
463 960 686 993 mediocriter
723 961 872 1004 intelligi
911 967 1034 1005 potest.
1094 960 1218 994 Motus

237 1014 350 1053 Solis,
377 1024 436 1044 seu
459 1011 549 1044 alius
570 1011 772 1056 quicunque
797 1019 929 1052 motus,
957 1013 1060 1046 durat
1083 1022 1219 1044 succes-

237 1066 334 1098 sione
350 1064 518 1108 quadam,
547 1069 579 1094 et
599 1059 681 1094 haec
699 1062 840 1095 duratio
863 1075 923 1095 seu
950 1063 1120 1095 successio
1146 1074 1219 1095 non

237 1123 286 1148 est
303 1115 369 1147 alia
387 1125 458 1152 res,
486 1112 552 1144 nisi
574 1113 644 1155 ipse
669 1119 795 1148 motus.
851 1113 908 1146 Sic
933 1113 1072 1146 duratio
1103 1113 1219 1145 cuius-

236 1167 323 1198 libet
349 1164 398 1196 rei
424 1176 497 1196 nou
521 1163 741 1195 discernatur
767 1164 809 1196 ab
832 1164 916 1207 ipsis
936 1165 1051 1198 rebus.
1103 1163 1220 1196 Huius

237 1223 352 1249 autem
373 1214 570 1247 durationis
591 1225 650 1245 seu
670 1214 898 1247 successionis
921 1222 1036 1258 partes
1053 1214 1221 1247 dicuntur

238 1266 380 1311 proprie
410 1272 553 1308 tempus.
609 1262 655 1296 Et
678 1263 742 1296 hae
766 1273 880 1308 partes
905 1266 1062 1298 numeris
1090 1266 1220 1297 discer-

238 1324 384 1351 nuntur.
440 1315 522 1348 Ideo
551 1315 687 1348 erudite
714 1316 847 1349 dictum
872 1323 938 1350 est:
978 1315 1135 1360 Tempus
1171 1323 1220 1349 est

239 1377 408 1401 numerus
441 1365 656 1405 durationis,
691 1377 769 1397 cum
798 1364 864 1398 hoc
890 1373 1027 1399 tantum
1050 1367 1135 1399 velit
1161 1368 1222 1398 de-

240 1417 403 1461 scriptio,
427 1415 583 1458 Tempus
602 1426 673 1447 esse
691 1422 803 1458 partes
821 1417 1019 1449 durationis
1033 1444 1042 1457 ‚
1067 1417 1220 1460 priorem

241 1476 273 1502 et
304 1466 553 1511 posteriorem,
588 1466 762 1499 distinctis
795 1467 927 1500 scilicet
956 1467 1133 1508 numeris,
1167 1474 1221 1500 ut:

242 1519 397 1561 Tempus
421 1529 489 1561 quo
522 1515 660 1559 publice
683 1517 910 1550 concionatus
945 1524 993 1551 est
1027 1518 1119 1551 filius
1143 1518 1223 1558 Dei,

241 1576 425 1614 postquam
447 1581 463 1599 a
485 1564 642 1599 Iohanne
661 1568 855 1611 baptizatus
876 1575 937 1608 est,
952 1569 1035 1601 anni
1048 1576 1115 1602 tres
1133 1575 1223 1609 sunt,

242 1627 274 1653 et
291 1619 431 1651 initium
453 1617 579 1661 quarti.
615 1616 731 1650 Huius
745 1619 943 1650 durationis
960 1626 1090 1659 metae,
1111 1619 1224 1659 initia,

242 1671 373 1709 exitus,
402 1676 537 1712 partes,
564 1679 711 1700 numero
733 1669 993 1702 discernuntur.
1045 1668 1091 1703 Et
1110 1677 1223 1713 partes

242 1719 309 1753 hoc
326 1721 432 1752 modo
449 1730 594 1751 numero
612 1719 796 1752 distinctae
813 1727 983 1752 vocantur
1001 1727 1151 1764 tempus.
1178 1719 1223 1753 Et

243 1770 323 1816 quia
341 1777 456 1802 motus
474 1768 567 1802 Solis
583 1776 615 1802 et
631 1768 753 1802 Lunae
770 1770 920 1803 illustria
941 1771 1144 1803 discrimina
1172 1772 1224 1804 fa—

243 1823 341 1854 ciunt
359 1828 568 1863 temporum,
595 1821 635 1852 de
654 1818 708 1853 his
726 1821 878 1853 motibus
896 1822 1081 1865 praecipue
1098 1822 1224 1866 loqua-

242 1884 333 1905 mur.
386 1870 480 1903 Deus
502 1871 594 1902 enim
619 1871 789 1914 singulari
816 1872 963 1905 consilio
989 1873 1037 1905 sic
1065 1874 1223 1907 condidit

246 1922 344 1961 coeli,
373 1921 466 1960 solis,
487 1921 590 1953 lunae
608 1929 733 1961 motuS,
763 1931 798 1955 ut
816 1935 1007 1963 annorum,
1036 1924 1223 1962 mensium,

246 1973 380 2005 dicrum
409 1978 517 2003 metas
543 1978 574 2004 et
599 1972 782 2005 intervalla
804 1974 1023 2007 constituerit
1040 1975 1124 2018 ipse.
1178 1972 1224 2008 Et

245 2021 329 2055 haec
348 2021 447 2054 iussit
463 2021 570 2065 aspici
592 2029 623 2054 ct
649 2023 872 2058 considerari.
928 2023 1013 2058 Vult
1039 2025 1131 2057 enim
1159 2037 1223 2058 nos

245 2074 350 2112 scire,
378 2072 481 2104 fuisse
508 2072 649 2116 aliquod
675 2074 797 2105 mundi
827 2074 987 2115 initium,
1015 2072 1078 2108 nec
1103 2076 1223 2108 inlini-

246 2131 314 2156 tam
335 2122 571 2155 aeternitatem
592 2130 684 2155 retro
702 2124 838 2164 generis
867 2122 1011 2158 humani
1037 2127 1160 2167 fuisse,
1186 2134 1224 2160 ut

246 2174 348 2207 multi
365 2173 545 2215 imaginati
561 2180 651 2208 sunt.
707 2173 791 2208 Yult
816 2186 877 2206 nos
901 2176 988 2208 scire
1012 2178 1134 2209 seriem
1159 2190 1224 2210 an—

246 2237 373 2257 norum
403 2224 545 2263 mundi,
584 2231 637 2256 ut:
673 2236 762 2268 quae
790 2225 903 2268 prior,
939 2239 1026 2270 quae
1053 2229 1225 2270 posterior

248 2275 407 2308 doctrina
434 2275 496 2313 sit,
531 2281 654 2307 notum
685 2276 738 2309 sit.
794 2274 878 2308 Vult
901 2277 1001 2316 sciri,
1035 2278 1170 2322 quoties
1192 2286 1224 2312 et

247 2326 327 2365 ubi,
364 2326 492 2369 quibus
522 2325 732 2358 testimoniis
757 2338 792 2358 se
818 2327 1035 2369 patefecerit,
1069 2341 1157 2372 quae
1181 2330 1226 2362 sit

248 2375 530 2408 monarchiarum
562 2376 685 2415 series,
720 2378 860 2421 quando
890 2376 1020 2411 Filium
1055 2379 1225 2413 missurus

248 2426 372 2465 fuerit,
403 2427 543 2470 quando
570 2427 673 2460 instet
695 2428 903 2460 resurrectio
938 2435 969 2461 et
994 2429 1073 2461 finis
1099 2428 1225 2463 harum

250 2475 466 2508 miseriarum
483 2475 670 2510 Ecclesiae.

250 2587 386 2608 merare
404 2587 592 2618 possemus.
624 2578 703 2611 Non
726 2586 774 2612 est
795 2580 902 2623 igitur
921 2581 1118 2623 obscurum,
1138 2595 1226 2628 quae

250 2637 305 2658 res
321 2626 364 2658 sit
381 2631 527 2669 tempus.

453 117 660 155 SCRIPTA
690 116 764 150 PH.
791 114 906 150 MEL.
935 113 1005 150 AD
1032 115 1159 151 HIST.
1187 115 1333 153 PROF.
1359 114 1425 150 ET
1453 113 1644 150 PHILOS.
1674 113 1995 152 SPECTANTIA.

517 604 593 639 Etsi
621 613 737 638 autem
754 604 942 639 horribiles
960 606 1215 650 disputationes
1241 646 1242 650 Ἰ

233 663 276 694 de
301 659 363 692 liae
388 657 624 701 descriptione
647 663 761 689 motae
782 664 882 695 sunt,
910 664 1026 689 tamen
1046 669 1123 690 cum
1146 657 1216 689 sint
1241 654 1242 689 ζ

723 2477 790 2511 Hic
809 2479 895 2511 ordo
920 2491 1061 2522 prorsus
1086 2480 1225 2523 ignotus
1251 2482 1253 2487 ’

250 2532 354 2564 esset,
378 2525 446 2557 nisi
463 2538 638 2560 annorum
658 2529 842 2562 intervalla
861 2530 1076 2574 distinguere
1103 2539 1134 2565 et
1159 2544 1226 2565 nu-
1250 2545 1251 2549 ¹

2170 113 2243 149 560

1236 203 1239 240 1
1264 207 1297 235 et
1312 200 1436 234 diebus
1456 201 1647 241 discamus,
1672 212 1745 234 non
1762 200 1993 235 immoremur
2009 201 2175 235 inanibus
2191 212 2247 233 ca-

1238 255 1240 289 i
1264 251 1520 285 villationibus.

1238 295 1241 342 l
1365 310 1580 345 Collocanda
1605 317 1686 343 sunt
1707 317 1822 344 autem
1843 310 1881 343 in
1898 308 1966 343 hoc
1984 312 2246 354 praedicamen-

1238 363 1241 381 ³
1265 368 1341 395 tum
1364 362 1508 395 nomina
1537 367 1570 395 et
1595 362 1759 394 adverbia
1779 368 1915 406 tempus
1930 361 2181 404 significantia,
2209 369 2247 395 ut

1239 427 1241 443 ι
1266 424 1398 454 annus,
1427 412 1576 453 mensis,
1610 412 1702 453 dies,
1731 410 1838 452 hora,
1866 410 1990 451 hodie,
2020 424 2134 452 nunc,
2160 424 2247 453 cras,

1240 450 1241 486 l
1267 461 1361 504 heri,
1389 471 1422 497 et
1440 464 1578 497 similia.
1621 461 1673 496 Ac
1694 464 1801 497 multa
1821 463 2024 506 gravissima
2043 470 2247 504 argumenta

1240 503 1241 538 l
1267 526 1285 546 a
1310 520 1465 558 tempore
1491 521 1700 555 sumuntur,
1737 526 1825 558 quae
1857 514 1893 546 in
1924 514 1996 558 ipsa
2025 514 2249 547 invocatione

1267 576 1367 608 saepe
1387 565 1572 607 cogitanda
1588 572 1690 605 suut,
1717 572 1770 598 ut:

1371 623 1484 656 Filius
1502 622 1566 656 Dei
1584 634 1624 655 ex
1643 624 1779 666 virgine
1798 630 1898 656 natus
1918 631 1966 656 est
1990 636 2083 656 anno
2101 622 2160 658 42.
2181 623 2249 655 im-

1242 698 1243 703 ,
1268 673 1356 718 perii
1381 671 1523 707 Octavii
1549 671 1719 716 Augusti,
1761 687 1853 707 anno
1890 686 1908 706 a
1941 674 2084 708 condito
2114 675 2249 707 mundo

1268 724 1379 759 3962.
1395 725 1556 757 nondum
1574 724 1685 757 deleta
1711 725 1832 768 politia
1849 724 2024 764 Mosaica,
2051 733 2089 758 ut
2114 725 2251 768 praedi—

1269 783 1364 809 ctum
1382 775 1468 816 fuit,
1496 775 1780 819 praedicaturum
1797 787 1868 808 esse
1886 775 2051 808 *Blessiam
2064 803 2071 814 ,
2100 785 2131 810 et
2155 777 2251 809 sutu-

1271 839 1348 859 rum
1366 826 1564 865 victimam,
1590 832 1702 858 stante
1719 823 1833 858 adhuc
1852 826 1971 869 politia
1985 826 2152 862 Mosaica.
2180 826 2252 859 Im—

1270 879 1326 922 pie
1345 877 1452 920 igitur
1468 884 1587 910 errant
1604 875 1742 919 Iudaei,
1771 877 1832 920 qui
1849 884 2029 920 expectant
2048 875 2163 911 adhuc
2190 889 2253 910 na-

1271 928 1444 962 tivitatem
1461 927 1632 966 Messiae,
1660 935 1844 972 postquam
1861 934 1913 960 tot
1934 928 2001 960 iam
2019 929 2143 962 seculis
2166 929 2253 961 iacet

1271 979 1430 1012 funditus
1446 979 1558 1011 deleta
1575 977 1732 1011 Mosaica
1748 978 1884 1021 politia.

1244 1121 1249 1143 ι
1485 1098 1552 1137 De
1580 1097 1920 1138 praedicamento
1955 1098 2047 1138 Ubi.

1418 1192 1673 1236 Interroyatio
1695 1189 1761 1224 Ubi·
1780 1189 1870 1235 quid
1885 1188 2103 1237 siynificat?

1376 1256 1704 1297 Circumstantiam‚
1732 1269 1820 1301 quae
1838 1264 1887 1290 est
1904 1257 2011 1292 locus.
2064 1254 2128 1290 Est
2142 1262 2256 1289 autem

1274 1308 1371 1340 locus
1387 1309 1528 1352 proprie
1546 1307 1703 1352 spacium
1720 1308 1932 1342 continentis
1952 1308 2109 1351 corporis
2132 1308 2257 1340 ceden-

1248 1378 1249 1405 χ
1274 1359 1318 1392 tis
1344 1365 1528 1398 contento,
1560 1365 1599 1391 ut
1623 1371 1700 1390 cuin
1725 1358 1762 1389 in
1786 1370 1911 1402 aquam
1939 1358 2089 1390 collocas
2114 1354 2258 1391 cantha-

1276 1421 1371 1448 rum,
1399 1408 1554 1452 spacium
1569 1409 1695 1441 cedens
1712 1408 1809 1441 locus
1831 1408 1971 1443 dicitur.

1375 1465 1445 1500 Sed
1462 1465 1647 1498 nominum
1672 1465 1836 1498 localium
1863 1478 1987 1508 magna
2013 1465 2202 1499 multitudo
2226 1471 2259 1498 et

1275 1517 1425 1550 varietas
1444 1524 1511 1556 est,
1532 1517 1598 1551 alia
1616 1516 1813 1558 significant
1836 1517 2035 1560 proximum
2061 1516 2195 1556 locum,
2221 1523 2261 1549 ut

1249 1578 1251 1599 ι
1276 1568 1345 1600 iam
1371 1569 1412 1600 de
1436 1567 1553 1611 spacio
1582 1567 1796 1599 continentis
1821 1567 1905 1602 (lixi.
1958 1566 2039 1600 Alia
2065 1567 2260 1610 significant

1277 1616 1428 1661 hospitia
1441 1645 1449 1658 ‚
1475 1624 1514 1651 ut
1529 1618 1576 1650 ita
1595 1617 1718 1657 dicam,
1746 1623 1799 1650 ut:
1826 1617 1938 1651 Filius
1954 1618 2021 1651 Dei
2038 1624 2140 1651 natus
2155 1625 2205 1650 est
2222 1617 2259 1650 in

1277 1669 1471 1701 diversorio
1491 1668 1528 1700 in
1547 1665 1766 1700 Bethlehem.
1813 1668 2013 1702 Sumuntur
2031 1675 2147 1702 autem
2167 1675 2198 1701 et
2215 1669 2259 1701 ab

1250 1737 1251 1750 t
1277 1717 1340 1752 hac
1368 1719 1648 1758 circumstantia,
1686 1719 1847 1752 videlicet
1879 1732 1896 1752 a
1923 1720 2016 1759 loco,
2057 1719 2259 1762 gravissima

1277 1777 1500 1813 argumenta,
1528 1770 1610 1814 quia
1640 1769 1737 1802 nulla
1762 1782 1815 1802 res
1845 1771 1941 1803 fmita
1974 1778 2023 1804 est
2056 1771 2131 1803 sine
2165 1777 2258 1803 certo

1277 1822 1365 1856 loco.
1421 1821 1522 1854 Valet
1540 1821 1646 1864 igitur
1664 1827 1925 1862 argumentum:

1353 1880 1447 1915 Deus
1467 1882 1619 1914 servabit
1637 1893 1751 1913 veram
1771 1879 1983 1919 Ecclesiam,
2014 1882 2115 1914 etiam
2134 1881 2169 1913 in
2197 1878 2259 1913 hac

1431 1932 1571 1965 mortali
1607 1932 1695 1969 vita,
1741 1944 1849 1976 usque
1881 1934 1923 1964 ad
1958 1932 2259 1965 resuscitationem

1429 1991 1668 2022 mortuorum,

1250 2052 1251 2082 Τ
1354 2041 1449 2085 Ergo
1473 2042 1624 2074 serv:=bit
1651 2041 1784 2085 aliquas
1811 2041 1967 2084 politias,
1993 2054 2080 2086 quae
2103 2042 2171 2075 sint
2191 2039 2260 2074 Ec-

1431 2093 1554 2125 clesiae
1570 2090 1734 2135 hospitia.

1380 2152 1501 2186 Sciant
1519 2159 1635 2185 autern
1654 2151 1811 2184 iuniores
1829 2149 1884 2184 hic
1902 2152 2073 2184 recenseri
2102 2152 2256 2185 locorum

1278 2204 1551 2248 appellationes,
1587 2209 1761 2247 quatenus
1789 2214 1935 2246 corpora
1959 2203 2157 2243 continent,
2187 2214 2258 2235 uon

1279 2261 1450 2299 quatenus
1468 2261 1549 2287 sunt
1570 2254 1715 2296 figurae,
1747 2253 1800 2285 vel
1817 2254 1982 2286 aedificia.

1664 2371 1730 2410 De
1762 2370 1869 2411 Situ.

1423 2463 1520 2504 Quid
1538 2467 1595 2497 est
1607 2462 1959 2507 praedicamentum
1976 2458 2106 2496 Situs?
2232 2503 2244 2518 ο

1381 2531 1477 2571 Situs
1494 2532 1664 2575 significat
1681 2538 1808 2565 statum
1831 2543 1890 2564 seu
1918 2529 2068 2573 positum
2091 2529 2259 2572 corporis,

1251 2614 1253 2626 Ἰ,
1280 2589 1313 2615 et
1330 2583 1483 2626 partium
1503 2583 1596 2622 eius,
1626 2590 1664 2616 ut
1690 2590 1819 2622 tacere,
1848 2588 1954 2618 stare,
1985 2579 2150 2622 supinum
2176 2591 2257 2619 esse,

582 2627 627 2660 Et
645 2630 777 2663 utilitas
794 2632 830 2663 iu
847 2639 1036 2675 conspectu
1052 2639 1112 2673 est,
1136 2631 1227 2667 hanc
1251 2635 1252 2640 ’

252 2676 532 2717 consideremus,
560 2685 591 2710 et
616 2680 808 2713 doctrinam
834 2682 876 2715 de
900 2694 1013 2724 anno,
1048 2685 1226 2718 mensibus
1251 2678 1253 2704 3

1281 2645 1432 2677 pronum
1450 2645 1530 2666 esse.
1584 2632 1632 2667 Et
1649 2631 1716 2666 huc
1732 2632 1935 2666 collocanda
1955 2638 2034 2664 sunt
2060 2630 2202 2663 nomina
2228 2638 2260 2663 ct

1282 2684 1405 2725 verba,
1442 2696 1530 2730 quae
1553 2684 1638 2718 tales
1661 2684 1794 2728 positus
1819 2682 2024 2725 significant.
2078 2680 2262 2715 Recitatur
