<?xml version="1.0" encoding="UTF-8"?>
<!DOCTYPE html PUBLIC "-//W3C//DTD XHTML 1.0 Transitional//EN"
    "http://www.w3.org/TR/xhtml1/DTD/xhtml1-transitional.dtd">
<html xmlns="http://www.w3.org/1999/xhtml" xml:lang="en" lang="en">
 <head>
  <title>
</title>
<meta http-equiv="Content-Type" content="text/html;charset=utf-8" />
  <meta name='ocr-system' content='tesseract 3.04.00' />
  <meta name='ocr-capabilities' content='ocr_page ocr_carea ocr_par ocr_line ocrx_word'/>
</head>
<body>
  <div class='ocr_page' id='page_1' title='image "./operaquaesupersu13melauoft_0471.png"; bbox 0 0 2379 2948; ppageno 0'>
   <div class='ocr_carea' id='block_1_1' title="bbox 111 96 1104 280">
    <p class='ocr_par' dir='ltr' id='par_1_1' title="bbox 111 96 1104 280">
     <span class='ocr_line' id='line_1_1' title="bbox 120 96 563 135; baseline -0.005 0"><span class='ocrx_word' id='word_1_1' title='bbox 120 100 195 135; x_wconf 88' lang='grc'>917</span> <span class='ocrx_word' id='word_1_2' title='bbox 517 96 563 133; x_wconf 82' lang='lat' dir='ltr'>V.</span> 
     </span>
     <span class='ocr_line' id='line_1_2' title="bbox 112 182 1104 228; baseline -0.003 -10"><span class='ocrx_word' id='word_1_3' title='bbox 112 196 199 219; x_wconf 89' lang='lat' dir='ltr'>num</span> <span class='ocrx_word' id='word_1_4' title='bbox 231 184 363 228; x_wconf 91' lang='lat' dir='ltr'>species</span> <span class='ocrx_word' id='word_1_5' title='bbox 394 183 520 225; x_wconf 87' lang='lat' dir='ltr'>officii,</span> <span class='ocrx_word' id='word_1_6' title='bbox 554 195 593 217; x_wconf 92' lang='lat' dir='ltr'>ac</span> <span class='ocrx_word' id='word_1_7' title='bbox 624 184 830 228; x_wconf 90' lang='lat' dir='ltr'>praesertim</span> <span class='ocrx_word' id='word_1_8' title='bbox 863 182 1001 227; x_wconf 88' lang='lat' dir='ltr'>pietatis</span> <span class='ocrx_word' id='word_1_9' title='bbox 1025 194 1104 226; x_wconf 86' lang='lat' dir='ltr'>erga</span> 
     </span>
     <span class='ocr_line' id='line_1_3' title="bbox 111 233 1102 280; baseline -0.004 -11"><span class='ocrx_word' id='word_1_10' title='bbox 111 235 288 280; x_wconf 88' lang='lat' dir='ltr'>pupillos,</span> <span class='ocrx_word' id='word_1_11' title='bbox 316 233 383 268; x_wconf 89' lang='lat' dir='ltr'>hoc</span> <span class='ocrx_word' id='word_1_12' title='bbox 401 235 504 269; x_wconf 89' lang='lat' dir='ltr'>titulo</span> <span class='ocrx_word' id='word_1_13' title='bbox 521 241 705 268; x_wconf 89' lang='lat' dir='ltr'>veteranos</span> <span class='ocrx_word' id='word_1_14' title='bbox 723 234 938 268; x_wconf 82' lang='lat' dir='ltr'>Macedonas</span> <span class='ocrx_word' id='word_1_15' title='bbox 956 233 1024 266; x_wconf 90' lang='lat' dir='ltr'>sibi</span> <span class='ocrx_word' id='word_1_16' title='bbox 1042 237 1102 266; x_wconf 86' lang='lat' dir='ltr'>ad-</span> 
     </span>
    </p>
   </div>
   <div class='ocr_carea' id='block_1_2' title="bbox 111 286 465 320">
    <p class='ocr_par' dir='ltr' id='par_1_2' title="bbox 111 286 465 320">
     <span class='ocr_line' id='line_1_4' title="bbox 111 286 465 320; baseline -0.003 -1"><span class='ocrx_word' id='word_1_17' title='bbox 111 286 228 320; x_wconf 91' lang='lat' dir='ltr'>iunxit</span> <span class='ocrx_word' id='word_1_18' title='bbox 247 293 281 319; x_wconf 85' lang='lat' dir='ltr'>et</span> <span class='ocrx_word' id='word_1_19' title='bbox 297 286 465 319; x_wconf 82' lang='lat' dir='ltr'>devinxit.</span> 
     </span>
    </p>
   </div>
   <div class='ocr_carea' id='block_1_3' title="bbox 108 350 1103 1098">
    <p class='ocr_par' dir='ltr' id='par_1_3' title="bbox 108 350 1103 1098">
     <span class='ocr_line' id='line_1_5' title="bbox 214 350 1103 394; baseline -0.003 -8"><span class='ocrx_word' id='word_1_20' title='bbox 214 352 285 386; x_wconf 89' lang='lat' dir='ltr'>Sed</span> <span class='ocrx_word' id='word_1_21' title='bbox 317 359 432 385; x_wconf 87' lang='lat' dir='ltr'>secuta</span> <span class='ocrx_word' id='word_1_22' title='bbox 456 358 538 385; x_wconf 89' lang='lat' dir='ltr'>sunt</span> <span class='ocrx_word' id='word_1_23' title='bbox 563 352 666 394; x_wconf 83' lang='lat' dir='ltr'>longe</span> <span class='ocrx_word' id='word_1_24' title='bbox 688 351 821 383; x_wconf 90' lang='lat' dir='ltr'>maiora</span> <span class='ocrx_word' id='word_1_25' title='bbox 850 356 883 384; x_wconf 91' lang='lat' dir='ltr'>et</span> <span class='ocrx_word' id='word_1_26' title='bbox 905 350 1103 383; x_wconf 90' lang='lat' dir='ltr'>difficiliora</span> 
     </span>
     <span class='ocr_line' id='line_1_6' title="bbox 111 401 1103 444; baseline -0.004 -7"><span class='ocrx_word' id='word_1_27' title='bbox 111 403 216 439; x_wconf 84' lang='lat' dir='ltr'>bella.</span> <span class='ocrx_word' id='word_1_28' title='bbox 276 403 422 436; x_wconf 86' lang='lat' dir='ltr'>Mortuo</span> <span class='ocrx_word' id='word_1_29' title='bbox 448 403 601 435; x_wconf 86' lang='lat' dir='ltr'>Aridaeo</span> <span class='ocrx_word' id='word_1_30' title='bbox 633 402 764 444; x_wconf 80' lang='lat' dir='ltr'>singuli</span> <span class='ocrx_word' id='word_1_31' title='bbox 794 402 899 434; x_wconf 90' lang='lat' dir='ltr'>duces</span> <span class='ocrx_word' id='word_1_32' title='bbox 924 401 993 434; x_wconf 88' lang='lat' dir='ltr'>sibi</span> <span class='ocrx_word' id='word_1_33' title='bbox 1019 413 1103 433; x_wconf 87' lang='lat' dir='ltr'>ven-</span> 
     </span>
     <span class='ocr_line' id='line_1_7' title="bbox 112 450 1101 498; baseline -0.004 -10"><span class='ocrx_word' id='word_1_34' title='bbox 112 455 229 488; x_wconf 79' lang='lat' dir='ltr'>dicare</span> <span class='ocrx_word' id='word_1_35' title='bbox 258 453 457 498; x_wconf 86' lang='lat' dir='ltr'>provincias</span> <span class='ocrx_word' id='word_1_36' title='bbox 480 458 699 495; x_wconf 85' lang='lat' dir='ltr'>opportunas</span> <span class='ocrx_word' id='word_1_37' title='bbox 723 452 955 486; x_wconf 76' lang='lat' dir='ltr'>conabantur.</span> <span class='ocrx_word' id='word_1_38' title='bbox 1018 450 1101 485; x_wconf 87' lang='lat' dir='ltr'>Cas-</span> 
     </span>
     <span class='ocr_line' id='line_1_8' title="bbox 112 502 1102 546; baseline -0.005 -7"><span class='ocrx_word' id='word_1_39' title='bbox 112 506 240 539; x_wconf 90' lang='lat' dir='ltr'>sander</span> <span class='ocrx_word' id='word_1_40' title='bbox 264 505 355 537; x_wconf 88' lang='lat' dir='ltr'>filius</span> <span class='ocrx_word' id='word_1_41' title='bbox 372 503 573 546; x_wconf 90' lang='lat' dir='ltr'>Antipatri,</span> <span class='ocrx_word' id='word_1_42' title='bbox 601 510 639 535; x_wconf 90' lang='lat' dir='ltr'>ut</span> <span class='ocrx_word' id='word_1_43' title='bbox 657 503 826 536; x_wconf 86' lang='lat' dir='ltr'>retineret</span> <span class='ocrx_word' id='word_1_44' title='bbox 843 502 1102 541; x_wconf 83' lang='lat' dir='ltr'>Macedoniam,</span> 
     </span>
     <span class='ocr_line' id='line_1_9' title="bbox 112 551 1102 597; baseline -0.003 -8"><span class='ocrx_word' id='word_1_45' title='bbox 112 556 287 590; x_wconf 80' lang='lat' dir='ltr'>interfecit</span> <span class='ocrx_word' id='word_1_46' title='bbox 314 556 401 588; x_wconf 90' lang='lat' dir='ltr'>duos</span> <span class='ocrx_word' id='word_1_47' title='bbox 425 554 516 586; x_wconf 88' lang='lat' dir='ltr'>filios</span> <span class='ocrx_word' id='word_1_48' title='bbox 540 551 738 586; x_wconf 75' lang='lat' dir='ltr'>Alexandri</span> <span class='ocrx_word' id='word_1_49' title='bbox 763 552 907 597; x_wconf 82' lang='lat' dir='ltr'>Magni,</span> <span class='ocrx_word' id='word_1_50' title='bbox 935 560 975 587; x_wconf 91' lang='lat' dir='ltr'>ut</span> <span class='ocrx_word' id='word_1_51' title='bbox 997 566 1102 597; x_wconf 88' lang='lat' dir='ltr'>supra</span> 
     </span>
     <span class='ocr_line' id='line_1_10' title="bbox 112 604 1101 647; baseline -0.003 -7"><span class='ocrx_word' id='word_1_52' title='bbox 112 607 276 647; x_wconf 81' lang='lat' dir='ltr'>narravi,</span> <span class='ocrx_word' id='word_1_53' title='bbox 304 605 425 638; x_wconf 83' lang='lat' dir='ltr'>Asiam</span> <span class='ocrx_word' id='word_1_54' title='bbox 450 604 592 637; x_wconf 89' lang='lat' dir='ltr'>tenebat</span> <span class='ocrx_word' id='word_1_55' title='bbox 610 604 812 647; x_wconf 74' lang='lat' dir='ltr'>Antigonus</span> <span class='ocrx_word' id='word_1_56' title='bbox 836 617 915 637; x_wconf 92' lang='lat' dir='ltr'>cum</span> <span class='ocrx_word' id='word_1_57' title='bbox 942 605 1014 638; x_wconf 84' lang='lat' dir='ltr'>filio</span> <span class='ocrx_word' id='word_1_58' title='bbox 1031 604 1101 637; x_wconf 87' lang='lat' dir='ltr'>De—</span> 
     </span>
     <span class='ocr_line' id='line_1_11' title="bbox 111 654 1100 700; baseline -0.001 -10"><span class='ocrx_word' id='word_1_59' title='bbox 111 658 250 692; x_wconf 86' lang='lat' dir='ltr'>metrio.</span> <span class='ocrx_word' id='word_1_60' title='bbox 319 655 540 689; x_wconf 72' lang='lat' dir='ltr'>Ptolemaeus</span> <span class='ocrx_word' id='word_1_61' title='bbox 575 654 792 700; x_wconf 82' lang='lat' dir='ltr'>Aegyptum,</span> <span class='ocrx_word' id='word_1_62' title='bbox 835 654 1002 688; x_wconf 83' lang='lat' dir='ltr'>Seleucus</span> <span class='ocrx_word' id='word_1_63' title='bbox 1035 655 1100 700; x_wconf 72' lang='lat' dir='ltr'>Sy-</span> 
     </span>
     <span class='ocr_line' id='line_1_12' title="bbox 112 705 1099 751; baseline -0.003 -9"><span class='ocrx_word' id='word_1_64' title='bbox 112 708 201 742; x_wconf 82' lang='lat' dir='ltr'>riam</span> <span class='ocrx_word' id='word_1_65' title='bbox 232 713 264 740; x_wconf 90' lang='lat' dir='ltr'>et</span> <span class='ocrx_word' id='word_1_66' title='bbox 296 706 429 739; x_wconf 88' lang='lat' dir='ltr'>vicinas</span> <span class='ocrx_word' id='word_1_67' title='bbox 458 706 660 750; x_wconf 88' lang='lat' dir='ltr'>provincias</span> <span class='ocrx_word' id='word_1_68' title='bbox 691 707 734 739; x_wconf 86' lang='lat' dir='ltr'>ad</span> <span class='ocrx_word' id='word_1_69' title='bbox 766 705 947 739; x_wconf 87' lang='lat' dir='ltr'>Persidem</span> <span class='ocrx_word' id='word_1_70' title='bbox 978 718 1099 751; x_wconf 84' lang='lat' dir='ltr'>usque.</span> 
     </span>
     <span class='ocr_line' id='line_1_13' title="bbox 112 756 1099 793; baseline -0.004 0"><span class='ocrx_word' id='word_1_71' title='bbox 112 758 259 793; x_wconf 81' lang='lat' dir='ltr'>Causam</span> <span class='ocrx_word' id='word_1_72' title='bbox 291 769 372 790; x_wconf 92' lang='lat' dir='ltr'>vero</span> <span class='ocrx_word' id='word_1_73' title='bbox 398 757 484 789; x_wconf 84' lang='lat' dir='ltr'>novi</span> <span class='ocrx_word' id='word_1_74' title='bbox 510 757 592 790; x_wconf 89' lang='lat' dir='ltr'>belli</span> <span class='ocrx_word' id='word_1_75' title='bbox 618 757 709 790; x_wconf 92' lang='lat' dir='ltr'>inter</span> <span class='ocrx_word' id='word_1_76' title='bbox 733 764 885 790; x_wconf 90' lang='lat' dir='ltr'>caeteros</span> <span class='ocrx_word' id='word_1_77' title='bbox 911 756 1099 790; x_wconf 78' lang='lat' dir='ltr'>Cassandri</span> 
     </span>
     <span class='ocr_line' id='line_1_14' title="bbox 111 808 1098 852; baseline -0.003 -9"><span class='ocrx_word' id='word_1_78' title='bbox 111 809 222 843; x_wconf 89' lang='lat' dir='ltr'>furiae</span> <span class='ocrx_word' id='word_1_79' title='bbox 248 808 507 852; x_wconf 83' lang='lat' dir='ltr'>praebuerunt,</span> <span class='ocrx_word' id='word_1_80' title='bbox 536 808 597 852; x_wconf 86' lang='lat' dir='ltr'>qui</span> <span class='ocrx_word' id='word_1_81' title='bbox 621 814 660 841; x_wconf 90' lang='lat' dir='ltr'>ut</span> <span class='ocrx_word' id='word_1_82' title='bbox 684 808 854 840; x_wconf 79' lang='lat' dir='ltr'>scelerum</span> <span class='ocrx_word' id='word_1_83' title='bbox 881 820 1010 851; x_wconf 87' lang='lat' dir='ltr'>poenas</span> <span class='ocrx_word' id='word_1_84' title='bbox 1038 809 1098 840; x_wconf 90' lang='lat' dir='ltr'>da-</span> 
     </span>
     <span class='ocr_line' id='line_1_15' title="bbox 110 856 1101 902; baseline -0.002 -9"><span class='ocrx_word' id='word_1_85' title='bbox 110 866 181 900; x_wconf 86' lang='lat' dir='ltr'>ret,</span> <span class='ocrx_word' id='word_1_86' title='bbox 209 859 341 892; x_wconf 89' lang='lat' dir='ltr'>bellum</span> <span class='ocrx_word' id='word_1_87' title='bbox 368 859 480 892; x_wconf 87' lang='lat' dir='ltr'>movit</span> <span class='ocrx_word' id='word_1_88' title='bbox 499 860 667 891; x_wconf 89' lang='lat' dir='ltr'>adversus</span> <span class='ocrx_word' id='word_1_89' title='bbox 686 856 931 901; x_wconf 81' lang='lat' dir='ltr'>Antigonum,</span> <span class='ocrx_word' id='word_1_90' title='bbox 959 866 1101 902; x_wconf 83' lang='lat' dir='ltr'>ereptu-</span> 
     </span>
     <span class='ocr_line' id='line_1_16' title="bbox 110 909 1101 954; baseline -0.001 -11"><span class='ocrx_word' id='word_1_91' title='bbox 110 921 170 944; x_wconf 90' lang='lat' dir='ltr'>rus</span> <span class='ocrx_word' id='word_1_92' title='bbox 194 909 225 943; x_wconf 91' lang='lat' dir='ltr'>ei</span> <span class='ocrx_word' id='word_1_93' title='bbox 248 910 417 954; x_wconf 86' lang='lat' dir='ltr'>quasdam</span> <span class='ocrx_word' id='word_1_94' title='bbox 442 909 478 942; x_wconf 89' lang='lat' dir='ltr'>in</span> <span class='ocrx_word' id='word_1_95' title='bbox 498 909 582 941; x_wconf 74' lang='lat' dir='ltr'>Asia</span> <span class='ocrx_word' id='word_1_96' title='bbox 608 909 821 953; x_wconf 82' lang='lat' dir='ltr'>provincias.</span> <span class='ocrx_word' id='word_1_97' title='bbox 876 909 1019 942; x_wconf 81' lang='lat' dir='ltr'>Fecerat</span> <span class='ocrx_word' id='word_1_98' title='bbox 1039 922 1101 942; x_wconf 88' lang='lat' dir='ltr'>au-</span> 
     </span>
     <span class='ocr_line' id='line_1_17' title="bbox 109 957 1101 1006; baseline -0.001 -12"><span class='ocrx_word' id='word_1_99' title='bbox 109 968 179 996; x_wconf 87' lang='lat' dir='ltr'>tem</span> <span class='ocrx_word' id='word_1_100' title='bbox 198 961 399 994; x_wconf 88' lang='lat' dir='ltr'>societatem</span> <span class='ocrx_word' id='word_1_101' title='bbox 419 972 496 993; x_wconf 92' lang='lat' dir='ltr'>cum</span> <span class='ocrx_word' id='word_1_102' title='bbox 514 957 743 1006; x_wconf 83' lang='lat' dir='ltr'>Lysimacho,</span> <span class='ocrx_word' id='word_1_103' title='bbox 770 959 971 993; x_wconf 80' lang='lat' dir='ltr'>Ptolemaeo</span> <span class='ocrx_word' id='word_1_104' title='bbox 987 967 1018 993; x_wconf 91' lang='lat' dir='ltr'>ct</span> <span class='ocrx_word' id='word_1_105' title='bbox 1038 960 1101 994; x_wconf 84' lang='lat' dir='ltr'>Se-</span> 
     </span>
     <span class='ocr_line' id='line_1_18' title="bbox 109 1011 1099 1057; baseline -0.001 -12"><span class='ocrx_word' id='word_1_106' title='bbox 109 1012 229 1053; x_wconf 88' lang='lat' dir='ltr'>leuco,</span> <span class='ocrx_word' id='word_1_107' title='bbox 265 1012 326 1057; x_wconf 90' lang='lat' dir='ltr'>qui</span> <span class='ocrx_word' id='word_1_108' title='bbox 359 1017 572 1045; x_wconf 83' lang='lat' dir='ltr'>crescentem</span> <span class='ocrx_word' id='word_1_109' title='bbox 595 1011 770 1054; x_wconf 80' lang='lat' dir='ltr'>Antigoni</span> <span class='ocrx_word' id='word_1_110' title='bbox 804 1011 996 1056; x_wconf 88' lang='lat' dir='ltr'>potentiam</span> <span class='ocrx_word' id='word_1_111' title='bbox 1028 1023 1099 1044; x_wconf 87' lang='lat' dir='ltr'>me-</span> 
     </span>
     <span class='ocr_line' id='line_1_19' title="bbox 108 1063 266 1098; baseline -0.013 0"><span class='ocrx_word' id='word_1_112' title='bbox 108 1063 266 1098; x_wconf 80' lang='lat' dir='ltr'>tuebant-</span> 
     </span>
    </p>
   </div>
   <div class='ocr_carea' id='block_1_4' title="bbox 108 1119 1101 1411">
    <p class='ocr_par' dir='ltr' id='par_1_4' title="bbox 108 1119 1101 1411">
     <span class='ocr_line' id='line_1_20' title="bbox 211 1119 1100 1166; baseline -0.002 -11"><span class='ocrx_word' id='word_1_113' title='bbox 211 1120 289 1155; x_wconf 85' lang='lat' dir='ltr'>Etsi</span> <span class='ocrx_word' id='word_1_114' title='bbox 312 1119 515 1165; x_wconf 83' lang='lat' dir='ltr'>Antigonus</span> <span class='ocrx_word' id='word_1_115' title='bbox 539 1121 702 1159; x_wconf 89' lang='lat' dir='ltr'>videbat,</span> <span class='ocrx_word' id='word_1_116' title='bbox 725 1127 856 1166; x_wconf 86' lang='lat' dir='ltr'>quanta</span> <span class='ocrx_word' id='word_1_117' title='bbox 883 1121 967 1154; x_wconf 86' lang='lat' dir='ltr'>belli</span> <span class='ocrx_word' id='word_1_118' title='bbox 992 1121 1100 1154; x_wconf 90' lang='lat' dir='ltr'>moles</span> 
     </span>
     <span class='ocr_line' id='line_1_21' title="bbox 109 1171 1097 1218; baseline -0.002 -12"><span class='ocrx_word' id='word_1_119' title='bbox 109 1174 350 1218; x_wconf 83' lang='lat' dir='ltr'>impenderet,</span> <span class='ocrx_word' id='word_1_120' title='bbox 376 1179 494 1206; x_wconf 82' lang='lat' dir='ltr'>tamen</span> <span class='ocrx_word' id='word_1_121' title='bbox 521 1185 593 1205; x_wconf 85' lang='lat' dir='ltr'>non</span> <span class='ocrx_word' id='word_1_122' title='bbox 619 1173 848 1215; x_wconf 77' lang='lat' dir='ltr'>frangebatur</span> <span class='ocrx_word' id='word_1_123' title='bbox 873 1173 1004 1208; x_wconf 81' lang='lat' dir='ltr'>animo.</span> <span class='ocrx_word' id='word_1_124' title='bbox 1058 1171 1097 1204; x_wconf 84' lang='lat' dir='ltr'>Et</span> 
     </span>
     <span class='ocr_line' id='line_1_22' title="bbox 110 1222 1098 1269; baseline -0.002 -12"><span class='ocrx_word' id='word_1_125' title='bbox 110 1224 217 1269; x_wconf 86' lang='lat' dir='ltr'>primi</span> <span class='ocrx_word' id='word_1_126' title='bbox 246 1234 424 1257; x_wconf 89' lang='lat' dir='ltr'>successus</span> <span class='ocrx_word' id='word_1_127' title='bbox 449 1224 617 1256; x_wconf 89' lang='lat' dir='ltr'>adversus</span> <span class='ocrx_word' id='word_1_128' title='bbox 642 1222 880 1256; x_wconf 88' lang='lat' dir='ltr'>Cassandrum</span> <span class='ocrx_word' id='word_1_129' title='bbox 907 1235 987 1256; x_wconf 86' lang='lat' dir='ltr'>enm</span> <span class='ocrx_word' id='word_1_130' title='bbox 1014 1236 1098 1255; x_wconf 86' lang='lat' dir='ltr'>con-</span> 
     </span>
     <span class='ocr_line' id='line_1_23' title="bbox 109 1271 1101 1316; baseline -0.003 -7"><span class='ocrx_word' id='word_1_131' title='bbox 109 1276 358 1309; x_wconf 86' lang='lat' dir='ltr'>firmaverunt:</span> <span class='ocrx_word' id='word_1_132' title='bbox 405 1271 501 1307; x_wconf 90' lang='lat' dir='ltr'>hunc</span> <span class='ocrx_word' id='word_1_133' title='bbox 533 1273 705 1307; x_wconf 90' lang='lat' dir='ltr'>iudicavit</span> <span class='ocrx_word' id='word_1_134' title='bbox 736 1271 871 1307; x_wconf 88' lang='lat' dir='ltr'>hostem</span> <span class='ocrx_word' id='word_1_135' title='bbox 899 1274 1101 1316; x_wconf 70' lang='lat' dir='ltr'>Antigonus</span> 
     </span>
     <span class='ocr_line' id='line_1_24' title="bbox 108 1322 1101 1371; baseline -0.002 -12"><span class='ocrx_word' id='word_1_136' title='bbox 108 1333 254 1371; x_wconf 90' lang='lat' dir='ltr'>propter</span> <span class='ocrx_word' id='word_1_137' title='bbox 279 1325 498 1357; x_wconf 82' lang='lat' dir='ltr'>interfectam</span> <span class='ocrx_word' id='word_1_138' title='bbox 517 1322 732 1370; x_wconf 83' lang='lat' dir='ltr'>Olympiada</span> <span class='ocrx_word' id='word_1_139' title='bbox 745 1351 752 1365; x_wconf 87' lang='lat'>,</span> <span class='ocrx_word' id='word_1_140' title='bbox 780 1331 813 1358; x_wconf 86' lang='lat' dir='ltr'>et</span> <span class='ocrx_word' id='word_1_141' title='bbox 831 1325 943 1367; x_wconf 73' lang='lat' dir='ltr'>coegit</span> <span class='ocrx_word' id='word_1_142' title='bbox 963 1326 1101 1358; x_wconf 88' lang='lat' dir='ltr'>tradere</span> 
     </span>
     <span class='ocr_line' id='line_1_25' title="bbox 109 1372 627 1411; baseline -0.004 0"><span class='ocrx_word' id='word_1_143' title='bbox 109 1378 213 1411; x_wconf 89' lang='lat' dir='ltr'>urbes</span> <span class='ocrx_word' id='word_1_144' title='bbox 230 1382 263 1409; x_wconf 89' lang='lat' dir='ltr'>et</span> <span class='ocrx_word' id='word_1_145' title='bbox 283 1375 455 1409; x_wconf 89' lang='lat' dir='ltr'>exercitus</span> <span class='ocrx_word' id='word_1_146' title='bbox 473 1375 509 1407; x_wconf 91' lang='lat' dir='ltr'>in</span> <span class='ocrx_word' id='word_1_147' title='bbox 530 1372 627 1409; x_wconf 88' lang='lat' dir='ltr'>Asia.</span> 
     </span>
    </p>
   </div>
   <div class='ocr_carea' id='block_1_5' title="bbox 109 1434 1103 1786">
    <p class='ocr_par' dir='ltr' id='par_1_5' title="bbox 109 1434 1103 1786">
     <span class='ocr_line' id='line_1_26' title="bbox 210 1434 1100 1474; baseline -0.003 -5"><span class='ocrx_word' id='word_1_148' title='bbox 210 1435 336 1469; x_wconf 86' lang='lat' dir='ltr'>Postea</span> <span class='ocrx_word' id='word_1_149' title='bbox 355 1434 542 1468; x_wconf 89' lang='lat' dir='ltr'>Seleucum</span> <span class='ocrx_word' id='word_1_150' title='bbox 567 1441 599 1468; x_wconf 90' lang='lat' dir='ltr'>et</span> <span class='ocrx_word' id='word_1_151' title='bbox 617 1434 858 1468; x_wconf 88' lang='lat' dir='ltr'>Ptolemaeum</span> <span class='ocrx_word' id='word_1_152' title='bbox 877 1435 1022 1468; x_wconf 82' lang='lat' dir='ltr'>adortus</span> <span class='ocrx_word' id='word_1_153' title='bbox 1039 1440 1100 1474; x_wconf 86' lang='lat' dir='ltr'>est,</span> 
     </span>
     <span class='ocr_line' id='line_1_27' title="bbox 109 1484 1103 1528; baseline -0.004 -7"><span class='ocrx_word' id='word_1_154' title='bbox 109 1488 146 1521; x_wconf 89' lang='lat' dir='ltr'>id</span> <span class='ocrx_word' id='word_1_155' title='bbox 178 1486 247 1520; x_wconf 84' lang='lat' dir='ltr'>fuit</span> <span class='ocrx_word' id='word_1_156' title='bbox 279 1487 426 1528; x_wconf 81' lang='lat' dir='ltr'>longum</span> <span class='ocrx_word' id='word_1_157' title='bbox 452 1492 486 1519; x_wconf 89' lang='lat' dir='ltr'>et</span> <span class='ocrx_word' id='word_1_158' title='bbox 510 1485 654 1518; x_wconf 87' lang='lat' dir='ltr'>difficile</span> <span class='ocrx_word' id='word_1_159' title='bbox 680 1486 828 1519; x_wconf 88' lang='lat' dir='ltr'>bellum.</span> <span class='ocrx_word' id='word_1_160' title='bbox 901 1484 1103 1518; x_wconf 86' lang='lat' dir='ltr'>Demetrius</span> 
     </span>
     <span class='ocr_line' id='line_1_28' title="bbox 109 1536 1099 1581; baseline -0.004 -9"><span class='ocrx_word' id='word_1_161' title='bbox 109 1537 284 1581; x_wconf 84' lang='lat' dir='ltr'>Antigoni</span> <span class='ocrx_word' id='word_1_162' title='bbox 315 1537 408 1570; x_wconf 90' lang='lat' dir='ltr'>filius</span> <span class='ocrx_word' id='word_1_163' title='bbox 440 1536 593 1580; x_wconf 90' lang='lat' dir='ltr'>primum</span> <span class='ocrx_word' id='word_1_164' title='bbox 619 1549 637 1569; x_wconf 92' lang='lat' dir='ltr'>a</span> <span class='ocrx_word' id='word_1_165' title='bbox 664 1536 867 1570; x_wconf 88' lang='lat' dir='ltr'>Ptolemaeo</span> <span class='ocrx_word' id='word_1_166' title='bbox 891 1537 934 1569; x_wconf 82' lang='lat' dir='ltr'>ad</span> <span class='ocrx_word' id='word_1_167' title='bbox 964 1536 1099 1581; x_wconf 86' lang='lat' dir='ltr'>Tyrum</span> 
     </span>
     <span class='ocr_line' id='line_1_29' title="bbox 110 1587 1101 1628; baseline -0.003 -6"><span class='ocrx_word' id='word_1_168' title='bbox 110 1589 185 1622; x_wconf 83' lang='lat' dir='ltr'>acie</span> <span class='ocrx_word' id='word_1_169' title='bbox 212 1589 325 1621; x_wconf 88' lang='lat' dir='ltr'>victus</span> <span class='ocrx_word' id='word_1_170' title='bbox 348 1594 416 1628; x_wconf 89' lang='lat' dir='ltr'>est,</span> <span class='ocrx_word' id='word_1_171' title='bbox 442 1587 506 1620; x_wconf 87' lang='lat' dir='ltr'>uhi</span> <span class='ocrx_word' id='word_1_172' title='bbox 529 1599 606 1620; x_wconf 89' lang='lat' dir='ltr'>cum</span> <span class='ocrx_word' id='word_1_173' title='bbox 634 1587 901 1621; x_wconf 87' lang='lat' dir='ltr'>tabernaculum</span> <span class='ocrx_word' id='word_1_174' title='bbox 925 1587 1101 1620; x_wconf 86' lang='lat' dir='ltr'>Demetrii</span> 
     </span>
     <span class='ocr_line' id='line_1_30' title="bbox 110 1637 1102 1682; baseline -0.003 -9"><span class='ocrx_word' id='word_1_175' title='bbox 110 1640 322 1673; x_wconf 87' lang='lat' dir='ltr'>instructum</span> <span class='ocrx_word' id='word_1_176' title='bbox 357 1644 528 1682; x_wconf 88' lang='lat' dir='ltr'>apparatu</span> <span class='ocrx_word' id='word_1_177' title='bbox 562 1638 659 1681; x_wconf 83' lang='lat' dir='ltr'>regio</span> <span class='ocrx_word' id='word_1_178' title='bbox 691 1638 839 1681; x_wconf 87' lang='lat' dir='ltr'>cepisset</span> <span class='ocrx_word' id='word_1_179' title='bbox 871 1637 1102 1675; x_wconf 68' lang='lat' dir='ltr'>Ptolemaeus,</span> 
     </span>
     <span class='ocr_line' id='line_1_31' title="bbox 110 1689 1102 1734; baseline -0.003 -10"><span class='ocrx_word' id='word_1_180' title='bbox 110 1690 288 1734; x_wconf 83' lang='lat' dir='ltr'>integrum</span> <span class='ocrx_word' id='word_1_181' title='bbox 315 1689 346 1722; x_wconf 90' lang='lat' dir='ltr'>ei</span> <span class='ocrx_word' id='word_1_182' title='bbox 367 1695 574 1733; x_wconf 89' lang='lat' dir='ltr'>apparatum</span> <span class='ocrx_word' id='word_1_183' title='bbox 591 1700 660 1721; x_wconf 89' lang='lat' dir='ltr'>una</span> <span class='ocrx_word' id='word_1_184' title='bbox 677 1701 756 1721; x_wconf 90' lang='lat' dir='ltr'>cum</span> <span class='ocrx_word' id='word_1_185' title='bbox 776 1689 922 1732; x_wconf 86' lang='lat' dir='ltr'>captivis</span> <span class='ocrx_word' id='word_1_186' title='bbox 939 1689 1102 1727; x_wconf 88' lang='lat' dir='ltr'>restituit,</span> 
     </span>
     <span class='ocr_line' id='line_1_32' title="bbox 111 1739 1044 1786; baseline -0.003 -11"><span class='ocrx_word' id='word_1_187' title='bbox 111 1742 312 1786; x_wconf 88' lang='lat' dir='ltr'>significans</span> <span class='ocrx_word' id='word_1_188' title='bbox 331 1753 366 1774; x_wconf 92' lang='lat' dir='ltr'>se</span> <span class='ocrx_word' id='word_1_189' title='bbox 383 1741 426 1773; x_wconf 91' lang='lat' dir='ltr'>de</span> <span class='ocrx_word' id='word_1_190' title='bbox 443 1739 554 1783; x_wconf 86' lang='lat' dir='ltr'>gloria</span> <span class='ocrx_word' id='word_1_191' title='bbox 567 1766 574 1780; x_wconf 89' lang='lat'>‚</span> <span class='ocrx_word' id='word_1_192' title='bbox 602 1751 675 1772; x_wconf 92' lang='lat' dir='ltr'>non</span> <span class='ocrx_word' id='word_1_193' title='bbox 694 1740 737 1772; x_wconf 89' lang='lat' dir='ltr'>de</span> <span class='ocrx_word' id='word_1_194' title='bbox 756 1739 884 1783; x_wconf 88' lang='lat' dir='ltr'>opibus</span> <span class='ocrx_word' id='word_1_195' title='bbox 902 1747 1044 1772; x_wconf 89' lang='lat' dir='ltr'>certare.</span> 
     </span>
    </p>
   </div>
   <div class='ocr_carea' id='block_1_6' title="bbox 110 1798 1104 2200">
    <p class='ocr_par' dir='ltr' id='par_1_6' title="bbox 110 1798 1104 2200">
     <span class='ocr_line' id='line_1_33' title="bbox 214 1798 1101 1845; baseline -0.003 -12"><span class='ocrx_word' id='word_1_196' title='bbox 214 1801 408 1845; x_wconf 83' lang='lat' dir='ltr'>Aliquanto</span> <span class='ocrx_word' id='word_1_197' title='bbox 439 1806 516 1843; x_wconf 89' lang='lat' dir='ltr'>post</span> <span class='ocrx_word' id='word_1_198' title='bbox 542 1798 763 1839; x_wconf 87' lang='lat' dir='ltr'>Demetrius,</span> <span class='ocrx_word' id='word_1_199' title='bbox 802 1810 882 1831; x_wconf 89' lang='lat' dir='ltr'>cum</span> <span class='ocrx_word' id='word_1_200' title='bbox 909 1798 1101 1832; x_wconf 82' lang='lat' dir='ltr'>Ptolemaei</span> 
     </span>
     <span class='ocr_line' id='line_1_34' title="bbox 111 1849 1102 1893; baseline -0.005 -7"><span class='ocrx_word' id='word_1_201' title='bbox 111 1854 237 1886; x_wconf 86' lang='lat' dir='ltr'>ducem</span> <span class='ocrx_word' id='word_1_202' title='bbox 262 1850 379 1884; x_wconf 92' lang='lat' dir='ltr'>Cillen</span> <span class='ocrx_word' id='word_1_203' title='bbox 413 1857 445 1883; x_wconf 92' lang='lat' dir='ltr'>et</span> <span class='ocrx_word' id='word_1_204' title='bbox 480 1857 557 1883; x_wconf 91' lang='lat' dir='ltr'>octo</span> <span class='ocrx_word' id='word_1_205' title='bbox 583 1850 697 1882; x_wconf 89' lang='lat' dir='ltr'>millia</span> <span class='ocrx_word' id='word_1_206' title='bbox 722 1850 876 1882; x_wconf 89' lang='lat' dir='ltr'>militum</span> <span class='ocrx_word' id='word_1_207' title='bbox 900 1849 1015 1882; x_wconf 89' lang='lat' dir='ltr'>subito</span> <span class='ocrx_word' id='word_1_208' title='bbox 1040 1862 1102 1893; x_wconf 90' lang='lat' dir='ltr'>op-</span> 
     </span>
     <span class='ocr_line' id='line_1_35' title="bbox 110 1900 1103 1949; baseline -0.004 -12"><span class='ocrx_word' id='word_1_209' title='bbox 110 1903 312 1949; x_wconf 83' lang='lat' dir='ltr'>pressisset,</span> <span class='ocrx_word' id='word_1_210' title='bbox 347 1908 386 1935; x_wconf 90' lang='lat' dir='ltr'>ut</span> <span class='ocrx_word' id='word_1_211' title='bbox 410 1901 485 1934; x_wconf 90' lang='lat' dir='ltr'>sine</span> <span class='ocrx_word' id='word_1_212' title='bbox 509 1902 699 1934; x_wconf 86' lang='lat' dir='ltr'>certamine</span> <span class='ocrx_word' id='word_1_213' title='bbox 724 1901 819 1933; x_wconf 86' lang='lat' dir='ltr'>fieret</span> <span class='ocrx_word' id='word_1_214' title='bbox 843 1900 996 1941; x_wconf 83' lang='lat' dir='ltr'>deditio,</span> <span class='ocrx_word' id='word_1_215' title='bbox 1032 1913 1103 1933; x_wconf 92' lang='lat' dir='ltr'>me-</span> 
     </span>
     <span class='ocr_line' id='line_1_36' title="bbox 112 1951 1103 1997; baseline -0.005 -9"><span class='ocrx_word' id='word_1_216' title='bbox 112 1967 191 1988; x_wconf 88' lang='lat' dir='ltr'>mor</span> <span class='ocrx_word' id='word_1_217' title='bbox 218 1953 348 1997; x_wconf 90' lang='lat' dir='ltr'>accepti</span> <span class='ocrx_word' id='word_1_218' title='bbox 366 1952 546 1991; x_wconf 88' lang='lat' dir='ltr'>beneficii,</span> <span class='ocrx_word' id='word_1_219' title='bbox 573 1952 748 1984; x_wconf 85' lang='lat' dir='ltr'>cumulate</span> <span class='ocrx_word' id='word_1_220' title='bbox 765 1951 919 1984; x_wconf 85' lang='lat' dir='ltr'>reddidit</span> <span class='ocrx_word' id='word_1_221' title='bbox 938 1951 1103 1994; x_wconf 84' lang='lat' dir='ltr'>gratiam:</span> 
     </span>
     <span class='ocr_line' id='line_1_37' title="bbox 114 2001 1104 2038; baseline -0.004 0"><span class='ocrx_word' id='word_1_222' title='bbox 114 2017 195 2038; x_wconf 85' lang='lat' dir='ltr'>nam</span> <span class='ocrx_word' id='word_1_223' title='bbox 229 2012 262 2038; x_wconf 90' lang='lat' dir='ltr'>et</span> <span class='ocrx_word' id='word_1_224' title='bbox 290 2005 415 2037; x_wconf 88' lang='lat' dir='ltr'>ducem</span> <span class='ocrx_word' id='word_1_225' title='bbox 448 2003 652 2035; x_wconf 85' lang='lat' dir='ltr'>incolumen</span> <span class='ocrx_word' id='word_1_226' title='bbox 686 2003 875 2035; x_wconf 74' lang='lat' dir='ltr'>exercitum</span> <span class='ocrx_word' id='word_1_227' title='bbox 904 2001 1104 2034; x_wconf 85' lang='lat' dir='ltr'>Ptolemaeo</span> 
     </span>
     <span class='ocr_line' id='line_1_38' title="bbox 115 2052 1103 2099; baseline -0.003 -11"><span class='ocrx_word' id='word_1_228' title='bbox 115 2056 266 2093; x_wconf 84' lang='lat' dir='ltr'>remisit,</span> <span class='ocrx_word' id='word_1_229' title='bbox 294 2055 428 2087; x_wconf 86' lang='lat' dir='ltr'>iussum</span> <span class='ocrx_word' id='word_1_230' title='bbox 446 2053 547 2099; x_wconf 85' lang='lat' dir='ltr'>Syria</span> <span class='ocrx_word' id='word_1_231' title='bbox 572 2055 749 2086; x_wconf 81' lang='lat' dir='ltr'>excedere.</span> <span class='ocrx_word' id='word_1_232' title='bbox 804 2052 853 2086; x_wconf 87' lang='lat' dir='ltr'>lta</span> <span class='ocrx_word' id='word_1_233' title='bbox 872 2053 963 2085; x_wconf 88' lang='lat' dir='ltr'>inter</span> <span class='ocrx_word' id='word_1_234' title='bbox 981 2065 1015 2085; x_wconf 89' lang='lat' dir='ltr'>se</span> <span class='ocrx_word' id='word_1_235' title='bbox 1032 2065 1103 2085; x_wconf 90' lang='lat' dir='ltr'>non</span> 
     </span>
     <span class='ocr_line' id='line_1_39' title="bbox 116 2101 1103 2143; baseline -0.003 -5"><span class='ocrx_word' id='word_1_236' title='bbox 116 2107 229 2139; x_wconf 91' lang='lat' dir='ltr'>solum</span> <span class='ocrx_word' id='word_1_237' title='bbox 260 2105 389 2138; x_wconf 88' lang='lat' dir='ltr'>virtute</span> <span class='ocrx_word' id='word_1_238' title='bbox 422 2105 457 2137; x_wconf 93' lang='lat' dir='ltr'>in</span> <span class='ocrx_word' id='word_1_239' title='bbox 481 2105 575 2143; x_wconf 83' lang='lat' dir='ltr'>acie,</span> <span class='ocrx_word' id='word_1_240' title='bbox 610 2105 669 2137; x_wconf 89' lang='lat' dir='ltr'>sed</span> <span class='ocrx_word' id='word_1_241' title='bbox 696 2105 800 2137; x_wconf 88' lang='lat' dir='ltr'>etiam</span> <span class='ocrx_word' id='word_1_242' title='bbox 829 2101 1050 2137; x_wconf 83' lang='lat' dir='ltr'>humanitate</span> <span class='ocrx_word' id='word_1_243' title='bbox 1076 2111 1103 2136; x_wconf 82' lang='lat' dir='ltr'>et</span> 
     </span>
     <span class='ocr_line' id='line_1_40' title="bbox 117 2155 839 2200; baseline 0 -10"><span class='ocrx_word' id='word_1_244' title='bbox 117 2155 360 2190; x_wconf 89' lang='lat' dir='ltr'>moderatione</span> <span class='ocrx_word' id='word_1_245' title='bbox 377 2155 554 2200; x_wconf 80' lang='lat' dir='ltr'>principes</span> <span class='ocrx_word' id='word_1_246' title='bbox 574 2156 626 2188; x_wconf 90' lang='lat' dir='ltr'>illi</span> <span class='ocrx_word' id='word_1_247' title='bbox 646 2156 839 2190; x_wconf 86' lang='lat' dir='ltr'>certabant.</span> 
     </span>
    </p>
   </div>
   <div class='ocr_carea' id='block_1_7' title="bbox 117 2213 1110 2668">
    <p class='ocr_par' dir='ltr' id='par_1_7' title="bbox 117 2213 1110 2668">
     <span class='ocr_line' id='line_1_41' title="bbox 219 2213 1104 2250; baseline -0.005 0"><span class='ocrx_word' id='word_1_248' title='bbox 219 2213 275 2250; x_wconf 88' lang='lat' dir='ltr'>Ad</span> <span class='ocrx_word' id='word_1_249' title='bbox 307 2221 497 2248; x_wconf 84' lang='lat' dir='ltr'>extremum</span> <span class='ocrx_word' id='word_1_250' title='bbox 524 2216 567 2248; x_wconf 86' lang='lat' dir='ltr'>de</span> <span class='ocrx_word' id='word_1_251' title='bbox 590 2227 728 2248; x_wconf 91' lang='lat' dir='ltr'>summa</span> <span class='ocrx_word' id='word_1_252' title='bbox 750 2215 800 2248; x_wconf 88' lang='lat' dir='ltr'>rei</span> <span class='ocrx_word' id='word_1_253' title='bbox 829 2214 1032 2248; x_wconf 88' lang='lat' dir='ltr'>dimicatum</span> <span class='ocrx_word' id='word_1_254' title='bbox 1058 2221 1104 2246; x_wconf 92' lang='lat' dir='ltr'>est</span> 
     </span>
     <span class='ocr_line' id='line_1_42' title="bbox 117 2263 1105 2310; baseline -0.004 -9"><span class='ocrx_word' id='word_1_255' title='bbox 117 2268 163 2301; x_wconf 85' lang='lat' dir='ltr'>ab</span> <span class='ocrx_word' id='word_1_256' title='bbox 183 2266 350 2300; x_wconf 86' lang='lat' dir='ltr'>omnibus</span> <span class='ocrx_word' id='word_1_257' title='bbox 369 2265 476 2307; x_wconf 80' lang='lat' dir='ltr'>regib.</span> <span class='ocrx_word' id='word_1_258' title='bbox 494 2278 567 2298; x_wconf 85' lang='lat' dir='ltr'>non</span> <span class='ocrx_word' id='word_1_259' title='bbox 584 2267 709 2310; x_wconf 85' lang='lat' dir='ltr'>procul</span> <span class='ocrx_word' id='word_1_260' title='bbox 728 2267 770 2299; x_wconf 88' lang='lat' dir='ltr'>ab</span> <span class='ocrx_word' id='word_1_261' title='bbox 785 2263 940 2309; x_wconf 86' lang='lat' dir='ltr'>Epheso.</span> <span class='ocrx_word' id='word_1_262' title='bbox 994 2263 1105 2298; x_wconf 80' lang='lat' dir='ltr'>Erant</span> 
     </span>
     <span class='ocr_line' id='line_1_43' title="bbox 118 2314 1107 2360; baseline -0.003 -9"><span class='ocrx_word' id='word_1_263' title='bbox 118 2318 156 2351; x_wconf 89' lang='lat' dir='ltr'>in</span> <span class='ocrx_word' id='word_1_264' title='bbox 183 2318 302 2351; x_wconf 90' lang='lat' dir='ltr'>alteris</span> <span class='ocrx_word' id='word_1_265' title='bbox 321 2316 444 2349; x_wconf 82' lang='lat' dir='ltr'>castris</span> <span class='ocrx_word' id='word_1_266' title='bbox 462 2315 646 2355; x_wconf 87' lang='lat' dir='ltr'>Seleucus,</span> <span class='ocrx_word' id='word_1_267' title='bbox 675 2317 768 2350; x_wconf 86' lang='lat' dir='ltr'>filins</span> <span class='ocrx_word' id='word_1_268' title='bbox 786 2314 1009 2356; x_wconf 87' lang='lat' dir='ltr'>Antiochus,</span> <span class='ocrx_word' id='word_1_269' title='bbox 1035 2315 1107 2360; x_wconf 79' lang='lat' dir='ltr'>Ly-</span> 
     </span>
     <span class='ocr_line' id='line_1_44' title="bbox 117 2366 1108 2406; baseline -0.004 -4"><span class='ocrx_word' id='word_1_270' title='bbox 117 2366 314 2406; x_wconf 87' lang='lat' dir='ltr'>simachus,</span> <span class='ocrx_word' id='word_1_271' title='bbox 350 2366 542 2400; x_wconf 88' lang='lat' dir='ltr'>Ptolemaei</span> <span class='ocrx_word' id='word_1_272' title='bbox 568 2368 711 2402; x_wconf 80' lang='lat' dir='ltr'>auxilia.</span> <span class='ocrx_word' id='word_1_273' title='bbox 779 2366 821 2400; x_wconf 92' lang='lat' dir='ltr'>In</span> <span class='ocrx_word' id='word_1_274' title='bbox 846 2367 964 2400; x_wconf 89' lang='lat' dir='ltr'>alteris</span> <span class='ocrx_word' id='word_1_275' title='bbox 989 2367 1108 2400; x_wconf 86' lang='lat' dir='ltr'>castris</span> 
     </span>
     <span class='ocr_line' id='line_1_45' title="bbox 120 2417 1109 2461; baseline -0.005 -7"><span class='ocrx_word' id='word_1_276' title='bbox 120 2426 221 2454; x_wconf 88' lang='lat' dir='ltr'>erant</span> <span class='ocrx_word' id='word_1_277' title='bbox 249 2417 449 2461; x_wconf 84' lang='lat' dir='ltr'>Antigonus</span> <span class='ocrx_word' id='word_1_278' title='bbox 474 2424 507 2450; x_wconf 91' lang='lat' dir='ltr'>et</span> <span class='ocrx_word' id='word_1_279' title='bbox 530 2418 624 2451; x_wconf 88' lang='lat' dir='ltr'>filius</span> <span class='ocrx_word' id='word_1_280' title='bbox 647 2419 863 2453; x_wconf 82' lang='lat' dir='ltr'>Demetrius,</span> <span class='ocrx_word' id='word_1_281' title='bbox 924 2417 1034 2451; x_wconf 85' lang='lat' dir='ltr'>Nocte</span> <span class='ocrx_word' id='word_1_282' title='bbox 1059 2429 1109 2457; x_wconf 88' lang='lat' dir='ltr'>ea,</span> 
     </span>
     <span class='ocr_line' id='line_1_46' title="bbox 119 2469 1107 2517; baseline -0.005 -12"><span class='ocrx_word' id='word_1_283' title='bbox 119 2483 207 2517; x_wconf 87' lang='lat' dir='ltr'>quae</span> <span class='ocrx_word' id='word_1_284' title='bbox 230 2469 416 2515; x_wconf 84' lang='lat' dir='ltr'>praecessit</span> <span class='ocrx_word' id='word_1_285' title='bbox 440 2480 614 2512; x_wconf 84' lang='lat' dir='ltr'>pugnam,</span> <span class='ocrx_word' id='word_1_286' title='bbox 650 2470 744 2503; x_wconf 80' lang='lat' dir='ltr'>visus</span> <span class='ocrx_word' id='word_1_287' title='bbox 771 2476 820 2503; x_wconf 91' lang='lat' dir='ltr'>est</span> <span class='ocrx_word' id='word_1_288' title='bbox 845 2481 907 2514; x_wconf 91' lang='lat' dir='ltr'>per</span> <span class='ocrx_word' id='word_1_289' title='bbox 930 2469 1107 2502; x_wconf 88' lang='lat' dir='ltr'>somnium</span> 
     </span>
     <span class='ocr_line' id='line_1_47' title="bbox 120 2516 1108 2563; baseline -0.005 -7"><span class='ocrx_word' id='word_1_290' title='bbox 120 2521 321 2557; x_wconf 87' lang='lat' dir='ltr'>Alexander</span> <span class='ocrx_word' id='word_1_291' title='bbox 348 2519 501 2563; x_wconf 84' lang='lat' dir='ltr'>Magnus</span> <span class='ocrx_word' id='word_1_292' title='bbox 524 2516 705 2562; x_wconf 86' lang='lat' dir='ltr'>Antigono</span> <span class='ocrx_word' id='word_1_293' title='bbox 734 2520 868 2560; x_wconf 82' lang='lat' dir='ltr'>dicere,</span> <span class='ocrx_word' id='word_1_294' title='bbox 902 2531 936 2553; x_wconf 93' lang='lat' dir='ltr'>se</span> <span class='ocrx_word' id='word_1_295' title='bbox 969 2520 1037 2552; x_wconf 90' lang='lat' dir='ltr'>iam</span> <span class='ocrx_word' id='word_1_296' title='bbox 1066 2520 1108 2552; x_wconf 84' lang='lat' dir='ltr'>ad</span> 
     </span>
     <span class='ocr_line' id='line_1_48' title="bbox 119 2568 1110 2616; baseline -0.004 -10"><span class='ocrx_word' id='word_1_297' title='bbox 119 2571 238 2606; x_wconf 87' lang='lat' dir='ltr'>hostes</span> <span class='ocrx_word' id='word_1_298' title='bbox 264 2571 427 2606; x_wconf 88' lang='lat' dir='ltr'>transire.</span> <span class='ocrx_word' id='word_1_299' title='bbox 494 2568 548 2603; x_wconf 89' lang='lat' dir='ltr'>Eo</span> <span class='ocrx_word' id='word_1_300' title='bbox 575 2571 714 2603; x_wconf 89' lang='lat' dir='ltr'>somnio</span> <span class='ocrx_word' id='word_1_301' title='bbox 740 2578 904 2604; x_wconf 89' lang='lat' dir='ltr'>eventum</span> <span class='ocrx_word' id='word_1_302' title='bbox 933 2571 1110 2616; x_wconf 89' lang='lat' dir='ltr'>sequentis</span> 
     </span>
     <span class='ocr_line' id='line_1_49' title="bbox 120 2621 1110 2668; baseline -0.007 -9"><span class='ocrx_word' id='word_1_303' title='bbox 120 2635 260 2668; x_wconf 86' lang='lat' dir='ltr'>pugnae</span> <span class='ocrx_word' id='word_1_304' title='bbox 289 2621 493 2665; x_wconf 81' lang='lat' dir='ltr'>Antigonus</span> <span class='ocrx_word' id='word_1_305' title='bbox 525 2621 715 2665; x_wconf 87' lang='lat' dir='ltr'>significari</span> <span class='ocrx_word' id='word_1_306' title='bbox 746 2621 955 2662; x_wconf 82' lang='lat' dir='ltr'>arbitratus,</span> <span class='ocrx_word' id='word_1_307' title='bbox 997 2622 1110 2654; x_wconf 87' lang='lat' dir='ltr'>filium</span> 
     </span>
    </p>
   </div>
   <div class='ocr_carea' id='block_1_8' title="bbox 614 92 1751 133">
    <p class='ocr_par' dir='ltr' id='par_1_8' title="bbox 614 92 1751 133">
     <span class='ocr_line' id='line_1_50' title="bbox 614 92 1751 133; baseline -0.001 0"><span class='ocrx_word' id='word_1_308' title='bbox 614 97 666 132; x_wconf 91' lang='lat' dir='ltr'>IN</span> <span class='ocrx_word' id='word_1_309' title='bbox 691 95 958 133; x_wconf 87' lang='lat' dir='ltr'>DANIELEM</span> <span class='ocrx_word' id='word_1_310' title='bbox 984 92 1302 132; x_wconf 85' lang='lat' dir='ltr'>PROPHETAM</span> <span class='ocrx_word' id='word_1_311' title='bbox 1328 93 1751 133; x_wconf 87' lang='lat' dir='ltr'>COMMENTARIUS.</span> 
     </span>
    </p>
   </div>
   <div class='ocr_carea' id='block_1_9' title="bbox 1125 379 1132 898">
    <p class='ocr_par' dir='ltr' id='par_1_9' title="bbox 1125 379 1132 898">
     <span class='ocr_line' id='line_1_51' title="bbox 1125 379 1132 898; baseline 0 0"><span class='ocrx_word' id='word_1_312' title='bbox 1125 379 1132 898; x_wconf 95' lang='lat' dir='ltr'> </span> 
     </span>
    </p>
   </div>
   <div class='ocr_carea' id='block_1_10' title="bbox 1130 1935 1137 2597">
    <p class='ocr_par' dir='ltr' id='par_1_10' title="bbox 1130 1935 1137 2597">
     <span class='ocr_line' id='line_1_52' title="bbox 1130 1935 1137 2597; baseline 0 0"><span class='ocrx_word' id='word_1_313' title='bbox 1130 1935 1137 2597; x_wconf 95' lang='lat' dir='ltr'> </span> 
     </span>
    </p>
   </div>
   <div class='ocr_carea' id='block_1_11' title="bbox 2077 98 2151 135">
    <p class='ocr_par' dir='ltr' id='par_1_11' title="bbox 2077 98 2151 135">
     <span class='ocr_line' id='line_1_53' title="bbox 2077 98 2151 135; baseline -0.027 0"><span class='ocrx_word' id='word_1_314' title='bbox 2077 98 2151 135; x_wconf 82' lang='lat'>918</span> 
     </span>
    </p>
   </div>
   <div class='ocr_carea' id='block_1_12' title="bbox 1157 179 2149 531">
    <p class='ocr_par' dir='ltr' id='par_1_12' title="bbox 1157 179 2149 531">
     <span class='ocr_line' id='line_1_54' title="bbox 1161 179 2149 226; baseline 0.003 -12"><span class='ocrx_word' id='word_1_315' title='bbox 1161 182 1230 221; x_wconf 84' lang='lat' dir='ltr'>lio,</span> <span class='ocrx_word' id='word_1_316' title='bbox 1264 182 1350 215; x_wconf 91' lang='lat' dir='ltr'>dum</span> <span class='ocrx_word' id='word_1_317' title='bbox 1381 179 1599 216; x_wconf 87' lang='lat' dir='ltr'>Antiochum</span> <span class='ocrx_word' id='word_1_318' title='bbox 1632 180 1771 215; x_wconf 88' lang='lat' dir='ltr'>Seleuci</span> <span class='ocrx_word' id='word_1_319' title='bbox 1801 179 1915 215; x_wconf 88' lang='lat' dir='ltr'>filium</span> <span class='ocrx_word' id='word_1_320' title='bbox 1949 182 2149 226; x_wconf 84' lang='lat' dir='ltr'>Antigonus</span> 
     </span>
     <span class='ocr_line' id='line_1_55' title="bbox 1158 233 2149 278; baseline 0.003 -13"><span class='ocrx_word' id='word_1_321' title='bbox 1158 233 1303 266; x_wconf 86' lang='lat' dir='ltr'>effusius</span> <span class='ocrx_word' id='word_1_322' title='bbox 1327 233 1544 277; x_wconf 82' lang='lat' dir='ltr'>insequitur,</span> <span class='ocrx_word' id='word_1_323' title='bbox 1572 233 1832 266; x_wconf 78' lang='lat' dir='ltr'>circumventus</span> <span class='ocrx_word' id='word_1_324' title='bbox 1853 233 1896 265; x_wconf 89' lang='lat' dir='ltr'>ab</span> <span class='ocrx_word' id='word_1_325' title='bbox 1914 234 2069 278; x_wconf 84' lang='lat' dir='ltr'>equitatu</span> <span class='ocrx_word' id='word_1_326' title='bbox 2086 234 2149 268; x_wconf 85' lang='lat' dir='ltr'>Se·</span> 
     </span>
     <span class='ocr_line' id='line_1_56' title="bbox 1159 283 2148 326; baseline 0.001 -10"><span class='ocrx_word' id='word_1_327' title='bbox 1159 283 1248 316; x_wconf 85' lang='lat' dir='ltr'>leuci</span> <span class='ocrx_word' id='word_1_328' title='bbox 1274 283 1506 323; x_wconf 83' lang='lat' dir='ltr'>interficitur,</span> <span class='ocrx_word' id='word_1_329' title='bbox 1540 295 1619 316; x_wconf 86' lang='lat' dir='ltr'>cum</span> <span class='ocrx_word' id='word_1_330' title='bbox 1645 283 1714 315; x_wconf 92' lang='lat' dir='ltr'>iam</span> <span class='ocrx_word' id='word_1_331' title='bbox 1738 284 1989 326; x_wconf 84' lang='lat' dir='ltr'>octogesimum</span> <span class='ocrx_word' id='word_1_332' title='bbox 2015 297 2148 317; x_wconf 89' lang='lat' dir='ltr'>annum</span> 
     </span>
     <span class='ocr_line' id='line_1_57' title="bbox 1158 332 2148 377; baseline 0.002 -10"><span class='ocrx_word' id='word_1_333' title='bbox 1158 334 1338 376; x_wconf 86' lang='lat' dir='ltr'>attigisset.</span> <span class='ocrx_word' id='word_1_334' title='bbox 1380 332 1561 377; x_wconf 86' lang='lat' dir='ltr'>Dissipato</span> <span class='ocrx_word' id='word_1_335' title='bbox 1585 334 1737 367; x_wconf 85' lang='lat' dir='ltr'>exercitu</span> <span class='ocrx_word' id='word_1_336' title='bbox 1760 334 1853 367; x_wconf 90' lang='lat' dir='ltr'>filius</span> <span class='ocrx_word' id='word_1_337' title='bbox 1872 335 2075 368; x_wconf 86' lang='lat' dir='ltr'>Demetrius</span> <span class='ocrx_word' id='word_1_338' title='bbox 2092 336 2148 369; x_wconf 84' lang='lat' dir='ltr'>fu-</span> 
     </span>
     <span class='ocr_line' id='line_1_58' title="bbox 1157 382 2148 428; baseline 0.002 -11"><span class='ocrx_word' id='word_1_339' title='bbox 1157 385 1206 428; x_wconf 83' lang='lat' dir='ltr'>git</span> <span class='ocrx_word' id='word_1_340' title='bbox 1232 382 1410 424; x_wconf 81' lang='lat' dir='ltr'>Athenas,</span> <span class='ocrx_word' id='word_1_341' title='bbox 1445 391 1478 418; x_wconf 86' lang='lat' dir='ltr'>et</span> <span class='ocrx_word' id='word_1_342' title='bbox 1500 385 1684 428; x_wconf 83' lang='lat' dir='ltr'>aliquanto</span> <span class='ocrx_word' id='word_1_343' title='bbox 1710 392 1787 428; x_wconf 88' lang='lat' dir='ltr'>post</span> <span class='ocrx_word' id='word_1_344' title='bbox 1811 386 1944 419; x_wconf 89' lang='lat' dir='ltr'>bellum</span> <span class='ocrx_word' id='word_1_345' title='bbox 1972 386 2148 421; x_wconf 90' lang='lat' dir='ltr'>instaura-</span> 
     </span>
     <span class='ocr_line' id='line_1_59' title="bbox 1157 434 2147 480; baseline 0.003 -13"><span class='ocrx_word' id='word_1_346' title='bbox 1157 437 1224 476; x_wconf 83' lang='lat' dir='ltr'>vit,</span> <span class='ocrx_word' id='word_1_347' title='bbox 1259 436 1319 468; x_wconf 90' lang='lat' dir='ltr'>sed</span> <span class='ocrx_word' id='word_1_348' title='bbox 1343 441 1463 478; x_wconf 85' lang='lat' dir='ltr'>captus</span> <span class='ocrx_word' id='word_1_349' title='bbox 1486 447 1505 467; x_wconf 88' lang='lat' dir='ltr'>a</span> <span class='ocrx_word' id='word_1_350' title='bbox 1528 434 1675 468; x_wconf 83' lang='lat' dir='ltr'>Seleuco</span> <span class='ocrx_word' id='word_1_351' title='bbox 1698 447 1771 467; x_wconf 91' lang='lat' dir='ltr'>non</span> <span class='ocrx_word' id='word_1_352' title='bbox 1796 437 1858 470; x_wconf 89' lang='lat' dir='ltr'>diu</span> <span class='ocrx_word' id='word_1_353' title='bbox 1884 444 2057 480; x_wconf 87' lang='lat' dir='ltr'>superstes</span> <span class='ocrx_word' id='word_1_354' title='bbox 2081 437 2147 471; x_wconf 87' lang='lat' dir='ltr'>fuit</span> 
     </span>
     <span class='ocr_line' id='line_1_60' title="bbox 1157 495 1260 531; baseline 0 -11"><span class='ocrx_word' id='word_1_355' title='bbox 1157 495 1260 531; x_wconf 78' lang='lat' dir='ltr'>patri.</span> 
     </span>
    </p>
   </div>
   <div class='ocr_carea' id='block_1_13' title="bbox 1155 550 2146 902">
    <p class='ocr_par' dir='ltr' id='par_1_13' title="bbox 1155 550 2146 902">
     <span class='ocr_line' id='line_1_61' title="bbox 1260 550 2146 590; baseline 0.005 -5"><span class='ocrx_word' id='word_1_356' title='bbox 1260 552 1331 586; x_wconf 87' lang='lat' dir='ltr'>lam</span> <span class='ocrx_word' id='word_1_357' title='bbox 1352 553 1529 586; x_wconf 87' lang='lat' dir='ltr'>restabant</span> <span class='ocrx_word' id='word_1_358' title='bbox 1547 564 1586 584; x_wconf 82' lang='lat' dir='ltr'>ex</span> <span class='ocrx_word' id='word_1_359' title='bbox 1603 552 1753 584; x_wconf 88' lang='lat' dir='ltr'>ducibus</span> <span class='ocrx_word' id='word_1_360' title='bbox 1765 550 1959 587; x_wconf 78' lang='lat' dir='ltr'>Alexandri</span> <span class='ocrx_word' id='word_1_361' title='bbox 1978 556 2048 588; x_wconf 91' lang='lat' dir='ltr'>duo</span> <span class='ocrx_word' id='word_1_362' title='bbox 2066 563 2146 590; x_wconf 87' lang='lat' dir='ltr'>tan-</span> 
     </span>
     <span class='ocr_line' id='line_1_62' title="bbox 1156 601 2145 651; baseline 0.002 -14"><span class='ocrx_word' id='word_1_363' title='bbox 1156 611 1251 644; x_wconf 84' lang='lat' dir='ltr'>tum,</span> <span class='ocrx_word' id='word_1_364' title='bbox 1277 604 1337 649; x_wconf 88' lang='lat' dir='ltr'>qui</span> <span class='ocrx_word' id='word_1_365' title='bbox 1364 601 1534 636; x_wconf 89' lang='lat' dir='ltr'>hactenus</span> <span class='ocrx_word' id='word_1_366' title='bbox 1556 603 1640 635; x_wconf 90' lang='lat' dir='ltr'>socii</span> <span class='ocrx_word' id='word_1_367' title='bbox 1665 604 1804 636; x_wconf 86' lang='lat' dir='ltr'>fueraut</span> <span class='ocrx_word' id='word_1_368' title='bbox 1831 603 1997 638; x_wconf 85' lang='lat' dir='ltr'>Seleucus</span> <span class='ocrx_word' id='word_1_369' title='bbox 2022 614 2053 639; x_wconf 90' lang='lat' dir='ltr'>et</span> <span class='ocrx_word' id='word_1_370' title='bbox 2074 607 2145 651; x_wconf 89' lang='lat' dir='ltr'>Ly-</span> 
     </span>
     <span class='ocr_line' id='line_1_63' title="bbox 1155 651 2145 698; baseline 0.002 -11"><span class='ocrx_word' id='word_1_371' title='bbox 1155 653 1332 688; x_wconf 85' lang='lat' dir='ltr'>simachus</span> <span class='ocrx_word' id='word_1_372' title='bbox 1351 662 1475 688; x_wconf 89' lang='lat' dir='ltr'>tenens</span> <span class='ocrx_word' id='word_1_373' title='bbox 1495 651 1685 687; x_wconf 85' lang='lat' dir='ltr'>Thraciam</span> <span class='ocrx_word' id='word_1_374' title='bbox 1706 661 1737 687; x_wconf 90' lang='lat' dir='ltr'>et</span> <span class='ocrx_word' id='word_1_375' title='bbox 1753 653 1984 688; x_wconf 85' lang='lat' dir='ltr'>Macedoniae</span> <span class='ocrx_word' id='word_1_376' title='bbox 2001 664 2145 698; x_wconf 83' lang='lat' dir='ltr'>partem.</span> 
     </span>
     <span class='ocr_line' id='line_1_64' title="bbox 1156 703 2145 750; baseline 0.001 -11"><span class='ocrx_word' id='word_1_377' title='bbox 1156 706 1223 739; x_wconf 84' lang='lat' dir='ltr'>Hic</span> <span class='ocrx_word' id='word_1_378' title='bbox 1234 703 1466 750; x_wconf 83' lang='lat' dir='ltr'>Lysimachus</span> <span class='ocrx_word' id='word_1_379' title='bbox 1482 717 1561 738; x_wconf 90' lang='lat' dir='ltr'>cum</span> <span class='ocrx_word' id='word_1_380' title='bbox 1577 704 1715 737; x_wconf 84' lang='lat' dir='ltr'>satelles</span> <span class='ocrx_word' id='word_1_381' title='bbox 1731 712 1817 737; x_wconf 85' lang='lat' dir='ltr'>esset</span> <span class='ocrx_word' id='word_1_382' title='bbox 1827 705 2039 747; x_wconf 76' lang='lat' dir='ltr'>Alexandri,</span> <span class='ocrx_word' id='word_1_383' title='bbox 2067 720 2145 740; x_wconf 90' lang='lat' dir='ltr'>cum</span> 
     </span>
     <span class='ocr_line' id='line_1_65' title="bbox 1155 755 2145 796; baseline 0.001 -7"><span class='ocrx_word' id='word_1_384' title='bbox 1155 755 1365 790; x_wconf 72' lang='lat' dir='ltr'>Callistheni</span> <span class='ocrx_word' id='word_1_385' title='bbox 1387 757 1509 789; x_wconf 90' lang='lat' dir='ltr'>suisset</span> <span class='ocrx_word' id='word_1_386' title='bbox 1532 755 1762 796; x_wconf 86' lang='lat' dir='ltr'>familiarior,</span> <span class='ocrx_word' id='word_1_387' title='bbox 1786 756 1881 788; x_wconf 90' lang='lat' dir='ltr'>leoni</span> <span class='ocrx_word' id='word_1_388' title='bbox 1905 757 2060 790; x_wconf 89' lang='lat' dir='ltr'>obiectus</span> <span class='ocrx_word' id='word_1_389' title='bbox 2084 765 2145 793; x_wconf 90' lang='lat' dir='ltr'>est.</span> 
     </span>
     <span class='ocr_line' id='line_1_66' title="bbox 1155 806 2146 849; baseline 0.001 -9"><span class='ocrx_word' id='word_1_390' title='bbox 1155 807 1223 841; x_wconf 89' lang='lat' dir='ltr'>Sed</span> <span class='ocrx_word' id='word_1_391' title='bbox 1262 820 1340 840; x_wconf 89' lang='lat' dir='ltr'>cum</span> <span class='ocrx_word' id='word_1_392' title='bbox 1379 808 1562 840; x_wconf 89' lang='lat' dir='ltr'>interfecto</span> <span class='ocrx_word' id='word_1_393' title='bbox 1598 806 1699 839; x_wconf 92' lang='lat' dir='ltr'>leone</span> <span class='ocrx_word' id='word_1_394' title='bbox 1731 807 1915 840; x_wconf 87' lang='lat' dir='ltr'>mansisset</span> <span class='ocrx_word' id='word_1_395' title='bbox 1944 808 2146 849; x_wconf 87' lang='lat' dir='ltr'>incolumis,</span> 
     </span>
     <span class='ocr_line' id='line_1_67' title="bbox 1155 857 2063 902; baseline 0.001 -11"><span class='ocrx_word' id='word_1_396' title='bbox 1155 866 1271 902; x_wconf 88' lang='lat' dir='ltr'>postea</span> <span class='ocrx_word' id='word_1_397' title='bbox 1290 857 1492 891; x_wconf 86' lang='lat' dir='ltr'>Alexandro</span> <span class='ocrx_word' id='word_1_398' title='bbox 1510 864 1654 901; x_wconf 87' lang='lat' dir='ltr'>propter</span> <span class='ocrx_word' id='word_1_399' title='bbox 1671 857 1837 890; x_wconf 90' lang='lat' dir='ltr'>virtutem</span> <span class='ocrx_word' id='word_1_400' title='bbox 1855 858 1969 891; x_wconf 92' lang='lat' dir='ltr'>carior</span> <span class='ocrx_word' id='word_1_401' title='bbox 1986 859 2063 894; x_wconf 84' lang='lat' dir='ltr'>fuit.</span> 
     </span>
    </p>
   </div>
   <div class='ocr_carea' id='block_1_14' title="bbox 1154 913 2146 1668">
    <p class='ocr_par' dir='ltr' id='par_1_14' title="bbox 1154 913 2146 1668">
     <span class='ocr_line' id='line_1_68' title="bbox 1257 913 2145 962; baseline 0 -11"><span class='ocrx_word' id='word_1_402' title='bbox 1257 917 1304 951; x_wconf 83' lang='lat' dir='ltr'>Ut</span> <span class='ocrx_word' id='word_1_403' title='bbox 1347 924 1463 950; x_wconf 89' lang='lat' dir='ltr'>autem</span> <span class='ocrx_word' id='word_1_404' title='bbox 1505 917 1676 961; x_wconf 87' lang='lat' dir='ltr'>reliquam</span> <span class='ocrx_word' id='word_1_405' title='bbox 1716 913 1898 950; x_wconf 88' lang='lat' dir='ltr'>historiam</span> <span class='ocrx_word' id='word_1_406' title='bbox 1942 917 2145 962; x_wconf 84' lang='lat' dir='ltr'>Lysimachi</span> 
     </span>
     <span class='ocr_line' id='line_1_69' title="bbox 1155 966 2146 1007; baseline 0.003 -7"><span class='ocrx_word' id='word_1_407' title='bbox 1155 969 1335 1007; x_wconf 86' lang='lat' dir='ltr'>omittam,</span> <span class='ocrx_word' id='word_1_408' title='bbox 1378 966 1444 1001; x_wconf 90' lang='lat' dir='ltr'>hoc</span> <span class='ocrx_word' id='word_1_409' title='bbox 1475 975 1612 1001; x_wconf 82' lang='lat' dir='ltr'>tantuin</span> <span class='ocrx_word' id='word_1_410' title='bbox 1638 967 1818 1000; x_wconf 89' lang='lat' dir='ltr'>adiiciam:</span> <span class='ocrx_word' id='word_1_411' title='bbox 1872 967 2000 1001; x_wconf 90' lang='lat' dir='ltr'>Strabo</span> <span class='ocrx_word' id='word_1_412' title='bbox 2024 970 2146 1004; x_wconf 86' lang='lat' dir='ltr'>scribit</span> 
     </span>
     <span class='ocr_line' id='line_1_70' title="bbox 1155 1017 2145 1062; baseline 0.002 -11"><span class='ocrx_word' id='word_1_413' title='bbox 1155 1020 1287 1052; x_wconf 87' lang='lat' dir='ltr'>bellum</span> <span class='ocrx_word' id='word_1_414' title='bbox 1320 1027 1498 1062; x_wconf 85' lang='lat' dir='ltr'>gerentem</span> <span class='ocrx_word' id='word_1_415' title='bbox 1529 1031 1607 1051; x_wconf 89' lang='lat' dir='ltr'>cum</span> <span class='ocrx_word' id='word_1_416' title='bbox 1641 1018 1767 1051; x_wconf 87' lang='lat' dir='ltr'>vicinis</span> <span class='ocrx_word' id='word_1_417' title='bbox 1793 1017 1894 1052; x_wconf 89' lang='lat' dir='ltr'>Getis</span> <span class='ocrx_word' id='word_1_418' title='bbox 1920 1019 1955 1051; x_wconf 89' lang='lat' dir='ltr'>in</span> <span class='ocrx_word' id='word_1_419' title='bbox 1985 1020 2058 1053; x_wconf 87' lang='lat' dir='ltr'>acie</span> <span class='ocrx_word' id='word_1_420' title='bbox 2089 1033 2145 1053; x_wconf 83' lang='lat' dir='ltr'>ca·-</span> 
     </span>
     <span class='ocr_line' id='line_1_71' title="bbox 1156 1068 2145 1113; baseline 0.001 -10"><span class='ocrx_word' id='word_1_421' title='bbox 1156 1077 1254 1113; x_wconf 91' lang='lat' dir='ltr'>ptum</span> <span class='ocrx_word' id='word_1_422' title='bbox 1283 1082 1375 1111; x_wconf 86' lang='lat' dir='ltr'>esse,</span> <span class='ocrx_word' id='word_1_423' title='bbox 1402 1077 1434 1103; x_wconf 92' lang='lat' dir='ltr'>et</span> <span class='ocrx_word' id='word_1_424' title='bbox 1460 1071 1604 1102; x_wconf 86' lang='lat' dir='ltr'>ductum</span> <span class='ocrx_word' id='word_1_425' title='bbox 1622 1070 1658 1102; x_wconf 91' lang='lat' dir='ltr'>in</span> <span class='ocrx_word' id='word_1_426' title='bbox 1677 1068 1856 1110; x_wconf 83' lang='lat' dir='ltr'>Geticam,</span> <span class='ocrx_word' id='word_1_427' title='bbox 1882 1070 1943 1103; x_wconf 87' lang='lat' dir='ltr'>ubi</span> <span class='ocrx_word' id='word_1_428' title='bbox 1968 1082 2025 1103; x_wconf 79' lang='lat' dir='ltr'>rex</span> <span class='ocrx_word' id='word_1_429' title='bbox 2044 1069 2145 1104; x_wconf 85' lang='lat' dir='ltr'>Geti-</span> 
     </span>
     <span class='ocr_line' id='line_1_72' title="bbox 1155 1120 2145 1164; baseline 0.001 -10"><span class='ocrx_word' id='word_1_430' title='bbox 1155 1133 1234 1160; x_wconf 86' lang='lat' dir='ltr'>cus,</span> <span class='ocrx_word' id='word_1_431' title='bbox 1263 1133 1342 1154; x_wconf 91' lang='lat' dir='ltr'>cnm</span> <span class='ocrx_word' id='word_1_432' title='bbox 1367 1121 1574 1154; x_wconf 84' lang='lat' dir='ltr'>ostendisset</span> <span class='ocrx_word' id='word_1_433' title='bbox 1599 1120 1841 1164; x_wconf 89' lang='lat' dir='ltr'>quotidianam</span> <span class='ocrx_word' id='word_1_434' title='bbox 1868 1120 1959 1153; x_wconf 85' lang='lat' dir='ltr'>vitae</span> <span class='ocrx_word' id='word_1_435' title='bbox 1983 1128 2015 1154; x_wconf 94' lang='lat' dir='ltr'>et</span> <span class='ocrx_word' id='word_1_436' title='bbox 2033 1122 2145 1164; x_wconf 85' lang='lat' dir='ltr'>gentis</span> 
     </span>
     <span class='ocr_line' id='line_1_73' title="bbox 1155 1171 2144 1216; baseline 0 -11"><span class='ocrx_word' id='word_1_437' title='bbox 1155 1172 1469 1211; x_wconf 81' lang='lat' dir='ltr'>consuetudinem,</span> <span class='ocrx_word' id='word_1_438' title='bbox 1505 1183 1593 1216; x_wconf 86' lang='lat' dir='ltr'>quae</span> <span class='ocrx_word' id='word_1_439' title='bbox 1625 1171 1813 1203; x_wconf 88' lang='lat' dir='ltr'>durissime</span> <span class='ocrx_word' id='word_1_440' title='bbox 1840 1171 2002 1205; x_wconf 87' lang='lat' dir='ltr'>victitans</span> <span class='ocrx_word' id='word_1_441' title='bbox 2030 1179 2061 1205; x_wconf 90' lang='lat' dir='ltr'>et</span> <span class='ocrx_word' id='word_1_442' title='bbox 2085 1185 2144 1205; x_wconf 91' lang='lat' dir='ltr'>ro-</span> 
     </span>
     <span class='ocr_line' id='line_1_74' title="bbox 1155 1221 2146 1265; baseline 0.002 -10"><span class='ocrx_word' id='word_1_443' title='bbox 1155 1225 1239 1255; x_wconf 90' lang='lat' dir='ltr'>bore</span> <span class='ocrx_word' id='word_1_444' title='bbox 1273 1229 1469 1265; x_wconf 87' lang='lat' dir='ltr'>praestans,</span> <span class='ocrx_word' id='word_1_445' title='bbox 1499 1222 1601 1255; x_wconf 82' lang='lat' dir='ltr'>facile</span> <span class='ocrx_word' id='word_1_446' title='bbox 1631 1222 1776 1255; x_wconf 89' lang='lat' dir='ltr'>caeteris</span> <span class='ocrx_word' id='word_1_447' title='bbox 1810 1221 2016 1256; x_wconf 89' lang='lat' dir='ltr'>nationibus</span> <span class='ocrx_word' id='word_1_448' title='bbox 2042 1223 2079 1256; x_wconf 88' lang='lat' dir='ltr'>in</span> <span class='ocrx_word' id='word_1_449' title='bbox 2108 1236 2146 1257; x_wconf 91' lang='lat' dir='ltr'>re</span> 
     </span>
     <span class='ocr_line' id='line_1_75' title="bbox 1156 1270 2146 1317; baseline 0.002 -12"><span class='ocrx_word' id='word_1_450' title='bbox 1156 1274 1299 1306; x_wconf 85' lang='lat' dir='ltr'>militari</span> <span class='ocrx_word' id='word_1_451' title='bbox 1317 1274 1547 1306; x_wconf 84' lang='lat' dir='ltr'>antecellebat</span> <span class='ocrx_word' id='word_1_452' title='bbox 1559 1300 1567 1312; x_wconf 86' lang='lat'><em>‚</em></span> <span class='ocrx_word' id='word_1_453' title='bbox 1595 1270 1802 1306; x_wconf 83' lang='lat' dir='ltr'>adhortatus</span> <span class='ocrx_word' id='word_1_454' title='bbox 1818 1279 1867 1305; x_wconf 88' lang='lat' dir='ltr'>est</span> <span class='ocrx_word' id='word_1_455' title='bbox 1884 1272 2146 1317; x_wconf 82' lang='lat' dir='ltr'>Lysimachum,</span> 
     </span>
     <span class='ocr_line' id='line_1_76' title="bbox 1154 1320 2145 1367; baseline 0.001 -10"><span class='ocrx_word' id='word_1_456' title='bbox 1154 1332 1192 1358; x_wconf 89' lang='lat' dir='ltr'>ut</span> <span class='ocrx_word' id='word_1_457' title='bbox 1213 1325 1297 1357; x_wconf 90' lang='lat' dir='ltr'>tales</span> <span class='ocrx_word' id='word_1_458' title='bbox 1315 1324 1450 1357; x_wconf 89' lang='lat' dir='ltr'>vicinos</span> <span class='ocrx_word' id='word_1_459' title='bbox 1465 1324 1582 1356; x_wconf 80' lang='lat' dir='ltr'>mallet</span> <span class='ocrx_word' id='word_1_460' title='bbox 1601 1323 1732 1356; x_wconf 87' lang='lat' dir='ltr'>amicos</span> <span class='ocrx_word' id='word_1_461' title='bbox 1749 1335 1854 1367; x_wconf 88' lang='lat' dir='ltr'>quam</span> <span class='ocrx_word' id='word_1_462' title='bbox 1870 1320 1987 1358; x_wconf 88' lang='lat' dir='ltr'>hostes</span> <span class='ocrx_word' id='word_1_463' title='bbox 2005 1322 2145 1367; x_wconf 84' lang='lat' dir='ltr'>habere,</span> 
     </span>
     <span class='ocr_line' id='line_1_77' title="bbox 1156 1373 2144 1417; baseline 0.001 -9"><span class='ocrx_word' id='word_1_464' title='bbox 1156 1382 1187 1408; x_wconf 92' lang='lat' dir='ltr'>et</span> <span class='ocrx_word' id='word_1_465' title='bbox 1213 1373 1419 1408; x_wconf 86' lang='lat' dir='ltr'>habiturum</span> <span class='ocrx_word' id='word_1_466' title='bbox 1445 1375 1592 1413; x_wconf 86' lang='lat' dir='ltr'>amicos,</span> <span class='ocrx_word' id='word_1_467' title='bbox 1618 1373 1646 1405; x_wconf 90' lang='lat' dir='ltr'>si</span> <span class='ocrx_word' id='word_1_468' title='bbox 1673 1373 1758 1417; x_wconf 89' lang='lat' dir='ltr'>ipsis</span> <span class='ocrx_word' id='word_1_469' title='bbox 1781 1385 1877 1406; x_wconf 88' lang='lat' dir='ltr'>arma</span> <span class='ocrx_word' id='word_1_470' title='bbox 1893 1386 1965 1406; x_wconf 91' lang='lat' dir='ltr'>non</span> <span class='ocrx_word' id='word_1_471' title='bbox 1984 1375 2144 1409; x_wconf 91' lang='lat' dir='ltr'>inferret:</span> 
     </span>
     <span class='ocr_line' id='line_1_78' title="bbox 1156 1422 2145 1469; baseline 0.001 -11"><span class='ocrx_word' id='word_1_472' title='bbox 1156 1426 1285 1458; x_wconf 89' lang='lat' dir='ltr'>deinde</span> <span class='ocrx_word' id='word_1_473' title='bbox 1310 1423 1503 1458; x_wconf 85' lang='lat' dir='ltr'>honorifice</span> <span class='ocrx_word' id='word_1_474' title='bbox 1525 1425 1695 1457; x_wconf 87' lang='lat' dir='ltr'>donatum</span> <span class='ocrx_word' id='word_1_475' title='bbox 1720 1424 1872 1464; x_wconf 82' lang='lat' dir='ltr'>dimisit,</span> <span class='ocrx_word' id='word_1_476' title='bbox 1901 1422 1992 1457; x_wconf 90' lang='lat' dir='ltr'>nihil</span> <span class='ocrx_word' id='word_1_477' title='bbox 2015 1432 2145 1469; x_wconf 87' lang='lat' dir='ltr'>pactus,</span> 
     </span>
     <span class='ocr_line' id='line_1_79' title="bbox 1156 1475 2146 1520; baseline 0 -11"><span class='ocrx_word' id='word_1_478' title='bbox 1156 1477 1223 1509; x_wconf 91' lang='lat' dir='ltr'>nisi</span> <span class='ocrx_word' id='word_1_479' title='bbox 1244 1488 1373 1520; x_wconf 79' lang='lat' dir='ltr'>pacem.</span> <span class='ocrx_word' id='word_1_480' title='bbox 1426 1475 1618 1508; x_wconf 88' lang='lat' dir='ltr'>Pausanias</span> <span class='ocrx_word' id='word_1_481' title='bbox 1635 1475 1747 1508; x_wconf 90' lang='lat' dir='ltr'>filium</span> <span class='ocrx_word' id='word_1_482' title='bbox 1766 1482 1885 1508; x_wconf 87' lang='lat' dir='ltr'>narrat</span> <span class='ocrx_word' id='word_1_483' title='bbox 1902 1482 2041 1520; x_wconf 89' lang='lat' dir='ltr'>captum</span> <span class='ocrx_word' id='word_1_484' title='bbox 2062 1488 2146 1518; x_wconf 81' lang='lat' dir='ltr'>esse,</span> 
     </span>
     <span class='ocr_line' id='line_1_80' title="bbox 1156 1524 2146 1570; baseline -0.004 -10"><span class='ocrx_word' id='word_1_485' title='bbox 1156 1529 1213 1560; x_wconf 89' lang='lat' dir='ltr'>sed</span> <span class='ocrx_word' id='word_1_486' title='bbox 1235 1534 1312 1560; x_wconf 89' lang='lat' dir='ltr'>uter</span> <span class='ocrx_word' id='word_1_487' title='bbox 1327 1527 1410 1568; x_wconf 88' lang='lat' dir='ltr'>suit,</span> <span class='ocrx_word' id='word_1_488' title='bbox 1437 1524 1640 1559; x_wconf 84' lang='lat' dir='ltr'>humanitas</span> <span class='ocrx_word' id='word_1_489' title='bbox 1656 1526 1760 1559; x_wconf 89' lang='lat' dir='ltr'>laude</span> <span class='ocrx_word' id='word_1_490' title='bbox 1775 1526 1881 1569; x_wconf 85' lang='lat' dir='ltr'>digna</span> <span class='ocrx_word' id='word_1_491' title='bbox 1899 1533 1960 1567; x_wconf 84' lang='lat' dir='ltr'>est,</span> <span class='ocrx_word' id='word_1_492' title='bbox 1988 1534 2021 1561; x_wconf 86' lang='lat' dir='ltr'>et</span> <span class='ocrx_word' id='word_1_493' title='bbox 2037 1527 2146 1570; x_wconf 80' lang='lat' dir='ltr'>signi..</span> 
     </span>
     <span class='ocr_line' id='line_1_81' title="bbox 1155 1576 2146 1624; baseline 0.002 -13"><span class='ocrx_word' id='word_1_494' title='bbox 1155 1580 1233 1611; x_wconf 85' lang='lat' dir='ltr'>ficat</span> <span class='ocrx_word' id='word_1_495' title='bbox 1264 1579 1300 1610; x_wconf 90' lang='lat' dir='ltr'>in</span> <span class='ocrx_word' id='word_1_496' title='bbox 1334 1590 1371 1611; x_wconf 91' lang='lat' dir='ltr'>ea</span> <span class='ocrx_word' id='word_1_497' title='bbox 1400 1585 1519 1621; x_wconf 84' lang='lat' dir='ltr'>gente,</span> <span class='ocrx_word' id='word_1_498' title='bbox 1553 1589 1657 1621; x_wconf 91' lang='lat' dir='ltr'>quam</span> <span class='ocrx_word' id='word_1_499' title='bbox 1681 1577 1826 1624; x_wconf 88' lang='lat' dir='ltr'>quidem</span> <span class='ocrx_word' id='word_1_500' title='bbox 1853 1576 2013 1611; x_wconf 83' lang='lat' dir='ltr'>Geticam</span> <span class='ocrx_word' id='word_1_501' title='bbox 2038 1579 2146 1613; x_wconf 83' lang='lat' dir='ltr'>fuisse</span> 
     </span>
     <span class='ocr_line' id='line_1_82' title="bbox 1156 1628 2071 1668; baseline 0 -6"><span class='ocrx_word' id='word_1_502' title='bbox 1156 1636 1309 1667; x_wconf 89' lang='lat' dir='ltr'>constat,</span> <span class='ocrx_word' id='word_1_503' title='bbox 1338 1629 1478 1662; x_wconf 78' lang='lat' dir='ltr'>virtutis</span> <span class='ocrx_word' id='word_1_504' title='bbox 1494 1628 1712 1661; x_wconf 82' lang='lat' dir='ltr'>intellectum</span> <span class='ocrx_word' id='word_1_505' title='bbox 1731 1635 1762 1662; x_wconf 88' lang='lat' dir='ltr'>et</span> <span class='ocrx_word' id='word_1_506' title='bbox 1780 1628 1936 1661; x_wconf 89' lang='lat' dir='ltr'>studium</span> <span class='ocrx_word' id='word_1_507' title='bbox 1952 1629 2071 1668; x_wconf 81' lang='lat' dir='ltr'>fuisse,</span> 
     </span>
    </p>
   </div>
   <div class='ocr_carea' id='block_1_15' title="bbox 1157 1683 2152 2587">
    <p class='ocr_par' dir='ltr' id='par_1_15' title="bbox 1157 1683 2152 2587">
     <span class='ocr_line' id='line_1_83' title="bbox 1258 1683 2147 1732; baseline 0.001 -12"><span class='ocrx_word' id='word_1_508' title='bbox 1258 1687 1328 1721; x_wconf 84' lang='lat' dir='ltr'>Sed</span> <span class='ocrx_word' id='word_1_509' title='bbox 1348 1685 1405 1720; x_wconf 88' lang='lat' dir='ltr'>hic</span> <span class='ocrx_word' id='word_1_510' title='bbox 1423 1698 1565 1732; x_wconf 85' lang='lat' dir='ltr'>quoque</span> <span class='ocrx_word' id='word_1_511' title='bbox 1582 1683 1814 1731; x_wconf 90' lang='lat' dir='ltr'>Lysimachus</span> <span class='ocrx_word' id='word_1_512' title='bbox 1831 1686 1982 1720; x_wconf 88' lang='lat' dir='ltr'>libidine</span> <span class='ocrx_word' id='word_1_513' title='bbox 2000 1688 2147 1722; x_wconf 86' lang='lat' dir='ltr'>virtutes</span> 
     </span>
     <span class='ocr_line' id='line_1_84' title="bbox 1157 1737 2147 1783; baseline 0 -11"><span class='ocrx_word' id='word_1_514' title='bbox 1157 1751 1236 1772; x_wconf 92' lang='lat' dir='ltr'>suas</span> <span class='ocrx_word' id='word_1_515' title='bbox 1252 1738 1475 1777; x_wconf 87' lang='lat' dir='ltr'>deformavit,</span> <span class='ocrx_word' id='word_1_516' title='bbox 1503 1749 1641 1770; x_wconf 88' lang='lat' dir='ltr'>sorores</span> <span class='ocrx_word' id='word_1_517' title='bbox 1657 1738 1744 1769; x_wconf 90' lang='lat' dir='ltr'>duas</span> <span class='ocrx_word' id='word_1_518' title='bbox 1760 1737 1871 1776; x_wconf 86' lang='lat' dir='ltr'>duxit,</span> <span class='ocrx_word' id='word_1_519' title='bbox 1896 1745 1928 1771; x_wconf 94' lang='lat' dir='ltr'>et</span> <span class='ocrx_word' id='word_1_520' title='bbox 1944 1750 1981 1770; x_wconf 77' lang='lat' dir='ltr'>ex</span> <span class='ocrx_word' id='word_1_521' title='bbox 1998 1745 2147 1783; x_wconf 86' lang='lat' dir='ltr'>utraque</span> 
     </span>
     <span class='ocr_line' id='line_1_85' title="bbox 1157 1787 2146 1832; baseline 0 -10"><span class='ocrx_word' id='word_1_522' title='bbox 1157 1791 1287 1823; x_wconf 87' lang='lat' dir='ltr'>liberos</span> <span class='ocrx_word' id='word_1_523' title='bbox 1303 1789 1464 1832; x_wconf 86' lang='lat' dir='ltr'>suscepit.</span> <span class='ocrx_word' id='word_1_524' title='bbox 1501 1787 1569 1821; x_wconf 86' lang='lat' dir='ltr'>Sed</span> <span class='ocrx_word' id='word_1_525' title='bbox 1587 1788 1693 1821; x_wconf 88' lang='lat' dir='ltr'>altera</span> <span class='ocrx_word' id='word_1_526' title='bbox 1713 1788 1857 1821; x_wconf 89' lang='lat' dir='ltr'>alterius</span> <span class='ocrx_word' id='word_1_527' title='bbox 1875 1788 1986 1821; x_wconf 87' lang='lat' dir='ltr'>filium</span> <span class='ocrx_word' id='word_1_528' title='bbox 2003 1789 2146 1823; x_wconf 88' lang='lat' dir='ltr'>interfe-</span> 
     </span>
     <span class='ocr_line' id='line_1_86' title="bbox 1157 1839 2145 1884; baseline 0 -10"><span class='ocrx_word' id='word_1_529' title='bbox 1157 1842 1213 1874; x_wconf 88' lang='lat' dir='ltr'>cit.</span> <span class='ocrx_word' id='word_1_530' title='bbox 1266 1839 1388 1873; x_wconf 85' lang='lat' dir='ltr'>Postea</span> <span class='ocrx_word' id='word_1_531' title='bbox 1406 1846 1519 1873; x_wconf 85' lang='lat' dir='ltr'>mater</span> <span class='ocrx_word' id='word_1_532' title='bbox 1532 1839 1678 1882; x_wconf 86' lang='lat' dir='ltr'>profuga</span> <span class='ocrx_word' id='word_1_533' title='bbox 1696 1839 1847 1871; x_wconf 89' lang='lat' dir='ltr'>latebras</span> <span class='ocrx_word' id='word_1_534' title='bbox 1864 1839 2037 1884; x_wconf 88' lang='lat' dir='ltr'>quaesivit</span> <span class='ocrx_word' id='word_1_535' title='bbox 2052 1842 2145 1884; x_wconf 86' lang='lat' dir='ltr'>apud</span> 
     </span>
     <span class='ocr_line' id='line_1_87' title="bbox 1157 1888 2147 1933; baseline 0 -9"><span class='ocrx_word' id='word_1_536' title='bbox 1157 1897 1324 1933; x_wconf 78' lang='lat' dir='ltr'>cognatos</span> <span class='ocrx_word' id='word_1_537' title='bbox 1347 1902 1458 1933; x_wconf 85' lang='lat' dir='ltr'>reges.</span> <span class='ocrx_word' id='word_1_538' title='bbox 1517 1888 1612 1922; x_wconf 88' lang='lat' dir='ltr'>Hinc</span> <span class='ocrx_word' id='word_1_539' title='bbox 1639 1901 1739 1923; x_wconf 89' lang='lat' dir='ltr'>causa</span> <span class='ocrx_word' id='word_1_540' title='bbox 1765 1889 1850 1922; x_wconf 87' lang='lat' dir='ltr'>belli</span> <span class='ocrx_word' id='word_1_541' title='bbox 1877 1897 1951 1923; x_wconf 90' lang='lat' dir='ltr'>orta</span> <span class='ocrx_word' id='word_1_542' title='bbox 1980 1897 2030 1924; x_wconf 88' lang='lat' dir='ltr'>est</span> <span class='ocrx_word' id='word_1_543' title='bbox 2054 1891 2147 1924; x_wconf 88' lang='lat' dir='ltr'>inter</span> 
     </span>
     <span class='ocr_line' id='line_1_88' title="bbox 1158 1938 2147 1985; baseline 0 -10"><span class='ocrx_word' id='word_1_544' title='bbox 1158 1942 1343 1976; x_wconf 85' lang='lat' dir='ltr'>Seleucum</span> <span class='ocrx_word' id='word_1_545' title='bbox 1377 1948 1410 1974; x_wconf 86' lang='lat' dir='ltr'>et</span> <span class='ocrx_word' id='word_1_546' title='bbox 1434 1938 1705 1985; x_wconf 82' lang='lat' dir='ltr'>Lysimachum,</span> <span class='ocrx_word' id='word_1_547' title='bbox 1740 1952 1844 1985; x_wconf 88' lang='lat' dir='ltr'>quam</span> <span class='ocrx_word' id='word_1_548' title='bbox 1870 1941 1988 1974; x_wconf 89' lang='lat' dir='ltr'>recitat</span> <span class='ocrx_word' id='word_1_549' title='bbox 2015 1939 2147 1975; x_wconf 88' lang='lat' dir='ltr'>Pausa-</span> 
     </span>
     <span class='ocr_line' id='line_1_89' title="bbox 1158 1989 2147 2037; baseline 0.001 -12"><span class='ocrx_word' id='word_1_550' title='bbox 1158 1993 1243 2029; x_wconf 80' lang='lat' dir='ltr'>nias.</span> <span class='ocrx_word' id='word_1_551' title='bbox 1299 1991 1411 2025; x_wconf 87' lang='lat' dir='ltr'>Periit</span> <span class='ocrx_word' id='word_1_552' title='bbox 1434 1992 1541 2034; x_wconf 82' lang='lat' dir='ltr'>igitur</span> <span class='ocrx_word' id='word_1_553' title='bbox 1562 1989 1791 2036; x_wconf 77' lang='lat' dir='ltr'>Lysimachus</span> <span class='ocrx_word' id='word_1_554' title='bbox 1815 1990 1929 2024; x_wconf 87' lang='lat' dir='ltr'>victus</span> <span class='ocrx_word' id='word_1_555' title='bbox 1950 2003 1968 2024; x_wconf 94' lang='lat' dir='ltr'>a</span> <span class='ocrx_word' id='word_1_556' title='bbox 1987 1991 2147 2037; x_wconf 79' lang='lat' dir='ltr'>Seleuco,</span> 
     </span>
     <span class='ocr_line' id='line_1_90' title="bbox 1159 2039 2148 2089; baseline 0.001 -13"><span class='ocrx_word' id='word_1_557' title='bbox 1159 2045 1219 2089; x_wconf 89' lang='lat' dir='ltr'>qui</span> <span class='ocrx_word' id='word_1_558' title='bbox 1243 2051 1366 2076; x_wconf 87' lang='lat' dir='ltr'>tenens</span> <span class='ocrx_word' id='word_1_559' title='bbox 1389 2043 1458 2075; x_wconf 88' lang='lat' dir='ltr'>iam</span> <span class='ocrx_word' id='word_1_560' title='bbox 1483 2041 1670 2074; x_wconf 83' lang='lat' dir='ltr'>maximam</span> <span class='ocrx_word' id='word_1_561' title='bbox 1696 2039 1920 2075; x_wconf 88' lang='lat' dir='ltr'>monarchiae</span> <span class='ocrx_word' id='word_1_562' title='bbox 1939 2049 2072 2086; x_wconf 87' lang='lat' dir='ltr'>partem</span> <span class='ocrx_word' id='word_1_563' title='bbox 2090 2055 2148 2077; x_wconf 92' lang='lat' dir='ltr'>so-</span> 
     </span>
     <span class='ocr_line' id='line_1_91' title="bbox 1160 2091 2148 2140; baseline 0 -13"><span class='ocrx_word' id='word_1_564' title='bbox 1160 2096 1213 2127; x_wconf 91' lang='lat' dir='ltr'>lus</span> <span class='ocrx_word' id='word_1_565' title='bbox 1238 2107 1277 2127; x_wconf 90' lang='lat' dir='ltr'>ex</span> <span class='ocrx_word' id='word_1_566' title='bbox 1296 2094 1448 2127; x_wconf 88' lang='lat' dir='ltr'>ducibus</span> <span class='ocrx_word' id='word_1_567' title='bbox 1465 2091 1660 2126; x_wconf 88' lang='lat' dir='ltr'>Alexandri</span> <span class='ocrx_word' id='word_1_568' title='bbox 1680 2100 1847 2140; x_wconf 86' lang='lat' dir='ltr'>superest.</span> <span class='ocrx_word' id='word_1_569' title='bbox 1902 2092 2025 2137; x_wconf 83' lang='lat' dir='ltr'>Itaque</span> <span class='ocrx_word' id='word_1_570' title='bbox 2042 2095 2148 2128; x_wconf 88' lang='lat' dir='ltr'>tantis</span> 
     </span>
     <span class='ocr_line' id='line_1_92' title="bbox 1160 2143 2148 2187; baseline 0 -9"><span class='ocrx_word' id='word_1_571' title='bbox 1160 2146 1270 2178; x_wconf 88' lang='lat' dir='ltr'>elatus</span> <span class='ocrx_word' id='word_1_572' title='bbox 1294 2144 1529 2184; x_wconf 87' lang='lat' dir='ltr'>successibus,</span> <span class='ocrx_word' id='word_1_573' title='bbox 1557 2150 1672 2187; x_wconf 88' lang='lat' dir='ltr'>sperat</span> <span class='ocrx_word' id='word_1_574' title='bbox 1695 2155 1729 2176; x_wconf 90' lang='lat' dir='ltr'>se</span> <span class='ocrx_word' id='word_1_575' title='bbox 1747 2144 1851 2177; x_wconf 88' lang='lat' dir='ltr'>etiam</span> <span class='ocrx_word' id='word_1_576' title='bbox 1867 2143 2098 2177; x_wconf 81' lang='lat' dir='ltr'>Macedoniae</span> <span class='ocrx_word' id='word_1_577' title='bbox 2116 2152 2148 2178; x_wconf 90' lang='lat' dir='ltr'>et</span> 
     </span>
     <span class='ocr_line' id='line_1_93' title="bbox 1161 2193 2148 2239; baseline -0.001 -10"><span class='ocrx_word' id='word_1_578' title='bbox 1161 2196 1331 2229; x_wconf 83' lang='lat' dir='ltr'>Graeciae</span> <span class='ocrx_word' id='word_1_579' title='bbox 1354 2195 1502 2239; x_wconf 88' lang='lat' dir='ltr'>imperio</span> <span class='ocrx_word' id='word_1_580' title='bbox 1528 2195 1723 2238; x_wconf 84' lang='lat' dir='ltr'>potiturum</span> <span class='ocrx_word' id='word_1_581' title='bbox 1747 2206 1828 2227; x_wconf 89' lang='lat' dir='ltr'>esse.</span> <span class='ocrx_word' id='word_1_582' title='bbox 1888 2193 2048 2239; x_wconf 87' lang='lat' dir='ltr'>Cumque</span> <span class='ocrx_word' id='word_1_583' title='bbox 2072 2196 2148 2228; x_wconf 85' lang='lat' dir='ltr'>bel-</span> 
     </span>
     <span class='ocr_line' id='line_1_94' title="bbox 1160 2243 2149 2291; baseline -0.002 -11"><span class='ocrx_word' id='word_1_584' title='bbox 1160 2248 1233 2280; x_wconf 92' lang='lat' dir='ltr'>lum</span> <span class='ocrx_word' id='word_1_585' title='bbox 1250 2248 1415 2280; x_wconf 82' lang='lat' dir='ltr'>transfert</span> <span class='ocrx_word' id='word_1_586' title='bbox 1433 2247 1469 2278; x_wconf 87' lang='lat' dir='ltr'>in</span> <span class='ocrx_word' id='word_1_587' title='bbox 1488 2243 1669 2287; x_wconf 87' lang='lat' dir='ltr'>Europam</span> <span class='ocrx_word' id='word_1_588' title='bbox 1690 2245 1839 2288; x_wconf 84' lang='lat' dir='ltr'>septimo</span> <span class='ocrx_word' id='word_1_589' title='bbox 1857 2257 1973 2277; x_wconf 89' lang='lat' dir='ltr'>mense</span> <span class='ocrx_word' id='word_1_590' title='bbox 1992 2252 2068 2288; x_wconf 92' lang='lat' dir='ltr'>post</span> <span class='ocrx_word' id='word_1_591' title='bbox 2078 2245 2149 2291; x_wconf 84' lang='lat' dir='ltr'>Ly-</span> 
     </span>
     <span class='ocr_line' id='line_1_95' title="bbox 1159 2293 2148 2342; baseline -0.002 -10"><span class='ocrx_word' id='word_1_592' title='bbox 1159 2296 1307 2331; x_wconf 86' lang='lat' dir='ltr'>simachi</span> <span class='ocrx_word' id='word_1_593' title='bbox 1324 2304 1471 2330; x_wconf 88' lang='lat' dir='ltr'>mortem</span> <span class='ocrx_word' id='word_1_594' title='bbox 1490 2295 1699 2329; x_wconf 87' lang='lat' dir='ltr'>interficitur</span> <span class='ocrx_word' id='word_1_595' title='bbox 1716 2295 1949 2328; x_wconf 87' lang='lat' dir='ltr'>aPtolomaeo</span> <span class='ocrx_word' id='word_1_596' title='bbox 1965 2293 2148 2342; x_wconf 66' lang='grc' dir='ltr'>κεραύνῳ,</span> 
     </span>
     <span class='ocr_line' id='line_1_96' title="bbox 1160 2343 2150 2394; baseline -0.008 -12"><span class='ocrx_word' id='word_1_597' title='bbox 1160 2349 1222 2394; x_wconf 88' lang='lat' dir='ltr'>qui</span> <span class='ocrx_word' id='word_1_598' title='bbox 1252 2361 1331 2382; x_wconf 88' lang='lat' dir='ltr'>cum</span> <span class='ocrx_word' id='word_1_599' title='bbox 1363 2355 1452 2381; x_wconf 86' lang='lat' dir='ltr'>esset</span> <span class='ocrx_word' id='word_1_600' title='bbox 1483 2348 1590 2380; x_wconf 90' lang='lat' dir='ltr'>frater</span> <span class='ocrx_word' id='word_1_601' title='bbox 1616 2345 1810 2380; x_wconf 88' lang='lat' dir='ltr'>Ptolemaei</span> <span class='ocrx_word' id='word_1_602' title='bbox 1834 2343 2063 2389; x_wconf 82' lang='lat' dir='ltr'>Philadelphi</span> <span class='ocrx_word' id='word_1_603' title='bbox 2094 2359 2150 2381; x_wconf 79' lang='lat' dir='ltr'>re-</span> 
     </span>
     <span class='ocr_line' id='line_1_97' title="bbox 1161 2395 2150 2445; baseline -0.003 -12"><span class='ocrx_word' id='word_1_604' title='bbox 1161 2400 1301 2444; x_wconf 84' lang='lat' dir='ltr'>guantis</span> <span class='ocrx_word' id='word_1_605' title='bbox 1324 2399 1392 2432; x_wconf 89' lang='lat' dir='ltr'>iam</span> <span class='ocrx_word' id='word_1_606' title='bbox 1418 2399 1456 2432; x_wconf 94' lang='lat' dir='ltr'>in</span> <span class='ocrx_word' id='word_1_607' title='bbox 1480 2396 1659 2445; x_wconf 82' lang='lat' dir='ltr'>Aegyp10‚</span> <span class='ocrx_word' id='word_1_608' title='bbox 1687 2397 1869 2439; x_wconf 81' lang='lat' dir='ltr'>navigarat</span> <span class='ocrx_word' id='word_1_609' title='bbox 1894 2396 1931 2429; x_wconf 88' lang='lat' dir='ltr'>in</span> <span class='ocrx_word' id='word_1_610' title='bbox 1954 2395 2150 2441; x_wconf 88' lang='lat' dir='ltr'>Europam,</span> 
     </span>
     <span class='ocr_line' id='line_1_98' title="bbox 1161 2446 2151 2491; baseline -0.002 -7"><span class='ocrx_word' id='word_1_611' title='bbox 1161 2458 1200 2485; x_wconf 87' lang='lat' dir='ltr'>ut</span> <span class='ocrx_word' id='word_1_612' title='bbox 1222 2449 1471 2485; x_wconf 86' lang='lat' dir='ltr'>Macedoniam</span> <span class='ocrx_word' id='word_1_613' title='bbox 1496 2453 1691 2491; x_wconf 84' lang='lat' dir='ltr'>occuparet.</span> <span class='ocrx_word' id='word_1_614' title='bbox 1760 2446 1831 2479; x_wconf 84' lang='lat' dir='ltr'>Nec</span> <span class='ocrx_word' id='word_1_615' title='bbox 1856 2448 1968 2480; x_wconf 89' lang='lat' dir='ltr'>multo</span> <span class='ocrx_word' id='word_1_616' title='bbox 1993 2454 2069 2490; x_wconf 89' lang='lat' dir='ltr'>post</span> <span class='ocrx_word' id='word_1_617' title='bbox 2093 2446 2151 2482; x_wconf 90' lang='lat' dir='ltr'>hic</span> 
     </span>
     <span class='ocr_line' id='line_1_99' title="bbox 1161 2496 2152 2546; baseline 0.003 -17"><span class='ocrx_word' id='word_1_618' title='bbox 1161 2500 1339 2546; x_wconf 67' lang='lat' dir='ltr'>ze&#39;oocmsos</span> <span class='ocrx_word' id='word_1_619' title='bbox 1371 2513 1388 2533; x_wconf 90' lang='lat' dir='ltr'>a</span> <span class='ocrx_word' id='word_1_620' title='bbox 1414 2500 1557 2533; x_wconf 82' lang='lat' dir='ltr'>Brenno</span> <span class='ocrx_word' id='word_1_621' title='bbox 1582 2499 1669 2530; x_wconf 88' lang='lat' dir='ltr'>duce</span> <span class='ocrx_word' id='word_1_622' title='bbox 1691 2496 1826 2531; x_wconf 89' lang='lat' dir='ltr'>Celtico</span> <span class='ocrx_word' id='word_1_623' title='bbox 1850 2504 2006 2533; x_wconf 89' lang='lat' dir='ltr'>vastante</span> <span class='ocrx_word' id='word_1_624' title='bbox 2031 2497 2152 2532; x_wconf 88' lang='lat' dir='ltr'>Mace-</span> 
     </span>
     <span class='ocr_line' id='line_1_100' title="bbox 1162 2549 1754 2587; baseline -0.012 0"><span class='ocrx_word' id='word_1_625' title='bbox 1162 2553 1306 2587; x_wconf 87' lang='lat' dir='ltr'>doniam</span> <span class='ocrx_word' id='word_1_626' title='bbox 1324 2552 1361 2583; x_wconf 91' lang='lat' dir='ltr'>in</span> <span class='ocrx_word' id='word_1_627' title='bbox 1378 2551 1450 2583; x_wconf 90' lang='lat' dir='ltr'>acie</span> <span class='ocrx_word' id='word_1_628' title='bbox 1467 2549 1674 2582; x_wconf 86' lang='lat' dir='ltr'>interfectus</span> <span class='ocrx_word' id='word_1_629' title='bbox 1693 2555 1754 2585; x_wconf 76' lang='lat' dir='ltr'>est,</span> 
     </span>
    </p>
   </div>
   <div class='ocr_carea' id='block_1_16' title="bbox 1265 2612 2152 2659">
    <p class='ocr_par' dir='ltr' id='par_1_16' title="bbox 1265 2612 2152 2659">
     <span class='ocr_line' id='line_1_101' title="bbox 1265 2612 2152 2659; baseline -0.001 -9"><span class='ocrx_word' id='word_1_630' title='bbox 1265 2617 1360 2650; x_wconf 89' lang='lat' dir='ltr'>Pene</span> <span class='ocrx_word' id='word_1_631' title='bbox 1384 2616 1592 2659; x_wconf 84' lang='lat' dir='ltr'>defatigatus</span> <span class='ocrx_word' id='word_1_632' title='bbox 1617 2626 1694 2648; x_wconf 90' lang='lat' dir='ltr'>sum</span> <span class='ocrx_word' id='word_1_633' title='bbox 1718 2615 1898 2648; x_wconf 88' lang='lat' dir='ltr'>recitanda</span> <span class='ocrx_word' id='word_1_634' title='bbox 1926 2612 2053 2649; x_wconf 88' lang='lat' dir='ltr'>horum</span> <span class='ocrx_word' id='word_1_635' title='bbox 2079 2617 2152 2659; x_wconf 79' lang='lat' dir='ltr'>gla—</span> 
     </span>
    </p>
   </div>
   <div class='ocr_carea' id='block_1_17' title="bbox 123 2663 2152 2716">
    <p class='ocr_par' dir='ltr' id='par_1_17' title="bbox 123 2663 2152 2716">
     <span class='ocr_line' id='line_1_102' title="bbox 123 2663 2152 2716; baseline -0.005 -7"><span class='ocrx_word' id='word_1_636' title='bbox 123 2685 355 2709; x_wconf 87' lang='lat' dir='ltr'>successorem</span> <span class='ocrx_word' id='word_1_637' title='bbox 370 2672 460 2706; x_wconf 84' lang='lat' dir='ltr'>dixit</span> <span class='ocrx_word' id='word_1_638' title='bbox 475 2684 591 2706; x_wconf 84' lang='lat' dir='ltr'>coram</span> <span class='ocrx_word' id='word_1_639' title='bbox 610 2671 778 2707; x_wconf 86' lang='lat' dir='ltr'>exercitu.</span> <span class='ocrx_word' id='word_1_640' title='bbox 817 2670 938 2705; x_wconf 89' lang='lat' dir='ltr'>Postea</span> <span class='ocrx_word' id='word_1_641' title='bbox 954 2673 990 2705; x_wconf 92' lang='lat' dir='ltr'>in</span> <span class='ocrx_word' id='word_1_642' title='bbox 1010 2684 1111 2716; x_wconf 86' lang='lat' dir='ltr'>prae·</span> <span class='ocrx_word' id='word_1_643' title='bbox 1133 2692 1137 2710; x_wconf 48' lang='grc' dir='ltr'>ι</span> <span class='ocrx_word' id='word_1_644' title='bbox 1163 2672 1342 2704; x_wconf 85' lang='lat' dir='ltr'>diatorum</span> <span class='ocrx_word' id='word_1_645' title='bbox 1366 2668 1523 2708; x_wconf 84' lang='lat' dir='ltr'>laniena,</span> <span class='ocrx_word' id='word_1_646' title='bbox 1551 2666 1588 2698; x_wconf 90' lang='lat' dir='ltr'>in</span> <span class='ocrx_word' id='word_1_647' title='bbox 1613 2678 1681 2710; x_wconf 89' lang='lat' dir='ltr'>qua</span> <span class='ocrx_word' id='word_1_648' title='bbox 1705 2666 1733 2699; x_wconf 87' lang='lat' dir='ltr'>si</span> <span class='ocrx_word' id='word_1_649' title='bbox 1751 2666 1829 2711; x_wconf 90' lang='lat' dir='ltr'>quis</span> <span class='ocrx_word' id='word_1_650' title='bbox 1846 2663 2001 2700; x_wconf 84' lang='lat' dir='ltr'>humano</span> <span class='ocrx_word' id='word_1_651' title='bbox 2021 2667 2152 2701; x_wconf 88' lang='lat' dir='ltr'>iudicio</span> 
     </span>
    </p>
   </div>
   <div class='ocr_carea' id='block_1_18' title="bbox 1542 2714 1618 2750">
    <p class='ocr_par' dir='ltr' id='par_1_18' title="bbox 1542 2714 1618 2750">
     <span class='ocr_line' id='line_1_103' title="bbox 1542 2714 1618 2750; baseline -0.013 0"><span class='ocrx_word' id='word_1_652' title='bbox 1542 2714 1618 2750; x_wconf 67' lang='lat'>58*</span> 
     </span>
    </p>
   </div>
  </div>
 </body>
</html>
