2379 2948
189 94 283 131 1359

186 182 291 216 etiam
307 179 344 212 in
363 175 499 221 impiis,
527 172 700 207 adiiciunt
717 169 778 202 illa
794 167 897 201 Pauli
914 167 1026 208 dicta,
1054 174 1178 200 etcum

786 81 910 119 PHIL,
940 79 1055 115 MEL.
1081 78 1291 115 SCRIPTA
1319 76 1618 114 EXEGETICA.

1206 192 1208 218 i

2122 79 2221 115 1340

1235 165 1451 205 intuebitur,
1478 164 1580 197 sacile
1602 163 1795 207 intelliget,
1825 170 1858 197 et
1876 165 1962 209 quid
1987 166 2031 199 sit
2059 165 2164 206 fides,
2193 172 2226 199 et

186 237 305 277 aperte
329 228 482 262 Paulum
510 226 678 258 damnare
714 231 788 253 non
812 219 948 259 ausint,
983 219 1179 262 depravant
1206 221 1208 228 ¹
1233 216 1329 263 quod
1352 216 1396 249 ad
1417 215 1650 249 consolandas
1668 215 1932 259 perterrefactas
1955 223 2108 258 mentes,
2137 227 2225 261 opus

187 290 220 317 et
259 284 494 322 corrumpunt
536 274 738 308 universam
774 271 847 304 eius
891 269 1179 314 disputationem.
1206 303 1208 326 y

188 332 291 368 Alius
316 330 416 373 fingit
441 339 512 361 esse
537 323 777 371 hyperbolen,
807 322 897 354 alius
922 317 1180 366 synecdochen,
1207 354 1208 358 ,

188 384 287 430 quasi
313 381 446 415 Paulus
468 377 598 411 fucosis
622 374 789 408 laudibus
814 372 950 405 ornarit
985 372 1110 411 fidem,
1140 376 1180 403 ut
1206 373 1208 408 ξ

188 448 229 470 eo
244 435 363 479 plures
389 430 557 464 invitaret
581 427 625 460 ad
652 423 906 470 professionem
923 420 1178 456 Christianam:

188 485 342 530 denique
369 478 561 515 detrahunt
576 477 688 511 Paulo
713 475 972 514 eruditionem,
1002 473 1180 506 arbitran-

188 545 247 572 tur
265 534 445 577 ambigue,
467 528 661 574 improprie
676 533 709 561 et
726 526 904 559 inerudite
921 525 1078 558 locutum
1098 534 1181 563 esse,

188 595 228 622 ut
250 587 364 620 solent
384 581 529 616 indocti.
583 578 684 612 Hanc
705 589 783 610 cum
802 575 956 610 habeant
973 575 1179 619 opinionem

188 641 231 673 de
256 637 386 677 Paulo,
411 633 478 678 ipsi
501 638 621 677 postea
648 629 823 672 affingunt
847 628 878 661 ei
903 638 1011 660 novas
1037 632 1178 659 senten-

188 698 264 724 tias.

290 747 412 792 Neque
437 756 498 788 ego
525 743 656 783 miror,
684 739 768 774 haec
792 750 894 773 ausos
911 749 982 771 esse
1000 737 1085 770 olim
1104 747 1180 768 mo·-

187 797 339 840 nachos,
367 797 427 843 qui
447 802 545 829 erant
571 793 725 833 indocti,
751 791 809 824 sed
829 791 924 835 quod
951 800 1046 822 nunc
1068 787 1114 820 ita
1138 787 1180 820 de

187 851 300 885 Paulo
317 850 449 883 iudicat
466 846 671 884 Sadoletus,
698 842 758 888 qui
776 841 851 874 vult
869 840 982 873 videri
1009 840 1180 878 literatus,

187 910 221 936 et
240 913 311 934 non
332 901 566 933 irreverenter
582 895 711 928 sentire
731 894 773 926 de
792 899 888 926 tanto
907 889 1093 935 Apostolo,
1119 901 1180 922 cu—

189 954 244 987 ius
270 950 469 985 doctrinam
494 959 568 980 non
595 947 697 979 aliter
720 957 758 977 ac
784 954 905 976 vocem
936 943 977 975 de
1005 941 1101 974 coelo
1124 951 1180 973 so-

189 1010 332 1038 nantem
368 1000 491 1034 audire
525 998 710 1036 debemus,
745 995 834 1028 illud
861 1005 944 1026 vero
969 1003 1180 1035 magnopere

187 1056 308 1088 miror.

188 1106 343 1142 deridet,
381 1109 415 1135 et
439 1112 512 1134 non
536 1099 650 1132 solum
677 1098 889 1131 condemnat
916 1095 1091 1135 inscitiae,
1119 1093 1179 1126 sed

189 1166 333 1201 prorsus
365 1153 439 1186 sine
462 1162 566 1184 sensu
591 1149 771 1183 communi
803 1158 876 1180 esse
900 1145 1049 1184 iudicat,
1085 1144 1180 1190 quod

186 1207 290 1242 Pauli
308 1205 399 1239 dicta
424 1201 690 1246 amplectimur,
719 1199 779 1244 qui
798 1198 901 1232 toties
919 1197 1072 1230 inculcat
1089 1193 1181 1228 hanc

187 1257 410 1296 sententiam,
434 1254 501 1287 fide
519 1253 626 1296 gratis
646 1250 830 1284 iustificari
848 1247 1025 1283 homines.

292 1317 414 1361 ltaque
438 1313 591 1347 breviter
610 1309 668 1345 hic
687 1311 729 1343 de
753 1309 914 1354 propria,
942 1320 1025 1341 vera
1050 1315 1083 1341 et
1103 1318 1181 1350 ger-

187 1382 290 1404 mana
310 1365 566 1410 significatione
584 1361 748 1396 vocabuli
766 1361 954 1394 dicendum
975 1367 1042 1399 est,
1062 1365 1101 1392 ut
1117 1370 1182 1391 nos

188 1428 311 1455 contra
336 1416 577 1451 cavillationes
607 1420 640 1447 et
671 1410 889 1457 sophismata
914 1408 1181 1455 hypocritarum

188 1472 402 1506 muniamus.

290 1529 371 1562 Non
387 1526 479 1560 ludit
498 1524 630 1558 Paulus
655 1520 888 1565 ambiguitate
913 1518 1094 1559 vocabuli,
1123 1518 1182 1551 sed

189 1584 231 1616 de
248 1592 286 1614 re
303 1577 507 1623 gravissima
526 1576 702 1620 disputat,
731 1585 775 1606 an
802 1572 911 1605 simus
929 1571 1012 1604 iusti
1039 1575 1184 1613 propter

187 1632 273 1676 legis
304 1628 566 1673 impletionem,
611 1637 654 1658 an
681 1636 763 1656 vero
791 1628 936 1667 propter
963 1621 1183 1665 propiciato-

188 1695 262 1718 rem
286 1679 478 1715 Christum.
539 1676 593 1710 De
617 1674 682 1709 hac
707 1681 803 1708 tanta
830 1673 1035 1718 quaestione
1061 1671 1183 1715 dispu-

188 1743 283 1771 tans,
313 1733 413 1765 docet
437 1741 501 1762 nos
526 1727 653 1761 fiducia
681 1724 885 1758 mediatoris
912 1721 1047 1757 Christi
1073 1723 1183 1755 iustos

188 1783 357 1830 reputari.
418 1779 521 1813 Hanc
553 1778 718 1811 fiduciam
752 1775 1017 1808 misericordiae
1040 1780 1184 1818 propter

188 1835 369 1871 ChrIstum
390 1831 604 1877 promissae,
633 1834 733 1861 vocat
751 1827 865 1859 fidem.

292 1893 415 1937 Neque
440 1888 498 1923 hic
525 1888 724 1922 excluditur
748 1885 879 1919 noticia
903 1882 1089 1930 historiae,
1124 1883 1182 1916 sed

189 1945 335 1980 historia
356 1943 505 1976 refertur
530 1941 571 1973 ad
590 1939 730 1972 finalem
750 1949 906 1972 causam,
936 1948 1024 1980 quae
1049 1942 1080 1968 et
1108 1934 1181 1978 ipsa

191 1999 229 2030 in
247 1994 409 2030 svmbolo
429 1992 588 2036 ponitur:
618 1989 732 2023 Credo
758 1988 1003 2021 remissionem
1023 1992 1184 2029 peccato-

190 2036 280 2083 rum.
316 2045 375 2080 Sic
391 2042 545 2086 agnoscit
562 2042 647 2074 fides
666 2037 848 2073 Christum
868 2050 939 2071 esse
956 2037 1088 2070 Filium
1106 2035 1184 2076 Dei,

190 2109 330 2144 passum
353 2101 385 2129 et
409 2093 653 2128 resuscitatum
679 2096 823 2135 propter
846 2087 937 2121 hauc
958 2099 1118 2126 causam,
1145 2094 1183 2121 ut

192 2150 295 2184 nobis
318 2158 398 2180 vere
416 2146 569 2178 donetur
595 2141 753 2176 remissio
779 2147 1021 2184 peccatorum,
1047 2145 1086 2172 ut
1109 2138 1184 2171 effi-

192 2202 326 2236 ciamur
348 2198 412 2230 filii
429 2195 516 2235 Dei⁷
546 2201 580 2228 et
604 2192 772 2227 haeredes
790 2191 882 2224 vitae
902 2197 1075 2224 aeternae.
1108 2189 1184 2223 Sic-

191 2260 230 2286 ut
247 2252 289 2285 de
307 2248 438 2282 noticia
458 2244 592 2280 Christi
612 2252 644 2278 et
661 2242 781 2278 Esaias
807 2241 987 2287 loquitur,
1012 2253 1091 2275 cum
1119 2240 1183 2274 ait:

191 2301 330 2337 Noticia
352 2300 425 2333 eius
442 2297 647 2331 iustificabit
666 2305 784 2328 servos
801 2305 896 2327 meos
913 2292 1057 2326 multos.
1090 2290 1185 2324 Haec

191 2355 276 2387 fides
293 2357 426 2400 pugnat
441 2361 520 2383 cum
543 2347 765 2381 dubitatione
784 2357 822 2378 ac
841 2344 1058 2385 diffidentia,
1084 2342 1185 2385 erigit

194 2406 288 2438 enim
307 2413 370 2436 nos
389 2408 427 2435 ut
442 2407 635 2434 statuamus
654 2397 756 2431 nobis
774 2396 927 2440 ignosci,
942 2407 1007 2429 nos
1026 2393 1184 2428 exaudiri

194 2467 212 2489 a
229 2454 316 2488 Deo.

297 2520 344 2554 Et
361 2521 445 2566 quid
465 2520 509 2553 sit
525 2516 610 2551 haec
628 2517 714 2550 fides
726 2543 734 2555 ,
763 2526 924 2559 pugnans
940 2526 1019 2547 cum
1041 2512 1186 2546 dubita-

194 2575 292 2608 tione
309 2579 342 2605 et
358 2570 554 2604 diffidentia
566 2595 575 2607 ,
602 2568 751 2601 maxime
769 2566 920 2609 intelligi
938 2572 1051 2610 potest
1071 2564 1108 2596 in
1126 2575 1185 2596 ve-

364 1051 485 1084 Toties
504 1049 574 1092 agit
590 1043 791 1090 triumphos
813 1052 845 1079 et
871 1056 935 1077 nos
961 1043 1181 1076 securissime
1207 1056 1208 1066 ¹

1233 267 1279 301 sit
1302 264 1367 300 hac
1393 265 1544 300 Paulina
1570 266 1732 300 doctrina
1761 267 1803 299 de
1830 266 1910 300 fide.
1964 265 2053 299 Nam
2071 273 2103 300 et
2120 266 2224 301 Pauli

1234 318 1424 351 conciones
1447 323 1575 351 vocant
1594 329 1656 350 nos
1673 318 1716 351 ad
1735 317 2009 362 poenitentiam,
2037 324 2070 351 et
2093 329 2224 362 propo-

1235 376 1328 403 nunt
1346 366 1402 402 his
1415 396 1424 410 ,
1453 370 1515 414 qui
1533 375 1768 413 expavescunt
1790 380 1909 402 veram
1934 368 2226 409 consolationem,

1234 432 1341 465 quare
1361 420 1398 453 in
1415 432 1456 453 eo
1474 431 1584 464 agone
1608 420 1647 454 fit
1662 420 1838 454 illustrior
1855 420 1931 453 eius
1949 420 2123 453 doctrina.
2154 418 2226 453 Ita-

1235 483 1303 516 que
1324 471 1385 516 qui
1402 471 1565 516 repudiat
1581 469 1645 505 has
1660 471 1920 505 consolationes
1931 498 1940 513 ,
1955 471 2038 504 satis
2054 470 2226 514 significat

1233 534 1268 556 se
1286 522 1393 556 nimis
1411 522 1528 556 ocioso
1549 529 1582 557 et
1600 517 1750 567 profano
1765 522 1885 556 animo
1902 523 1945 555 de
1959 522 2027 555 fide
2046 522 2207 566 cogitare.

1336 581 1466 615 Procul
1483 588 1599 615 autem
1618 582 1793 615 removeri
1813 578 2040 626 sophisticam
2059 593 2077 614 a
2094 581 2227 615 doctri-

1206 669 1207 675 ,
1234 646 1278 666 na
1297 631 1475 667 Ecclesiae
1494 633 1673 666 convenit.
1708 632 1905 674 vocemus,
1924 640 1963 666 ut
1984 633 2133 674 dicitur,
2151 644 2227 665 sca—

1206 719 1208 728 ,
1234 682 1361 729 pham,
1378 681 1542 728 scapham
1555 711 1564 726 ,
1592 691 1625 718 et
1639 684 1847 728 simpliciter
1865 684 2104 727 intelligamus
2124 696 2228 716 voca-

1234 736 1359 769 bulum
1384 735 1488 776 fidei,
1516 742 1556 770 ut
1581 735 1755 780 scriptura
1780 735 1908 768 veteris
1935 742 1966 769 et
1988 735 2073 768 novi
2100 734 2227 768 Testa-

1234 787 1344 821 menti
1363 787 1539 832 loquitur,
1568 786 1732 820 videlicet
1748 787 1790 819 de
1806 786 1933 820 fiducia
1950 785 2225 826 misericordiae,

1234 850 1340 883 quam
1364 838 1508 883 quidem
1534 845 1663 871 norant
1687 844 1719 871 et
1744 844 1860 882 patres
1886 845 2029 882 propter
2044 835 2226 872 Christum

1235 889 1442 934 promissam
1464 900 1549 930 esse,
1573 896 1606 923 et
1624 886 1688 922 hac
1705 889 1772 922 fide
1788 888 1872 922 iusti
1889 895 1922 923 et
1941 889 2029 922 salvi
2045 888 2128 922 facti
2145 895 2226 921 sunt

1234 952 1307 974 non
1325 947 1470 985 propter
1487 941 1610 984 legem.

1336 999 1442 1043 Quod
1462 1007 1574 1033 sutem
1600 998 1686 1033 haec
1707 1000 1751 1034 sit
1766 999 1819 1032 vis
1837 999 2020 1040 vocabuli,
2047 1006 2228 1032 teneamus

1235 1052 1335 1085 firma
1354 1059 1572 1095 argumenta.

1720 1127 1745 1162 l.

1339 1186 1573 1221 Manifestum
1593 1193 1643 1220 est
1661 1185 1813 1220 Paulum
1832 1185 1932 1231 loqui
1955 1186 1998 1219 de
2022 1185 2108 1228 fide,
2139 1197 2229 1231 quae

1235 1245 1285 1273 est
1305 1250 1488 1279 assensus,
1517 1251 1587 1284 quo
1613 1238 1826 1272 assentimur
1849 1236 2090 1280 promissioni.
2144 1236 2228 1271 Ideo

1234 1290 1328 1323 enim
1346 1288 1452 1325 Rom.
1472 1289 1506 1324 4.
1535 1290 1671 1323 confert
1690 1288 1963 1333 promissionem
1987 1294 2020 1321 et
2041 1288 2168 1329 fidem,
2196 1296 2229 1323 et

1233 1342 1283 1375 ait
1309 1341 1579 1386 promissionem
1604 1341 1759 1373 suturam
1786 1339 1958 1379 ociosam,
1986 1339 2016 1372 si
2040 1351 2113 1372 non
2138 1340 2228 1373 acci-

1234 1393 1351 1436 piatur
1378 1392 1455 1425 fide.
1510 1390 1678 1436 Requirit
1711 1391 1819 1433 igitur
1848 1390 1952 1423 talem
1986 1390 2110 1430 fidem,
2138 1402 2227 1435 quae

1234 1443 1445 1476 assentiatur
1462 1441 1689 1486 promissioni
1707 1440 1847 1485 gratiae.
1900 1439 1978 1473 Hoc
2001 1440 2227 1475 manifestum

1234 1501 1303 1534 est,
1331 1506 1394 1526 nec
1412 1493 1486 1526 ulla
1505 1492 1729 1526 cavillatione
1747 1492 1843 1524 eludi
1860 1498 1984 1535 potest.
2027 1490 2086 1525 Sic
2106 1492 2230 1526 doceat

1234 1545 1275 1578 ad
1298 1543 1444 1578 Galatas
1461 1544 1499 1577 3.
1518 1543 1748 1587 promissioni
1767 1542 2030 1575 assentiendum
2049 1554 2133 1584 esse,
2149 1556 2228 1578 cum

1234 1596 1298 1628 ait:
1331 1594 1376 1629 Ut
1399 1595 1586 1639 promissio
1614 1606 1652 1627 ex
1680 1594 1748 1627 fide
1774 1592 1851 1626 Iesu
1872 1590 2006 1627 Christi
2024 1594 2128 1628 detur
2153 1607 2230 1628 cre-

1234 1646 1412 1680 dentibus.
1467 1644 1579 1678 Porro
1596 1646 1681 1678 fides
1699 1645 1893 1678 assentiens
1913 1644 2155 1690 promissioni,
2179 1653 2229 1680 est

1235 1708 1314 1730 vere
1339 1697 1467 1730 fiducia
1497 1696 1779 1737 misericordiae,
1815 1707 1887 1728 non
1925 1702 2063 1729 tantum
2095 1697 2228 1731 noticia

1234 1746 1413 1783 historiae.
1466 1746 1562 1791 Ergo
1581 1754 1714 1781 certum
1740 1754 1790 1780 est
1814 1748 1907 1790 apud
1926 1745 2096 1788 Paulum,
2123 1748 2228 1781 fidem

1234 1799 1431 1842 significare
1455 1799 1620 1832 fiduciam
1657 1798 1922 1832 misericordiae
1951 1805 2096 1843 propter
2121 1797 2228 1833 Chri-

1234 1857 1325 1884 stum
1349 1849 1550 1894 promissae.

1710 1916 1755 1950 11.

1337 1975 1444 2010 Rom.
1463 1975 1497 2010 4.
1516 1976 1652 2021 inquit,
1681 1977 1723 2010 de
1739 1976 1974 2020 promissione
1992 1988 2065 2009 non
2085 1977 2227 2010 dubita-

1234 2028 1285 2062 vit
1303 2028 1518 2068 diffidentia,
1545 2029 1605 2061 sed
1629 2027 1854 2061 confirmatus
1872 2033 1922 2060 est
1936 2027 2014 2060 fide.
2056 2026 2125 2060 Hic
2142 2040 2228 2062 con-

1234 2085 1301 2113 stat
1327 2091 1404 2112 eam
1428 2079 1532 2111 fidem
1561 2079 1827 2122 intelligendam
1858 2089 1952 2118 esse,
1989 2090 2078 2123 quae
2100 2079 2229 2113 nititur

1234 2130 1468 2175 promissione
1492 2137 1525 2163 et
1551 2137 1723 2174 repugnat
1748 2129 1976 2165 dubitationi,
2030 2128 2125 2163 Haec
2154 2142 2227 2164 non

1234 2188 1373 2216 tantum
1407 2187 1456 2214 est
1487 2181 1618 2214 noticia
1652 2178 1837 2220 historiae,
1877 2183 1936 2215 sed
1961 2181 2111 2222 fiducia,
2140 2194 2226 2226 quae

1235 2232 1507 2277 promissionem
1527 2232 1686 2266 intuetur
1704 2238 1736 2265 et
1755 2231 1895 2275 accipit.

1703 2297 1766 2333 ΙΙΙ.

1340 2358 1488 2394 Constat
1506 2358 1657 2393 Paulum
1676 2358 1775 2404 loqui
1792 2370 1864 2392 non
1887 2360 1930 2392 de
1949 2359 2067 2392 ociosa
2084 2360 2225 2398 noticia,

1236 2411 1295 2444 sed
1315 2411 1357 2444 de
1377 2410 1616 2444 consolatione
1635 2410 1791 2453 erigente
1816 2410 1953 2443 animos
1968 2411 2006 2443 in
2024 2412 2226 2456 pavoribus,

1236 2463 1324 2495 sicut
1344 2462 1462 2507 inquit
1479 2460 1630 2496 Roman.
1647 2459 1698 2494 5.:
1730 2459 1911 2494 lustificati
1927 2462 1995 2494 fide
2017 2474 2135 2506 pacem
2162 2459 2226 2494 ha-

1235 2514 1371 2547 bemus.
1426 2512 1531 2547 Item:
1550 2512 1738 2545 Accessum
1757 2509 1927 2545 habemus
1944 2513 2011 2546 fide
2025 2513 2061 2545 in
2078 2513 2224 2555 gratiam

1235 2562 1339 2607 hanc,
1356 2564 1393 2597 id
1410 2571 1477 2602 est,
1495 2575 1573 2597 cum
1593 2565 1811 2597 deterremur
1828 2570 2017 2608 conspectu
2032 2563 2226 2607 indignita-

196 2626 245 2659 ris
260 2622 451 2669 pavoribus
467 2619 718 2659 conscientiae,
747 2618 868 2663 quales
885 2623 967 2651 sunt
982 2616 1018 2649 in
1039 2616 1101 2656 iis,
1124 2614 1186 2659 qui
1236 2615 1281 2649 tis
1299 2622 1454 2656 nostrae,
1480 2626 1707 2658 agnoscamus
1725 2614 1932 2659 promissam
1948 2614 2225 2649 misericordiam

196 2682 304 2720 agunt
328 2671 590 2718 poenitentiam.
645 2669 684 2703 Id
711 2675 887 2703 certamen
915 2668 943 2702 si
964 2667 1043 2713 quis
1066 2665 1185 2700 animo

1237 2673 1380 2711 propter
1394 2664 1593 2707 Christum,
1618 2672 1652 2699 et
1667 2665 1793 2699 fiducia
1813 2663 1918 2699 huius
1943 2666 2148 2699 mediatoris
2168 2678 2226 2700 ac-
