2379 2948
88 79 184 117 1013
502 74 602 111 VIII.

86 162 217 200 Christi
244 173 263 196 a
286 161 432 196 caeteris
455 162 632 196 omnibus.
685 161 755 196 Pro
779 162 953 196 vocabulo
977 169 1081 196 testa-

85 214 197 249 menti
214 213 336 257 lingua
352 212 517 247 Hebraea
533 213 646 248 utitur
661 213 807 247 nomine
824 210 959 254 Berith,
984 214 1081 258 quod

83 265 297 310 generaliter
319 264 492 308 significat
511 271 661 309 pactum.
714 263 762 298 Et
785 265 959 308 interpres
982 263 1080 297 Lati-

82 329 150 351 nus
175 316 334 350 reddidit
360 314 415 349 his
441 315 524 352 trib.
557 315 760 356 vocabulis,
788 315 899 359 pacti,
927 315 1079 348 foederis

84 374 116 402 et
133 367 344 403 testamenti.
387 365 516 400 Graeci
532 373 670 400 tantum
689 364 821 399 habent
836 362 1014 411 διαθήκη,
1039 373 1078 400 ut

82 420 122 452 in
147 416 254 453 Zach.
275 418 422 452 dicitur:
451 416 493 450 In
516 417 686 461 sanguine
703 418 900 451 testamenti
922 418 974 452 tui
990 418 1077 451 edu-

83 482 139 504 ces
157 470 296 504 vinctos
315 470 358 503 de
373 469 462 502 lacu.
497 467 561 502 Est
578 475 693 503 autem
707 468 917 512 generaliter
936 475 1075 512 pactum

82 521 288 566 promissio,
314 520 349 553 id
374 526 424 554 est
448 531 639 553 consensus
664 520 818 554 duorum
839 520 896 553 vel
919 520 1075 564 plurium

82 572 202 606 verbis
230 582 430 617 expressuS‚
463 583 532 615 quo
557 583 592 604 se
619 577 767 617 uterque
791 571 925 615 obligat
949 572 992 605 ad
1011 572 1077 605 ali-

83 623 171 669 quid
194 623 351 656 dandum
374 628 435 655 aut
456 621 675 664 faciendum,
703 630 761 663 ut,
790 620 885 657 Deus
901 623 1076 667 promittit

83 672 251 708 Abrahae
269 685 386 706 semen
411 679 443 706 et
462 679 610 714 terram,
639 680 671 707 et
690 674 823 717 obligat
841 686 918 708 eum
944 675 987 708 ad
1006 674 1076 707 cir-

85 725 354 768 cumcisionem,
378 736 484 769 quam
501 723 654 759 affirmat
678 737 750 759 esse
772 725 1012 759 testimonium
1033 725 1075 758 de

83 775 328 822 promissione.
381 774 547 808 Vicissim
566 777 742 820 promittit
756 774 938 810 Abraham
956 789 989 810 se
1007 776 1075 810 cir-

83 827 334 861 cumcisionem
355 833 577 871 recepturum
604 839 695 869 esse,
722 835 755 862 et
778 828 990 862 traditurum
1011 841 1075 872 po—

83 876 183 911 steris
218 889 290 911 una
327 889 407 910 cum
440 878 686 922 promissionis
721 879 994 923 propagatione,
1036 885 1075 912 ut

82 935 274 972 agnoscant
299 940 422 962 verum
450 927 564 962 Deum
589 936 624 964 et
640 930 851 974 promissum
868 930 1075 966 Dominum,

82 978 181 1013 Idem
209 986 348 1024 pactum
378 980 540 1014 nominat
570 981 700 1014 latinus
730 982 905 1026 interpres
938 982 1074 1022 foedus,

82 1042 172 1076 quae
197 1031 385 1075 appellatio
408 1031 551 1075 proprie
575 1033 618 1065 ad
645 1039 742 1077 pacta
766 1033 892 1065 bellica
911 1033 1076 1077 pertinet,

81 1081 201 1116 Latini
220 1089 353 1115 veteres
369 1082 567 1117 derivatum
587 1095 659 1116 esse
677 1084 801 1117 dicunt
817 1095 835 1116 a
856 1084 934 1118 fide.

179 1132 401 1166 Vocabulum
418 1134 618 1167 testamenti
635 1135 744 1168 latina
758 1135 975 1168 consuetudo
991 1146 1075 1178 pro-

82 1184 159 1228 prie
183 1184 427 1217 accommodat
444 1186 485 1217 ad
511 1182 693 1218 honestam
711 1186 972 1219 ordinationem
998 1197 1075 1217 mo—

84 1234 209 1275 rituri,
235 1235 273 1267 in
297 1247 365 1280 qua
390 1232 511 1268 haeres
535 1235 750 1274 instituitur,
780 1244 812 1270 et
834 1237 945 1279 legata
973 1236 1076 1269 certis

83 1283 259 1319 hominib.
284 1286 530 1320 attribuuntur
563 1294 594 1320 et
625 1288 757 1320 dantur
779 1294 871 1320 certa
896 1288 1075 1321 mandata.

84 1335 211 1370 Graeci
229 1343 383 1371 utuntur
407 1337 580 1370 vocabulo
603 1334 779 1383 διαθήκη.
834 1336 880 1371 Et
904 1338 1014 1382 Epist.
1032 1338 1073 1370 ad

82 1387 174 1421 Heh.
198 1393 298 1431 urget
332 1385 536 1431 emphasin,
570 1390 665 1433 quod
690 1396 803 1422 morte
829 1389 1074 1421 confirmatum

82 1439 126 1473 sit
143 1445 389 1472 testamentum
413 1438 478 1471 filii
493 1437 577 1479 Dei,
604 1438 847 1473 Consideratis
872 1439 980 1482 igitur
995 1439 1075 1471 son-

81 1490 177 1524 tibus
203 1490 477 1530 vocabulorum‚
512 1490 705 1533 cogitemus
736 1491 821 1536 quid
849 1490 1077 1534 significetur,

83 1553 162 1575 cum
183 1541 389 1574 nominatur
407 1547 507 1574 vetus
526 1548 558 1574 et
576 1554 708 1575 novum
727 1548 984 1575 testamentum.

188 1590 298 1625 Vetus
327 1599 576 1626 testamentum
608 1600 658 1626 est
685 1599 784 1627 vetus
811 1600 971 1637 pactum,
1004 1605 1075 1637 quo

83 1642 180 1677 Deus
197 1643 330 1687 obligat
353 1655 387 1676 se
411 1643 543 1688 populo
571 1644 613 1676 ad
638 1645 790 1677 dandam
810 1650 940 1677 certam
958 1644 1075 1677 sedem

84 1702 117 1729 et
133 1694 313 1739 politiam,
341 1694 378 1726 in
395 1706 462 1739 qua
479 1701 596 1727 tamen
620 1695 703 1728 velit
721 1695 883 1738 colligere
898 1702 1075 1728 aeternam

82 1744 294 1779 Ecclesiam:
330 1753 363 1779 et
387 1745 540 1778 vicissim
569 1745 701 1789 obligat
733 1743 824 1779 lianc
846 1746 1007 1789 politiam
1033 1746 1075 1778 ad

85 1797 171 1839 legis
197 1797 438 1830 obedientiam
469 1804 501 1830 et
524 1798 827 1830 conservationem
845 1797 1026 1831 doctrinae
1045 1803 1077 1830 et

84 1847 331 1893 promissionis
347 1847 382 1881 in
400 1859 460 1881 sua
478 1848 612 1892 politia.
665 1848 805 1881 Novum
829 1855 1075 1882 testamentum

85 1906 135 1933 est
156 1911 268 1932 novae
291 1906 323 1933 et
346 1906 507 1933 aeternae
534 1899 693 1933 iusticiae
717 1906 749 1933 et
773 1899 865 1932 vitae
889 1899 1075 1943 promissio

85 1958 228 1995 propter
239 1949 371 1984 Filium
390 1951 614 1990 morientem,
640 1951 677 1983 in
696 1963 763 1996 qua
776 1951 875 1984 Deus
894 1962 929 1984 se
944 1951 1078 1993 obligat

86 2002 188 2035 nobis
209 2003 250 2034 ad
270 2003 424 2035 dandam
451 2002 694 2035 remissionem
723 2008 944 2046 peccatorum
972 2009 1004 2035 et
1022 2013 1076 2034 re-

87 2053 393 2094 conciliationem,
423 2053 598 2086 insticiam
630 2060 661 2087 et
683 2053 792 2086 vitam
820 2060 1017 2092 aeternam,
1045 2059 1078 2085 et

88 2103 238 2137 vicissim
269 2116 334 2137 nos
363 2104 496 2147 obligat
522 2105 565 2137 ad
599 2106 815 2138 credendum
848 2103 1077 2148 promissioni

87 2166 177 2201 quae
200 2155 349 2197 gratuita
367 2163 433 2196 est,
462 2156 497 2189 id
522 2162 588 2197 est,
616 2162 753 2190 tantum
782 2162 926 2200 propter
944 2154 1077 2188 Filium

87 2208 208 2246 datur,
234 2217 306 2239 non
325 2214 469 2250 propter
492 2207 613 2250 legem.

191 2255 323 2290 Addita
343 2264 457 2291 autern
479 2265 561 2291 sunt
585 2259 683 2302 signa
709 2270 822 2291 novae
837 2256 1077 2303 promissioni,

89 2320 177 2354 quae
195 2320 268 2342 non
286 2314 368 2341 sunt
385 2309 505 2342 merita
522 2321 582 2343 seu
602 2310 757 2354 precium
769 2337 777 2350 ‚
805 2310 865 2342 sed
884 2315 965 2342 sunt
980 2308 1077 2342 testi-

88 2360 206 2394 monia
246 2360 289 2393 de
331 2359 583 2403 promissione,
625 2361 716 2394 sicut
753 2360 879 2394 Petrus
917 2360 1079 2393 nominat

88 2411 302 2456 baptismum
326 2410 591 2454 stipulationem
614 2412 728 2445 bonae
747 2412 982 2445 conscientiae
999 2422 1078 2454 erga

89 2461 216 2496 Deum.
258 2461 305 2496 Ut
323 2462 416 2495 enim
434 2462 471 2494 in
491 2462 717 2506 stipulatione
732 2463 961 2506 interrogatio
979 2474 1078 2507 prae-

89 2514 180 2547 cedit
200 2513 488 2558 promissionem,
514 2519 550 2546 ut
577 2513 621 2546 sit
645 2515 754 2556 magis
780 2515 961 2559 perspicua
987 2525 1079 2546 asse-

88 2566 240 2606 veratio,
266 2563 376 2597 Visne
400 2562 487 2596 mihi
512 2576 575 2608 pro
596 2566 755 2598 mercede
773 2563 835 2598 has
851 2577 905 2598 res
920 2564 1078 2609 Lipsiam

90 2615 340 2650 transvehere?
375 2616 467 2649 volo.
522 2616 573 2648 Ita
606 2616 643 2648 in
682 2627 747 2649 usu
780 2623 1079 2649 sacramentorum

91 2673 256 2713 tanquam
276 2667 508 2710 interroganti
531 2666 624 2708 Deo,
652 2678 697 2700 an
715 2666 865 2700 velimus
883 2667 1000 2701 oblata
1020 2666 1079 2700 illa

656 74 1059 111 EXPLICATIONES
1088 75 1137 110 IN
1167 74 1369 111 lNlTIUM
1397 76 1704 114 MALACHIAE.

2032 87 2128 122 1014

1134 163 1229 196 bona
1251 163 1406 207 accipere
1431 170 1464 197 et
1488 164 1519 197 ei
1543 166 1706 199 credere?
1747 169 2016 211 respondemus:
2050 171 2123 205 Nos

1133 214 1224 247 velle
1241 215 1382 247 credere
1396 212 1608 259 Evangelio,
1635 224 1669 251 et
1694 215 1789 252 hunc
1806 217 1920 253 Deum
1945 221 2121 263 invocare,

1133 265 1194 310 qui
1210 276 1245 298 se
1263 265 1425 309 patefecit
1441 267 1545 299 misso
1564 266 1668 303 Filio.
1722 267 1790 303 Hic
1812 270 1885 318 ipse
1902 283 1984 305 usus
2008 285 2122 306 sacra-

1131 317 1244 350 menti
1279 323 1330 350 est
1355 317 1451 350 velut
1485 317 1684 362 stipulatio:
1721 327 1754 354 et
1790 322 1870 355 talis
1909 326 2120 359 asseveratio

1131 379 1210 401 cum
1225 380 1299 401 non
1317 374 1367 401 est
1384 368 1565 407 simulata,
1594 377 1644 404 est
1659 383 1725 404 vox
1743 372 1835 409 fidei.

1231 433 1327 468 Hinc
1349 434 1501 478 intelligi
1531 442 1644 480 potest
1670 438 1708 470 in
1732 450 1797 472 usu
1822 449 2122 477 sacramentorum

1129 487 1235 519 sidem
1274 498 1346 519 esse
1389 487 1630 521 necessariam.
1697 488 1836 523 Nomen
1883 492 2122 536 stipulationis

1130 538 1234 571 etiam
1251 537 1384 571 indicat
1400 545 1492 572 recte
1510 537 1579 571 dici
1601 551 1703 572 usum
1726 550 2026 577 sacramentorum
2048 557 2121 578 esse

1129 589 1402 634 applicationem
1428 589 1673 632 promissionis
1697 592 1740 623 ad
1768 604 1851 633 nos,
1885 605 1923 626 ac
1949 595 2120 637 siguificat

1129 639 1244 674 Deum
1276 640 1379 673 nobis
1403 640 1538 684 aliquid
1568 638 1735 674 exhibere
1766 649 1934 688 tanquam
1969 645 2122 680 interro-

1128 698 1283 735 gantem:
1322 690 1489 725 Credisne
1507 691 1572 724 tibi
1593 689 1677 725 haec
1694 693 1787 726 bona
1808 692 1967 727 exhiberi
1985 708 2002 729 a
2022 695 2122 730 Deo?

1127 742 1242 776 Credo
1260 750 1291 777 et
1316 754 1465 785 agnosco
1484 749 1516 775 te
1536 755 1658 776 verum
1681 755 1754 777 esse
1770 744 1903 785 Deum,
1931 752 1962 779 te
1985 747 2121 781 invoco.

1231 810 1296 843 His
1307 810 1548 844 fundamentis
1558 810 1868 855 cognitisintelligi
1887 816 2122 859 potestreipsa

1128 857 1319 895 discrimen
1354 873 1425 894 esse
1458 861 1552 894 inter
1582 862 1791 896 sacrificium
1821 871 1853 897 et
1881 864 1998 907 signa,
2033 879 2121 911 quae

1127 913 1268 957 proprie
1286 912 1518 946 nominantur
1536 911 1774 948 Sacramenta.
1818 914 1908 947 Nam
1928 927 1989 959 per
2007 928 2120 950 sacra-

1126 971 1242 997 menta
1261 963 1356 998 Deus
1374 964 1476 997 nohis
1492 961 1632 997 exhibet
1650 971 1682 997 et
1698 966 1849 1009 applicat
1873 977 1951 999 suas
1969 969 2119 1010 promis-

1128 1016 1261 1056 siones,
1285 1022 1323 1048 ut
1343 1027 1404 1059 per
1420 1015 1634 1058 baptismum
1658 1016 1783 1060 recipit
1808 1014 2001 1052 hominem.
2056 1019 2120 1053 Sa-

1128 1067 1256 1099 crificia
1278 1079 1361 1099 vero
1384 1073 1466 1099 sunt
1489 1078 1613 1109 opera,
1640 1078 1729 1111 quae
1754 1080 1817 1101 nos
1836 1066 1910 1101 Deo
1929 1069 2120 1108 reddimus,

1128 1124 1166 1150 ut
1184 1130 1263 1150 eum
1280 1115 1415 1150 honore
1432 1117 1643 1157 afficiamus,
1672 1117 1708 1150 id
1726 1125 1793 1159 est,
1821 1125 1858 1152 ut
1875 1126 2042 1154 testemur
2057 1133 2121 1154 nos

1127 1169 1257 1201 sentire
1284 1166 1379 1201 hunc
1399 1180 1479 1201 vere
1500 1180 1572 1200 esse
1596 1166 1709 1201 Deum
1737 1182 1840 1214 quem
1859 1170 2064 1204 invocamus
2088 1179 2122 1206 et

1128 1219 1183 1252 cui
1202 1217 1292 1252 hanc
1318 1218 1557 1252 obedientiam
1577 1225 1810 1262 praestamus,
1838 1228 1876 1254 ut
1900 1222 2037 1255 castitas
2064 1222 2120 1256 10-

1127 1268 1213 1314 seph
1237 1277 1285 1303 cst
1308 1270 1537 1310 sacrificium,
1567 1271 1648 1313 quia
1665 1269 1741 1303 Deo
1767 1269 1858 1305 hanc
1882 1272 2120 1306 obedientiam

1127 1328 1296 1364 praestat,
1324 1328 1355 1354 et
1375 1320 1529 1354 ostendit
1545 1318 1661 1353 Deum
1678 1333 1781 1365 quem
1799 1322 1873 1365 ipse
1889 1324 1989 1363 colit,
2017 1325 2119 1358 talem

1130 1383 1221 1411 esse,
1256 1372 1318 1416 qui
1351 1372 1436 1405 velit
1471 1371 1663 1404 castitatem
1697 1378 1730 1405 et
1760 1369 1852 1406 hanc
1882 1373 2120 1408 obedientiam

1126 1423 1291 1466 postulet.

1230 1479 1320 1515 Cum
1344 1486 1460 1513 autem
1484 1480 1520 1513 in
1548 1481 1662 1514 verbis
1687 1493 1815 1514 coenae
1834 1482 1989 1517 dicaturt
2017 1482 2121 1518 Acci-

1126 1533 1217 1577 pite,
1246 1530 1303 1564 hic
1326 1538 1375 1565 est
1400 1532 1542 1575 sanguis
1565 1544 1662 1565 meus
1688 1533 1771 1565 novi
1797 1535 2015 1576 testamenti,
2044 1548 2122 1579 per-

1127 1584 1288 1628 spicuum
1315 1590 1365 1616 est
1395 1580 1449 1616 his
1477 1583 1592 1616 verbis
1623 1583 1744 1616 osserri
1778 1596 1831 1617 res
1858 1586 2047 1628 promissas
2084 1588 2120 1620 in

1128 1647 1221 1668 novo
1246 1640 1471 1674 testamento,
1500 1646 1578 1667 cum
1606 1641 1638 1668 et
1664 1636 1758 1668 dicat
1783 1635 1877 1668 velut
1906 1636 1942 1669 in
1975 1638 2122 1682 stipula-

1128 1687 1224 1720 tione
1242 1686 1398 1730 accipite,
1424 1691 1456 1718 et
1474 1685 1691 1718 mentionem
1710 1686 1813 1718 faciat
1831 1688 1914 1719 novi
1934 1695 2118 1722 testamen-

1127 1738 1173 1778 ti,
1206 1738 1300 1782 quod
1332 1743 1381 1770 est
1414 1736 1600 1780 promissio
1633 1737 1850 1770 remissionis
1888 1746 2122 1781 peccatorum,

1128 1787 1428 1821 reconciliationis
1459 1794 1491 1820 et
1528 1788 1705 1821 bonorum
1740 1795 1976 1823 aeternorum.
2033 1790 2123 1824 Pro—

1128 1839 1249 1872 missio
1268 1845 1384 1872 autem
1412 1838 1514 1871 fidem
1543 1839 1696 1882 postulat
1720 1839 1757 1871 in
1789 1839 1948 1883 singulis.
2003 1840 2122 1884 Quare

1128 1890 1354 1923 manifestum
1379 1896 1426 1922 est
1451 1901 1525 1922 eam
1551 1890 1823 1934 applicationem
1855 1903 1928 1924 non
1960 1891 2032 1924 fieri
2058 1906 2121 1937 pro

1128 1941 1224 1980 aliis,
1253 1942 1311 1973 sed
1331 1947 1467 1974 tantum
1485 1940 1558 1973 fieri
1574 1941 1844 1984 applicationem
1860 1943 2032 1983 sumenti,
2061 1944 2120 1988 qui

1129 2003 1322 2026 conversus
1341 1992 1407 2024 fide
1432 1991 1566 2034 accipit.
1623 1991 1674 2025 Ita
1697 1992 1828 2026 sumtio
1855 1994 1998 2036 proprie
2016 1992 2121 2028 habet

1128 2044 1302 2077 rationem
1336 2043 1543 2075 sacramenti
1583 2043 1621 2075 in
1661 2040 1715 2075 his
1755 2044 1816 2088 qui
1857 2052 2002 2078 sumunt
2041 2046 2120 2080 fide.

1128 2094 1253 2128 Postea
1278 2106 1400 2127 verum
1427 2100 1477 2127 est
1501 2093 1608 2127 simul
1633 2095 1795 2127 accedere
1827 2102 1989 2138 oportere
2020 2097 2121 2129 invo-

1129 2146 1301 2179 cationem
1319 2152 1351 2178 et
1369 2145 1560 2188 gratiarum
1577 2145 1762 2180 actionem.
1798 2144 1894 2179 Haec
1911 2158 2014 2190 opera
2033 2160 2122 2192 quae

1129 2197 1299 2230 accedunt
1328 2203 1409 2230 sunt
1442 2196 1611 2229 sacrificia
1644 2194 1880 2243 εὐχαρισῖικά
1911 2209 1971 2230 seu
1997 2198 2123 2240 laudis,

1128 2255 1167 2282 ut
1183 2247 1343 2282 Psalmus
1363 2253 1475 2281 vocat.

1230 2306 1292 2341 Est
1309 2313 1342 2340 et
1358 2304 1424 2340 hoc
1441 2307 1642 2347 sciendum,
1667 2307 1807 2340 nullum
1830 2318 1917 2351 opus
1938 2315 2119 2341 externum

1129 2359 1265 2404 placere
1291 2357 1366 2392 Deo
1391 2371 1431 2392 ex
1455 2369 1560 2401 opere
1586 2365 1748 2401 operato,
1776 2358 1812 2390 id
1837 2365 1904 2398 est,
1932 2359 2006 2391 sine
2030 2359 2120 2392 inte-

1130 2410 1285 2443 rioribus
1310 2410 1481 2449 motibus‚
1509 2420 1591 2441 vero
1616 2408 1742 2441 timore
1768 2408 1851 2449 Dei,
1879 2421 1959 2441 vera
1984 2410 2050 2443 fide
2069 2411 2121 2443 fa-

1130 2462 1243 2495 ciente
1275 2472 1363 2502 opus
1394 2461 1430 2492 in
1461 2459 1640 2502 agnitione
1664 2458 1729 2492 Dei
1765 2466 1907 2503 propter
1929 2459 2063 2503 Deum,
2089 2469 2123 2495 et

1131 2513 1257 2545 fiducia
1275 2511 1379 2552 Filii,
1411 2511 1499 2544 sicut
1515 2510 1684 2553 scriptum
1710 2517 1776 2543 est:
1807 2509 1889 2543 Veri
1919 2512 2123 2546 adoratores

1130 2564 1331 2597 adorabunt
1356 2569 1488 2605 patrem
1514 2561 1550 2593 in
1575 2560 1710 2605 Spiritu
1736 2568 1767 2594 et
1796 2562 1961 2603 veritate,
1996 2563 2030 2595 id
2064 2571 2123 2604 est,

1132 2614 1307 2659 spirituali
1342 2620 1440 2646 motu
1463 2619 1496 2645 et
1522 2624 1602 2644 vera
1629 2612 1809 2655 agnitione
1833 2612 1899 2645 Dei
1926 2613 2019 2647 iuxta
2046 2627 2123 2647 ver—

1132 2667 1216 2699 bum
1238 2664 1420 2698 traditum.
1475 2663 1533 2698 Sic
1556 2669 1588 2696 et
1606 2662 1737 2697 Paulus
1762 2663 1857 2698 iubet
1876 2664 2002 2698 offerre
2027 2667 2124 2713 2071-

1562 2711 1644 2749 64*
