2379 2948
212 87 304 123 1411

210 171 392 212 salutaris,
420 172 455 205 id
474 178 543 211 est,
572 170 687 214 portio
709 168 894 213 praecipue
912 170 1125 213 expetenda,
1143 176 1196 203 at—

210 235 277 268 que
311 223 357 256 ita
386 223 475 256 calix
505 221 714 264 generaliter
738 221 781 252 de
803 220 895 253 bona
919 221 1083 264 portione
1108 220 1199 254 acci-

210 274 362 318 piendus
378 274 454 307 erit.
509 271 581 305 Atii
601 272 805 304 discernunt
832 278 1024 313 commata,
1052 278 1085 305 et
1113 273 1201 304 duas

211 337 266 358 res
292 323 481 367 significari
513 323 655 356 volunt:
706 321 848 355 calicem
875 322 1080 366 intelligunt
1110 322 1201 355 affli-

213 376 357 409 ctiones,
410 373 482 407 Nec
499 374 589 406 male
605 371 794 406 cohaerent
815 373 861 406 ita
878 374 1005 406 caeteri
1026 373 1202 406 versiculi.

213 426 310 468 Quid
329 422 500 458 reddam?
527 424 718 458 Sustinebo
734 424 869 466 ingenti
892 425 1012 458 animo
1038 424 1202 458 afflictio-

212 488 290 516 nes,
318 487 392 508 non
420 476 597 518 defugiam
624 475 815 508 certamina
837 482 871 509 et
897 475 1071 519 pericula,
1107 482 1140 509 et
1167 475 1203 507 in

213 525 269 560 his
287 527 460 560 invocabo
477 525 610 565 Deum,
638 538 677 560 ac
700 527 901 570 propagabo
928 538 1045 559 veram
1071 527 1204 560 doctri-

214 589 308 614 nam.

267 677 370 716 Psota
395 691 474 712 mea
497 677 665 713 Domino
688 676 840 712 reddam
868 690 991 712 coram
1016 677 1119 712 omni
1141 691 1207 726 po-

316 729 407 778 pulo
423 729 512 766 eius,

267 795 440 831 Preciosa
458 796 497 829 in
514 800 698 844 conspectu
722 795 899 837 Domini,
927 808 1026 829 mors
1051 794 1208 830 Sancto-

321 860 399 881 rum
423 859 509 882 elztS.

319 933 451 967 Iterum
483 932 670 979 coniungit
701 933 957 966 confessionem
993 940 1027 967 et
1059 945 1208 967 crucem.

221 982 323 1021 Vola
349 981 501 1017 reddam
526 981 713 1027 Domino,
741 984 776 1016 id
800 991 872 1025 est,
900 985 1033 1017 cultum
1050 983 1126 1018 Deo
1147 986 1209 1018 de-

218 1037 346 1070 bitum.
399 1034 490 1067 Natu
518 1042 599 1068 vota
624 1035 834 1078 generaliter
857 1036 1055 1079 significant
1079 1037 1208 1079 gratia-

219 1099 298 1121 rum
318 1086 512 1126 actionem,
539 1098 628 1130 quae
653 1086 898 1130 complectitur
921 1098 1044 1119 omnes
1060 1088 1210 1128 debitos,

220 1139 256 1171 id
281 1145 349 1181 est,
383 1149 484 1170 veros
510 1137 635 1171 cultus.
699 1136 986 1178 Invocationem,
1018 1138 1209 1172 confessio-

221 1201 320 1229 nem,
355 1188 647 1235 propagationem
675 1188 876 1229 doctrinae,
907 1188 1146 1223 obedientiam
1172 1190 1209 1222 in

222 1239 491 1278 afflictionibus,
519 1239 557 1271 in
575 1239 803 1273 confessione.
856 1239 924 1273 Hic
941 1252 1030 1284 opus
1055 1248 1106 1274 est
1129 1252 1210 1273 san-

222 1291 286 1324 ctis
317 1290 570 1324 consolatione.
633 1289 717 1324 Ideo
747 1290 921 1336 sequitur:
964 1287 1137 1325 Preciosa
1171 1290 1209 1324 in

224 1346 409 1389 conspectu
426 1339 605 1380 Domini,
628 1353 726 1374 mors
740 1346 951 1376 sanctorum
968 1340 1057 1378 eius.

325 1392 403 1426 Hoc
431 1399 482 1426 est
504 1393 681 1436 egregium
704 1393 858 1434 dictum,
891 1393 987 1438 quod
1019 1394 1063 1426 de
1090 1393 1211 1427 multis

225 1445 360 1487 magnis
376 1444 480 1476 rebus
496 1454 560 1476 nos
576 1445 686 1477 docet.
741 1442 902 1477 Primum
918 1451 1065 1477 testatur
1086 1442 1210 1478 Eccle—

225 1497 310 1529 siam
343 1493 409 1527 Dei
442 1494 633 1527 subiectam
671 1506 742 1527 esse
764 1494 859 1527 cruci
892 1501 924 1527 et
949 1494 1211 1534 afflictionibus,

226 1544 595 1579 discernitEcclesiam
614 1545 657 1578 ab
677 1544 833 1592 imperiis
849 1546 974 1578 mundi
992 1552 1025 1579 et
1041 1547 1213 1590 tyrannis,

227 1597 326 1642 quasi
351 1596 460 1636 dicat,
494 1596 747 1638 grassabuntur
768 1596 912 1640 tyranni
942 1603 973 1629 et
998 1596 1147 1640 imperia
1175 1598 1212 1630 in

226 1647 419 1681 Ecclesiam
433 1673 441 1686 ,
465 1658 553 1691 quae
575 1647 642 1680 erit
664 1647 786 1690 exigua
806 1654 838 1680 et
860 1646 1066 1687 imbecillis,
1094 1647 1213 1682 Sancti

228 1698 503 1738 interficientur,
529 1696 648 1731 Erunt
678 1698 824 1742 imperia
852 1705 884 1732 et
906 1709 990 1742 opes
1011 1709 1118 1742 penes
1148 1700 1215 1732 im-

227 1751 315 1794 pios.
367 1748 437 1782 Sed
454 1746 516 1781 hac
533 1760 569 1781 re
585 1749 699 1792 frangi
715 1761 788 1782 non
805 1749 908 1783 debet
928 1748 1084 1782 Ecclesia
1097 1777 1106 1790 ,
1131 1751 1215 1796 quia

228 1801 332 1834 etiam
356 1799 510 1832 moriens
534 1798 609 1832 Deo
642 1812 745 1833 curae
779 1807 838 1833 est.
892 1799 966 1833 Imo
1001 1801 1104 1833 etiam
1131 1799 1215 1835 haec

229 1863 325 1885 mors
341 1851 497 1894 preciosa
521 1857 570 1883 est
586 1863 702 1884 coram
721 1850 815 1895 Deo,
844 1852 881 1883 id
898 1858 965 1891 est,
993 1849 1089 1884 Deus
1117 1853 1213 1886 iudi-

230 1909 283 1936 cat
312 1899 379 1934 hoc
409 1901 564 1935 officium
595 1902 809 1945 singularem
833 1910 865 1936 et
888 1902 1058 1935 eximium
1082 1903 1214 1937 cultum

231 1964 323 1992 esse,
346 1959 386 1986 ut
401 1958 520 1996 postea
537 1953 678 1987 dicitur.

333 2002 516 2041 Secundo,
545 2001 601 2036 hic
624 2004 722 2036 locus
747 2010 796 2037 est
821 2005 959 2038 illustre
974 2005 1214 2039 testimonium

231 2056 274 2088 de
300 2055 370 2087 vita
395 2055 514 2087 futura
538 2061 616 2098 post
639 2062 789 2088 mortem
816 2056 994 2099 corporis,
1030 2057 1111 2101 quia
1135 2069 1214 2089 cum

232 2118 327 2140 mors
351 2115 550 2138 sanctorum
573 2105 616 2139 sit
638 2106 795 2149 preciosa
818 2119 934 2139 coram
953 2107 1049 2148 Deo,
1077 2119 1215 2141 necesse

233 2164 282 2191 est
305 2163 444 2190 sanctos
468 2156 505 2188 in
528 2163 640 2190 morte
656 2156 732 2190 Deo
748 2169 851 2190 curae
870 2169 960 2198 esse,
987 2171 1051 2191 nec
1075 2159 1216 2202 penitus

234 2207 404 2242 extinctos
426 2219 511 2240 esse.
566 2207 662 2250 Quid
688 2208 774 2241 boni
797 2209 950 2242 adferret
976 2209 1025 2242 eis
1045 2222 1158 2248 mors,
1186 2210 1215 2243 si

232 2270 376 2304 prorsus
398 2259 583 2292 interirent
607 2266 639 2292 et
666 2271 739 2292 non
762 2260 930 2293 revicturi
949 2267 1072 2293 essent.
1123 2260 1215 2294 Fru-

229 2318 298 2344 stra
315 2310 490 2343 diceretur
506 2322 601 2343 mors
619 2311 773 2353 preciosa
790 2322 872 2352 esse,
900 2323 972 2344 esse
990 2312 1020 2344 si
1036 2311 1120 2355 ipsis
1137 2324 1215 2345 mo-

231 2361 404 2395 rientibus
422 2358 513 2393 nihil
532 2362 709 2395 accederet
730 2362 823 2395 boni.

330 2411 469 2444 Deinde
485 2412 589 2445 etiam
607 2413 848 2447 testimonium
867 2421 916 2447 est
933 2414 975 2446 de
993 2414 1125 2447 iudicio
1137 2421 1216 2461 post
1240 2429 1242 2436 2

230 2459 320 2495 lianc
344 2463 469 2502 vitam,
497 2464 577 2507 quia
603 2464 696 2496 enim
722 2477 816 2497 mors
841 2472 1043 2498 sanctorum
1067 2472 1116 2498 est
1135 2478 1215 2509 pre-

230 2513 339 2553 ciosa,
366 2514 532 2547 discernit
548 2513 644 2548 Deus
660 2516 697 2548 in
715 2523 826 2549 morte
850 2522 988 2549 sanctos
1011 2529 1029 2550 a
1053 2516 1214 2561 tyrannis

227 2571 260 2597 et
283 2564 411 2607 impiis.
463 2564 674 2600 Sanctorum
700 2579 795 2600 mors
819 2574 869 2600 est
894 2569 1066 2611 preciosa,
1093 2568 1129 2600 id
1153 2575 1213 2605 est,

226 2615 337 2648 sancti
363 2615 398 2647 in
421 2623 532 2648 morte
555 2619 779 2651 ornabuntur
803 2618 929 2661 gioria:
967 2631 1048 2662 ergo
1070 2619 1213 2663 tyranni

225 2665 360 2700 dabunt
384 2676 523 2710 poenas.
586 2669 788 2712 Diligenter
821 2670 928 2712 igitur
961 2667 1028 2703 hoc
1054 2671 1212 2704 testimo-

808 83 931 120 PHlL.
961 81 1076 118 MEL.
1102 82 1312 118 SCRIPTA
1338 81 1637 119 EXEGETICA.

2138 81 2238 117 1412

1249 169 1348 202 nium
1371 168 1557 212 infigamus
1583 167 1732 209 animis,
1758 174 1798 202 ut
1821 167 2004 201 confirmet
2027 167 2237 201 sententiam

1251 221 1293 253 de
1319 220 1389 253 vita
1418 220 1558 261 futura,
1591 226 1624 252 et
1648 220 1838 253 admoneat
1867 229 1932 251 nos
1962 218 2006 251 de
2037 218 2156 251 futuro
2179 218 2238 251 iu·

1252 271 1357 304 dicio.

1354 337 1477 373 Tertio
1501 339 1668 384 proponit
1693 338 1931 372 dulcissimam
1962 337 2242 371 consolationem

1253 390 1291 423 in
1316 401 1460 433 genere,
1487 391 1529 424 de
1555 397 1688 431 morte,
1723 398 1757 425 et
1787 390 1955 423 omnibus
1987 388 2241 422 afflictionibus

1253 447 1467 475 sanctorum.
1518 440 1599 475 Non
1624 442 1739 475 solum
1764 441 1954 484 significat,
1991 451 2064 472 nou
2089 440 2241 472 abiectos

1254 503 1327 525 esse
1349 499 1506 533 sanctos,
1540 499 1600 525 aut
1625 492 1796 526 extinctos
1818 492 1856 524 in
1879 497 2012 531 morte,
2046 491 2104 523 sed
2137 491 2242 524 etiam

1255 541 1322 576 hoc
1347 542 1503 576 officium
1527 543 1606 577 Deo
1630 543 1767 587 placere
1789 549 1822 576 et
1844 554 1917 575 rem
1942 541 2130 584 gloriosam
2158 552 2243 579 esse,

1255 593 1345 627 sicut
1361 593 1492 627 Paulus
1515 593 1633 639 inquit
1658 593 1764 628 Rom.
1780 592 1831 629 5.:
1860 592 2070 627 Gloriamur
2092 592 2128 624 in
2152 591 2244 624 affli-

1256 645 1451 686 ctionibus,
1479 644 1515 677 id
1537 651 1607 685 est,
1634 644 1795 678 ducimus
1818 656 1874 677 eas
1897 656 1969 678 esse
1993 655 2048 676 res
2062 642 2245 685 gloriosas,

1257 694 1332 729 Deo
1358 696 1552 740 placentes,
1579 707 1666 740 quas
1689 694 1785 729 Deus
1807 701 1926 739 postea
1952 694 2094 727 ornabit
2119 693 2245 736 gloria.

1257 745 1354 779 Haec
1380 747 1569 791 sapientia,
1605 753 1644 780 ut
1667 758 1768 789 saepe
1792 746 1924 779 dictum
1948 752 1999 779 est
2025 745 2061 777 in
2085 743 2246 784 Psalmis,

1258 797 1405 831 dissidet
1425 798 1469 831 ab
1494 798 1660 830 omnibus
1682 795 1846 830 humanis
1869 795 2028 837 iudiciis,
2055 802 2088 829 et
2106 801 2247 829 tantum

1258 855 1310 881 est
1325 848 1494 892 sapientia
1511 847 1710 892 Evangelii.
1765 845 1902 881 Omnes
1928 844 2090 880 homines
2112 845 2245 879 iudicio

1259 899 1407 933 rationis
1435 900 1473 932 in
1507 900 1766 933 calamitatibus
1794 898 1975 942 disputant
2006 909 2042 931 se
2071 897 2203 940 negligi
2228 908 2248 929 a

1259 951 1350 991 Deo,
1378 962 1452 983 non
1469 950 1639 991 exaudiri,
1665 962 1739 983 non
1756 949 1945 983 sublevari.
1998 947 2071 981 Nec
2089 948 2162 981 ulla
2181 948 2248 980 do—

1259 1002 1371 1035 ctrina
1388 1009 1438 1035 est
1454 1008 1593 1046 praeter
1610 999 1863 1044 EvangeHum,
1891 1011 1980 1045 quae
2003 999 2166 1032 adfirmet
2190 1009 2248 1031 ca—

1259 1052 1440 1086 lamitosos
1469 1065 1543 1086 non
1576 1064 1648 1085 esse
1681 1052 1835 1086 abiectos
1867 1062 1886 1084 a
1911 1049 2000 1084 Deo.
2054 1048 2138 1083 Ideo
2162 1049 2249 1082 scri-

1260 1110 1359 1148 ptum
1384 1111 1449 1137 est:
1483 1103 1557 1146 Qui
1590 1110 1689 1137 sanat
1717 1102 1886 1136 contritos
1913 1101 2030 1135 corde.
2090 1099 2250 1134 Tantum

1261 1155 1315 1187 illi
1338 1153 1400 1199 qui
1424 1161 1559 1188 norunt
1574 1153 1812 1197 Evangelium
1827 1154 1868 1186 de
1886 1152 1980 1186 Filio
1996 1151 2082 1192 Dei,
2109 1152 2153 1185 de
2169 1162 2250 1195 pec-

1261 1213 1354 1246 cato,
1376 1206 1419 1239 de
1433 1213 1559 1247 morte,
1586 1206 1629 1238 de
1645 1205 1856 1238 liberatione
1873 1216 1890 1237 a
1908 1209 2048 1248 peccato
2066 1209 2099 1236 et
2115 1214 2134 1236 a
2150 1213 2250 1235 mor-

1261 1263 1310 1297 te,
1336 1256 1504 1290 invocant
1528 1264 1562 1290 et
1578 1257 1728 1290 adorant
1744 1253 1840 1289 hunc
1854 1255 1973 1288 Deum
1999 1260 2135 1298 patrem
2160 1253 2251 1286 libe-

1261 1307 1390 1341 ratoris
1413 1308 1524 1341 nostri
1544 1306 1624 1341 Iesu
1642 1304 1795 1346 Christi,
1823 1306 2068 1339 exaudientem
2093 1304 2252 1338 afflictos.

1262 1358 1379 1402 Ignari
1395 1357 1583 1401 Evangelii
1600 1370 1674 1391 non
1692 1364 1839 1402 possunt
1855 1357 2020 1389 invocare
2036 1355 2149 1389 Deum
2161 1382 2170 1395 ‚
2197 1366 2252 1387 sa-

1263 1415 1406 1442 nantem
1425 1410 1614 1450 contritos,
1640 1421 1715 1441 non
1729 1409 1877 1442 credunt
1898 1406 2058 1440 exaudiri
2081 1418 2120 1440 ac
2142 1405 2254 1450 recipi

1263 1460 1421 1495 afflictos.

1369 1526 1487 1569 Quare
1519 1524 1605 1560 haec
1636 1526 1823 1571 peculiaris
1856 1525 2030 1569 sapientia
2064 1521 2253 1567 Evangelii

1266 1579 1433 1612 discenda
1451 1584 1523 1619 est,
1548 1585 1581 1611 et
1599 1579 1792 1622 prudenter
1813 1577 2044 1610 discernenda
2068 1587 2087 1609 a
2110 1575 2253 1609 iudiciis

1267 1627 1451 1669 humanis,
1475 1641 1564 1674 quae
1586 1629 1749 1674 quidem,
1778 1641 1856 1662 cum
1880 1628 1955 1661 sola
1976 1627 2021 1661 sit
2037 1638 2118 1660 vera
2146 1633 2179 1660 et
2193 1626 2254 1659 fir-

1267 1693 1322 1714 ma
1346 1680 1539 1713 consolatio
1564 1680 1724 1725 piorum,
1758 1691 1894 1723 semper
1916 1678 2022 1712 nobis
2044 1678 2083 1711 in
2106 1688 2255 1722 conspe-

1267 1739 1325 1766 ctu
1344 1743 1417 1765 esse
1437 1732 1557 1772 debet,
1582 1743 1720 1776 semper
1736 1729 1801 1764 hac
1817 1729 1978 1763 doctrina
1999 1728 2174 1762 admoniti
2198 1728 2255 1761 di-

1268 1795 1403 1816 scamus
1420 1783 1585 1815 invocare
1605 1782 1718 1816 Deum
1745 1783 1783 1815 in
1801 1781 2072 1821 afflictionibus,
2100 1787 2133 1813 et
2151 1779 2195 1813 ab
2214 1791 2254 1812 eo

1269 1841 1448 1879 expectare
1479 1834 1662 1868 auxilium.
1726 1831 1774 1867 Et
1808 1832 1959 1865 sciamus
1993 1829 2089 1865 hunc
2119 1830 2255 1864 cultum

1269 1885 1454 1930 praecipue
1469 1885 1638 1928 flagitari,
1667 1885 1816 1917 sciamus
1832 1881 1926 1917 hunc
1942 1880 2116 1916 honorem
2133 1880 2209 1914 Deo
2234 1892 2253 1913 a

1269 1937 1341 1970 sola
1361 1934 1517 1969 Ecclesia
1545 1936 1665 1969 tribui.
1720 1934 1837 1968 Facile
1863 1941 1913 1968 est
1936 1940 2053 1966 autem
2071 1932 2255 1975 magnifice

1269 1987 1367 2033 loqui
1386 1988 1429 2020 de
1446 1985 1512 2020 hac
1527 1987 1707 2027 doctrina,
1734 1998 1813 2019 cum
1833 1996 1933 2018 meus
1948 1991 1998 2017 est
2014 1983 2143 2018 ociosa.
2182 1981 2254 2016 Sed

1269 2045 1440 2084 quantum
1473 2038 1680 2071 exercitium
1712 2037 1793 2070 fidei
1827 2037 1887 2076 sit,
1929 2047 2003 2069 non
2033 2033 2255 2077 intelligitur,

1269 2090 1339 2123 nisi
1374 2102 1453 2123 cum
1489 2090 1525 2122 in
1561 2088 1813 2122 afflictionibus
1842 2099 1922 2120 vere
1955 2085 2177 2129 confugimus
2211 2085 2254 2118 ad

1269 2141 1395 2180 Deum,
1423 2147 1454 2174 et
1472 2141 1510 2173 in
1527 2140 1751 2175 invocatione
1768 2139 1871 2171 fidem
1890 2148 2102 2172 exercemus,

1373 2207 1493 2250 Quare
1515 2207 1781 2241 meminerimus
1804 2203 1870 2238 hoe
1896 2205 2045 2238 dictum:
2083 2199 2254 2236 Preciosa

1269 2271 1367 2293 mors
1383 2263 1614 2299 sanctorum,
1636 2257 1818 2291 Preciosae
1839 2256 2061 2296 afflictiones,
2087 2255 2168 2300 quia
2178 2252 2254 2287 Deo

1269 2312 1427 2355 placent,
1454 2317 1486 2344 et
1518 2311 1556 2343 in
1587 2308 1642 2342 his
1675 2308 1770 2342 Deus
1796 2314 1932 2341 exercet
1955 2307 2058 2339 fidem
2086 2312 2253 2344 nostram,

1269 2363 1345 2396 vult
1368 2362 1527 2395 invocari
1555 2368 1587 2394 et
1606 2359 1806 2403 glorificari.
1861 2358 1944 2392 Ideo
1969 2357 2189 2400 adfligimur,
2214 2362 2254 2388 ut

1268 2415 1311 2447 ab
1328 2414 1403 2457 ipso
1423 2413 1592 2446 auxilium
1609 2412 1844 2456 postulemus,
1872 2417 1904 2443 et
1922 2419 2151 2452 agnoscamus
2173 2418 2253 2439 eum

1240 2463 1242 2504 ζ
1269 2465 1372 2498 nobis
1394 2465 1529 2504 adesse,
1563 2470 1596 2496 et
1627 2463 1811 2496 ostendere
1844 2473 1942 2494 suam
1968 2459 2197 2504 praesentiam
2222 2464 2255 2490 et

1268 2516 1482 2560 potentiam,
1509 2527 1588 2548 cum
1605 2513 1817 2547 mirabiliter
1832 2524 1896 2545 nos
1913 2512 2059 2548 liberat,
2085 2509 2174 2541 sicut
2197 2508 2254 2540 in-

1267 2568 1344 2612 quit
1369 2566 1545 2599 Psalmus:
1584 2564 1716 2599 Scitote
1741 2565 1836 2609 quod
1861 2563 2023 2596 mirificat
2049 2560 2148 2593 Deus
2173 2570 2254 2591 san-

1267 2626 1360 2651 ctum
1380 2629 1501 2657 suum,
1527 2618 1561 2650 id
1583 2623 1652 2657 est,
1678 2615 1903 2649 mirabilibus
1929 2612 2043 2645 modis
2070 2611 2196 2644 liberat
2220 2616 2254 2642 et

1265 2677 1390 2705 servat.
1444 2668 1602 2702 Sciamus
1621 2674 1736 2701 autem
1755 2666 1791 2699 in
1810 2663 1864 2699 his
1882 2663 2153 2704 certaminibus,
2179 2672 2254 2695 non

2352 2151 2359 2215 ἐ
