2379 2948
176 108 248 144 427

179 198 265 226 nent
282 203 345 224 nos
363 191 405 223 de
427 189 532 222 altera
559 184 813 230 promissione,
840 195 929 229 quae
955 190 1005 217 est
1027 182 1163 228 praeci-

179 255 258 287 pua.
313 241 396 275 ldeo
423 240 469 282 pii
496 248 630 280 semper
658 235 695 267 in
717 234 1012 279 promissionibus
1040 245 1165 276 corpo-

179 294 307 327 ralium
336 290 607 324 beneficiorum,
643 285 816 329 complexi
843 294 928 320 sunt
961 284 1165 329 promissio-

179 357 258 378 nem
278 341 424 386 gratiae,
454 350 513 370 seu
533 337 845 371 reconciliationis.

278 402 376 443 Quae
392 396 540 430 causae?
583 393 774 428 Obiecturn
795 394 875 428 fidei
893 402 943 428 est
958 393 1165 427 Misericor-

179 455 235 487 dia
269 449 439 495 promissa
474 453 618 491 propter
646 444 846 486 Christum,
882 458 949 490 qna
976 444 1071 478 Deus
1103 453 1166 474 nos

179 501 392 548 pronunciat
406 499 534 538 iustos,
562 509 636 530 non
660 504 805 541 propter
831 497 941 539 legem
967 502 1027 528 aut
1049 493 1166 545 digni-

180 561 284 587 tatem
305 557 461 584 nostram
479 555 539 581 aut
556 560 660 592 opera
681 554 812 590 nostra,
830 549 889 580 sed
907 553 1049 590 propter
1061 544 1167 577 Chri-

180 613 292 643 stum,
319 613 423 647 quem
450 599 565 632 voluit
597 610 669 631 esse
701 600 961 641 redemptorem
994 602 1167 629 nostruin.

180 654 226 690 Et
250 652 333 687 haec
358 650 598 684 misericordia
624 649 823 682 ostenditur
850 648 953 680 nobis
980 647 1018 679 in
1040 645 1170 684 verbo,

180 705 343 738 videlicet
368 704 403 735 in
425 700 619 743 Evangelio
645 711 704 733 seu
732 698 1044 743 promissionibus,
1079 707 1168 741 quae

181 762 299 790 extant
323 754 360 785 in
385 752 590 794 Evangelio.
644 750 731 783 Dixi
755 751 798 783 de
823 750 961 782 obiecto
985 747 1085 788 fidei,
1112 748 1168 779 in·-

181 811 416 841 strumentum
442 815 511 847 quo
527 803 564 834 fit
581 801 618 833 in
643 801 764 841 nobis,
792 806 841 833 est
868 800 982 844 ipsum
1002 798 1169 830 Verbum.

180 857 293 893 Causa
317 854 490 891 efficiens,
518 851 672 895 Spiritus
695 858 854 891 sanctus,
888 851 949 895 qui
973 856 1023 883 est
1049 849 1167 881 efficax

182 920 244 952 per
261 906 439 942 Verbum,
475 911 506 936 et
526 903 675 946 impellit
705 909 858 936 mentem
885 909 917 935 et
945 901 1166 933 voluntatem

181 957 351 992 hominis.
402 953 450 988 Et
477 954 640 986 voluntas
672 953 873 986 adsentiens
908 964 969 985 seu
1005 962 1078 983 non
1114 961 1168 982 re-

181 1019 354 1054 pugnans

285 1066 508 1104 Subiectum,
534 1063 569 1095 in
597 1075 666 1107 quo
693 1060 778 1095 haec
802 1069 992 1105 geruntur,
1020 1067 1071 1094 est
1095 1060 1168 1103 ipsa

183 1118 339 1152 hominis
356 1116 471 1148 anima
485 1141 492 1154 ,
520 1125 618 1145 mens
635 1120 667 1145 et
686 1113 861 1148 voluntas.

284 1174 355 1217 Qui
383 1172 548 1206 effeetus?
611 1169 706 1203 Voco
732 1170 874 1204 effectus
902 1169 1040 1210 omnia,

183 1225 376 1260 necessario
395 1235 510 1256 veram
530 1222 632 1254 fidem
651 1228 860 1266 sequuntur.

1083 1178 1171 1213 quae

284 1283 482 1318 Comitatur
498 1289 614 1315 autem
629 1280 732 1312 fidem
751 1292 791 1312 ex
809 1288 907 1323 pacto
924 1278 991 1312 Dei
1006 1279 1172 1312 iustifica-

185 1340 252 1378 tio‚
279 1336 314 1369 id
340 1342 408 1374 est,
436 1331 677 1366 reconciliatio
701 1343 761 1363 seu
786 1331 972 1374 imputatio
1000 1330 1171 1363 iusticiae.

183 1388 280 1421 Haec
296 1391 410 1430 potest
427 1384 496 1416 dici
513 1382 697 1426 proprium
716 1382 796 1413 fidei
825 1393 887 1414 seu
911 1381 1171 1418 correlativum,

185 1438 268 1484 quia
294 1443 343 1469 est
369 1435 536 1479 quiddam
561 1433 657 1477 quod
683 1432 877 1464 necessario
905 1444 944 1464 ex
969 1438 1068 1474 pacto
1095 1429 1173 1470 Dei,

184 1491 289 1522 fidem
307 1487 494 1519 comitatur
507 1510 515 1524 ‚
543 1482 625 1528 quia
645 1493 718 1514 non
735 1493 919 1525 possumus
937 1482 1039 1514 aliter
1055 1492 1171 1514 assen—

185 1540 245 1574 tiri
268 1535 512 1582 promissioni,
536 1533 603 1566 nisi
628 1533 705 1565 fide.
757 1531 942 1575 Contingit
961 1532 1070 1575 igitur
1091 1543 1171 1575 pro-

187 1591 291 1623 missa
311 1585 572 1624 reconciliatio,
599 1596 671 1616 non
690 1591 831 1626 propter
848 1583 990 1627 aliquod
1010 1589 1170 1615 nostrum

187 1651 295 1685 opuS‚
331 1645 390 1671 aut
414 1643 569 1669 nostram
595 1634 822 1677 dignitatem,
855 1641 915 1666 aut
940 1640 1077 1666 nostras
1101 1633 1171 1664 vir-

186 1698 278 1725 tutes
302 1689 409 1728 ullas,
438 1689 495 1720 sed
523 1693 666 1730 propter
690 1682 889 1724 Christum,
922 1690 953 1717 et
971 1690 1088 1716 tamen
1108 1682 1172 1714 ali—

187 1742 272 1787 quid
290 1751 361 1774 esse
379 1744 535 1783 oportet,
564 1748 633 1781 quo
655 1736 690 1768 id
715 1735 923 1768 beneficium
953 1735 1173 1778 accipiamus.

185 1793 274 1826 Fide
293 1791 400 1833 igitur
416 1788 617 1831 accipimus.
671 1784 791 1827 Quare
815 1798 887 1818 non
915 1785 1057 1819 effectus
1081 1784 1174 1824 fidei,

187 1845 246 1876 sed
268 1841 449 1887 proprium
475 1850 535 1871 scu
553 1837 801 1871 correlativum
819 1844 870 1870 est
887 1837 1086 1869 iustificatio
1100 1859 1108 1873 ‚
1137 1835 1172 1867 id

189 1902 258 1930 est,
291 1890 548 1924 reconciliatio.
610 1888 674 1922 Est
702 1888 807 1921 etiam
834 1888 917 1920 fides
939 1894 1072 1927 motus,
1104 1897 1173 1930 quo

190 1943 358 1987 accipitur
383 1940 539 1984 spiritus.
1200 1950 1202 1963 ι

290 2000 446 2034 Effectus
465 2010 546 2031 vero
564 1997 745 2030 numerari
771 2003 917 2040 possunt
938 1994 1176 2039 tranquillitas
1202 2028 1203 2038 ἶ

192 2061 224 2086 et
249 2052 416 2096 gaudium
437 2049 689 2087 conscientiae,
715 2048 796 2092 quia
815 2048 881 2079 fide
899 2046 1088 2079 vincuntur
1107 2053 1176 2078 ter·
1202 2043 1203 2051 ¹

192 2115 299 2138 rores,
352 2100 457 2134 Hunc
474 2100 635 2132 effectum
656 2104 852 2143 sequuntur
868 2097 1042 2129 invocatio
1066 2103 1098 2129 et
1122 2096 1176 2128 di-

194 2154 313 2191 lectio,
341 2153 422 2197 quia
440 2152 644 2183 invocamus
662 2156 694 2182 et
711 2148 890 2191 diligimus
910 2147 1095 2191 placatum.
1131 2145 1178 2180 Et
1203 2145 1204 2160 ³

193 2206 274 2250 quia
293 2216 378 2236 voco
395 2202 548 2241 effectus,
575 2200 691 2233 omnia
709 2206 802 2232 certo
819 2199 1011 2243 sequentia,
1036 2195 1092 2230 hic
1111 2210 1178 2230 nu-

193 2268 289 2288 mero
308 2255 409 2287 etiam
430 2253 535 2285 vitam
553 2259 741 2284 aeternam.
782 2250 867 2282 ltem
883 2261 1004 2282 omnes
1021 2256 1177 2288 eventus,
1203 2254 1205 2275 ⁴

195 2314 233 2339 ut
248 2303 418 2339 Ezechiae
437 2304 538 2336 fidem
567 2302 725 2347 sequitur
750 2300 925 2333 liberatio.
1203 2281 1206 2333 l

297 2364 395 2406 Quae
413 2362 583 2405 cognata?
636 2363 723 2405 Spes
745 2367 928 2404 expectans
954 2360 1109 2391 suturam
1135 2358 1175 2390 li-

198 2415 434 2454 berationem,
462 2413 662 2452 lnxocatio‚
684 2412 848 2444 Dilectio.

296 2463 501 2506 Pugnantia.
538 2463 725 2497 Simulatio
743 2463 842 2502 fidei,
869 2460 1086 2505 Desperatio,
1113 2458 1178 2492 Pa·
1205 2459 1207 2463 ’

198 2527 262 2547 vor
277 2515 416 2557 impius.

300 2563 390 2597 Cum
414 2561 480 2595 hoc
508 2565 613 2596 modo
636 2576 689 2597 res
712 2564 945 2596 includuntur
969 2561 1070 2594 metis
1087 2560 1179 2597 artis,
1205 2559 1206 2595 l

199 2616 326 2648 certius
342 2610 592 2657 comprehendi
612 2621 766 2657 possunt.
800 2612 846 2647 Et
865 2613 997 2656 singuli
1014 2611 1079 2644 loci
1100 2623 1180 2655 sup-
1204 2601 1206 2650 l

198 2666 355 2709 peditant
382 2666 558 2707 ingentem
589 2665 725 2708 copiam
748 2676 865 2698 rerum
897 2665 935 2696 in
961 2663 1180 2707 explicando.
1204 2661 1207 2711 ᾖ

379 102 586 139 SCRIPTA
615 101 678 135 PH
718 97 831 133 MEL.
861 97 928 132 AD
955 97 1082 132 HIST.
1111 95 1254 134 PROF.
1286 99 1350 134 ET
1381 99 1569 136 PHILOS.
1598 99 1916 138 SPEC'I‘ANTIA.

1200 1910 1201 1924 2
1227 1890 1427 1924 cultatibus.

1230 2093 1341 2126 multo
1360 2094 1470 2135 magis
1489 2093 1671 2125 confirmat
1687 2100 1719 2126 et
1736 2101 1928 2126 conservat.

2119 103 2192 137 428

1217 184 1336 228 Quare
1358 185 1442 220 haec
1466 187 1648 229 diligentia
1680 187 1872 231 plurimum
1904 189 2068 232 prodest,
2100 194 2134 221 et
2158 189 2202 220 ad

1216 236 1424 271 iudicandas
1449 238 1610 271 materias
1632 238 1816 278 obscuras,
1846 245 1880 271 et
1910 239 2204 282 aid-explicandas

1217 296 1321 333 atque
1348 289 1587 321 illustrandas.
1649 287 1720 322 Nec
1748 289 1897 322 dubium
1923 294 1991 328 est,
2032 289 2119 333 quin
2142 289 2204 321 illa

1217 339 1491 373 innumerabilia
1510 341 1669 372 encomia
1688 337 1868 380 methodi,
1898 350 1986 383 quae
2004 346 2085 372 sunt
2108 342 2202 383 apud

1218 388 1401 423 Platonem
1413 416 1421 430 ‚
1449 387 1540 422 hanc
1559 391 1669 434 ipsam
1687 391 1970 423 exercitationem
1989 389 2090 422 uobis
2107 402 2203 422 com-

1218 442 1408 480 mendent,
1452 442 1493 473 ad
1526 439 1587 473 has
1614 448 1724 474 metas
1760 440 1950 474 revocandi
1985 439 2205 484 quaestiones

1219 503 1303 536 quas
1321 491 1529 535 explicaturi
1547 504 1680 524 sumus.

1412 582 1467 615 De
1491 584 1704 616 coniunctis
1732 581 2023 628 quaestionibus.

1313 647 1397 681 Loci
1415 649 1596 681 coniuncti
1613 647 1775 682 thematis
1793 651 1864 682 sere
1883 656 1965 682 sunt
1980 649 2100 688 iidem,
2117 658 2206 692 quos

1221 699 1288 731 iam
1306 700 1479 734 recensui.
1531 699 1620 732 Nam
1640 700 1756 732 omnis
1772 701 1921 733 docendi
1940 700 2029 732 ratio
2047 698 2207 731 consistit

1220 750 1258 782 in
1277 750 1502 790 definitione,
1530 751 1643 783 causis
1660 757 1693 783 et
1711 750 1902 785 effectibus.
1935 749 2124 783 Ducuntur
2140 749 2207 791 igi-

1221 808 1279 835 tur
1296 809 1500 844 argumenta
1521 801 1557 833 in
1579 801 1822 834 confirmando
1840 808 1871 834 et
1889 801 2117 834 confutando.

1374 860 1405 892 A
1426 859 1641 894 definitione.
1900 860 1904 864 ’

1375 912 1406 943 A
1425 911 1547 942 causis.

1376 961 1432 993 Ab
1449 961 1639 996 effectibus.

1376 1012 1407 1045 Α
1427 1013 1597 1056 partibus.

1378 1063 1407 1096 A
1430 1063 1678 1106 pugnantibus.

1325 1120 1372 1154 Hi
1407 1121 1475 1154 loci
1507 1122 1686 1166 praecipui
1719 1129 1801 1155 sunt
1830 1121 1868 1155 in
1902 1122 2044 1164 topicis,
2079 1120 2210 1164 reliqui

1225 1171 1317 1204 enim
1335 1180 1429 1205 extra
1447 1185 1584 1205 causam
1603 1180 1797 1212 versantur,
1824 1180 1855 1206 et
1870 1173 1979 1215 magis
1995 1172 2211 1215 amplifican—

1226 1223 1280 1263 di,
1317 1236 1419 1268 quam
1446 1223 1596 1256 docendi
1621 1236 1722 1257 causa
1751 1221 1978 1257 adhibentur.
2039 1221 2161 1266 ltaque
2183 1221 2212 1253 si

1224 1274 1505 1307 confirmandum
1525 1275 1590 1308 erit
1607 1272 1736 1314 thema,
1762 1276 1855 1319 quod
1874 1286 1946 1307 non
1962 1274 2004 1306 sit
2017 1271 2213 1307 Christiani

1225 1324 1360 1358 iusticia
1395 1325 1571 1358 discedere
1602 1337 1619 1357 a
1643 1325 1888 1365 facultatibus,
1930 1324 2129 1369 quaerenda
2162 1329 2213 1355 est

1225 1375 1385 1408 definitio
1420 1377 1626 1419 praecipuae
1658 1376 1766 1419 partis
1796 1376 1832 1407 iu
1865 1374 1929 1408 hac
1960 1374 2212 1418 propositione,

1225 1426 1406 1476 videlicet,
1431 1427 1514 1471 quid
1533 1427 1575 1459 sit
1593 1424 1796 1459 Christiana
1821 1426 1971 1459 iusticia.
2026 1424 2121 1457 Hinc
2143 1425 2209 1457 du-

1224 1483 1321 1509 cetur
1337 1484 1594 1519 argumentum.

1613 1569 1645 1601 A
1672 1578 1819 1614 genere.

1327 1632 1527 1668 Christiana
1545 1635 1682 1668 iusticia
1699 1642 1747 1668 est
1766 1647 1819 1668 res
1836 1641 2002 1679 perpetua
2022 1635 2058 1667 in
2077 1635 2213 1679 spiritu,

1228 1685 1385 1718 videlicet
1399 1713 1406 1724 ,
1436 1698 1536 1719 nosse
1554 1698 1591 1718 ac
1609 1688 1731 1719 timere
1747 1685 1874 1727 Deum,
1902 1688 2042 1719 credere
2060 1686 2096 1718 in
2107 1683 2214 1719 Chri-

1227 1743 1330 1769 stum.
1364 1735 1551 1769 Discedere
1567 1746 1682 1771 autem
1700 1750 1716 1769 a
1733 1737 1969 1775 facultatibus,
1998 1749 2070 1770 non
2089 1744 2141 1771 est
2158 1748 2213 1769 res

1226 1794 1384 1827 aeterna,
1420 1800 1534 1833 neque
1561 1790 1601 1821 ad
1629 1788 1849 1832 spiritualem
1875 1788 1981 1821 vitam
2007 1788 2211 1821 necessaria.

1230 1839 1339 1880 lgitur
1362 1836 1564 1872 Christiana
1587 1840 1723 1873 iusticia
1746 1851 1819 1872 non
1846 1846 1896 1872 est
1919 1839 2096 1872 discedere
2118 1851 2136 1872 a
2154 1839 2211 1871 sa-

1406 1976 1438 2008 A
1462 1986 1598 2017 causa,
1628 1973 1804 2008 videlicet
1819 1978 2031 2019 praecepto.

1331 2039 1583 2084 Evangelinin,
1620 2054 1692 2075 non
1717 2043 1834 2075 abolet
1860 2054 1914 2075 res
1938 2042 2116 2086 politicas,
2151 2042 2211 2074 sed

1974 2093 2112 2126 Tenere
2129 2102 2213 2136 pro-

1231 2145 1346 2188 prium
1365 2146 1556 2177 necessaria
1576 2156 1629 2176 res
1645 2152 1694 2178 est
1712 2144 1748 2176 in
1773 2144 1904 2188 politia.
1960 2144 2071 2186 Igitur
2094 2141 2215 2176 Evan-

1229 2195 1358 2237 gelinm
1396 2207 1466 2227 non
1508 2195 1677 2239 praecipit
1713 2195 1889 2228 discedere
1926 2207 1945 2228 a
1980 2194 2213 2228 facultatibus.

1229 2245 1463 2288 Evangvlunn
1491 2254 1606 2279 autem
1631 2247 1673 2278 de
1701 2246 1837 2279 iusticia
1854 2244 2054 2279 Christiana
2074 2256 2211 2290 praece-

1232 2297 1299 2340 pit,
1324 2297 1431 2339 igitur
1448 2309 1519 2330 non
1537 2304 1585 2330 est
1610 2296 1747 2329 iusticia
1764 2295 1966 2331 Christiana
1987 2297 2163 2330 discedere
2191 2308 2209 2327 a

1230 2348 1466 2381 facultatibus.

1335 2407 1467 2439 Verum
1485 2405 1576 2439 nihil
1596 2418 1683 2450 opus
1695 2413 1744 2440 est
1762 2419 1823 2450 per
1840 2419 1960 2440 omnes
1973 2407 2067 2439 locos
2083 2406 2214 2448 vagari,

1232 2470 1345 2503 neque
1374 2470 1456 2491 vero
1482 2457 1657 2502 quaelibet
1681 2470 1782 2491 causa
1810 2458 1932 2502 recipit
1960 2468 2082 2490 omnes
2105 2457 2212 2489 locos.

1204 2510 1207 2515 ’
1232 2509 1359 2542 Totam
1383 2517 1496 2541 autem
1518 2507 1607 2541 hanc
1637 2507 1795 2542 methodi
1819 2509 1967 2541 formam
1997 2520 2133 2541 summa
2156 2508 2213 2540 di-

1232 2560 1373 2602 ligentia
1392 2560 1601 2592 tradidimus
1621 2560 1656 2592 in
1677 2560 1875 2593 dialecticis.
1925 2558 2044 2601 Quare
2060 2556 2117 2591 hic
2134 2558 2214 2591 hre-

1231 2612 1320 2643 viter
1339 2617 1475 2643 tantum
1494 2611 1738 2644 admonendus
1761 2610 1827 2643 fuit
1854 2611 1981 2649 lector,
2009 2616 2047 2643 ut
2073 2610 2109 2642 in
2132 2606 2214 2641 rbe-

1230 2662 1348 2694 toricis
1368 2661 1566 2695 meminerit
1589 2674 1689 2705 saepe
1714 2661 1755 2694 ad
1780 2660 1986 2694 dialecticen
2013 2661 2081 2694 sibi
2103 2659 2214 2703 respi-
