2379 2948
239 95 334 129 1107

237 176 408 221 praesidia
422 174 579 218 neglecto
590 171 683 212 Deo,
710 171 798 205 sicut
815 170 957 214 quidam
973 168 1080 205 homo
1096 170 1225 215 impius

236 228 342 261 dixit:
378 225 423 259 Se
452 225 538 270 quid
568 224 716 256 doceant
745 223 901 267 quinque
928 222 1009 255 libri
1033 222 1127 255 Most
1151 234 1224 254 non

236 279 336 317 scire,
364 289 427 309 nec
445 286 578 314 curare,
605 275 663 307 sed
681 274 860 319 quomodo
877 273 1016 306 emendi
1033 274 1102 306 sint
1118 273 1223 317 quin-

237 341 305 374 que
322 328 400 372 pagi
413 353 422 367 ,
449 332 481 359 et
497 325 621 370 quanti
638 337 677 358 ex
694 325 742 358 eis
759 324 892 357 reditus
908 324 1108 368 capiantur,
1134 323 1223 356 scire

237 387 271 413 et
295 389 433 418 curare,
459 388 605 421 eamque
631 375 836 420 sapientiam
862 375 965 418 longe
982 375 1152 408 anteferre
1170 374 1224 406 illi

237 430 335 462 inani
360 427 545 461 doctrinae
570 426 677 461 Mosi.
730 425 779 460 At
802 433 943 459 econtra
962 425 1122 458 Psalmus
1146 437 1224 457 ver-

237 493 277 514 su
299 481 358 514 13.
388 477 479 512 hanc
504 478 766 522 persuasionem
791 484 891 510 vocat
916 477 1125 515 stulticiam,
1161 476 1224 509 etsi

237 532 399 564 laudetur
428 528 512 562 haec
543 529 721 572 persuasio
750 529 794 561 ab
827 540 948 561 eorum
976 527 1225 561 imitatoribus.

236 581 400 626 Denique
424 587 496 613 tota
522 580 633 613 oratio
652 578 781 612 Psalmi
807 580 989 623 perspicua
1009 586 1078 619 est,
1107 578 1134 611 si
1152 590 1226 610 non
1253 588 1255 595 ’

238 634 450 677 depravetur
467 630 610 664 insulsis
627 630 859 663 versionibus.

377 752 707 797 Aryumentum
743 760 796 782 ac
833 748 1092 793 dispositio

605 815 764 856 Psalmi
802 815 856 854 IA-

289 902 409 933 Fortis
427 900 530 933 Deus
547 899 728 932 Dominus
752 898 892 931 locutus
916 901 993 941 est,
1023 902 1061 932 et
1084 902 1227 933 vocavit

288 956 452 993 terram,
480 955 550 984 etc,

342 1026 496 1070 Insignis
517 1025 678 1059 Psalmus
703 1030 771 1065 est,
799 1024 1015 1057 luculentam
1039 1033 1072 1059 et
1094 1028 1229 1071 perspi—

239 1091 339 1112 cuam
365 1078 572 1111 concionem
597 1075 801 1115 continens,
829 1082 1086 1109 monstrantem
1104 1078 1230 1111 discri-

238 1141 321 1162 men
354 1129 427 1160 veri
462 1128 574 1161 cultus
603 1133 636 1160 et
668 1125 963 1160 ceremoniarum.
1034 1126 1154 1170 Quare
1185 1131 1229 1162 ad

239 1191 348 1224 genus
365 1174 632 1213 διδασκαλικὸν
651 1177 812 1220 pertinet.

341 1238 490 1282 Triplex
513 1244 563 1270 est
587 1236 682 1269 enim
704 1233 894 1268 hominum
917 1236 1125 1270 multitudo:
1155 1236 1229 1270 Alii

239 1301 383 1334 prorsus
415 1295 497 1322 sunt
523 1287 650 1328 ἄθεοι,
687 1287 750 1331 qui
775 1293 807 1320 et
831 1287 1048 1320 ceremonias
1075 1295 1108 1321 et
1129 1300 1230 1321 veros

239 1340 306 1375 Dei
333 1340 447 1373 cultus
472 1338 703 1371 audacissime
727 1344 980 1378 contemnunt,
1016 1345 1055 1371 ut
1078 1336 1230 1372 Athenis

240 1392 389 1424 faciebat
404 1389 571 1435 Cynesias
589 1396 709 1432 poeta,
737 1388 796 1432 qui
813 1388 899 1421 festa
917 1389 1092 1421 contraria
1112 1390 1230 1433 publi-

241 1443 289 1475 cis
317 1441 527 1475 celebrabat.
581 1436 656 1472 Alii
688 1450 761 1471 non
790 1439 877 1471 adeo
906 1439 1044 1482 profani
1069 1451 1148 1472 cum
1173 1452 1230 1473 ra-

240 1493 337 1526 tione
360 1497 589 1530 moveantur,
623 1496 663 1522 ut
684 1501 756 1522 esse
778 1488 891 1522 Deum
915 1495 1085 1531 statuant,
1112 1496 1229 1523 tamen

240 1550 360 1588 postea
383 1540 475 1574 nihil
499 1541 568 1573 nisi
594 1540 705 1583 legem
724 1546 875 1579 norunt,
903 1546 934 1573 et
953 1538 1074 1573 dehac
1093 1541 1229 1584 fingunt

241 1594 309 1627 sibi
338 1592 608 1635 imaginationes
636 1602 699 1623 suo
722 1590 889 1630 arbitrio,
925 1590 1089 1623 videlicet
1113 1592 1229 1624 Deum

242 1644 431 1678 colendum
470 1654 541 1675 esse
580 1641 789 1674 ceremoniis
823 1648 857 1675 et
887 1640 1052 1684 operibus
1083 1642 1230 1674 morali—

240 1697 323 1729 bus:
360 1695 419 1727 sed
443 1693 472 1726 si
497 1693 568 1726 sint
592 1692 709 1736 lapsus
736 1691 866 1736 aliqui,
901 1692 1109 1725 ceremoniis
1135 1705 1230 1725 com-

241 1745 397 1791 pensari:
436 1752 468 1779 et
499 1741 579 1782 has,
614 1743 642 1775 si
664 1743 734 1775 sint
757 1743 985 1781 sufficientes,
1022 1743 1149 1775 mereri
1176 1755 1231 1776 re-

243 1797 448 1830 missionem
486 1801 727 1839 peccatorum:
771 1793 818 1826 sic
857 1800 1042 1826 senserunt
1075 1792 1232 1835 lithnici,

243 1848 304 1893 qui
334 1845 400 1879 hac
430 1845 657 1890 persuasione
685 1844 801 1876 varios
824 1844 912 1876 ritus
939 1850 971 1876 et
991 1845 1100 1877 multa
1123 1845 1231 1878 tristia

244 1909 350 1942 opera
376 1896 636 1939 excogitabant,
670 1895 831 1927 videlicet
857 1894 1081 1927 victimarum
1106 1893 1231 1928 huma-

244 1960 370 1981 narum
394 1946 637 1985 mactationes,
665 1945 746 1990 quia
770 1945 979 1978 ceremoniis
998 1946 1130 1979 aboleri
1152 1959 1232 1990 pec-

244 2006 319 2033 cata
337 1998 525 2041 fingebant.
580 1995 658 2028 Hoc
674 2008 791 2028 errore
810 1994 990 2029 Pharisaei
1006 1998 1232 2031 cumularunt

245 2062 306 2084 sua
332 2048 520 2087 sacrificia,
543 2044 708 2079 monachi
727 2045 873 2084 Missas,
901 2046 1011 2080 Turci
1034 2059 1112 2081 suas
1137 2060 1231 2081 cere-

244 2100 392 2134 monias.
452 2097 616 2142 Denique
646 2104 763 2130 manet
796 2094 853 2129 hic
883 2109 981 2130 error
1013 2098 1050 2130 in
1083 2099 1231 2132 maxima

244 2158 343 2197 parte
367 2149 502 2193 generis
525 2147 692 2188 humani,
722 2148 937 2180 ceremonias
955 2149 1140 2193 praecipue
1157 2149 1231 2183 Deo

244 2204 401 2248 placere,
436 2207 470 2234 et
499 2199 626 2232 mereri
658 2199 901 2232 remissionem
927 2206 1165 2242 peccatorum,
1200 2207 1232 2234 et

244 2253 448 2298 praecipuas
470 2251 617 2284 virtutes
641 2262 712 2283 esse
734 2250 839 2292 longe
855 2250 1097 2283 anteferendas
1117 2252 1233 2284 omni-

245 2306 311 2338 bus
335 2303 529 2336 moralibus
552 2301 727 2345 operibus.
786 2299 838 2333 Ac
864 2300 966 2333 multi
993 2301 1071 2344 plus
1097 2303 1163 2335 sibi
1189 2303 1232 2334 li-

247 2355 379 2388 centiae
403 2359 549 2387 sumunt
571 2352 608 2384 in
633 2352 813 2395 moribus,
839 2351 959 2385 laxant
984 2352 1125 2387 frenum
1150 2354 1232 2386 libi-

248 2406 391 2438 dinibus
419 2412 452 2438 et
477 2404 554 2436 aliis
577 2403 851 2446 cupiditatibuS,
889 2402 970 2446 quia
993 2409 1110 2446 postea
1137 2416 1232 2437 corn-

249 2456 384 2499 pensari
413 2455 537 2487 delicta
563 2454 770 2486 ceremoniis
796 2453 1034 2486 arbitrantur:
1061 2462 1099 2488 ut
1127 2455 1232 2488 sacri-

249 2506 343 2539 ficuli
367 2506 461 2538 varie
485 2505 629 2548 polluti,
657 2504 766 2537 deleri
792 2515 850 2536 sua
875 2504 1002 2537 scelera
1020 2512 1144 2548 putant
1162 2506 1231 2540 ritu

249 2556 390 2590 Missae.
442 2555 498 2588 Sic
510 2553 653 2588 Ethnici
670 2562 864 2595 senserunt,
892 2555 939 2588 sic
955 2557 1121 2589 omnibus
1138 2564 1233 2590 aeta-

249 2607 344 2641 tibus
360 2605 463 2638 multi
483 2606 649 2641 sentiunt.
703 2605 770 2639 Hic
788 2618 886 2639 error
903 2613 933 2639 et
953 2606 989 2638 in
1009 2604 1074 2640 hoc
1092 2607 1230 2642 Psalmo

251 2665 282 2692 et
306 2656 391 2691 alibi
417 2667 515 2699 saepe
540 2667 560 2688 a
581 2655 786 2700 Prophetis,
812 2669 830 2690 a
854 2654 995 2690 Christo
1021 2665 1053 2691 et
1077 2659 1230 2703 Aposto-

832 85 957 122 PHIL.
985 83 1101 123 MEL.
1129 83 1335 120 SCRIPTA
1361 82 1661 120 EXEGETICA.

2165 87 2261 121 1108

1249 171 1252 201 1
1276 170 1319 202 lis
1342 176 1497 210 taxatur,
1530 176 1569 203 ut
1594 168 1757 204 Christus
1780 169 1935 204 clamitat
1956 169 2128 205 Matthaei
2151 172 2261 216 septi-

1276 233 1351 254 ino:
1380 221 1460 254 Non
1483 220 1597 254 omnis
1615 222 1674 266 qui
1694 221 1778 255 dicit
1795 219 1882 254 mihi
1902 221 2074 262 Domine,
2097 220 2263 264 Domine,

1250 265 1252 295 ἶ
1277 272 1423 305 intrabit
1441 273 1477 304 in
1496 284 1641 314 regnum
1660 273 1857 316 coelorum,
1885 273 1942 305 sed
1962 273 2023 316 qui
2038 272 2120 306 facit
2134 274 2262 306 volun-

1250 299 1252 351 l
1278 329 1383 357 tatem
1408 323 1518 367 patris
1542 323 1622 358 mei.
1682 322 1768 356 Item
1797 322 1894 356 Ioan.
1911 326 1962 355 4.:
1992 322 2074 356 Veri
2098 323 2263 357 adorato-

1277 385 1332 406 res
1356 374 1556 407 adorabunt
1580 381 1714 418 patrem
1738 374 1775 406 in
1793 373 1929 418 Spiritu
1953 380 1986 406 et
2010 374 2166 408 veritate.
2218 372 2265 408 Et

1281 425 1313 459 1.
1330 423 1492 458 Corinth.
1509 424 1559 460 7.:
1588 424 1819 458 Circumcisio
1844 423 1936 457 nihil
1962 431 2031 464 est,
2058 425 2117 457 sed
2144 425 2266 457 obser-

1279 475 1375 509 vatio
1409 477 1658 509 mandatorum
1688 476 1823 520 aliquid
1854 482 1915 509 est.
1983 473 2030 508 Et
2058 487 2158 519 saepe
2181 475 2267 508 alias

1280 523 1364 558 haec
1381 526 1541 559 doctrina
1559 527 1704 570 repetita
1723 534 1784 562 est.

1382 575 1451 609 Sed
1475 575 1540 610 hae
1562 578 1746 611 conciones
1765 577 1951 622 praecipua
1969 577 2159 610 certamina
2176 577 2268 610 inter

1281 625 1445 660 homines
1467 629 1675 661 accendunt.
1727 627 1817 661 Nam
1841 629 1943 661 multi
1968 641 2046 661 cum
2068 628 2189 662 vident
2211 639 2268 660 ce-

1282 678 1458 710 remonias
1482 690 1554 711 esse
1573 690 1699 711 nervos
1717 680 1893 722 potentiae
1913 691 2015 719 suae,
2042 686 2103 712 aut
2118 678 2268 722 aucupia

1283 736 1461 773 quaestus,
1488 729 1564 761 sine
1581 731 1685 762 modo
1702 741 1756 762 eas
1774 730 1908 762 laudari
1926 730 2066 768 volunt,
2093 741 2167 762 non
2183 741 2268 773 pro-

1283 786 1359 824 pter
1385 779 1533 822 gloriam
1549 779 1632 820 Dei,
1660 781 1718 813 sed
1741 781 1782 813 ad
1800 781 2046 814 stabiliendam
2062 780 2270 825 potentiam,

1284 837 1316 864 et
1334 832 1534 874 augendum
1554 838 1747 876 quaestum.

1385 881 1457 914 Alii
1477 882 1538 926 qui
1555 882 1722 915 videntur
1738 882 1935 925 graviores,
1961 882 2022 927 qui
2041 881 2197 915 iudicant
2214 892 2271 913 ce-

1284 933 1461 966 remonias
1483 944 1554 966 esse
1578 933 1784 977 disciplinae
1806 945 1952 974 nervos,
1987 940 2026 966 ut
2047 939 2130 965 sunt
2151 931 2271 976 aliquo

1284 985 1411 1021 mod0‚
1438 980 1682 1017 vehementius
1704 984 1807 1017 etiam
1826 984 2025 1017 irascuntur
2040 983 2102 1021 iis,
2130 982 2190 1027 qui
2208 993 2271 1014 ne-

1284 1041 1367 1078 gant
1389 1032 1452 1067 1105
1476 1035 1590 1067 cultus
1612 1035 1739 1067 mereri
1755 1035 2011 1067 remissionem.
2065 1033 2171 1066 Tales
2187 1044 2272 1076 pro-

1284 1092 1497 1130 pugnatores
1527 1085 1805 1118 ceremoniarum
1838 1097 1960 1118 omnes
1987 1089 2204 1118 concurrunt
2227 1083 2272 1116 ad

1284 1136 1554 1180 opprimendam
1587 1148 1704 1169 veram
1735 1134 2066 1180 reprehensionem,
2105 1141 2143 1169 ut
2172 1145 2272 1182 nune

1285 1185 1490 1225 Amisum,
1528 1186 1719 1226 Canonici,
1755 1186 1970 1228 sacrificuli,
2004 1182 2176 1220 Monachi
2207 1184 2272 1218 sti—

1284 1238 1357 1282 pati
1380 1237 1520 1280 regibus
1544 1250 1584 1270 ac
1609 1238 1831 1282 principibus
1855 1244 2072 1271 concurrunt
2090 1238 2134 1270 ad
2150 1236 2272 1270 defen-

1284 1289 1420 1322 sionem
1436 1289 1614 1321 venalium
1626 1288 1829 1330 Missam,
1855 1295 1890 1322 et
1905 1288 2146 1322 crudelissime
2162 1287 2273 1320 inter-

1284 1338 1407 1372 ficiunt
1435 1337 1598 1372 homiues
1618 1340 1695 1383 pios
1717 1346 1809 1372 recte
1831 1340 1995 1372 docentes
2018 1340 2061 1372 de
2085 1350 2152 1372 usu
2176 1350 2272 1371 cere-

1284 1401 1498 1424 moniarum.

1386 1438 1475 1473 Cum
1494 1439 1601 1482 igitur
1616 1439 1699 1473 talia
1715 1440 1904 1473 certamina
1920 1446 2125 1484 sequantur,
2152 1440 2272 1473 audita

1285 1502 1369 1523 voce
1394 1491 1515 1523 divina
1543 1492 1585 1523 de
1610 1491 1837 1528 ceremoniis,
1866 1489 2026 1523 Psalmus
2049 1491 2152 1523 initio
2176 1497 2208 1524 et
2234 1491 2272 1524 in

1285 1542 1353 1574 fine
1381 1541 1600 1574 severissime
1630 1541 1792 1584 obiurgat
1815 1539 1932 1573 hostes
1956 1541 2131 1583 veritatis,
2168 1548 2201 1575 et
2223 1542 2272 1575 eis

1285 1603 1416 1635 poenas
1439 1598 1473 1624 et
1497 1591 1641 1623 exitium
1667 1592 1840 1625 minatur:
1869 1603 2008 1624 necesse
2033 1599 2083 1625 est
2098 1592 2192 1625 enim
2209 1590 2272 1626 has

1286 1642 1541 1676 controversias
1579 1642 1729 1675 iudicari
1760 1642 1951 1686 divinitus,
1996 1643 2077 1686 quia
2109 1640 2272 1677 homines

1285 1693 1361 1726 sine
1386 1693 1462 1725 luce
1488 1690 1692 1735 Evangelii,
1720 1705 1791 1726 non
1818 1700 1910 1726 recte
1934 1693 2137 1737 intelligunt
2160 1694 2272 1737 legem

1286 1751 1318 1777 et
1342 1743 1571 1776 ceremonias.
1626 1742 1709 1776 Ideo
1732 1744 1892 1776 funditus
1907 1744 2020 1777 deleta
2036 1751 2085 1778 est
2102 1744 2272 1778 Hieroso—

1286 1796 1398 1840 lyma,
1434 1795 1515 1838 quia
1539 1801 1652 1828 stante
1676 1795 1798 1839 politia
1824 1794 1987 1836 Iudaica,
2009 1807 2146 1839 semper
2169 1808 2272 1828 man*

1286 1846 1385 1878 sisset
1407 1845 1549 1889 opinio,
1583 1852 1654 1878 tam
1677 1847 1818 1889 pulcros
1842 1847 1950 1887 ritus,
1978 1846 2150 1880 divinitus
2173 1847 2272 1880 ordi-

1286 1904 1385 1930 natos
1398 1923 1409 1939 ‚
1437 1896 1649 1929 necessarios
1667 1897 1781 1930 cultus
1799 1895 1863 1929 Dei
1884 1908 1967 1931 esse.

1390 1947 1512 1980 Tertia
1534 1959 1611 1990 pars
1635 1945 1821 1980 hominum
1844 1954 1909 1986 est,
1936 1958 2025 1991 quae
2043 1959 2115 1979 non
2133 1953 2271 1981 tantum

1287 1999 1397 2041 legem
1420 1998 1538 2038 novit,
1565 1999 1625 2031 sed
1643 1999 1745 2030 etiam
1762 1996 1995 2041 Evangelium
2014 1998 2158 2039 didicit,
2184 2005 2216 2032 et
2233 1999 2270 2032 id

1287 2056 1378 2082 recte
1402 2049 1584 2092 intelligit:
1612 2049 1675 2082 scit
1699 2050 1815 2081 datam
1838 2060 1910 2081 esse
1926 2049 2199 2092 promissionem
2214 2061 2271 2083 re-

1286 2100 1464 2132 missionis
1487 2106 1707 2144 peccatorum
1727 2098 1846 2133 Gratis
1869 2100 2006 2133 dandae
2033 2107 2175 2143 propter
2190 2099 2271 2133 Me-

1286 2151 1471 2184 diatorem.
1525 2149 1571 2184 Et
1593 2150 1657 2183 scit
1680 2151 1884 2183 mandatum
1901 2148 1966 2182 Dei
1984 2162 2056 2183 esse
2072 2150 2271 2192 immotum,

1285 2210 1324 2235 ut
1348 2202 1441 2235 iuxta
1467 2199 1558 2234 hanc
1581 2201 1849 2245 promissionem
1875 2201 2057 2234 credamus
2081 2213 2145 2234 nos
2162 2202 2271 2246 recipi

1287 2259 1319 2286 et
1350 2252 1527 2285 exaudiri:
1561 2259 1594 2284 et
1615 2249 1679 2284 hac
1703 2252 1792 2295 fide,
1819 2253 1854 2284 id
1880 2259 1947 2293 est,
1982 2251 2108 2285 fiducia
2133 2253 2271 2286 miseri-

1287 2304 1447 2344 cordiae,
1481 2303 1683 2335 invocemus
1706 2301 1841 2342 Deum,
1876 2310 1907 2336 et
1931 2309 2089 2346 petamus
2113 2310 2144 2336 et
2168 2315 2271 2347 expe-

1287 2362 1418 2388 ctemus
1442 2354 1611 2386 auxilium
1624 2381 1632 2393 ‚
1660 2360 1691 2386 et
1710 2351 1801 2386 hanc
1819 2354 2016 2388 doctrinam
2033 2354 2271 2397 profiteamur,

1286 2412 1319 2439 et
1341 2405 1378 2437 in
1403 2405 1488 2448 ipsis
1509 2405 1779 2437 liberationibus
1804 2412 1901 2448 grato
1927 2405 2031 2438 corde
2056 2411 2270 2448 praestemus

1287 2468 1343 2489 eos
1370 2456 1501 2495 cultus,
1536 2468 1623 2499 quos
1648 2456 1721 2498 ipse
1747 2456 1783 2487 in
1810 2457 1917 2489 verbo
1945 2468 2006 2488 suo
2031 2456 2202 2499 postulat,
2237 2462 2269 2490 et

1286 2520 1326 2540 eo
1344 2507 1467 2540 ordine
1486 2514 1699 2549 praestemus
1716 2507 1803 2540 sicut
1822 2507 1985 2550 postulat.

1388 2556 1547 2590 Primum
1575 2558 1650 2590 vult
1675 2559 1797 2591 ardere
1821 2558 1856 2590 in
1882 2557 1985 2590 corde
2008 2563 2129 2590 nostro
2154 2557 2267 2597 fidem,

1284 2620 1358 2641 non
1382 2608 1533 2641 ociosam
1558 2608 1742 2649 noticiam,
1778 2610 1836 2641 sed
1859 2608 2020 2641 fiduciam
2047 2608 2266 2641 invocantem

1286 2659 1420 2703 ipsum,
1448 2672 1538 2704 quae
1561 2659 1710 2694 sentitur
1728 2660 1765 2691 in
1783 2658 2045 2692 afflictionibus.
2097 2657 2185 2692 Cum
2203 2656 2266 2692 hac

2368 194 2376 218 ι
