2379 2948
140 94 215 134 225
702 91 771 130 111.

140 237 217 265 tum
229 230 333 264 ‚enim
356 231 460 265 annis
482 232 520 265 fit
536 229 733 276 progressio
753 240 827 264 uno
849 229 979 272 gradu,
1005 235 1046 263 ut
1064 227 1130 261 Ti-

139 278 338 323 mocharis,
372 283 432 326 qui
458 281 546 315 vixit
569 279 765 315 Alexandri
802 286 961 324 tempore
996 284 1038 321 et}
1063 279 1129 312 ali-

139 332 312 377 quamdiu
344 339 422 377 post
451 332 588 375 ipsum,
621 326 854 375 deprehendit
875 329 1037 363 Pleiades
1065 329 1128 363 ab-

138 382 246 415 fuisse
264 395 283 416 a
299 390 430 427 puncto
448 381 548 414 verni
571 380 787 426 aequinoctii
814 381 863 419 εἲς
879 378 926 415 τὰ
950 376 1124 425 ἑπόμενα,

136 432 173 465 id
200 439 269 474 est,
295 434 488 467 secundum
515 432 770 466 successionem
798 431 982 476 signorum
1007 431 1123 475 gradi-

135 483 202 517 bus
217 483 290 517 fere
307 483 461 526 triginta.

236 541 375 576 Deinde
389 551 484 574 anno
502 540 711 574 duodecimo
721 540 937 582 Domiciani,
964 541 1124 585 Agrippa

136 592 308 637 comperit
331 591 493 625 Pleiadas
515 591 634 624 abesse
658 592 702 625 ab
727 592 945 638 aequinoctii
974 598 1120 636 puncto,

135 644 300 686 gradibus
322 643 394 675 fere
419 641 561 685 triginta
581 648 744 687 quatuor.
797 642 958 677 Fuerunt
982 654 1063 686 ergo
1082 643 1121 675 in

134 699 258 739 quarto
274 693 384 736 gradu
401 691 528 725 Tauri.
569 692 662 726 Sunt
679 700 795 727 autem
811 694 906 728 inter
924 693 1121 727 Alexandri

132 750 281 777 mortem
298 749 332 777 et
348 742 598 777 Domicianum
617 744 704 776 anni
720 745 985 789 quadringenti.
1023 742 1120 778 Con-

132 794 229 827 venit
244 794 353 837 igitur
370 794 481 834 ratio,
507 794 602 838 quod
619 793 690 828 fere
712 801 865 840 quatuor
889 796 1018 838 gradus
1035 806 1119 838 pro-

131 851 316 879 cesserant.
367 844 450 878 Non
477 844 571 877 enim
596 855 692 878 nunc
722 845 978 890 praecisionem
1010 857 1117 890 quae-

129 906 252 929 rlmuS.

228 952 358 987 Nostro
382 959 542 998 tempore
565 951 728 986 Pleiades
751 959 835 988 sunt
858 953 897 987 in
921 956 982 990 22.
1005 955 1117 998 gradu

129 1004 252 1039 Tauri.
311 1003 428 1038 Annis
459 1004 567 1047 igitur
599 1003 698 1037 mille
732 1004 1002 1049 quadringentis
1033 1005 1117 1038 inde

129 1066 240 1101 usque
264 1066 282 1088 a
298 1053 499 1089 Domiciani
521 1060 679 1099 tempore
705 1066 908 1099 progressae
931 1062 1014 1090 sunt
1038 1067 1117 1098 gra-

129 1107 196 1139 dus
212 1106 414 1139 octodecim.
471 1104 594 1150 Itaque
611 1116 748 1138 necesse
766 1113 815 1140 est
832 1101 974 1140 octavae
990 1103 1116 1151 sphae-

127 1169 187 1190 rae
219 1157 338 1201 plures
373 1162 489 1190 motus
517 1155 641 1190 tribui.
706 1155 824 1190 Habet
856 1157 965 1200 igitur
993 1164 1115 1191 octava

128 1204 294 1250 sphaera,
321 1218 410 1250 quae
434 1206 610 1244 cernitur,
631 1212 664 1239 et
682 1212 757 1240 toto
779 1208 918 1250 agmine
935 1207 1115 1242 stellarum

127 1268 201 1290 non
216 1256 410 1290 errantium
427 1261 550 1289 ornata
565 1262 599 1289 et
613 1256 746 1290 variata
764 1265 832 1298 est,
859 1264 927 1291 tres
944 1264 1072 1292 motus.

228 1322 388 1355 Primum
407 1321 595 1359 diurnum,
621 1334 692 1362 quo
710 1322 748 1355 in
765 1323 822 1356 die
838 1324 993 1358 naturali
1010 1324 1115 1357 semel

126 1379 199 1408 tota
224 1382 328 1416 super
350 1369 444 1414 polis
469 1369 597 1402 mundi
619 1370 664 1402 ab
685 1369 822 1403 oriente
839 1375 878 1403 in
896 1375 1113 1408 occidentem

125 1421 384 1465 circumagitur.

229 1481 433 1517 Secundum
451 1490 534 1512 vero
552 1479 712 1520 tardum,
740 1491 810 1524 quo
827 1486 995 1525 tanquam
1011 1493 1029 1514 a
1048 1493 1114 1514 no-

127 1545 175 1567 no
192 1533 278 1567 orbe
293 1528 447 1566 trahitur
465 1530 509 1563 ab
530 1530 711 1563 occidente
729 1529 766 1562 in
789 1531 959 1564 orientem
972 1558 981 1572 ,
1009 1544 1112 1577 quem

125 1585 276 1618 alterum
292 1588 427 1615 motum
443 1581 517 1614 dixi
534 1581 820 1614 animadversum
840 1593 912 1615 esse
935 1594 975 1615 ex
995 1583 1114 1616 stella-

125 1646 206 1669 rum
222 1635 370 1667 fixarum
388 1631 642 1676 progressione.

229 1700 308 1734 Hoc
322 1706 421 1733 motu
442 1706 475 1733 et
494 1697 655 1743 Apogaea
671 1699 846 1737 visibilia,
874 1711 962 1745 quae
986 1700 1022 1733 in
1047 1698 1112 1733 hac

128 1759 251 1788 octava
280 1748 427 1795 sphaera
459 1750 697 1789 collocantur,
741 1750 871 1783 mutari
905 1757 938 1788 et
971 1751 1112 1794 longius

127 1802 278 1848 proferri
300 1807 456 1841 constat,
481 1807 521 1834 ut
545 1812 623 1833 cum
647 1799 819 1834 Ptolemei
838 1807 995 1845 tempore
1012 1802 1110 1845 Apo-

123 1866 236 1898 gaeon
264 1852 358 1887 Solis
385 1851 496 1885 fuerit
522 1851 561 1883 in
596 1858 691 1884 sexto
719 1852 832 1894 gradu
860 1849 1111 1893 Geminorum,

124 1917 220 1939 nunc
237 1911 287 1938 est
304 1904 341 1936 in
359 1902 514 1936 secundo
531 1902 642 1944 gradu
659 1900 799 1935 Cancri.

227 1962 418 1998 Tribuitur
434 1966 468 1994 et
484 1960 575 1994 alius
593 1960 737 2005 quidam
754 1961 878 1994 tertius
893 1968 1010 1996 motus
1028 1959 1111 1995 huic

125 2021 267 2050 octavae
281 2010 449 2058 sphaerae
460 2038 469 2052 ,
494 2017 639 2056 propter
654 2009 717 2051 has
734 2022 867 2047 causas.

225 2082 387 2116 Primum
415 2079 701 2113 animadversum
729 2086 797 2118 est,
829 2079 1110 2124 progressionem

128 2135 274 2167 fixarum
299 2132 481 2166 stellarum
505 2142 580 2164 non
609 2141 682 2164 esse
704 2131 905 2176 aequalem,
937 2132 998 2164 sed
1025 2131 1111 2164 alias

128 2184 355 2224 velociorem,
381 2181 466 2216 alias
483 2180 690 2217 tardiorem.

227 2250 407 2286 Secundo:
434 2248 618 2292 Quaedam
635 2249 765 2290 stellae,
790 2261 880 2295 quae
896 2250 1040 2283 fuerunt
1056 2249 1110 2282 vi-

127 2303 226 2338 cinae
256 2301 522 2346 aequinoctiali,
565 2307 782 2335 recesserunt
813 2301 955 2344 longius
989 2311 1110 2334 versus

126 2356 296 2393 Boream,
323 2359 356 2386 et
373 2358 526 2386 econtra.
578 2351 626 2386 Ut
648 2353 759 2386 multa
778 2352 935 2396 exempla
958 2352 1110 2386 recitan-

126 2413 185 2440 tur
200 2416 220 2439 a
237 2403 437 2443 Ptolemeo,
463 2402 523 2435 sed
541 2401 678 2437 illustre
694 2411 744 2438 est
760 2404 803 2436 de
820 2403 920 2437 stella
943 2403 981 2436 in
998 2409 1112 2437 extre-

127 2469 183 2490 ma
200 2456 310 2489 cauda
325 2453 550 2500 Cynosurae,
576 2464 665 2497 quae
681 2461 830 2488 vocatur
847 2453 956 2488 Stella
969 2454 1111 2498 polaris.

128 2506 224 2541 Haec
242 2501 438 2549 Hipparchi
458 2509 616 2546 tempore
636 2503 787 2539 distabat
809 2517 827 2538 a
843 2505 926 2549 polo
944 2511 1111 2550 aequato-

127 2558 175 2591 ris
204 2556 343 2591 circiter
375 2554 504 2597 gradus
530 2554 586 2588 12.
644 2553 761 2588 Hodie
792 2561 929 2589 tantum
959 2562 1112 2600 quatuor

128 2609 295 2651 gradibus
320 2606 405 2640 inde
422 2604 538 2639 distat.
591 2602 710 2647 Quare
735 2613 879 2650 propter
899 2606 1112 2652 propinqui-

128 2666 232 2693 tatem
253 2657 352 2691 stella
370 2655 502 2701 polaris
519 2654 660 2689 dicitur.

178 2707 361 2742 ΜιιΛκῑ-κ.
389 2710 493 2741 Orza.
520 2708 604 2739 Vni..
631 2705 725 2739 XIII.

823 89 981 134 mlTlA
1006 89 1298 130 DOCTRINAE
1326 94 1579 136 PHYSICAE.

140 180 206 222 sio,
231 190 311 214 cum
328 180 428 214 tarda
444 179 498 222 sit,
519 179 582 215 diu
595 190 669 214 non
686 177 932 214 animadversa
949 183 1011 212 est.
1037 175 1131 212 Cen-

2089 119 2163 153 226

1215 229 1223 237 ι
1248 229 1257 237 ,
1285 178 1426 238 Tertio:
1453 182 1663 232 Anticipant
1677 200 1772 226 nunc
1790 194 2010 240 aequinoctia
2033 207 2067 235 et
2089 203 2161 236 sol-

1180 235 1297 288 st1c1a‚
1330 238 1442 290 lta-ut
1465 235 1664 274 intersectio
1689 254 1813 285 verna,
1840 258 1929 291 quae
1948 255 1999 283 est
2023 263 2103 286 vera
2127 261 2159 288 et

1179 280 1245 314 fixa
1260 293 1297 314 m
1318 282 1455 317 declmo
1475 287 1579 329 orbe,
1605 302 1678 325 non
1695 293 1740 327 sit
1754 306 1819 329 nec
1835 305 1975 333 maneat
1991 300 2028 333 in
2049 303 2160 345 prima

1177 331 1275 389 stella
1291 331 1423 367 Arietis
1446 341 1587 371 octavae
1606 339 1784 384 sphaerae.
1840 346 1887 382 Ut
1907 340 1987 383 cum
2003 350 2159 386 Metonis

1176 381 1286 439 Attici
1310 389 1484 428 tempore,
1508 388 1570 432 qui
1592 398 1738 426 mortem
1755 394 1948 432 Alexandri
1973 403 2159 445 praecessit

1175 444 1278 466 annis
1296 434 1366 467 108
1386 435 1498 479 prima
1514 438 1615 472 stella
1636 441 1768 477 Arietis
1784 446 1888 482 fuerit
1906 449 1944 483 in
1958 451 2032 495 ipsa
2049 453 2159 487 inter-

1174 484 1328 517 sectione
1344 497 1461 526 verna,
1488 496 1609 533 postea
1628 489 1824 536 Hipparchi
1841 504 2006 543 tempore,
2034 505 2157 537 eadem

1174 535 1287 578 prima
1304 536 1403 570 stella
1423 535 1556 572 Arietis
1573 550 1756 586 conspecta
1775 552 1824 579 est
1847 556 1925 590 post
1939 551 2158 588 intersectio-

1174 596 1255 618 nem
1269 598 1414 621 vernam
1432 595 1586 633 quatuor
1602 593 1789 635 gradibus,
1815 595 1985 633 Ptolemei
2002 609 2157 648 tempore

1173 646 1230 668 sex
1260 638 1447 680 gradibus,
1490 648 1612 675 nostro
1642 649 1819 688 tempore,
1855 647 1949 682 iuxta
1982 650 2156 690 VVerneri

1172 687 1491 725 considerationem
1503 717 1511 733 ‚
1538 693 1706 735 gradibus
1723 695 1772 731 26
1790 703 1822 730 et
1838 699 1985 734 minutis
2002 700 2066 737 54.

1273 745 1428 790 Quarto:
1455 749 1625 785 Variatur
1642 759 1675 787 et
1690 755 1842 789 maxima
1854 757 2042 794 declinatio
2054 761 2158 805 Solis,

1170 793 1237 830 hoc
1261 804 1330 840 est,
1358 799 1525 835 distantia
1547 804 1671 846 puncti
1693 806 1891 841 solsticialis
1914 810 1959 844 ab
1984 813 2157 857 aequino-

1170 847 1277 883 ctiali.
1337 848 1427 883 Nam
1459 863 1539 885 cum
1568 851 1740 888 Ptolemei
1775 863 1931 902 tempore
1966 862 2155 899 declinatio

1169 898 1319 932 maxima
1339 899 1432 934 Solis
1448 902 1555 936 fuerit
1571 905 1743 947 graduum
1762 907 1811 942 23
1823 932 1832 946 ‚
1859 910 1970 946 minu.
1986 911 2032 946 51
2051 921 2084 948 et
2100 927 2155 949 se-

1169 950 1365 983 cundorum
1382 951 1444 991 20,
1471 965 1566 987 nunc
1583 961 1636 989 est
1653 958 1826 1000 graduum
1842 960 1911 999 23,
1933 962 2154 1000 minutorum

1167 1001 1216 1034 28
1235 1007 1266 1034 et
1283 1003 1518 1037 secundorum
1540 1005 1598 1038 30.

1269 1057 1364 1093 Haec
1386 1061 1588 1096 differentia
1613 1063 1676 1097 etsi
1699 1066 1848 1101 rudibus
1870 1081 1943 1104 non
1959 1084 2085 1117 magna
2101 1076 2154 1109 vi-

1168 1108 1288 1149 detur,
1314 1116 1431 1144 tamen
1446 1124 1567 1146 revera
1589 1113 1745 1156 insignes
1761 1119 1968 1154 umbrarum
1985 1124 2152 1159 differen-

1167 1159 1232 1192 tias
1248 1160 1346 1200 sacit,
1373 1169 1485 1196 mutat
1502 1164 1722 1199 ascensiones
1747 1167 1926 1210 signorum
1950 1179 1983 1206 et
2011 1178 2153 1219 quanti-

1166 1216 1270 1243 tatem
1299 1211 1381 1246 diei.
1435 1211 1603 1247 Variatur
1633 1221 1666 1248 et
1690 1216 1855 1252 distantia
1886 1222 1960 1265 poli
1984 1227 2108 1258 mundi
2133 1240 2153 1260 a

1167 1260 1247 1304 polo
1272 1260 1417 1294 Zodiaci
1444 1270 1584 1297 octavae
1606 1262 1782 1309 sphaerae.
1836 1268 1997 1317 Cumque
2023 1284 2152 1319 puncta

1166 1311 1470 1368 aequinoctiorum
1498 1314 1654 1358 varient,
1681 1317 1860 1353 difficilius
1881 1329 1931 1355 est
1959 1327 2150 1367 praecisam

1166 1369 1400 1405 quantitatem
1416 1364 1501 1396 anni
1520 1366 1688 1409 reperire.

1269 1411 1419 1452 Propter
1454 1412 1517 1444 has
1550 1424 1669 1447 causas
1702 1417 1826 1450 tertius
1856 1420 2000 1464 quidam
2035 1434 2151 1462 motus

1166 1460 1324 1492 nondum
1343 1461 1491 1495 omnino
1516 1465 1790 1508 pervestigatus,
1817 1477 1959 1506 octavae
1982 1472 2151 1519 sphaerae

1165 1510 1352 1552 tribuitur,
1388 1518 1428 1546 ut
1452 1510 1537 1547 haec
1560 1514 1766 1558 irregularia
1794 1530 2020 1563 excusentur,
2054 1531 2149 1573 quod

1165 1560 1327 1595 videlicet
1351 1565 1549 1606 progressio
1577 1565 1725 1601 fixarum
1751 1569 1954 1614 stellarum,
1987 1576 2072 1611 alias
2100 1587 2149 1613 est

1165 1612 1315 1651 tardior,
1345 1613 1430 1646 alias
1461 1615 1626 1656 celerior,
1653 1619 1749 1662 quod
1774 1620 1860 1653 alias
1882 1635 2001 1658 versus
2030 1629 2150 1663 orien-

1163 1668 1251 1703 tem,
1278 1663 1362 1696 alias
1381 1676 1499 1698 versus
1524 1667 1762 1709 occidentem,
1788 1671 1874 1704 alias
1897 1686 2017 1709 versus
2043 1682 2148 1714 meri-

1162 1713 1254 1746 diem
1266 1738 1274 1751 ,
1303 1714 1388 1747 alias
1405 1727 1524 1750 versus
1539 1724 1660 1751 arcton
1677 1718 1826 1763 provehi
1845 1723 2021 1761 videntur.

1263 1770 1308 1805 Et
1326 1780 1469 1816 propter
1483 1771 1573 1808 hanc
1589 1782 1723 1810 tantam
1740 1779 1941 1814 varietatem
1961 1781 2017 1818 hie
2033 1795 2148 1822 motus

1163 1830 1306 1855 vocatur
1320 1836 1475 1857 accessus
1493 1830 1526 1857 et
1541 1837 1707 1867 recessus,
1734 1836 1879 1863 vocatur
1896 1839 1927 1866 et
1944 1837 2146 1879 trepidatiO.

1262 1879 1309 1914 Et
1327 1889 1365 1915 ut
1388 1882 1505 1927 aliqua
1522 1884 1622 1928 quasi
1647 1883 1832 1920 machinae
1849 1889 2018 1934 inspectio
2036 1898 2147 1931 oculis

1161 1938 1401 1975 proponatur,
1429 1931 1486 1966 hic
1509 1941 1626 1968 motus
1649 1935 1781 1970 dicitur
1806 1938 1881 1972 fieri
1904 1953 2009 1987 super
2031 1949 2147 1990 parvis

1160 1982 1300 2015 circulis
1317 1983 1469 2026 capitum
1486 1981 1619 2018 Arietis
1636 1992 1669 2019 et
1684 1985 1813 2021 Librae
1836 2001 1951 2027 nonae
1969 1992 2135 2039 sphaerae

1159 2044 1264 2076 quam
1288 2031 1472 2067 machinae
1491 2033 1760 2070 fabricationem
1786 2039 1975 2084 inspiciant
1998 2027 2147 2083 studiosi

1159 2083 1198 2116 in
1213 2080 1410 2117 Theoricis.

1260 2141 1330 2176 Hic
1351 2143 1435 2176 satis
1455 2150 1505 2178 est
1530 2145 1683 2179 breviter
1706 2146 1807 2182 initia
1835 2148 1938 2186 huius
1963 2155 2145 2193 doctrinae

1160 2192 1343 2236 attingere,
1369 2205 1414 2227 ne
1431 2195 1566 2228 coelum
1584 2208 1728 2240 prorsus
1744 2200 1858 2234 ociose
1875 2211 2132 2245 praetereamus

1160 2244 1218 2277 sed
1236 2243 1466 2289 aliquomodo
1481 2245 1719 2290 suspicientes,
1744 2250 1786 2282 de
1801 2254 1914 2286 causis
1931 2237 2145 2293 conservan:

1159 2294 1254 2328 tibus
1270 2295 1453 2329 materiam
1477 2296 1680 2330 inferiorem
1702 2300 1911 2343 cogitemus,
1938 2310 2144 2348 praesertim

1159 2357 1238 2378 cum
1267 2344 1305 2377 in
1338 2344 1406 2379 hoc
1436 2354 1560 2381 octavo
1588 2349 1674 2381 orbe
1704 2348 1897 2385 Zodiacum
1922 2357 2026 2390 nobis
2049 2357 2146 2395 Deus

1161 2395 1335 2440 pinxerit,
1370 2397 1470 2431 cuius
1501 2398 1655 2442 partium
1684 2405 1717 2431 et
1747 2401 1927 2437 stellarum
1960 2407 2146 2446 diversitas

1160 2458 1262 2480 causa
1281 2454 1332 2481 est
1350 2448 1522 2481 maximae
1545 2447 1756 2482 diversitatis
1773 2451 1998 2491 effectionum
2017 2459 2055 2493 in
2073 2468 2145 2497 tota

1160 2497 1327 2532 inferiore
1344 2505 1466 2531 natura
1478 2524 1487 2538 ‚
1514 2504 1553 2531 ut
1574 2505 1692 2541 postea
1708 2500 1836 2538 dicam,

1264 2555 1318 2590 De
1336 2563 1493 2599 tempore
1506 2567 1601 2597 vero,
1630 2567 1689 2591 seu
1708 2559 1853 2601 periodo
1873 2571 2032 2601 motuum
2051 2578 2145 2604 octa-

1161 2618 1223 2640 vae
1249 2604 1436 2650 sphaerae,
1472 2603 1538 2638 hoc
1565 2606 1642 2641 loco
1667 2620 1810 2644 monere
1840 2615 1922 2649 satis
1954 2618 2015 2659 sit,
2050 2623 2147 2665 quod

1162 2663 1384 2701 aggregatum
1409 2668 1449 2689 ex
1474 2663 1574 2690 motu
1597 2669 1713 2693 nonae
1737 2667 1770 2695 et
1793 2670 1954 2708 octavae,
1983 2672 2078 2714 quod
2101 2673 2146 2706 ad

1470 2705 1515 2740 15
