2379 2948
177 132 245 168 551
444 126 652 164 SCRIPTA
680 124 754 160 ΡΗ.
779 121 894 157 MEL.
921 122 988 157 AD
1015 117 1142 154 HlST.
1170 115 1312 153 PROF.
1339 115 1404 151 ET
1432 114 1623 151 PHILOS.
1647 115 1964 153 SPECTANTIA.
2122 113 2196 150 552

178 229 256 252 cum
273 217 365 261 apud
381 215 529 249 Paulum
549 213 695 246 dicitur:
725 209 934 243 Gloriamur
953 219 1011 252 spe
1029 205 1160 250 gloriae
1186 225 1188 231 ›

177 268 260 309 Dei,
296 266 352 300 hic
367 267 477 300 active
494 264 603 307 gloria
622 261 851 304 intelligitur,
878 260 913 291 id
930 266 998 299 est,
1024 264 1162 290 susten-

179 327 291 352 tamus
311 329 373 350 nos
392 314 453 348 hac
472 327 543 358 spe,
561 313 671 347 Deum
689 323 753 345 nos
769 318 979 344 ornaturum
998 320 1069 341 esse
1087 308 1161 351 glo—

178 371 241 404 ria.
297 368 397 401 ltem:
427 363 562 398 Omnes
581 371 699 397 carent
724 363 835 405 gloria
858 358 943 401 Dei,
969 360 1099 398 active,
1126 359 1159 390 id
1187 367 1188 372 ¹

179 428 244 459 est,
269 430 373 463 quam
392 415 488 449 Deus
504 416 600 449 ducit
617 427 689 448 esse
706 413 865 457 gloriam.

179 482 256 503 vera
278 467 413 502 iusticia
425 494 433 508 ‚
460 478 520 501 seu
538 467 673 508 integra
691 463 904 498 obedientia.

406 562 510 601 Quae
538 564 595 594 est
619 564 751 594 octava
775 554 935 603 regula?

277 637 509 672 Relationum
535 637 624 669 aliae
649 643 729 669 sunt
755 635 864 667 reales
892 634 980 666 aliae
1006 630 1161 663 ratioiiis.

177 689 272 722 Haec
297 688 476 722 distinctio
505 700 568 719 nec
594 686 710 719 ociosa
737 693 807 724 est,
843 696 906 716 nec
936 694 1076 719 recens,
1103 682 1160 712 sed
1189 701 1190 704 =

781 735 872 769 Sunt
888 740 1003 767 autem
1022 732 1163 765 relatio-
1189 734 1191 768 ζ

178 794 238 823 nes
253 791 381 828 reales,
410 788 662 832 applicationes
688 799 748 819 seu
773 788 882 823 ordo,
911 784 971 829 qui
995 796 1014 816 a
1039 789 1164 815 natura
1189 802 1191 808 ‹

178 741 221 774 ab
239 739 430 772 Ammonio
451 738 554 770 etiam
572 737 725 770 recitata.

178 842 309 878 oritur,
339 839 474 873 etiamsi
494 838 628 871 nullius
646 837 808 880 cognatio
831 835 980 875 accedit,
1007 841 1047 867 ut
1072 833 1164 866 cale-

177 892 280 924 factio
293 918 301 930 ,
330 902 389 923 seu
408 890 495 922 ordo
513 889 604 921 inter
622 895 756 933 patrem
774 895 806 921 et
822 887 948 921 filium.

279 955 436 989 Econtra
466 955 648 988 relationis
680 954 831 988 rationis
851 953 1037 991 dicuntur,
1076 962 1164 995 quae

179 1020 251 1040 non
276 1019 293 1039 a
313 1014 439 1040 natura
462 1005 649 1045 oriuntur,
678 1006 736 1038 sed
762 1011 897 1039 tantum
926 1010 1008 1036 sunt
1034 1002 1165 1044 cogita-

178 1058 285 1092 tionis
303 1065 362 1091 aut
384 1056 577 1090 voluntatis
595 1056 772 1095 instituta,
801 1062 840 1088 ut
857 1054 980 1087 relatio
999 1053 1036 1085 in
1054 1052 1165 1085 limite
1190 1096 1191 1101 1

178 1116 314 1142 tantum
340 1108 538 1141 instituitur
561 1104 747 1139 hominum
772 1106 921 1138 decreto.
975 1105 1027 1137 Ita
1054 1103 1166 1145 magi-

179 1166 350 1192 stratuum
367 1165 399 1192 et
416 1157 624 1190 servitutum
640 1157 912 1201 appellationes,
930 1161 1067 1189 tantum
1085 1160 1166 1186 sunt

178 1210 367 1242 relationes
385 1208 550 1248 rationis,
576 1214 615 1240 ut
630 1207 768 1242 Romae
784 1207 907 1240 Cicero
927 1206 1056 1239 dicitur
1079 1216 1163 1237 con-

177 1261 249 1301 sul,
279 1266 311 1293 et
328 1259 473 1293 Flaccus
493 1265 645 1302 praetor,
671 1259 752 1303 quia
769 1258 817 1291 sic
838 1258 999 1291 ordinata
1015 1255 1165 1290 estRes-
1190 1273 1191 1285 ι

178 1311 319 1355 publica
339 1310 519 1343 voluntate
540 1309 683 1343 civium.

387 1414 550 1446 Recense
577 1422 715 1458 genera
740 1415 777 1445 et
799 1412 953 1455 species.

285 1486 466 1520 Hactenus
486 1486 624 1529 regulas
641 1485 778 1530 aliquot
801 1485 963 1525 recitavi,
992 1496 1080 1529 quae
1101 1485 1164 1516 do-

182 1538 329 1572 ctrinam
366 1538 409 1569 de
443 1536 677 1570 relationibus
713 1536 938 1569 mediocriter
974 1541 1165 1578 exponunt.

181 1588 284 1622 Nunc
300 1594 340 1621 ut
356 1599 460 1631 supra
477 1587 515 1619 in
535 1587 612 1619 aliis
636 1586 926 1630 praedicamentis
949 1586 1079 1619 factum
1107 1592 1167 1625 est,

181 1639 365 1684 pingemus
382 1639 558 1677 arborem,
576 1645 616 1671 ut
629 1637 749 1682 aliquo
769 1638 875 1670 modo
897 1648 1023 1679 genera
1041 1643 1073 1669 et
1090 1648 1166 1678 spe-

182 1690 250 1723 cies
268 1689 423 1732 conspici
442 1688 588 1732 possint.

182 1741 286 1773 latius
302 1746 493 1782 vagantur,
522 1751 627 1783 quam
644 1739 803 1771 absoluta
815 1763 824 1777 ,
851 1745 969 1771 tamen
987 1745 1165 1782 utcunque

183 1791 293 1835 prima
312 1801 437 1833 genera
454 1789 644 1822 monstrari
661 1796 818 1833 possunt,
837 1802 988 1834 quorum
1006 1788 1167 1821 animad-

182 1841 295 1874 versio
328 1847 467 1873 revocat
494 1838 648 1872 hominis
680 1840 827 1874 studiosi
852 1840 1099 1883 cogitationem
1127 1852 1166 1871 ex

184 1892 242 1924 illa
264 1891 497 1923 immensitate
513 1891 555 1922 ad
577 1891 698 1931 initia,
725 1898 761 1924 ut
780 1891 896 1925 videat
917 1900 1045 1931 tamen,
1073 1891 1167 1923 unde

184 1942 346 1975 oriantur
369 1941 567 1973 relationes.
623 1939 669 1974 Et
693 1942 870 1975 enarratio
889 1942 1089 1986 aliquorum
1109 1953 1167 1973 ex-

185 1992 382 2036 emplorum
415 1991 559 2024 adiuvat
587 1992 777 2032 discentes,
813 2001 850 2026 ut
878 1993 984 2025 simili
1016 1992 1167 2036 explica-

185 2043 282 2076 tione
299 2043 335 2074 in
354 2042 497 2076 caeteris
515 2042 566 2075 uti
587 2042 732 2085 possint.

286 2110 379 2144 Sunt
401 2116 515 2142 autem
544 2121 679 2142 summa
705 2120 831 2151 genera
849 2108 933 2143 haec
951 2112 1032 2144 tria:
1061 2110 1170 2145 Rela—

185 2162 338 2195 tivorum
357 2160 425 2193 alia
443 2160 610 2193 oriuntur
629 2172 669 2192 ex
687 2161 880 2193 substantia
893 2188 901 2200 ‚
928 2162 994 2194 alia
1018 2174 1055 2194 ex
1083 2175 1170 2207 qua—

186 2212 362 2251 litatibuS‚
390 2211 457 2243 alia
481 2223 521 2243 ex
538 2211 808 2255 quantitatibus.
861 2210 949 2244 Nam
966 2212 1109 2245 relativa
1127 2214 1170 2245 ab

187 2262 357 2296 absolutis
375 2268 519 2294 sumunt
535 2262 690 2294 initium.
720 2260 857 2294 Deinde
875 2270 1072 2306 sequuntur
1082 2264 1170 2296 aliae

188 2313 380 2346 divisiones
398 2312 495 2345 velut
511 2312 613 2344 rami.
652 2310 899 2345 Relativorum
918 2313 985 2345 alia
1005 2314 1171 2347 oriuntur

188 2375 227 2395 ex
247 2363 444 2397 actionibus
455 2363 676 2396 naturalibus
687 2363 917 2405 substantiae,
931 2364 998 2397 alia
1011 2377 1049 2397 ex
1061 2365 1169 2398 actio-

189 2414 293 2447 nibus
309 2414 513 2449 voluntatis.

389 2515 444 2547 Ex
473 2515 691 2550 actionibus
715 2515 967 2551 naturalibus.

733 2584 903 2620 Effectus:

735 2636 858 2672 Filius.

450 2581 577 2617 Causa:

458 2631 571 2667 Pater.

917 410 1045 445 Carent
1067 409 1159 442 enim
1188 418 1189 437 t

640 1685 715 1721 Etsi
733 1687 826 1720 enim
848 1688 1036 1721 relationes
1054 1687 1166 1720 multo
1191 1712 1192 1719 ,

1437 205 1494 236 Ex
1522 202 1731 236 actionibus
1758 203 1971 237 voluntatis.

1316 269 1488 303 Yoluntas
1516 271 1596 303 facit
1624 277 1681 302 aut
1710 281 1963 313 personarum,
1997 277 2056 303 aut
2079 281 2198 302 rerum

1187 322 1188 336 ³
1215 320 1429 355 discrimina.
1485 321 1554 354 Sed
1575 321 1780 354 discrimine
1806 330 2037 363 personarum
2066 320 2197 353 colloca

1188 406 1189 410 Ἰ
1215 367 1277 403 has
1295 372 1442 415 species:
1687 365 1690 369 .

1188 442 1189 472 t
1419 430 1588 464 Sacerdos
1602 459 1610 472 ,
1738 428 1987 472 Magistratus,

1420 481 1517 515 Civis
1528 509 1536 522 ,
1740 480 1872 513 Civitas
1884 507 1892 520 ‚

1436 532 1495 565 'tex
1508 559 1516 572 ‚
1742 530 1839 569 Dux,

1419 582 1525 615 Miles
1538 609 1546 622 ,
1742 579 1997 621 scholasticus,

1422 631 1618 673 Dominus,
1740 632 1880 667 Servus.

1422 682 1624 728 Tyrannus.

1319 741 1359 774 Iu
1379 739 1505 775 horum
1524 741 1792 775 definitionibus
1809 754 1918 785 genus
1938 750 1970 776 et
1990 743 2202 775 fundamen-

1216 800 1289 826 tum
1310 793 1402 825 idem
1424 800 1494 834 est,
1522 793 1655 826 scilicet
1673 804 1839 836 persona,
1867 794 2008 826 termini
2033 793 2202 826 differen-

1217 844 1299 884 tias,
1326 844 1479 887 faciunt,
1509 851 1546 876 ut
1566 843 1737 877 Sacerdos
1757 851 1807 876 est
1826 857 1994 888 persona,
2021 843 2087 876 Dei
2104 845 2203 877 ordi-

1217 894 1360 928 natione
1382 895 1507 935 electa,
1534 901 1574 928 ut
1593 896 1715 928 doceat
1734 892 1986 937 Evangelium,
2020 905 2052 928 et
2077 895 2202 938 puniat

1190 946 1191 958 ³
1217 952 1458 984 contumaces,
1488 946 1615 986 verbo,
1642 958 1716 977 non
1733 946 1763 977 vi
1783 945 1977 989 corporali,
2005 952 2069 978 etc.
2122 945 2204 978 Ma-

1217 997 1381 1039 gistratus
1411 1003 1460 1029 est
1486 1008 1652 1040 persona,
1680 996 1746 1028 Dei
1765 996 1992 1029 ordinatione
2010 997 2136 1036 electa,
2163 1003 2202 1029 ut

1218 1048 1261 1080 sit
1287 1054 1402 1080 custos
1430 1048 1636 1091 disciplinae
1658 1054 1690 1080 et
1714 1048 1824 1091 pacis,
1859 1047 1962 1080 certis
1987 1047 2143 1090 legibus,
2170 1054 2203 1080 et

1218 1098 1341 1142 puniat
1359 1105 1580 1131 contumaces
1597 1098 1630 1131 vi
1654 1098 1843 1141 corporali.
1895 1097 2050 1130 Persona
2072 1098 2203 1130 sunda-

1219 1156 1375 1181 mentum
1396 1156 1466 1189 est,
1493 1150 1552 1181 sed
1571 1160 1642 1181 esse
1659 1149 1864 1182 ordinatum
1888 1149 1930 1181 ad
1957 1149 2062 1183 talem
2089 1149 2205 1181 adrni—

1218 1200 1486 1239 nistrationem,
1515 1200 1639 1232 relatio
1663 1207 1724 1233 est.
1780 1199 1972 1232 Terminus
1997 1199 2070 1244 ipsa
2088 1199 2204 1232 admi—

1218 1251 1394 1284 nistratio.
1449 1248 1688 1283 Scholasticus
1707 1257 1758 1283 est
1777 1262 1926 1294 persona
1953 1251 2115 1283 ordinata
2140 1262 2204 1283 vo-

1218 1302 1351 1334 luntate
1369 1300 1452 1341 Dei,
1480 1303 1521 1334 ad
1542 1302 1744 1334 discendam
1772 1302 1969 1335 doctrinam
1992 1302 2111 1343 generi
2137 1298 2204 1333 hu-

1190 1362 1192 1391 1
1218 1364 1322 1384 mano
1341 1352 1570 1384 necessariam
1590 1353 1632 1384 de
1650 1351 1726 1383 Deo
1755 1357 1787 1383 et
1811 1353 1853 1383 de
1869 1351 1948 1382 aliis
1967 1352 2071 1384 rebus
2089 1351 2203 1389 bonis,

1219 1414 1262 1434 ne
1295 1401 1519 1444 extinguatur
1550 1401 1681 1435 noticia
1704 1400 1770 1433 Dei
1803 1402 1896 1434 inter
1924 1398 2105 1442 homines,
2140 1403 2200 1434 sed

1191 1461 1192 1496 ]
1219 1459 1379 1485 servetur
1404 1450 1582 1492 Ecclesia,
1616 1459 1648 1485 et
1680 1452 1783 1485 multi
1812 1452 1896 1485 fiant
1918 1449 2086 1485 haeredes
2111 1452 2203 1485 vitae

1219 1510 1398 1541 aeternae,
1431 1509 1463 1535 et
1488 1509 1647 1535 servetur
1671 1503 1877 1546 disciplina,
1905 1510 1935 1535 et
1961 1500 2115 1535 habeant
2138 1500 2204 1536 ho-

1219 1554 1330 1586 mines
1355 1554 1440 1585 alias
1465 1550 1629 1586 honestas
1656 1553 1826 1586 utilitates
1851 1565 1890 1585 ex
1917 1554 2069 1593 artibus,
2104 1560 2143 1587 ut
2164 1566 2205 1587 ex

1191 1618 1192 1634 1
1219 1603 1358 1636 Medica
1392 1604 1590 1636 curationes
1629 1604 1874 1644 morborums
1898 1616 1939 1636 ex
1970 1602 2204 1638 Arithmetica

1219 1655 1515 1698 computationes,
1535 1667 1573 1686 ex
1587 1652 1789 1687 Geometria
1807 1666 2008 1693 mensuras,
2030 1667 2067 1688 ex
2078 1656 2203 1689 Astro—

1219 1706 1336 1738 nomia
1357 1705 1441 1737 anni
1460 1705 1696 1748 cognitionem
1710 1732 1718 1744 ,
1746 1712 1778 1738 et
1795 1706 1881 1739 alias
1895 1706 2075 1740 utilitates.

1321 1764 1395 1797 Sub
1416 1762 1621 1796 discrimine
1639 1775 1756 1796 rerum
1775 1764 1907 1797 colloca
1928 1762 1990 1798 has
2007 1765 2152 1808 species:

1370 1813 1456 1847 Com
1463 1826 1578 1854 mune,
1681 1813 1883 1859 Proprium,
1963 1815 2146 1856 Alienum,

1373 1864 1529 1898 Potestas
1546 1877 1606 1898 seu
1622 1865 1780 1906 facultas,

1374 1916 1444 1956 lus,
1968 1916 2188 1957 Dominium,

1371 1966 1544 2006 Servum,
1964 1966 2187 2002 Contractus.

1321 2025 1542 2059 Vocabulum
1564 2026 1654 2058 luris
1686 2037 1787 2070 saepe
1814 2035 2003 2071 usurpatur
2029 2040 2093 2072 pro
2117 2027 2203 2072 ipsis

1220 2077 1366 2121 legibu5‚
1394 2084 1433 2110 ut
1450 2089 1528 2110 cum
1546 2077 1714 2109 dicimus:
1741 2078 1799 2110 Ius
1817 2078 1930 2119 civile,
1958 2079 1993 2111 id
2010 2085 2071 2117 est,
2099 2079 2202 2121 leges,

1220 2129 1349 2174 quibus
1367 2127 1487 2161 civitas
1500 2126 1664 2161 Romana
1682 2128 1825 2171 regitur.
1857 2128 1925 2162 Sed
1941 2130 2007 2162 alia
2027 2136 2077 2163 est
2093 2129 2203 2172 signi-

1219 2179 1333 2212 ficatio
1361 2179 1470 2222 magis
1495 2178 1655 2222 propria,
1690 2191 1769 2212 cum
1796 2179 1962 2213 dicimus:
2000 2179 2123 2213 Habeo
2149 2180 2203 2213 ius

1220 2231 1363 2264 tenendi
1389 2228 1493 2262 hulus
1519 2229 1665 2273 praedii.
1682 2249 1689 2256 ·
1717 2231 1757 2262 In
1783 2228 1849 2265 hae
1871 2231 2125 2274 significatione
2147 2231 2202 2264 ius

1221 2289 1270 2315 est
1286 2281 1432 2314 facultas
1449 2278 1623 2320 habendi,
1649 2282 1874 2324 possidendi,
1901 2290 1961 2316 aut
1984 2282 2110 2325 agendi
2135 2281 2200 2314 ali-

1221 2332 1326 2377 quid,
1355 2332 1449 2364 iuxta
1473 2331 1575 2374 legeS.
1629 2330 1914 2367 Fundamentum
1935 2341 1983 2366 est
1999 2333 2144 2366 facultas
2162 2331 2200 2364 in

1220 2384 1338 2428 aliqua
1352 2394 1520 2426 persona,
1548 2381 1739 2416 Terminus
1766 2382 1981 2424 esthabere,
2009 2383 2198 2427 possidere,

1220 2442 1279 2468 aut
1303 2445 1404 2476 agere
1429 2433 1564 2477 aliquid
1588 2433 1683 2467 iuxta
1705 2434 1816 2477 leges,
1860 2434 1961 2469 Ordo
1984 2436 2027 2467 ab
2047 2432 2198 2468 habente

1220 2483 1310 2518 lianc
1336 2484 1534 2517 facultatem
1563 2485 1604 2516 ad
1634 2482 1728 2518 hunc
1749 2486 1955 2524 terminum,
1988 2485 2110 2518 relatio
2136 2491 2196 2518 est.

1221 2536 1300 2570 Scio
1324 2535 1500 2568 interdum
1525 2535 1568 2567 de
1591 2535 1818 2579 ambiguitate
1837 2536 1998 2568 vocabuli
2017 2535 2107 2568 Iuris
2123 2536 2197 2569 dis-

1220 2586 1355 2631 putari,
1383 2585 1461 2618 ideo
1478 2586 1736 2619 enarrationem
1756 2588 1896 2620 brevem
1914 2584 1970 2619 hic
1987 2586 2157 2622 recensui.

1320 2635 1528 2670 Dominium
1548 2643 1598 2670 est
1616 2637 1670 2670 ius
1687 2649 1745 2670 seu
1761 2637 1906 2670 facultas
1923 2634 2088 2681 habendi,
2116 2649 2196 2682 pos-

1218 2688 1378 2729 sidendi,
1407 2688 1547 2729 utendi,
1575 2688 1736 2728 fruendi,
1762 2694 1822 2722 aut
1847 2688 2061 2732 disponendi
2087 2690 2131 2723 de
2158 2702 2195 2723 re
