2379 2948
166 150 236 185 185

169 234 334 279 sagaciter
358 235 681 267 animadverterunt
698 229 907 275 qualitatum
931 239 1087 273 pugnas,
1114 234 1147 262 et

171 285 382 320 mutationes
404 286 486 317 inde
513 290 626 321 ortas,
660 288 699 314 ut
722 278 930 324 Empedocli
956 279 1038 313 satis
1061 285 1148 312 esset

171 338 286 370 dicere
304 337 346 368 de
363 334 534 373 Comefis,
561 331 740 365 materiam
760 342 832 364 esse
847 331 1001 364 viscosos
1018 336 1051 363 et
1071 330 1146 362 len-

173 395 226 420 tos
249 384 396 423 halitus,
418 390 514 416 motu
540 394 600 415 seu
623 381 811 426 agitatione
837 382 874 414 in
900 384 979 414 aere
1001 387 1148 417 coactos,

174 449 212 470 ac
230 437 367 469 tandem
387 433 637 472 inflammatos,
664 432 807 465 effectus
823 444 905 465 vero
921 442 994 464 esse
1011 431 1149 463 siccita-

174 494 223 519 tes
239 498 276 518 ac
295 491 435 523 ventos,
455 484 537 528 quia
553 483 642 516 sumi
659 489 871 526 sparguntur
886 482 923 514 in
939 482 1065 520 ae'rem,
1090 479 1149 525 qui

174 534 328 578 dissipati
343 561 351 574 ‚
393 541 514 567 ventos
552 533 722 571 excitant,
762 540 795 566 et
826 532 908 578 quia
940 538 1022 565 sunt
1058 530 1150 567 sicci,

173 593 286 619 aerem
302 585 369 617 late
388 591 517 625 urunt,
544 591 577 617 et
593 584 848 629 aliquantisper
871 582 1060 616 siccitatem
1078 580 1150 613 effi-

173 636 289 674 ciunt,
317 642 355 668 ut
377 646 479 679 saepe
498 634 662 668 vidimus.

277 702 345 737 Sed
363 699 494 735 Thales
519 713 591 734 non
609 707 745 734 tantum
763 698 824 732 has
840 699 1014 743 proximas
1033 707 1153 730 causas

176 753 363 796 aspiceret,
408 764 528 785 verum
565 751 704 795 longius
741 756 921 796 quaereret
957 748 1154 782 efficientes.

178 803 249 837 Cur
273 803 367 836 enim
396 814 469 835 non
491 802 638 845 singulis
660 802 761 835 annis
787 802 956 844 adparent
978 798 1154 837 Cometae,

177 854 204 886 si
234 854 306 886 sola
338 853 504 886 materiae
546 853 688 895 agitatio
731 851 905 884 sufficiens
939 861 1040 883 causa
1082 848 1154 881 est?

177 903 314 937 Deinde
339 914 427 948 quae
450 914 571 936 causae
593 910 693 940 sunt,
729 914 791 935 cur
816 899 900 934 haec
923 907 1019 934 tanta
1043 899 1154 932 moles

177 951 354 988 halituum
383 954 420 985 in
444 956 522 986 aere
545 953 630 986 alias
660 952 838 990 consistit,
872 952 958 984 alias
982 957 1154 987 movetur,

178 1011 212 1037 et
229 1004 372 1048 quidem
391 1003 536 1037 diversis
553 1003 730 1037 motibus?
757 1014 845 1048 quae
870 1013 991 1035 causae
1009 998 1155 1034 trahunt

177 1061 236 1087 aut
253 1055 439 1098 impellunt
457 1054 558 1087 eam?
584 1053 777 1093 Postremo,
805 1059 838 1085 et
854 1052 996 1086 effectus
1013 1050 1155 1092 longin-

178 1105 318 1149 quiores
335 1104 535 1146 vestigaret,
562 1115 623 1136 cur
641 1103 805 1137 Cometae
828 1114 899 1136 non
924 1102 1038 1134 solum
1056 1099 1156 1133 sicci-

178 1161 283 1194 tates,
309 1155 366 1186 sed
390 1153 603 1197 pestilentias
638 1161 671 1187 et
696 1164 840 1194 magnos
861 1153 1018 1195 gentium
1039 1158 1155 1185 motus

179 1211 210 1236 et
237 1204 448 1237 mutationes
474 1203 701 1246 imperiorum
727 1203 941 1245 significent,
967 1209 1004 1234 ut
1028 1200 1156 1234 Come-

179 1261 269 1293 tam,
309 1255 368 1298 qni
394 1254 478 1286 arsit
512 1254 614 1286 initio
646 1254 729 1287 belli
766 1252 1053 1296 Peloponnesiaci
1083 1252 1156 1283 dies

177 1305 334 1349 quinque
350 1311 384 1338 et
405 1304 644 1348 septuaginta,
673 1304 824 1348 primum
849 1301 1027 1336 horrenda
1050 1301 1156 1345 pesti—

177 1355 284 1388 lentia
313 1362 427 1388 secuta
461 1361 528 1394 est,
561 1354 691 1387 deinde
723 1361 757 1388 et
787 1354 981 1387 multarum
1011 1352 1156 1385 urbium

176 1405 372 1438 tristissima
395 1404 538 1438 excidia.

281 1469 429 1515 Aliquas
472 1470 579 1512 igitur
613 1469 648 1501 in
679 1469 860 1502 stellarum
890 1467 1006 1512 positu
1038 1477 1157 1500 causas

179 1527 372 1565 quaereret,
398 1527 436 1554 ut
453 1520 575 1553 dicunt
590 1519 735 1563 eclipsin
754 1518 858 1557 Solis,
884 1525 919 1551 et
935 1517 1157 1551 coniunctio—

179 1584 259 1603 nem
287 1571 452 1611 Saturni,
486 1570 613 1603 Martis
639 1576 672 1603 et
704 1569 874 1602 Mercurii
900 1566 1095 1607 attrahere,
1124 1574 1157 1601 et

179 1634 314 1654 veneno
346 1632 573 1664 conspergere
600 1621 729 1653 molem
760 1617 935 1653 halituum
963 1630 1000 1652 ac
1035 1619 1157 1650 incen-

179 1674 272 1706 dere.
332 1670 385 1704 Ex
418 1672 546 1716 quibus
577 1671 689 1704 causis
714 1677 747 1703 et
775 1676 964 1704 venturum
987 1667 1156 1702 Cometen

178 1734 271 1755 anno
304 1720 411 1754 1532.
437 1721 607 1765 praedixit
630 1719 801 1764 ApianuS.

271 1787 483 1833 Quanquam
501 1794 616 1821 autem
635 1788 814 1821 adiunctio
832 1786 1013 1820 doctrinae
1023 1787 1066 1818 de
1081 1798 1156 1818 mo-

179 1839 273 1872 tibus
298 1846 333 1872 et
357 1839 537 1873 effectibus
562 1838 746 1871 celestibus
772 1838 812 1870 ad
841 1835 933 1870 hanc
956 1837 1158 1870 considera—

181 1890 312 1922 tionem
331 1889 507 1922 inferioris
523 1889 702 1928 materiae,
727 1888 825 1922 utilis
842 1895 904 1927 est,
931 1893 969 1920 ut
985 1887 1077 1927 infra
1094 1898 1156 1919 suo

182 1939 260 1971 loco
277 1939 423 1978 dicetur,
450 1946 484 1972 et
499 1939 638 1971 collatio
656 1939 783 1971 artium
799 1938 938 1983 utrique
958 1938 1077 1970 lumen
1095 1938 1157 1969 ad-

179 1989 264 2028 fert,
292 1996 407 2021 tamen
425 1989 504 2033 quia
522 1995 668 2033 utraque
685 2000 739 2021 ars
764 2000 888 2031 magna
907 1995 977 2026 est,
1005 1996 1037 2022 et
1060 1988 1157 2020 latis-

180 2040 265 2072 sime
298 2045 407 2082 patet,
436 2039 602 2072 usitatum
638 2050 732 2071 nunc
761 2045 810 2070 est
840 2036 1006 2082 physicen
1034 2050 1158 2070 vocare

180 2140 297 2172 mixtis
313 2139 547 2184 propinquas,
576 2150 664 2183 quae
687 2138 851 2171 oriuntur
867 2139 909 2171 ab
928 2135 1032 2170 huius
1049 2145 1157 2171 mate-

180 2190 252 2222 riae
269 2190 446 2222 inserioris
465 2197 562 2223 motu
588 2197 620 2222 et
638 2189 883 2234 qualitatibus,
910 2188 1091 2231 patefacit,
1119 2196 1157 2222 ut

179 2240 334 2273 medicus
359 2240 396 2272 in
419 2240 573 2273 curanda
604 2239 812 2283 pleuritide,
836 2239 999 2271 materiae
1020 2246 1154 2271 motum

180 2296 211 2322 et
229 2291 429 2335 qualitatem
446 2291 483 2323 in
500 2301 602 2333 aegro
620 2301 763 2333 corpore
783 2289 996 2327 considerat,
1024 2289 1156 2321 intelli-

181 2341 229 2382 git
246 2341 399 2373 adssuere
419 2341 625 2384 sanguinem
647 2341 691 2373 ad
709 2340 824 2372 locum
851 2339 1036 2373 adfectum.
1072 2338 1155 2372 Ideo

180 2403 302 2423 venam
329 2391 471 2429 incidit,
499 2398 537 2425 ut
562 2390 769 2434 sanguinem
791 2396 943 2426 avertat,
979 2397 1011 2423 et
1035 2396 1071 2422 ut
1089 2390 1155 2422 ali-

180 2440 264 2484 quid
282 2453 474 2473 crassorum
501 2439 673 2475 halituum
696 2446 888 2480 exaestuet,
915 2446 947 2472 et
967 2440 1025 2473 dat
1050 2437 1154 2483 phar-

179 2502 274 2522 maca
306 2490 489 2529 lenientia.
518 2491 770 2534 disgregantia,
804 2502 867 2523 nec
892 2487 1036 2523 adhibet
1063 2490 1153 2523 cale-

178 2540 358 2577 facientia,
387 2552 430 2572 ne
448 2541 758 2574 inflammationem
775 2547 908 2584 augeat.
961 2539 1056 2574 Haec
1081 2546 1152 2573 tota

177 2590 409 2623 consideratio
444 2590 533 2623 circa
576 2593 792 2636 propinquas
823 2602 944 2624 causas
985 2597 1151 2624 versatur.

176 2638 275 2674 Hanc
294 2640 410 2673 vocari
436 2652 529 2673 nunc
553 2642 676 2674 usitate
699 2640 863 2686 physicen
885 2642 1065 2675 sciendum
1089 2647 1150 2674 est.

170 2689 316 2736 Loquor
337 2697 453 2724 autem
478 2702 548 2724 non
572 2693 614 2724 de
641 2690 834 2726 Democriti
859 2693 1005 2733 atomis,
1030 2692 1089 2726 sed
1109 2693 1152 2725 de

405 147 612 184 SCRIPTA
640 147 717 181 PH.
746 142 860 179 MEL.
892 140 956 177 AD
983 141 1110 178 HIST.
1139 139 1282 176 PROF.
1309 139 1375 176 ET
1401 139 1591 176 PHILOS.
1620 139 1940 178 SPECTANTIA.

1183 1909 1185 1927 1

2106 143 2177 178 184

1200 238 1280 260 vera
1304 226 1485 266 doctrina,
1518 226 1632 271 qualis
1658 234 1707 261 est
1729 225 1952 263 Aristotelica
1980 235 2117 274 sumpta
2141 241 2182 262 ex

1200 276 1426 322 Hippocratis
1443 277 1614 311 fontibus.

1300 335 1372 369 Nec
1398 343 1513 369 tamen
1539 347 1681 379 prorsus
1709 335 1879 380 relinquit
1896 335 2103 370 Aristoteles
2129 338 2182 370 al-

1201 393 1309 420 teram
1326 393 1480 429 partem,
1502 387 1650 427 scilicet,
1677 386 1994 419 considerationem
2022 395 2182 421 motuum

1202 436 1424 477 coelestium,
1451 437 1540 469 sicut
1559 448 1622 469 nec
1642 436 1884 480 Hippocrates,
1939 435 2027 469 Nam
2044 435 2185 471 Aristo-

1201 486 1285 519 teles
1300 487 1395 519 videt
1413 486 1594 520 materiam
1611 498 1683 519 non
1702 487 1813 520 ordiri
1831 487 2084 530 generationes,
2107 487 2184 521 sine

1203 536 1319 580 aliqua
1354 543 1476 579 agente
1510 548 1570 569 seu
1608 536 1779 571 efficiente
1821 549 1944 578 causa,
1987 549 2076 582 quae
2105 544 2183 573 tum

1205 586 1310 626 cieat,
1337 592 1410 618 tum
1436 598 1516 618 vero
1541 584 1720 627 cohibeat,
1747 599 1792 620 ne
1816 588 1854 620 in
1878 588 2055 621 infinitum
2081 587 2185 621 dissi-

1204 642 1315 680 petur.
1370 635 1482 669 Taxat
1498 637 1605 679 igitur
1624 637 1661 669 in
1679 639 1832 671 secundo
1850 639 1893 671 de
1910 638 2135 681 generatione
2151 646 2187 673 et

1204 686 1432 729 corruptione
1450 686 1709 728 Democritum,
1735 695 1878 731 propter
1907 686 1973 721 hoc
1999 689 2114 732 ipsum
2131 701 2186 722 er·-

1205 744 1340 777 ratum,
1369 739 1462 781 quod
1485 737 1720 771 mutationum
1737 738 1897 771 omnium
1913 750 2032 772 causas
2048 746 2186 772 tantum

1205 788 1249 820 ad
1280 788 1480 828 materiam,
1512 800 1572 821 seu
1601 795 1799 821 atomorum
1831 800 2039 822 concursum
2070 790 2187 830 refert,

1208 837 1361 881 neglecta
1376 850 1518 882 prorsus
1534 839 1704 872 efficiente
1720 850 1833 874 causa.
1859 837 1905 872 Et
1923 839 2083 873 adfirmat
2101 840 2186 873 cieri

1206 888 1408 922 inferiorem
1429 889 1609 922 materiam
1630 902 1648 921 a
1667 896 1763 922 motu
1794 889 1955 928 coelesti,
1982 896 2015 923 et
2042 890 2187 934 quidem

1207 949 1344 972 causam
1372 940 1614 983 perpetuitatis
1646 940 1912 982 generationum
1948 951 2021 973 esse
2052 947 2186 973 motum

1207 988 1301 1022 Solis
1323 996 1356 1023 et
1381 989 1520 1030 Lunae,
1548 996 1581 1023 et
1603 991 1750 1023 aliarum
1780 990 1974 1023 errantium
2006 990 2187 1024 stellarum

1207 1039 1245 1071 in
1261 1039 1427 1075 zodiaco.
1479 1039 1556 1073 Hoc
1579 1042 1706 1080 modo,
1734 1041 1798 1074 etsi
1820 1040 2085 1085 particularium
2109 1052 2189 1074 mu-

1208 1089 1383 1123 tationum
1416 1090 1625 1124 inferiorum
1665 1103 1784 1124 causas
1829 1103 1902 1124 non
1946 1097 2119 1125 monstrat
2150 1091 2188 1124 in

1208 1139 1331 1180 astris,
1365 1146 1481 1173 tamen
1513 1141 1712 1174 universale
1742 1142 1895 1175 efficiens
1918 1141 2187 1185 generationum

1207 1197 1240 1224 et
1267 1198 1426 1224 motuum
1452 1191 1636 1232 materiae,
1668 1192 1830 1226 adfirmat
1856 1203 1928 1225 esse
1951 1198 2085 1225 motum
2109 1203 2189 1225 coe-

1209 1241 1340 1274 lestem.

1309 1298 1360 1332 Ac
1374 1299 1461 1333 utile
1476 1307 1524 1333 est
1542 1300 1743 1333 meminisse
1759 1300 1930 1344 quaedam
1947 1299 2021 1332 eius
2038 1299 2129 1333 dicta
2147 1300 2191 1332 de

1209 1348 1273 1383 hac
1290 1361 1347 1392 re,
1376 1362 1464 1395 quae
1478 1351 1542 1383 etsi
1560 1362 1622 1383 suo
1642 1351 1720 1382 loco
1744 1350 1986 1382 enarrabimus
2002 1349 2190 1393 copiosius,

1208 1401 1271 1433 ubi
1295 1401 1338 1431 de
1360 1401 1394 1431 vi
1419 1405 1595 1432 astrorum
1621 1406 1654 1432 et
1684 1400 1727 1431 de
1760 1399 1978 1442 astrologicis
2013 1398 2190 1442 significa·

1210 1449 1369 1484 tionibus
1388 1449 1563 1488 dicemus,
1590 1455 1706 1482 tamen
1733 1447 1790 1482 bic
1815 1449 2014 1483 testimonia
2037 1449 2190 1492 insignia

1208 1499 1445 1540 recitabimus,
1472 1499 1596 1544 nequis
1613 1500 1787 1533 existimet
1806 1499 2031 1533 Aristotelem
2052 1499 2190 1532 finxisse

1209 1550 1389 1584 materiam
1419 1557 1577 1583 ruentem
1604 1551 1639 1582 in
1672 1550 1869 1591 infinitum,
1904 1550 1978 1583 sine
2007 1550 2082 1583 ullo
2115 1549 2190 1583 effi-

1210 1601 1343 1640 ciente,
1371 1600 1459 1633 sicut
1478 1601 1577 1634 finxit
1593 1598 1826 1636 Democritus.

1315 1658 1546 1692 Meminerint
1577 1670 1657 1702 ergo
1690 1659 1839 1692 studiosi
1870 1657 1954 1692 haec
1983 1658 2086 1692 dicta.
2149 1657 2189 1692 In

1210 1711 1278 1742 fine
1301 1709 1446 1742 secundi
1470 1709 1552 1742 libri
1579 1710 1621 1742 de
1651 1710 1874 1752 generatione
1899 1717 1931 1743 et
1962 1709 2189 1752 corruptione

1210 1761 1258 1793 sic
1289 1759 1419 1804 inquit:
1474 1759 1554 1793 Non
1579 1760 1686 1802 igitur
1712 1760 1847 1804 primus
1873 1767 1988 1794 motus
2013 1760 2120 1800 coeli,
2152 1759 2189 1792 id

1209 1818 1278 1851 est,
1305 1810 1472 1849 diurnus,
1497 1811 1557 1843 sed
1572 1817 1688 1844 motus
1706 1810 1741 1842 in
1761 1811 1907 1855 obliquo
1933 1810 2065 1843 circulo
2088 1821 2189 1843 causa

1210 1868 1260 1895 est
1291 1860 1532 1904 perpetuitatis
1564 1861 1831 1902 generationum
1853 1868 1886 1894 et
1910 1860 2189 1904 corruptionum.

1212 1911 1304 1956 Quia
1322 1911 1414 1943 enim
1441 1918 1628 1954 perpetuus
1654 1918 1723 1950 est,
1750 1923 1823 1943 non
1846 1917 1979 1944 cessant
1995 1917 2028 1944 et
2042 1911 2189 1943 inferio-

1183 1994 1185 1996 ,
1212 1974 1265 1996 res
1282 1968 1414 1999 motus,
1442 1961 1499 1993 sed
1520 1961 1600 2006 quia
1619 1961 1777 2004 geminus
1795 1968 1857 2001 est,
1882 1973 1921 1994 ac
1939 1967 2080 2004 propter
2095 1960 2189 1994 obli-

1183 2025 1185 2043 :
1210 2013 1378 2058 quitatem
1417 2012 1585 2044 accedunt
1629 2023 1668 2044 ac
1707 2012 1875 2044 recedunt
1909 2012 2047 2052 stellae,
2096 2011 2189 2044 vices

179 2087 270 2122 hanc
303 2089 496 2123 doctrinam
565 2100 653 2133 quw
695 2099 812 2121 causas
849 2088 1084 2121 mutationum
1120 2088 1157 2120 in
1183 2075 1185 2109 ς
1211 2065 1299 2097 fiunt
1317 2069 1352 2096 et
1370 2062 1405 2093 in
1432 2062 1677 2094 inferioribus:
1716 2073 1855 2095 accessu
1881 2063 1969 2096 fiunt
1991 2061 2188 2105 generatio-

510 2113 520 2129 ,
616 2111 624 2120 ι
1183 2114 1185 2129 3

1211 2125 1288 2147 nes:
1314 2113 1466 2145 discessu
1487 2113 1743 2156 corruptiones.

1310 2171 1421 2205 Breve
1452 2178 1485 2205 et
1516 2173 1677 2215 generale
1709 2172 1841 2205 dictum
1872 2178 1942 2211 est,
1980 2170 2039 2203 sed
2071 2177 2188 2204 tamen

1209 2223 1345 2257 Lectori
1363 2228 1514 2260 attento,
1541 2223 1666 2256 multas
1692 2234 1744 2255 res
1766 2234 1909 2265 magnas
1928 2221 2115 2265 significat,
2149 2228 2187 2254 ut

1208 2275 1293 2307 alibi
1310 2273 1496 2306 dicendum
1515 2274 1591 2306 erit.

1311 2331 1351 2364 ln
1375 2331 1488 2375 primo
1514 2331 1604 2363 libro
1629 2331 1671 2363 de
1695 2329 1863 2362 Meteoris
1891 2329 2025 2374 inquit:
2059 2328 2186 2363 Neces-

1207 2383 1298 2416 sario
1322 2381 1510 2415 continuus
1529 2387 1578 2414 est
1600 2378 1658 2413 hic
1683 2380 1830 2413 inferior
1852 2381 2005 2413 mundus
2025 2380 2184 2423 superio·

1207 2434 1305 2466 ribus
1329 2431 1504 2471 motibus,
1529 2438 1568 2464 ut
1589 2442 1711 2464 omnes
1739 2431 1829 2464 vires
1855 2431 1929 2464 eius
1954 2442 1973 2463 a
1991 2430 2184 2473 superiori-

1206 2484 1272 2516 bus
1288 2488 1463 2525 regantur.
1514 2480 1602 2513 Nam
1626 2493 1715 2526 quae
1733 2492 1787 2514 res
1805 2480 2018 2524 principium
2040 2487 2090 2514 est
2106 2493 2183 2515 mo-

1205 2542 1278 2574 tus,
1312 2544 1350 2565 ea
1376 2543 1430 2564 res
1453 2543 1553 2564 causa
1577 2538 1625 2564 est
1650 2532 1753 2565 etiam
1778 2532 1855 2565 aliis
1878 2537 1992 2564 motus
2014 2530 2182 2575 ipsorum.

1311 2588 1588 2623 Prudentissime
1623 2589 1853 2622 ratiocinatur
1880 2600 1920 2620 ex
1954 2588 2079 2621 ordine
2106 2600 2182 2622 mo-

1205 2647 1316 2674 tuum.
1369 2638 1458 2673 Cum
1482 2646 1615 2673 constet
1640 2640 1793 2683 primum
1820 2650 1890 2671 esse
1916 2646 2050 2671 motum
2081 2639 2180 2680 coeli,

1203 2697 1475 2725 consentaneum
1500 2697 1551 2724 est
1569 2702 1646 2723 eum
1674 2700 1810 2723 causam
1837 2700 1908 2722 esse
1932 2695 2046 2722 motus
2072 2688 2107 2721 in
2126 2701 2180 2723 re-
