2379 2948
226 111 299 144 999
816 106 941 141 PHIL.
970 103 1087 142 MEL.
1114 103 1323 140 SCRIPTA
1352 102 1652 139 EXEGETICA.

576 168 724 246 'Caput
751 192 849 234 XII.

331 280 442 310 Antea
465 276 673 310 vaticinatus
697 281 747 308 est
769 275 811 308 de
829 275 974 310 interitu
991 274 1135 319 politiae
1153 272 1212 307 Iu-

227 329 364 367 daicae,
393 335 426 361 et
441 333 566 371 gamen
590 326 678 359 dixit
702 338 736 359 se
756 333 976 360 servaturum
993 337 1064 358 esse
1081 337 1213 370 paupe-

227 391 299 412 rem
325 390 481 422 gregem,
511 378 572 422 qui
595 377 745 411 custodit
769 378 915 410 verbum
933 375 1098 416 Domini,
1125 376 1213 408 sicut

227 436 260 463 et
283 427 405 462 Esaias
438 428 574 473 inquit,
606 427 792 472 Reliquias
825 428 937 461 salvas
966 428 1052 460 fore.
1111 425 1213 459 Nunc

227 486 342 512 autem
371 479 407 511 in
433 479 616 523 capite12.
643 485 780 519 narrat,
806 478 919 523 qualis
945 478 1063 511 futura
1087 476 1131 509 sit
1153 476 1213 508 illa

227 529 393 568 Ecclesia,
421 531 534 563 deleta
551 529 675 574 politia
688 527 841 568 Iudaica,
869 536 901 562 et
914 528 1098 565 vocabulo,
1125 525 1211 559 Hie-

228 581 443 626 rosolymae⁷
477 578 533 614 hic
556 579 723 624 reliquias
746 579 929 622 intelligit,
961 585 998 611 ut
1026 577 1214 621 Apostolos

229 638 263 664 et
286 643 409 665 eorum
430 638 558 665 coetus.
610 629 676 663 His
692 631 861 674 praedicit
877 629 1153 671 persecutiones,
1182 634 1215 660 et

228 682 429 714 mirandam
471 681 786 715 conservationem.
864 677 1029 720 Ponam,
1081 678 1215 722 inquit,

228 730 484 770 Hierusalem,
518 732 553 765 id
581 739 649 771 est,
682 743 800 764 veram
823 730 1034 770 Ecclesiam,
1068 726 1214 762 calicem

231 782 396 816 tremoris
417 781 551 816 cunctis
566 779 732 829 populis,
760 786 789 814 et
807 779 1026 826 colligentur
1040 777 1215 813 adversus

231 845 308 866 eam
327 833 450 866 omnia
471 845 583 878 regna
603 836 718 865 [errae
735 836 806 873 etc„
828 832 863 864 id
885 838 947 872 est,
974 831 1121 875 imperia
1138 843 1215 874 per-

231 891 423 929 sequentur
445 884 654 923 Ecclesiam,
690 889 724 916 et
746 883 969 915 conabuntur
990 894 1064 915 eam
1090 882 1216 921 delere,

231 936 290 968 sed
306 932 462 967 Ecclesia
486 935 551 967 erit
576 934 624 966 eis
648 933 743 966 velut
770 933 858 966 calix
883 933 1065 971 tremoris,
1092 932 1127 965 id
1155 940 1216 972 est,

232 993 376 1018 eventus
400 985 569 1024 efficient,
598 991 637 1017 ut
655 995 750 1025 reges
768 990 800 1017 et
818 984 939 1027 populi
958 983 1054 1016 velut
1070 983 1158 1016 ebrii
1177 995 1215 1015 ac

231 1043 386 1069 amentes
401 1043 507 1069 ruant
523 1043 554 1068 et
573 1041 725 1078 pereant,
753 1035 833 1079 qnia
851 1035 979 1067 frustra
998 1034 1217 1077 pugnabunt,

232 1093 264 1119 et
289 1087 418 1119 interea
444 1092 600 1119 evertent
622 1096 683 1117 sua
708 1085 873 1129 imperia,
900 1085 988 1118 sicut
1008 1084 1131 1117 accidit
1150 1084 1217 1116 im-

231 1137 298 1180 piis
325 1136 482 1176 ludaeis,
508 1136 749 1169 exercentibus
773 1135 950 1168 saevitiam
978 1141 1098 1167 contra
1119 1132 1215 1178 Apo-

234 1188 341 1221 stolos
366 1195 398 1221 et
416 1199 536 1220 eorum
557 1187 754 1226 auditores,
780 1193 813 1219 et
832 1186 960 1218 deinde
974 1184 1217 1218 Diocletianus

232 1245 264 1271 et
292 1238 370 1277 alii,
406 1239 490 1271 dum
520 1243 694 1270 conantur
719 1235 912 1270 Ecclesiam
937 1236 1071 1276 delere,
1106 1236 1216 1279 impe-

232 1289 324 1322 rium
352 1289 606 1327 dilacerarunt,
642 1294 675 1320 et
701 1288 858 1331 oppressi
881 1294 962 1320 sunt
986 1287 1053 1330 ipsi
1076 1286 1217 1330 publica

232 1345 344 1372 ruina.
397 1339 448 1371 Ac
471 1338 563 1371 inter
586 1336 648 1370 has
669 1339 794 1370 mundi
818 1338 939 1370 ruinas
962 1344 1079 1370 tamen
1096 1336 1216 1369 Eccle-

233 1390 282 1422 sia
316 1396 448 1422 servata
475 1395 544 1427 est,
577 1388 666 1420 sicut
690 1385 747 1420 hic
772 1388 903 1432 inquit:
940 1385 1113 1420 Salcabit
1135 1385 1217 1419 Do-

233 1439 356 1472 minus
383 1436 623 1471 tabernacula
647 1434 767 1476 Iuda,
791 1438 883 1471 sicul
908 1435 1031 1475 initio,
1058 1439 1121 1470 secl
1144 1448 1216 1469 non

234 1495 271 1524 ut
288 1489 467 1536 glorietur
483 1486 611 1522 domus
627 1486 759 1522 David
775 1493 900 1521 contra
919 1486 1073 1526 Iudam,
1101 1488 1137 1520 id
1156 1494 1218 1527 est,

233 1554 307 1574 non
325 1542 371 1574 ita
391 1548 429 1574 ut
446 1547 583 1573 maneat
601 1552 747 1583 regnum
766 1540 947 1582 politicum
966 1538 1128 1577 Davidis,
1157 1539 1214 1570 sed

233 1592 391 1637 quisquis
414 1591 479 1624 erit
505 1597 696 1634 superstes,
724 1590 789 1622 erit
808 1590 898 1622 sicut
914 1589 1049 1626 David,
1078 1596 1109 1621 et
1129 1588 1217 1621 sicut

233 1644 356 1676 domus
373 1642 462 1680 Dei,
490 1648 522 1674 et
537 1642 625 1674 sicut
641 1639 798 1683 Angelus
808 1639 966 1674 Domini.
1018 1638 1086 1671 Hic
1101 1645 1217 1682 aperte

233 1693 405 1731 ostendit,
437 1691 629 1724 Ecclesiam
658 1703 731 1724 non
756 1702 828 1724 esse
853 1702 998 1732 regnum
1022 1689 1217 1733 politicum,

233 1756 295 1776 nec
317 1741 446 1776 babere
469 1742 641 1786 praesidia
663 1739 837 1782 humana,
862 1742 920 1774 sed
938 1741 1128 1774 subiectam
1146 1751 1217 1772 esse

233 1794 347 1834 cruci,
373 1801 407 1826 et
431 1793 640 1826 mirabiliter
663 1793 813 1831 servari,
842 1799 874 1826 et
892 1792 1023 1824 interea
1040 1803 1112 1824 esse
1130 1798 1216 1824 tem-

233 1845 351 1888 plum,
380 1845 417 1876 in
441 1856 510 1888 quo
529 1844 626 1876 Deus
651 1841 804 1883 habitat,
831 1850 864 1876 et
890 1854 953 1874 nos
973 1854 1044 1875 esse
1061 1841 1217 1884 Angelos

232 1895 399 1933 Domini,
440 1894 475 1926 id
505 1901 573 1934 est,
616 1893 765 1926 nuncios
794 1892 980 1936 Evangelii
1013 1893 1217 1925 invocantes

232 1944 364 1983 Deum,
393 1951 425 1978 et
442 1944 473 1977 ei
489 1945 703 1977 obedientes.

334 2012 474 2046 Deinde
489 2012 606 2044 addita
624 2017 674 2044 est
688 2011 888 2044 dulcissima
905 2010 1102 2054 promissio,
1127 2023 1216 2055 quae

232 2063 476 2107 complectitur
503 2062 621 2095 omnia
650 2061 815 2094 beneficia
839 2060 1038 2104 Evangelii:
1072 2058 1216 2110 Effun-

232 2111 315 2148 dam
343 2125 451 2159 super
481 2110 625 2146 domum
649 2110 783 2145 David
805 2109 985 2157 Spiritum
1015 2112 1162 2156 gratiae
1186 2116 1216 2145 el

229 2176 385 2211 precum.
429 2163 625 2207 Diligenter
648 2164 886 2196 observandae
910 2169 992 2196 sunt
1008 2164 1215 2207 praecipuae

231 2216 423 2249 sententiae
449 2215 486 2247 in
512 2212 717 2258 Prophetis,
753 2220 785 2246 et
810 2213 1001 2257 prudenter
1027 2220 1215 2246 contexen-

232 2267 307 2300 dae.
361 2265 476 2309 Supra
508 2266 550 2298 de
579 2265 734 2297 adventu
756 2263 907 2296 Messiae
931 2270 964 2297 et
986 2264 1029 2296 de
1054 2265 1214 2307 passione

232 2317 324 2357 eius,
351 2323 384 2349 et
409 2317 450 2349 de
476 2315 696 2349 restitutione
721 2315 879 2348 iusticiae
896 2321 930 2348 et
946 2314 1037 2347 vitae
1055 2321 1214 2348 aeternae

232 2367 364 2399 dictum
397 2373 464 2400 est:
500 2366 542 2399 In
572 2366 741 2408 sanguine
764 2365 981 2398 Testamenti
1011 2365 1061 2398 tui
1090 2366 1214 2399 educes

231 2417 366 2450 vinctos
391 2430 409 2450 e
430 2417 506 2450 lacu
526 2424 587 2451 etc.
642 2415 709 2449 Hic
729 2416 765 2448 in
785 2416 894 2459 capite
913 2416 969 2449 12.
985 2416 1137 2449 traditur
1156 2428 1214 2449 ex-

231 2478 346 2511 pressa
383 2468 553 2501 sententia
590 2468 633 2499 de
675 2467 865 2499 donatione
900 2466 1054 2510 Spiritus
1092 2467 1213 2507 sancti,

231 2529 334 2562 quem
356 2518 514 2551 nominat
535 2517 707 2560 Spiritum
731 2517 872 2560 gratiae.
933 2516 1024 2559 Quia
1051 2517 1212 2550 testifica—

231 2574 289 2601 tur
322 2567 358 2599 in
391 2567 587 2600 ministerio
619 2567 829 2613 Evangelii,
861 2575 893 2601 et
923 2568 959 2600 in
991 2568 1211 2611 singulorum

230 2618 411 2657 cordibus,
446 2618 488 2650 de
513 2619 640 2659 gratia,
676 2619 709 2651 id
737 2625 805 2657 est,
834 2618 1026 2651 annunciat
1049 2616 1235 2672 Effinge-A

2150 103 2247 138 1000

1263 201 1326 231 ne,
1361 191 1404 224 de
1428 189 1620 224 donatione
1644 188 1802 223 iusticiae
1824 195 1857 222 et
1882 188 1973 222 vitae
1995 196 2174 230 aeternae,
2202 188 2248 224 Et

1263 252 1341 274 cum
1366 241 1433 274 fide
1456 241 1646 285 accipimus
1670 251 1790 273 vocem
1812 237 2016 282 Evangelii,
2039 240 2147 285 simul
2165 240 2247 285 Spi-

1264 291 1352 325 ritus
1375 298 1515 325 sanctus
1539 292 1574 324 in
1602 290 1767 324 cordibus
1792 291 1950 323 accendit
1967 290 2152 331 laetitiam,
2178 303 2246 336 qua

1264 342 1516 387 acquiescimus
1539 342 1575 374 in
1594 341 1670 374 Deo
1695 348 1839 386 propter
1854 340 2107 384 Mediatorem‚
2135 347 2169 374 et
2193 342 2247 373 vi-

1264 393 1444 426 vificamur
1455 420 1463 434 ‚
1490 399 1640 437 suntque
1656 392 1921 435 coniungendae
1937 392 2135 435 superiores
2147 402 2249 436 prae-

1264 444 1435 477 dictiones
1459 444 1501 476 de
1525 455 1672 486 persona
1690 442 1857 483 Messiae,
1885 449 1916 475 et
1939 440 2024 476 haec
2037 443 2080 475 de
2099 453 2248 487 persona

1264 500 1297 527 et
1314 494 1492 528 effectibus
1507 493 1659 538 Spiritus
1677 494 1800 527 sancti.

1366 557 1556 604 Postquam
1581 566 1695 593 autem
1715 561 1819 593 corda
1838 566 2033 603 agnoscunt
2051 559 2249 592 misericor-

1265 610 1358 643 diam
1377 610 1446 643 Dei
1467 622 1528 653 per
1543 608 1795 652 Evangelium,
1822 618 1855 644 et
1874 611 2098 643 vivificantur
2113 609 2249 653 Spiritu

1266 667 1384 693 sancto
1395 685 1404 698 ,
1431 661 1601 694 accedunt
1618 662 1658 692 ad
1670 659 1782 693 Deum
1794 685 1803 699 ‚
1832 668 1864 694 et
1881 661 2048 694 invocant
2063 673 2142 694 eum
2157 660 2250 693 fidu-

1265 712 1315 745 cia
1332 710 1552 745 Mediatoris.
1605 710 1784 744 Invocatio
1801 718 1915 745 autem
1933 718 1982 745 est
1998 722 2156 745 summus
2174 710 2250 744 cul-

1266 769 1340 801 tus,
1369 768 1402 796 et
1425 762 1598 807 reliquam
1617 762 1853 795 obedientiam
1875 763 2139 806 complectitur,
2168 756 2251 805 quia

1266 814 1309 846 ad
1334 810 1430 846 hunc
1454 813 1556 845 finem
1581 813 1762 845 referenda
1781 819 1829 846 est
1846 813 2067 851 obedientia,
2092 819 2133 846 ut
2147 819 2251 846 teste-

1267 875 1346 897 mur
1379 875 1459 896 vere
1490 861 1584 896 bunc
1618 875 1690 896 esse
1720 861 1833 896 Deum
1846 890 1855 903 ‚
1890 876 1993 908 quem
2026 864 2251 903 invocamus,

1267 915 1362 948 iuxta
1381 914 1578 947 doctrinam
1591 941 1600 955 ‚
1627 926 1731 959 quam
1751 914 1909 948 tradidit.

1371 982 1494 1016 Postea
1523 983 1559 1015 in
1591 989 1687 1015 textu
1719 994 1839 1016 rursus
1871 982 2001 1016 dicitur
2029 982 2073 1014 de
2103 992 2252 1026 persona

1269 1033 1435 1068 Messiae:
1464 1031 1649 1079 Aspicient
1673 1029 1727 1065 ad
1748 1044 1802 1065 me
1827 1044 1929 1080 quem
1950 1029 2194 1078 confixerunt,
2222 1035 2252 1064 et

1266 1083 1444 1131 plangent
1476 1095 1554 1116 eum
1586 1082 1738 1129 planctu
1772 1082 1867 1117 velut
1898 1081 1939 1117 de
1973 1082 2160 1129 umgenilo
2189 1086 2251 1118 etc.

1269 1135 1336 1168 Hic
1353 1135 1512 1180 loquitur
1527 1134 1640 1168 Filius
1654 1134 1718 1168 Dei
1736 1146 1876 1173 rursus,
1904 1142 1936 1168 et
1952 1135 2101 1168 affirmat
2118 1146 2153 1167 se
2167 1145 2253 1166 ven-

1269 1193 1386 1219 turum
1403 1197 1486 1226 esse,
1512 1192 1550 1219 ut
1567 1186 1624 1218 fiat
1641 1185 1777 1218 victima
1795 1197 1857 1228 pro
1871 1185 1984 1225 nobis,
2009 1192 2048 1218 ut
2058 1183 2182 1218 Esaiae
2191 1183 2252 1220 53.

1269 1236 1414 1270 dicitur:
1443 1235 1581 1270 Servire
1606 1248 1660 1269 me
1676 1236 1786 1269 fecisti
1803 1236 1840 1268 in
1860 1236 2007 1280 peccatis
2022 1236 2101 1269 tuis.
2154 1234 2252 1269 Haec

1270 1287 1361 1321 dicta
1384 1294 1557 1320 testantur
1579 1286 1747 1320 Messiam
1771 1298 1842 1320 esse
1866 1285 1980 1320 Deum
2003 1293 2035 1320 et
2059 1283 2253 1327 hominem,

1269 1338 1351 1382 quia
1376 1336 1434 1371 hic
1459 1338 1531 1381 ipse
1547 1336 1662 1376 Deus,
1691 1338 1752 1381 qui
1774 1337 1950 1381 loquitur,
1977 1337 2024 1370 ait
2041 1349 2076 1370 se
2092 1337 2250 1370 futurum

1269 1400 1340 1420 esse
1365 1389 1608 1420 redemtorem.
1660 1386 1707 1420 Et
1723 1386 1899 1426 Ecclesia,
1926 1398 2015 1431 quae
2032 1387 2100 1420 fuit
2118 1393 2251 1431 specta-

1269 1438 1354 1477 trix,
1380 1438 1447 1471 fuit
1468 1437 1505 1470 in
1524 1449 1650 1480 magno
1670 1437 1786 1477 luctu,
1813 1445 1852 1470 ut
1870 1437 1982 1470 Maria
2004 1444 2035 1471 et
2052 1449 2152 1470 soror
2166 1438 2252 1479 eius,

1269 1495 1301 1521 et
1325 1488 1385 1520 alii
1403 1488 1533 1522 Sancti.
1587 1487 1733 1531 Semper
1755 1494 1871 1520 autem
1888 1486 2043 1520 Ecclesia
2061 1499 2252 1531 agnoscens

1270 1546 1426 1583 peccata,
1451 1545 1483 1571 et
1500 1538 1655 1580 cogitans
1670 1538 1757 1570 iram
1767 1536 1833 1570 Dei
1850 1544 1982 1570 tantam
1995 1565 2004 1578 ,
2031 1545 2069 1571 ut
2084 1539 2253 1582 placanda

1270 1589 1374 1622 fuerit
1397 1601 1459 1632 per
1476 1589 1714 1621 obedientiam
1734 1587 1839 1628 Filii,
1866 1595 1915 1621 est
1933 1588 1969 1620 in
1987 1589 2102 1628 luctu,
2128 1596 2161 1623 et
2175 1601 2252 1623 sus-

1269 1640 1357 1673 tinet
1379 1651 1516 1672 crucem
1543 1646 1661 1682 postea
1685 1639 1721 1685 in
1751 1646 1821 1672 tota
1843 1639 2082 1678 consessione,
2111 1645 2142 1673 et
2161 1640 2251 1674 cele-

1270 1691 1346 1723 brat
1371 1690 1608 1723 obedientiam
1625 1689 1836 1722 Mediatoris
1861 1690 1943 1722 inde,
1968 1701 2078 1735 usque
2095 1691 2140 1724 ab
2159 1691 2252 1725 edita

1269 1741 1381 1785 prima
1404 1741 1659 1785 promissione,
1694 1746 1725 1773 et
1749 1752 1885 1784 semper
1908 1740 2108 1775 celebrabit.
2168 1740 2251 1776 Ideo

1270 1791 1401 1837 inquit:
1450 1791 1623 1835 Plangent
1659 1791 1833 1832 familiae,
1884 1791 1976 1835 regia
2015 1798 2049 1825 et
2089 1794 2251 1827 sacerdo—

1269 1850 1343 1876 tum
1362 1849 1425 1876 etc.

1372 1909 1477 1953 Quod
1502 1917 1616 1944 autem
1636 1910 1739 1943 talem
1759 1909 1891 1942 luctum
1912 1920 1982 1942 esse
1999 1909 2135 1954 inquit,
2163 1922 2251 1956 qua-

1269 1960 1310 1995 lis
1340 1961 1407 1994 fuit
1433 1961 1469 1993 in
1498 1960 1666 2003 Megiddo
1692 1973 1730 1994 ac
1752 1959 2016 2000 Hadadrimon,
2050 1961 2249 1995 similitudo

1269 2018 1382 2045 sumta
1411 2018 1459 2045 est
1485 2012 1528 2044 ab
1555 2011 1699 2044 interitu
1724 2012 1874 2044 duorum
1898 2022 2037 2053 regum,
2072 2009 2250 2046 Ochosiae

1269 2070 1300 2096 et
1317 2061 1447 2102 Iosiae,
1473 2062 1534 2107 qui
1558 2062 1661 2095 ambo
1684 2074 1755 2094 non
1774 2062 1896 2104 procul
1915 2074 1931 2094 a
1952 2061 2121 2105 Megiddo
2138 2063 2249 2096 inter-

1268 2113 1348 2146 fecti
1367 2119 1458 2147 sunt.
1511 2112 1676 2146 Interitns
1694 2110 1869 2145 Ochosiae
1886 2119 2049 2145 narratur
2064 2112 2097 2147 4.
2117 2112 2204 2156 Reg.
2214 2113 2249 2147 9.

1269 2163 1436 2197 Interitns
1456 2162 1565 2197 Iosiae
1588 2170 1751 2196 narratur
1767 2162 1799 2196 4.
1825 2162 1911 2206 Reg.
1929 2163 1988 2196 23.
2022 2162 2075 2197 Ac
2098 2164 2134 2196 in
2152 2171 2249 2198 utra-

1267 2227 1334 2259 que
1356 2212 1502 2247 historia
1526 2220 1615 2247 extat
1641 2225 1770 2246 nomen
1795 2214 1917 2256 oppidi
1936 2213 2125 2257 Megiddo‚
2152 2216 2246 2260 quod

1266 2266 1371 2299 situm
1389 2265 1455 2298 fuit
1473 2265 1508 2297 in
1526 2265 1644 2298 littore
1660 2264 1696 2296 in
1716 2264 2007 2305 tribn'Manasse,
2034 2277 2106 2298 non
2126 2266 2248 2309 procul

1266 2328 1284 2349 a
1303 2313 1467 2351 lesrahel.
1518 2314 1764 2348 Hadadrimon
1786 2327 1858 2348 non
1875 2316 1997 2359 procul
2014 2315 2097 2349 inde
2112 2323 2180 2355 est,
2206 2328 2246 2349 ac

1265 2367 1424 2401 scribunt
1439 2372 1556 2411 postea
1574 2366 1791 2399 nominatam
1808 2377 1879 2400 esse
1894 2366 2234 2410 Maximianopolim.

1612 2483 1747 2537 Caput
1781 2484 1899 2525 XIII.

1365 2567 1613 2599 Commoratur
1636 2567 1672 2598 in
1689 2567 1923 2610 descriptione
1939 2577 2039 2597 verae
2058 2564 2243 2608 Ecclesiae,

1263 2624 1295 2651 et
1310 2624 1448 2657 narrat,
1475 2628 1563 2661 quae
1584 2617 1751 2650 beneficia
1772 2615 1916 2655 habeat,
1944 2615 2123 2657 videlicet,
2148 2619 2244 2651 dele-

230 2669 316 2702 lium
342 2669 384 2701 de
405 2667 608 2701 remissione
626 2676 864 2713 peccatorum,
893 2670 935 2702 de
953 2669 1210 2702 reconciliatio-
1232 2673 1235 2699 Ι
1262 2669 1393 2702 tionem
1412 2667 1559 2712 peccati,
1587 2668 1826 2711 incorruptam
1842 2665 2048 2708 doctrinam,
2076 2674 2107 2701 et
2126 2681 2243 2702 veram

2369 1572 2371 1577 <
2362 1435 2376 1548 *mmm
2368 1423 2372 1425 ,
2368 1410 2372 1414 t
