2379 2948
207 129 225 140 ⁰
445 120 652 158 SCrttrTA
681 121 753 155 ΡΗ.
783 117 896 154 MEL.
922 117 989 153 AD
1017 117 1143 155 IIIST.
1171 117 1312 154 PROF.
1339 118 1404 154 ET
1431 118 1621 157 PHILOS.
1649 119 1964 157 SPECTANTIA.

206 131 251 161 01

208 211 334 244 tesacto
358 209 431 242 eins
458 208 616 252 sepulcro
640 207 673 238 in
699 206 831 248 littore,
868 211 1087 248 conspectam
1115 216 1185 236 ess-e

209 262 302 294 inter
338 271 411 292 ossa
451 259 581 292 molam
614 256 699 288 disci
739 255 1001 298 magnitudine,
1039 267 1078 288 ac
1104 255 1186 287 inde

209 312 424 344 aestimatam
451 309 556 341 fuisse
573 305 728 349 corporis
746 307 1004 349 proceritatem.
1059 305 1111 338 Ac
1126 305 1186 337 di-

210 368 297 394 scrte
323 361 441 398 addit,
469 358 602 390 Molam
625 367 696 388 esse
720 367 758 387 os
782 356 817 387 in
841 367 944 397 genu,
974 355 1088 388 Verba
1114 356 1186 387 eius

209 409 293 444 baec
311 418 407 443 sunt:
441 406 539 440 [sirm
565 403 706 440 οἳκαῖὰ
733 403 861 439 δίσκον
886 404 1045 449 μάλιστα
1064 402 1109 438 τὰ
1131 403 1185 438 ἐπὶ

211 463 287 498 τοῖς
311 457 465 507 γόνασιν
488 456 599 497 ὀστᾶ,
632 455 862 499 καλοιχιιέιάς
883 453 922 489 δὲ
949 454 1018 489 ὑπὸ
1037 457 1113 488 τῶν
1131 456 1187 488 icc-

211 513 310 554 maht
335 506 462 553 μύλας.
517 506 600 540 Fuit
617 514 731 539 antem
751 507 865 539 discus
893 505 986 539 haud
1015 506 1120 539 dubie
1137 507 1187 538 la-

208 563 278 594 tior
294 560 390 593 orbis
402 582 411 597 ‚
439 569 544 602 quam
565 557 644 590 talis
660 557 786 601 patella
803 557 840 589 in
856 557 990 598 vulgari
1016 568 1173 599 corpore.

307 622 577 672 Poples,1’;¹1't‘·;,
593 624 721 657 cavitas
732 624 916 667 posterior,
934 623 1097 656 flectendi
1109 635 1189 656 cru-

207 679 255 712 ris
272 689 391 716 causa,
418 677 517 709 sacta.
562 674 650 708 (Irus
670 686 749 718 pars
765 686 782 707 a
801 686 891 717 genu
907 685 1016 718 nsque
1040 675 1081 706 ad
1100 673 1188 705 mal-

206 729 317 761 leolos
345 727 483 760 duobus
513 724 627 765 longis
656 725 791 757 ossibus
819 731 999 763 constans,
1036 735 1187 767 quorum

207 779 318 812 maius
336 777 538 809 nominatur
551 774 667 815 Tibia,
685 771 806 819 κνήμη
818 801 826 815 ,
853 774 1002 807 alterum
1022 786 1103 807 vero
1121 774 1188 806 mi-

206 841 274 863 nus
290 835 338 861 est
359 823 511 871 περόνη,
537 825 656 858 fibula.

309 886 348 919 ln
367 884 558 929 posteriore
578 883 690 916 cruris
708 890 804 927 parte
821 895 900 916 caro
915 889 976 924 est,
1002 894 1090 927 quae
1108 894 1187 916 sura

206 937 430 975 nominatur,
458 937 588 975 waben,
616 931 910 981 γαστροκνημία.

308 994 469 1028 Malleoli
492 1005 567 1025 ossa
586 993 749 1035 gibbosa,
778 991 969 1025 eminentia
988 1003 1090 1036 snpra
1107 1003 1188 1034 par-

206 1058 288 1079 vum
307 1047 428 1089 pedem
448 1044 632 1087 utrinque,
658 1049 740 1075 51101
758 1054 935 1085 processus
954 1043 1188 1085 appendicum

205 1096 312 1130 tibiae
330 1102 362 1128 et
377 1095 521 1134 fibulae,
548 1104 667 1135 graece
685 1102 734 1137 σῳ
744 1088 832 1135 150on
849 1090 997 1133 0171ἔζα.
1046 1091 1188 1125 Ε51311-

206 1154 275 1179 tem
302 1145 454 1187 vulgaris
492 1155 607 1182 error,
647 1142 734 1175 talos
764 1154 826 1184 pro
855 1142 1028 1174 malleolis
1059 1143 1187 1175 dicere.

207 1196 276 1230 Sed
294 1195 429 1228 erudite
453 1193 604 1226 ostendit
622 1191 809 1225 &Vesanus
831 1191 1039 1231 discrimen,
1064 1204 1101 1225 ac
1125 1193 1189 1225 do-

206 1253 279 1286 cet,
308 1245 416 1277 'salos
439 1256 512 1277 11011
539 1255 611 1275 esse
643 1242 833 1275 eminentia
863 1254 957 1283 ossa,
988 1255 1076 1287 qnae
1102 1243 1188 1275 soris

205 1302 417 1339 tanguntur,
443 1295 501 1327 sed
522 1293 589 1326 alia
606 1293 787 1331 interiora,
816 1293 943 1336 quibus
960 1293 1114 1326 malleoli
1133 1293 1188 1325 in-

204 1352 381 1379 seruntur.
436 1341 567 1386 Estque
584 1341 768 1373 artificiosa
793 1342 986 1377 fabricatio,
1026 1343 1187 1376 Malleoli

205 1402 288 1428 sunt
311 1394 407 1427 velut
425 1399 520 1435 septa
544 1390 739 1424 munientia
765 1391 861 1423 talos.
917 1390 997 1423 Tali
1021 1404 1102 1424 vero
1125 1391 1187 1424 etsi

204 1457 267 1489 per
291 1456 361 1477 sese
388 1450 470 1476 sunt
499 1441 716 1481 immobiles,
752 1447 870 1474 tamen
899 1441 1069 1474 adiuvant
1090 1442 1187 1485 pedis

206 1496 350 1535 flexum,
378 1494 459 1539 quia
478 1492 656 1536 superiore
671 1497 768 1534 parte
791 1503 868 1524 cuin
890 1491 976 1524 tibia
998 1492 1188 1525 articulum

205 1546 443 1583 constituunt,
471 1542 668 1575 consistunt
688 1548 803 1574 autem
821 1542 856 1573 in
875 1553 950 1574 osse
973 1543 1088 1575 calcis.
1127 1541 1188 1574 Fi-

203 1607 291 1639 gura
308 1595 433 1628 similis
450 1599 500 1626 est
528 1593 619 1636 parti
643 1598 758 1631 rotae,
785 1604 891 1625 curva
918 1592 956 1625 in
983 1599 1079 1636 parte
1104 1604 1188 1625 con-

203 1657 300 1680 vexa.
352 1644 474 1677 Postea
491 1644 527 1675 10
544 1643 712 1676 lateribus
729 1643 827 1676 sinus
844 1640 959 1676 habet.
987 1641 1037 1676 Ac
1055 1641 1188 1688 τέτρω-

204 1708 272 1739 ρον
295 1696 502 1733 nominant,
538 1694 635 1738 quasi
661 1693 770 1730 dicas,
807 1693 933 1737 quadri
960 1693 1099 1736 iugum,
1133 1693 1188 1724 vel

203 1758 222 1779 a
241 1752 391 1790 quatuor
412 1744 599 1783 lateribus,
628 1743 682 1775 vel
701 1755 718 1775 a
737 1749 833 1775 rotae
857 1743 986 1785 specie,
1015 1744 1069 1775 vel
1097 1750 1187 1776 certe

203 1803 347 1840 propter
365 1806 465 1828 usum
480 1821 488 1834 ,
516 1793 595 1838 quia
621 1793 783 1826 tendines
800 1793 829 1825 ei
849 1793 980 1836 alligati
997 1800 1089 1827 511111.
1143 1792 1189 1826 Ε1

203 1845 289 1879 11300
307 1857 380 1878 0553
400 1856 487 1889 quae
505 1855 585 1876 vere
601 1850 682 1876 sunt
698 1843 779 1883 tali,
803 1844 1033 1877 nominantur
1051 1840 1187 1887 ἀστρά-

204 1898 320 1942 γαλοι.
374 1893 405 1928 Λ
424 1894 552 1939 quibus
584 1900 699 1936 postea
723 1894 759 1925 in
785 1893 876 1926 ludis
902 1894 1031 1936 figurae
1056 1895 1187 1927 similes

203 1946 406 1979 nominatae
437 1950 536 1981 sunt,
571 1955 719 1987 quarum
754 1943 845 1976 iactu
874 1945 1082 1979 certabatur.
1141 1943 1187 1977 Et

203 1997 294 2029 latus
322 2007 434 2028 unum
456 1995 638 2027 dicebatur
658 1995 770 2033 κῶος,
805 1995 899 2037 quod
923 2001 996 2027 erat
1017 1995 1187 2034 foelicius,

203 2047 353 2079 alterum
374 2046 471 2090 χῖος,
496 2043 714 2083 infoelicius,
742 2045 836 2087 quod
864 2051 897 2077 et
923 2056 1044 2077 canem
1071 2045 1187 2077 nomi-

204 2097 348 2130 nabant.
403 2093 533 2128 Extant
551 2095 588 2126 in
606 2093 787 2126 codicibus
798 2092 999 2128 Aristotelis
1017 2096 1059 2127 de
1076 2094 1186 2138 parti-

203 2148 270 2181 bus
293 2145 502 2180 animalium
530 2142 595 2177 hae
621 2144 892 2187 adpellationes,
922 2146 981 2178 sed
1018 2146 1188 2189 deprava-

203 2204 270 2230 tae.
326 2196 455 2228 Verum
475 2195 511 2227 in
535 2195 627 2227 libro
651 2195 805 2227 secundo
824 2195 867 2227 de
884 2195 1001 2235 coelo,
1027 2207 1106 2228 cum
1128 2196 1188 2235 ait,

204 2259 278 2280 non
310 2258 444 2289 semper
472 2245 683 2288 respondere
726 2251 870 2278 eventus
902 2246 1063 2284 conatui,
1096 2243 1187 2279 11300

205 2308 428 2330 communem
453 2295 660 2328 sententiam
686 2292 752 2327 hoc
777 2296 934 2339 exemplo
964 2303 1082 2328 ornat:
1112 2294 1187 2329 ἐστὶ

205 2345 245 2381 δὲ
265 2345 304 2380 τὸ
329 2346 544 2390 κατορθοῦν
559 2342 741 2389 χαλεπὸν,
766 2343 789 2389 ἢ
804 2343 844 2378 τὸ
864 2343 977 2379 πολλὰ
1006 2343 1081 2390 ἢτὸ
1100 2349 1187 2379 πολ-

205 2394 324 2437 λάκις,
354 2394 433 2430 οἷον
457 2394 611 2433 noll-ove
631 2392 888 2441 ἀστραγάλους
910 2392 1029 2434 κωόυς
1043 2395 1184 2440 βαλεῖν,

205 2444 419 2492 ἀμήχανον,
449 2444 520 2478 ἀλλ’
541 2443 562 2490 ἢ
582 2445 646 2479 ἵνα
661 2443 684 2490 ἢ
705 2442 785 2481 δύο.

308 2512 419 2546 Τ31115
437 2512 607 2555 excipitur
623 2512 702 2545 sinu
720 2513 819 2552 ossis,
847 2515 940 2559 quod
959 2513 1099 2554 calcem,
1126 2524 1184 2546 seu

206 2564 428 2603 calcaneum,
456 2574 575 2604 graece
600 2560 760 2607 πτέρναν
786 2565 1030 2605 nominamus,
1057 2564 1104 2598 bie
1127 2562 1186 2606 fer:
1213 2590 1218 2597 .

205 2614 276 2657 fen,
302 2614 396 2659 quod
423 2619 516 2646 retro
532 2619 677 2656 spectat,
704 2619 737 2646 et
761 2615 874 2648 solum
898 2615 1056 2660 proxime
1076 2615 1184 2649 attin-

206 2665 275 2708 git,
300 2676 377 2698 cum
396 2670 525 2698 stamus
544 2670 604 2697 aut
622 2663 827 2698 incedimus.

2166 123 2215 157 32

1336 204 1497 238 Proxima
1521 206 1626 246 calci,
1655 217 1714 240 seu
1742 206 1901 240 calcaneo
1927 218 2024 251 pars,
2048 214 2097 242 est
2114 208 2219 241 altior

1235 256 1410 288 anteriore
1427 268 1465 288 ac
1485 256 1587 300 plana
1612 257 1752 298 regione
1775 257 1896 301 pedis,
1923 254 2069 303 τάρσος.
2125 258 2217 291 Ger-

1236 306 1331 339 mani
1352 308 1409 341 ben
1427 306 1541 348 91111011
1570 307 1766 340 nominant.

1339 353 1504 402 Ατάρσω
1522 357 1649 390 deinde
1665 358 1810 401 planum
1827 357 1925 402 pedis
1945 357 2074 391 dicitur
2089 355 2216 392 ,πεδίον

1237 413 1266 439 01
1287 406 1438 450 στῆθος.
1710 436 1713 439 .

1338 456 1429 489 111110
1449 456 1598 499 proximi
1615 464 1698 491 sunt
1718 457 1817 500 digiti
1838 459 1945 502 pediS.

1337 505 1498 540 Recitavi
1517 508 1718 551 praecipuas
1734 509 1987 551 adpellationes
2003 507 2214 541 exteriorum

1237 556 1388 599 partium
1406 557 1581 600 corporis,
1608 565 1641 591 01
1659 558 1740 602 quia
1754 559 1996 600 grammaticae
2013 558 2215 600 diligentiae

1237 614 1305 647 cst,
1332 614 1423 640 recte
1449 607 1498 639 uti
1524 605 1577 640 liis
1604 609 1804 648 vocabulis,
1842 621 1992 653 quornm
2022 609 2136 653 aliqua
2159 608 2215 640 in-

1237 657 1374 690 erudite
1391 658 1576 701 depravata
1602 665 1694 692 sunt.
1727 656 1772 691 Et
1789 659 1869 702 quia
1888 657 1944 691 11ῐο
1961 660 2047 692 ordo
2066 659 2215 691 exterio-

1237 720 1315 740 rum
1334 715 1448 751 postea
1468 708 1578 740 lucem
1603 708 1715 741 adfert
1741 708 1984 743 distributioni
2008 715 2040 741 et
2064 721 2215 742 oecono-

1237 758 1325 791 miae
1344 757 1568 792 Interiorum.
1602 758 1675 790 Nec
1694 758 1793 790 anxie
1811 759 1928 792 omnia
1946 759 2113 792 vocabula
2131 771 2216 791 con-

1237 808 1455 853 quisivimus,
1479 810 1536 840 sed
1557 806 1610 841 his
1625 808 1734 851 magis
1751 809 1886 842 usitatis
1902 809 2056 842 contenti
2074 809 2217 848 fuimus,

1237 859 1318 903 quia
1343 856 1398 891 bic
1422 860 1547 892 modus
1571 859 1693 893 utilior
1720 858 1860 893 videtur
1889 860 2037 892 rudibus
2059 866 2092 892 et
2116 859 2217 892 initia

1239 910 1464 944 discentibus,

1338 960 1408 992 lam
1432 959 1600 993 interiora
1632 959 1787 993 membra
1823 959 2010 1003 grandiora
2036 966 2215 1004 utcunque

1237 1009 1484 1044 describemuS.
1538 1009 1589 1043 Ac
1621 1011 1649 1042 si
1678 1011 1756 1056 quis
1782 1009 1871 1043 hanc
1898 1010 2216 1044 considerationem

1238 1060 1367 1092 iudicat
1385 1060 1546 1093 inutilem
1574 1072 1665 1102 csse,
1691 1061 1791 1094 valde
1812 1067 1914 1094 errat.
1965 1060 2055 1093 Nam
2083 1067 2119 1093 111
2143 1061 2213 1092 1301

1236 1122 1307 1142 non
1326 1110 1453 1150 dicam,
1479 1111 1669 1154 plurimum
1690 1123 1764 1143 eam
1781 1112 1974 1144 conducere
1991 1113 2031 1143 ad
2051 1113 2215 1144 tuendam

1237 1160 1494 1201 valetudinem,
1520 1167 1553 1193 et
1577 1162 1619 1193 ad
1639 1162 1924 1201 medicationem,
1952 1161 2039 1194 illud
2057 1167 2146 1194 certe
2164 1161 2215 1193 fa-

1237 1211 1381 1244 tendum
1401 1217 1470 1251 est,
1497 1211 1524 1243 si
1543 1212 1627 1255 quid
1645 1213 1687 1244 de
1708 1212 1856 1244 Animae
1878 1212 2042 1255 potentiis
2059 1219 2090 1244 et
2107 1211 2216 1244 actio·

1236 1261 1341 1294 nibus
1360 1261 1598 1305 quaerendum
1618 1273 1689 1295 esse
1713 1268 1830 1305 putat,
1858 1273 1987 1304 organa
2006 1269 2038 1295 et
2058 1261 2216 1302 regiones

1236 1311 1342 1355 aspici
1361 1319 1522 1355 oportere
1539 1312 1634 1345 sciat.
1686 1311 1885 1342 Muitarum
1912 1316 2026 1342 autem
2052 1310 2215 1351 gravissi-

1235 1374 1371 1390 marum
1392 1362 1637 1403 quaestionum
1659 1358 1842 1401 explicatio
1861 1359 1897 1391 in
1914 1359 1992 1392 aliis
2009 1360 2143 1393 artibus
2157 1372 2215 1392 su-

1236 1409 1345 1441 mitur
1380 1421 1417 1441 ex
1445 1409 1671 1441 distinctione
1697 1409 1934 1452 potentiarum
1962 1410 2108 1444 animae.
2170 1409 2217 1444 Ut

1236 1459 1434 1503 saepissime
1451 1460 1638 1491 dicendum
1656 1465 1705 1492 051
1722 1460 1764 1491 de
1781 1459 1984 1492 discrimine
2004 1460 2215 1492 noticiaruin

1236 1516 1267 1542 et
1290 1510 1509 1551 adfectuum,
1534 1510 1627 1553 quod
1649 1515 1687 1542 111
1713 1509 1833 1553 aliquo
1856 1510 1962 1542 modo
1987 1510 2213 1552 intelligatur,

1236 1560 1393 1602 regiones
1426 1561 1582 1592 diversae
1608 1560 1856 1592 monstrandae
1888 1567 1980 1596 sunt.
2041 1558 2087 1593 Et
2111 1561 2136 1593 si
2163 1571 2215 1592 res

1237 1610 1322 1642 alias
1340 1617 1434 1642 extra
1451 1622 1534 1650 uos,
1561 1616 1599 1643 ut
1624 1610 1742 1642 leones
1761 1617 1821 1644 aut
1838 1622 1968 1650 cervos,
1997 1617 2056 1643 aut
2073 1611 2214 1643 arbores

1236 1672 1273 1692 ac
1293 1658 1419 1693 herbas
1436 1672 1536 1693 nosse
1553 1660 1666 1700 iuvat,
1694 1672 1755 1693 cur
1772 1672 1844 1692 non
1860 1661 2097 1693 ‹=xistimamus
2114 1672 2214 1704 prae-

1236 1711 1368 1743 clarum
1387 1722 1475 1749 esse,
1498 1718 1529 1743 et
1547 1711 1660 1744 nostri
1676 1710 1831 1754 corporis
1841 1711 2105 1743 fabricationem
2123 1711 2215 1754 aspi-

1237 1772 1312 1793 cere
1326 1787 1334 1799 ,
1369 1761 1570 1803 praesertim
1590 1772 1668 1793 cum
1685 1760 1779 1793 Deus
1796 1760 1978 1793 mirificam
1997 1768 2104 1793 artem
2121 1761 2157 1793 in
2176 1772 2215 1793 ea

1236 1808 1449 1850 adbibuerit,
1475 1817 1508 1843 et
1527 1809 1611 1843 haec
1628 1822 1683 1843 ars
1701 1810 1836 1844 illustre
1853 1811 2091 1843 testimoninm
2108 1812 2152 1844 sit
2172 1812 2214 1843 de

1236 1860 1330 1899 Deo,
1371 1862 1557 1895 ostendens
1590 1872 1809 1905 nequaquam
1842 1872 1921 1893 casu
1952 1858 2113 1893 homines
2148 1859 2215 1893 1100

1237 1912 1340 1943 modo
1360 1923 1399 1943 ex
1421 1912 1545 1944 atomis
1568 1912 1738 1944 conflatos
1755 1922 1838 1944 esse.
1888 1910 1978 1942 Vide
1996 1911 2090 1942 enim
2109 1923 2214 1955 quam

1236 1961 1430 1994 concinnus
1447 1962 1533 1994 ordo
1551 1961 1606 1999 sit,
1624 1968 1656 1994 et
1673 1961 1791 2005 quales
1809 1961 1845 1993 in
1865 1961 1938 2004 ipso
1957 1961 2082 1993 ordine
2101 1962 2214 2005 pictu-

1237 2024 1293 2044 rae
1309 2012 1506 2055 propositae
1524 2011 1605 2045 sint.
1658 2009 1706 2044 Ut
1721 2011 1813 2044 enim
1832 2017 1900 2044 tres
1918 2019 1999 2045 sunt
2017 2012 2111 2044 velut
2129 2023 2214 2043 ven-

1236 2069 1304 2095 tres
1321 2062 1540 2095 sunctionum
1560 2061 1839 2105 praecipuarum,
1868 2062 2007 2094 infimus
2026 2061 2131 2095 servit
2147 2074 2214 2094 nu-

1236 2112 1371 2145 1111101ιί
1400 2119 1432 2146 01
1462 2111 1690 2155 generationi.
1758 2111 1960 2149 Secundus,
1995 2112 2032 2144 in
2057 2123 2126 2156 quo
2153 2123 2212 2144 cor

1237 2169 1305 2202 051,
1332 2163 1398 2196 0101
1420 2170 1536 2195 motus
1554 2169 1586 2195 et
1604 2162 1856 2196 defensionem.
1894 2161 2057 2202 Tertius,
2084 2162 2119 2194 in
2140 2174 2210 2207 quo

1237 2213 1417 2246 cerebrum
1445 2220 1515 2253 est,
1538 2212 1695 2245 continet
1718 2213 1947 2245 maximarum
1971 2223 2088 2245 rerum
2118 2212 2214 2245 noii-

1237 2263 1336 2296 ciam.
1381 2262 1439 2296 Sic
1454 2264 1490 2296 in
1509 2263 1580 2296 vita
1598 2263 1642 2296 sit
1659 2263 1777 2307 aliqua
1793 2273 1876 2295 cura
1893 2262 2085 2306 quaerendi
2102 2262 2213 2297 victus

1237 2320 1269 2346 et
1293 2314 1524 2347 conservandi
1551 2313 1725 2356 corporis,
1753 2319 1785 2345 et
1808 2313 2051 2356 propagandae
2073 2312 2209 2356 speciei.

1236 2363 1304 2396 Sed
1327 2376 1399 2396 non
1424 2364 1467 2397 sit
1499 2361 1583 2397 11300
1615 2363 1688 2395 5013
1725 2374 1826 2403 cura,
1862 2374 1983 2396 verum
2012 2362 2214 2396 dominetur

1236 2414 1423 2457 sapientia,
1448 2426 1536 2459 quae
1556 2419 1726 2445 monstrat
1743 2413 1902 2446 omnium
1926 2413 2103 2447 actionum
2128 2424 2212 2446 nor-

1236 2475 1328 2504 mas,
1354 2462 1437 2497 baec
1459 2470 1508 2497 est
1533 2464 1570 2495 in
1593 2462 1750 2498 cerebro.
1802 2461 1848 2496 Et
1867 2475 1927 2496 cor
1944 2461 2071 2496 babeat
2096 2469 2212 2502 motus

1237 2521 1269 2547 et
1286 2514 1440 2547 adfectus
1458 2513 1588 2547 iudicio
1612 2513 1901 2558 obtemperantes.

1335 2562 1381 2597 Et
1403 2564 1484 2608 quia
1509 2562 1634 2597 harum
1660 2563 1766 2597 trium
1791 2564 1943 2608 partium
1961 2563 2213 2607 adpellationes

1233 2614 1478 2648 usitatissimae
1493 2621 1593 2655 sunt,
1621 2620 1653 2648 et
1670 2625 1768 2659 saepe
1786 2614 1994 2659 repetendae
2013 2621 2126 2656 erunt,
2151 2611 2210 2648 hie

1235 2665 1335 2699 initio
1354 2676 1408 2698 eas
1427 2665 1590 2701 recitabo.
