2379 2948
119 104 193 141 815
533 100 603 136 111.

417 204 421 213 โด
459 190 621 223 Octavus
648 188 763 223 locus.

220 261 372 297 Videtur
389 270 504 298 autem
523 261 708 309 prophetia
726 263 770 296 de
795 268 889 296 tanta
914 261 1110 295 calamitate

114 313 241 359 populi
258 314 361 349 etiam
378 315 574 359 significare
591 313 803 348 vastationes
819 310 998 346 Ecclesiae
1023 313 1108 346 ulti-

115 365 184 399 mis
209 366 448 410 temporibus,
478 366 567 400 sicut
594 364 705 398 Tui-ci
729 370 913 398 vastarunt
933 361 1109 398 Ecclesias

115 417 152 451 in
170 416 255 450 Asia
273 424 306 451 et
325 416 485 452 Graecia.
519 416 566 451 Ut
583 422 699 450 autem
715 421 800 449 tunc
816 421 950 449 vastata
966 415 1108 457 Iudaea,

117 475 325 503 manserunt
362 475 479 503 tamen
510 467 703 512 reliquiae,
745 466 794 499 sic
830 466 981 500 sciamus
1012 478 1107 501 nunc

117 531 301 553 mansuras
330 531 402 554 esse
432 518 621 563 reliquias,
651 518 712 551 sed
746 518 914 553 accedent
945 517 1107 562 ingentes

117 572 340 605 vastatione&

220 646 304 681 Ideo
330 646 420 680 sicut
444 644 611 680 Ieremias
636 645 708 679 suis
732 645 897 690 precibus
931 645 1106 689 mitigavit

654 97 1022 158 ARGUMENTUM
1049 96 1101 133 IN
1127 95 1390 135 IEREMIAM
1415 96 1745 135 PROPHETAM.

2078 102 2152 137 814

1163 197 1245 219 vere
1280 184 1512 222 concionatur
1544 185 1650 220 nobis
1685 185 1892 230 praesertim
1926 183 1991 220 hac
2024 187 2148 222 ultima

1161 243 1284 273 aetate.

1520 324 1647 357 Nonus
1675 324 1787 358 locus.

1261 387 1432 433 Exempla
1459 389 1704 423 memorabilia
1728 398 1761 424 et
1785 387 1871 424 haec
1897 396 1996 432 sunt,
2039 389 2147 433 Quod

1160 437 1336 485 Propheta
1354 447 1513 474 servatur
1530 439 1740 474 mirabiliter
1756 441 1794 473 in
1819 448 1915 475 tanta
1932 442 2147 486 persecutio-

1160 503 1224 533 ne,
1252 498 1370 536 postea
1388 491 1561 525 liberatur
1585 503 1648 536 per
1670 503 1787 534 regem
1814 491 2091 538 Babylonicum,
2119 493 2148 526 is

1159 543 1263 577 etiam
1286 544 1395 576 donat
1420 542 1452 575 ei
1479 543 1634 588 aliquam
1660 549 1795 587 partem
1820 544 1966 587 populi,
1995 551 2028 578 et
2049 541 2087 577 hi
2103 545 2147 578 ab

1158 594 1234 639 ipso
1267 601 1474 635 servantur,
1516 600 1634 638 postea
1676 606 1756 628 eum
1786 593 2015 630 interficiunt.
2079 595 2146 629 Hic

1157 653 1207 680 est
1231 646 1310 679 finis
1334 646 1497 679 laborum
1524 645 1743 689 ingentium,
1778 657 1867 690 quos
1894 645 2062 679 sustinuit
2086 658 2149 690 per

116 699 228 739 mala,
260 699 306 732 ita
330 704 363 732 et
386 708 450 730 nos
473 696 664 731 excitemus
688 709 754 731 nos
779 697 821 730 ad
846 697 1103 742 poenitentiam
1128 687 1134 706 ยน
1156 709 1269 730 annos
1290 697 1525 743 quadraginta
1558 696 1595 729 in
1623 694 1688 729 hac
1718 697 1928 730 admiranda
1952 696 2149 737 vocatione,

116 758 149 785 et
178 749 438 783 invocationem
459 747 543 789 Dei,
579 755 613 783 et
637 749 741 783 nobis
765 748 834 782 iam
864 749 902 782 in
928 748 1105 793 praesenti
1156 748 1191 781 in
1209 761 1276 794 qua
1295 747 1391 782 Deus
1407 760 1502 782 novo
1520 754 1554 782 et
1570 748 1739 782 inusitato
1754 749 1861 782 modo
1879 748 2050 793 populum
2075 759 2149 782 ser-

116 800 273 849 periculo
306 800 511 835 concionari
544 798 729 835 Ieremiam
765 806 978 842 statuamus,
1016 800 1103 834 sicut

1157 800 1251 834 vavit
1268 812 1352 835 voce
1375 807 1407 834 et
1427 799 1625 834 ministerio
1647 798 1828 836 Ieremiae.
