2379 2948
94 77 190 112 1289

90 162 225 197 etiamsi
250 159 366 196 adhuc
389 163 550 196 nondum
577 168 627 195 est
642 162 855 207 spiritualis,
883 169 1000 196 tamen
1029 170 1079 197 est

88 213 282 247 necessaria
307 215 477 255 rudibus,
513 213 671 246 discendi
701 225 812 247 causa.
874 211 938 247 Est
972 215 1075 247 etiam

87 263 168 297 ideo
201 265 317 303 utilis,
361 265 443 310 quia
475 263 571 297 Deus
601 271 652 297 est
675 275 737 308 per
766 265 911 298 verbum
944 265 1074 300 efficax.

85 314 243 360 Ideoque
285 315 436 349 aliorum
475 315 620 348 affectus
652 314 852 358 spirituales
896 316 1075 350 exuscitat.

88 364 207 408 Quare
225 367 305 400 talis
323 365 538 406 ceremonia,
565 365 781 406 audiendae,
808 366 996 408 legendae,
1020 379 1075 399 re-

87 416 247 450 citandae
271 415 438 451 historiae
466 427 539 448 non
566 423 616 449 est
641 416 850 459 negligenda
874 423 936 450 aut
956 429 1074 462 asper-

87 468 216 501 nanda.

188 517 351 551 Secunda
377 517 559 551 meditatio
588 524 639 551 est
664 517 878 562 spiritualis,
907 529 996 562 quae
1021 524 1072 550 est

84 581 165 602 vere
181 569 412 614 perterrefieri
430 569 609 611 agnitione
632 569 703 601 irae
721 567 788 601 Dei
808 570 975 602 adversus
992 580 1071 612 pec-

84 626 219 660 catum,
254 627 288 653 et
311 631 433 653 rursus
464 620 648 663 concipere
674 620 953 654 consolationem
991 620 1069 659 fide,

84 682 153 716 qua
177 671 352 705 credimus
377 678 520 714 propter
543 678 690 704 mortem
714 669 847 704 Christi
879 671 982 703 nobis
1015 682 1070 702 re-

82 721 177 756 mitti
200 729 358 767 peccata,
392 728 425 754 et
452 719 516 754 hac
540 718 654 755 hostia
680 734 760 754 vere
791 722 965 765 placatum
998 733 1069 753 esse

82 780 231 817 patrem.
286 771 484 817 Utrumque
505 773 598 805 enim
624 773 836 816 proponitur
853 773 889 804 in
907 772 1068 816 passione

82 821 236 865 Christi,
261 823 444 864 videlicet,
471 824 521 855 ira
545 822 632 864 Dei,
660 831 692 856 et
719 824 903 867 promissio
927 824 1067 865 gratiae.

80 872 159 908 Etsi
177 875 270 908 enim
289 875 376 907 iram
395 874 460 908 Dei
480 876 647 908 adversus
663 882 842 918 peccatum
870 874 974 907 etiam
1002 874 1067 914 lex,

81 931 114 959 et
139 937 344 959 communes
377 925 591 959 calamitates
613 926 750 968 generis
776 923 942 963 humani,
978 936 1067 970 quae

78 983 162 1011 sunt
177 975 376 1010 horrendae
397 983 429 1010 et
454 976 749 1015 innumerabiles,
777 977 985 1010 ostendunt:
1014 984 1066 1009 ta-

78 1039 160 1061 men
178 1029 364 1073 praecipue
383 1028 538 1061 ostendit
553 1039 629 1060 eam
647 1039 742 1060 mors
760 1026 843 1060 Filii
862 1026 940 1060 Dei.
995 1026 1066 1059 Ne-

78 1090 171 1113 cesse
188 1086 239 1114 est
258 1079 352 1112 enim
370 1079 547 1121 ingentem
574 1078 662 1111 iram
687 1090 776 1119 esse,
804 1090 908 1122 quam
931 1078 1065 1111 nullius

78 1131 190 1164 sancti
210 1143 322 1171 mors,
339 1137 398 1163 aut
415 1129 655 1169 adflictiones,
671 1130 824 1174 denique
842 1141 946 1173 quam
966 1129 1063 1162 nulla

77 1192 132 1214 res
155 1182 293 1225 placare
316 1187 470 1225 poterat,
507 1180 576 1212 nisi
602 1180 674 1213 sola
707 1192 802 1213 mors
824 1179 918 1215 Filii.
973 1180 1064 1212 Vide

77 1238 194 1265 autem
214 1238 386 1276 quantum
403 1231 509 1264 distet
527 1228 683 1264 humana
698 1231 866 1264 securitas
889 1242 906 1263 3
931 1231 1062 1264 iudicio

76 1281 153 1317 Dei.
205 1281 296 1316 Cum
322 1281 417 1316 Deus
442 1282 530 1315 tanti
552 1282 656 1315 faciat
672 1288 873 1324 peccatum,
901 1280 1062 1315 homines

75 1341 198 1367 contra
227 1334 362 1366 ducunt
389 1333 501 1365 levem
524 1332 756 1365 offensionem
782 1344 872 1370 esse,
902 1340 934 1366 et
956 1333 1061 1364 mira-

74 1384 141 1418 bili
165 1384 328 1424 audacia,
355 1390 388 1416 et
414 1389 594 1416 contemtu
613 1390 723 1416 ruunt
740 1384 907 1416 adversus
931 1384 1061 1416 volun-

73 1441 181 1469 tatem
198 1434 275 1469 Dei.
330 1433 381 1468 Ita
397 1434 512 1479 inquit
531 1433 680 1475 Paulus,
709 1431 888 1468 Christum
915 1447 977 1478 pro
996 1447 1061 1467 no-

72 1486 128 1520 his
146 1486 275 1520 facturn
294 1497 365 1519 esse
388 1492 588 1528 peccatum,
622 1492 655 1518 et
677 1485 918 1519 maledictum:
973 1498 1061 1531 quae

72 1543 156 1571 sunt
187 1548 289 1570 voces
322 1535 557 1580 significantes
584 1535 717 1569 Filium
742 1535 810 1568 Dei
843 1549 915 1569 non
948 1537 1059 1569 levem

71 1588 160 1622 iram
177 1588 400 1628 sustinuisse,
427 1585 472 1620 Et
492 1587 589 1620 iubet
605 1587 652 1620 sic
669 1585 887 1630 apprehendi
911 1595 1059 1621 mortem

71 1637 224 1679 Christi,
252 1645 285 1672 et
301 1650 365 1671 nos
382 1638 613 1683 perterrefieri
633 1638 813 1680 agnitione
836 1639 907 1671 irae
931 1638 996 1671 Dei
1023 1640 1058 1670 in

70 1697 184 1724 morte
202 1688 356 1730 Christi,
384 1702 462 1722 cum
479 1689 526 1722 ait
543 1690 585 1721 ad
609 1688 790 1723 Romanos
805 1696 917 1722 sexto:
951 1688 1059 1723 Com-

70 1742 221 1788 plantati
246 1752 367 1774 sumus
391 1739 620 1773 similitudini
646 1740 768 1773 mortis
793 1740 884 1780 eius,
913 1748 994 1779 etc.‚
1022 1742 1057 1774 id

70 1800 138 1833 est,
166 1793 334 1826 dehemus
356 1803 439 1827 vere
463 1802 689 1835 expavescere
709 1798 742 1824 et
763 1803 950 1834 agnoscere
969 1793 1055 1824 iram

65 1843 143 1879 Dei.

171 1893 321 1937 Quoties
354 1893 461 1937 igitur
487 1892 680 1936 cogitamus
707 1893 752 1926 de
777 1899 891 1926 morte
916 1890 1056 1934 Christi,

69 1943 376 1986 exhorrescamus,
419 1951 452 1978 et
487 1945 697 1977 damnemus
733 1945 954 1978 securitatem
991 1958 1054 1977 no-

68 2003 195 2038 stram,
238 1996 333 2041 quod
363 2003 543 2040 peccatum
576 1995 700 2029 leviter
732 2007 916 2036 curamus,

68 2048 164 2081 Deus
187 2048 233 2081 ita
259 2053 439 2081 execratur
463 2054 496 2080 et
519 2048 727 2085 detestatur,
758 2054 795 2080 ut
819 2048 916 2080 nulla
940 2046 1051 2081 hostia

68 2099 222 2132 voluerit
241 2098 389 2141 placari,
416 2098 485 2130 nisi
510 2105 622 2131 morte
640 2097 721 2131 Filii
743 2099 806 2130 sui.
863 2098 1053 2132 Mox-emur

67 2151 174 2183 minis
202 2149 308 2192 legis,

65 2356 154 2389 lium
172 2354 302 2397 recepit
320 2365 382 2397 pro
401 2361 551 2397 peccato.

168 2405 306 2439 Deinde
325 2416 398 2437 non
414 2404 496 2436 satis
514 2411 564 2437 est
579 2404 666 2437 iram
684 2417 881 2448 agnoscere,
909 2407 966 2438 sed
987 2419 1049 2439 ne-
1075 2438 1076 2441 ,

1074 2450 1076 2486 Ϊ
1102 2466 1169 2500 est,
1198 2458 1292 2501 Quia
1316 2460 1471 2492 continet
1496 2461 1555 2492 du
1549 2471 1582 2493 15
1606 2461 1863 2495 consolationes
1880 2463 2084 2496 utilissimas

65 2469 158 2491 cesse
182 2462 233 2489 est
257 2455 357 2496 addi,
392 2455 487 2500 quod
514 2467 606 2488 mors
631 2454 762 2490 Christi
789 2458 836 2490 ita
860 2457 903 2491 sit
928 2455 1050 2498 hostia,

1094 832 1096 835 '
1122 826 1179 857 sed
1199 823 1332 859 Christi
1347 827 1555 860 sacrificium
1574 830 1707 872 opponi
1731 832 1846 865 dehet.

957 1997 1052 2043 quod

696 77 758 113 IX.
811 75 1175 114 COMMENTARII
1211 78 1261 113 IN
1294 79 2116 122 PSALMOS.1290

1132 171 1262 205 nostra,
1279 166 1337 198 sed
1357 166 1423 200 fide
1441 168 1557 210 gruis,
1585 169 1639 202 De
1658 166 1723 201 hac
1738 176 1835 214 parte
1852 171 2010 216 loquitur
2021 172 2114 206 Pau-

1130 214 1204 256 lus,
1239 227 1318 249 cum
1342 217 1390 251 ait
1413 222 1456 250 ad
1484 218 1666 252 Romanos
1690 229 1832 265 quarto:
1869 221 2037 256 iraditus
2063 231 2113 258 est

1129 266 1406 310 propterdelicta
1417 277 1547 309 nostra,
1566 268 1612 303 Et
1632 271 1673 303 ad
1685 270 1867 306 Romanos
1885 280 2023 307 octavo:
2043 275 2111 307 Pro

1129 323 1267 360 peccato
1283 318 1463 351 damnavit
1481 327 1658 363 peccatum
1683 322 1719 354 in
1738 335 1852 357 carne.
1893 323 1938 357 Et
1960 326 2112 358 secunda

1128 368 1170 400 ad
1187 365 1348 403 Corinth.
1367 369 1507 413 quinto:
1535 369 1627 404 Eum
1646 373 1705 417 qui
1724 385 1797 407 non
1822 383 1968 408 noverat
1993 388 2113 419 pecca-

1128 425 1221 457 tum,
1254 419 1334 452 fecit
1359 427 1536 463 peccatum
1563 434 1625 465 pro
1650 424 1771 462 nobis,
1797 432 1836 458 ut
1863 438 1926 459 nos
1950 427 2111 460 fieremus

1127 469 1264 502 iusticia
1278 468 1345 502 Dei
1363 482 1424 514 per
1439 471 1566 518 ipsum.
1620 472 1713 507 Haec
1736 477 1907 510 sententia
1931 478 2022 510 clare
2045 479 2111 511 do—

1126 526 1197 560 cet,
1224 522 1404 565 quomodo
1424 523 1474 554 uti
1493 523 1659 556 beneficio
1670 523 1803 559 Christi
1821 528 2021 563 debeamus.
2058 529 2109 561 lta

1125 571 1220 603 enim
1242 573 1370 604 donata
1392 579 1441 605 est
1467 574 1569 606 nobis
1594 576 1705 617 passio
1723 575 1872 619 Christi,
1900 586 1936 611 ut
1955 587 2111 612 statuen—

1125 622 1208 654 dum
1225 622 1269 655 sit
1287 634 1352 655 nos
1370 630 1512 667 propter
1536 625 1650 668 ipsum
1675 629 1841 672 consequi
1867 630 2109 663 remissionem

1125 680 1364 716 peccatorum,
1393 681 1425 707 et
1450 676 1605 717 reputari
1631 676 1757 718 iustos,
1785 691 1856 711 non
1880 688 2025 724 propter
2044 694 2110 713 no-

1124 730 1231 756 stram
1257 725 1436 768 propriam
1463 726 1680 768 dignitatem.
1741 728 1822 762 Nou
1844 731 1938 763 euim
1965 732 2108 774 propria

1123 774 1275 816 dignitas
1308 782 1426 808 nostra
1461 778 1628 810 adversus
1653 778 1739 811 iram
1775 787 1807 813 et
1832 781 2004 814 iudicium
2028 782 2109 822 Dei,

1902 832 1940 865 ld
1962 839 2011 866 est
2031 845 2109 865 um—

1120 876 1304 909 braculum
1323 878 1433 919 illud,
1462 891 1532 923 quo
1552 880 1722 922 tegimur,
1749 889 1781 915 et
1803 895 1871 927 quo
1892 890 1990 927 pater
2015 891 2108 917 certo

1121 927 1289 970 placatur.

1216 977 1312 1011 Haec
1330 985 1380 1012 est
1398 978 1508 1022 igitur
1525 992 1605 1013 sere
1623 982 1816 1025 spiritualis
1833 985 2013 1018 meditatio
2030 997 2108 1029 pas-

1120 1029 1228 1061 sionis
1247 1027 1398 1070 Christi,
1427 1043 1504 1062 cum
1533 1028 1599 1063 hoc
1625 1035 1729 1067 modo
1758 1035 1794 1067 in
1819 1048 1885 1079 pax
1890 1037 2011 1069 oribus
2028 1049 2107 1070 vere

1119 1092 1183 1112 nos
1201 1080 1367 1123 erigimus
1382 1081 1465 1121 fide,
1492 1081 1598 1126 idque
1616 1084 1691 1117 fieri
1708 1086 1811 1119 debet
1832 1087 1869 1118 in
1889 1087 2108 1120 011111111110-

1119 1105 1275 1171 cationeo,
1305 1131 1342 1163 in
1358 1133 1525 1165 omnibus
1542 1135 1707 1176 negociis,
1727 1143 1756 1169 et
1775 1138 1957 1181 periculis,
1976 1145 2007 1172 et
2029 1145 2106 1172 ten-

1119 1182 1324 1216 tationibus,
1379 1182 1436 1215 Sic
1453 1182 1565 1215 David
1591 1185 1626 1217 in
1645 1188 1716 1219 acie
1739 1199 1774 1220 se
1797 1189 2045 1223 consolabatur
2069 1190 2105 1222 in

1117 1233 1242 1265 mediis
1261 1233 1426 1276 periculis
1443 1235 1676 1277 praeliorum,
1703 1238 1750 1271 sic
1767 1238 1897 1272 Paulus
1924 1240 1960 1272 in
1987 1241 2104 1273 omni-

1117 1283 1181 1315 bus
1199 1284 1352 1326 negociis
1371 1281 1435 1317 hac
1451 1285 1691 1320 consolatione
1708 1301 1742 1321 se
1759 1296 1941 1329 sustentat,
1967 1291 2014 1324 sic
2031 1304 2105 1324 ma-

1117 1340 1168 1366 ter
1191 1335 1229 1366 in
1253 1342 1374 1378 partu,
1409 1336 1456 1367 sic
1488 1336 1641 1381 denique
1664 1339 1815 1383 quilibet
1842 1340 1919 1383 pius
1944 1342 1980 1373 in
2004 1342 2103 1374 omui

1116 1384 1253 1417 actione
1272 1386 1412 1418 invocat
1430 1385 1563 1427 Deum,
1591 1389 1642 1420 illi
1664 1388 1970 1432 pontificiChristo
1990 1404 2024 1425 se
2040 1394 2103 1426 ad-

1115 1435 1284 1477 iungens,
1310 1443 1342 1469 et
1369 1439 1513 1469 credens
1538 1449 1572 1470 se
1596 1447 1739 1484 propter
1758 1441 1867 1485 ipsius
1892 1443 2101 1477 sacrificium

1116 1487 1234 1530 recipi,
1255 1494 1286 1520 et
1303 1488 1472 1520 exaudiri.

1216 1538 1297 1570 Non
1316 1538 1424 1581 igitur
1440 1545 1488 1571 est
1507 1539 1698 1596 spiiitualis
1716 1544 1912 1585 meditatio,
1941 1546 2100 1578 secedere

1115 1588 1152 1620 in
1170 1590 1403 1629 monasteria,
1432 1597 1461 1622 et
1483 1591 1607 1623 ociosis
1624 1593 1751 1626 animis
1775 1595 1925 1637 cogitare
1954 1597 1996 1628 de
2022 1607 2100 1640 uas-

1115 1639 1212 1671 sione
1236 1638 1389 1680 Christi,
1417 1647 1447 1673 et
1472 1641 1589 1683 lugere
1615 1641 1795 1678 Christum
1813 1646 1940 1680 sicuti
1927 1646 2099 1680 Mulieres

1114 1703 1192 1722 eum
1212 1691 1389 1733 lugebant,
1407 1701 1529 1725 euntes
1547 1693 1588 1724 ι(1
1609 1693 1846 1737 sepulchrum,
1866 1699 1922 1730 sed
1946 1698 1982 1730 in
1999 1697 2098 1731 omni

1113 1741 1196 1779 vita,
1219 1717 1439 1775 in⁰0m11ibus
1458 1743 1620 1786 periculis
1638 1752 1669 1778 et
1689 1748 1939 1782 certaminibus
1958 1749 2098 1782 intuea-

1113 1804 1192 1825 mur
1211 1790 1388 1826 (Jhristum
1402 1821 1410 1833 ‚
1437 1801 1470 1826 et
1488 1793 1561 1826 eius
1575 1797 1742 1831 sacrificio
1760 1805 1793 1831 et
1810 1800 2004 1842 praesentia
2032 1812 2097 1834 nos

1111 1843 1344 1878 consolemur.
1405 1844 1500 1877 Haec
1530 1853 1613 1879 sunt
1635 1848 1735 1881 utilia
1764 1850 1848 1892 piis,
1882 1857 1915 1883 et
1945 1851 2096 1894 intelligi

1110 1901 1268 1938 possunt.
1321 1894 1367 1929 Et
1392 1896 1434 1928 de
1460 1893 1523 1929 hac
1548 1909 1627 1929 vera
1653 1906 1685 1931 et
1710 1911 1780 1933 non
1807 1901 1921 1934 ociosa
1947 1902 2095 1935 medita-

1109 1947 1205 1980 tione
1240 1946 1399 1991 loquitur
1430 1947 1560 1980 Ρ1111115
1594 1950 1637 1981 ad
1671 1948 1800 1995 Philip
1826 1952 1876 1987 3.:
1919 1951 2093 1986 Existimo

1108 1998 1225 2031 omnia
1270 1999 1520 2032 detrimentum
1564 2011 1653 2041 esse,
1696 2010 1840 2046 propter
1879 2004 2092 2036 eminentem

1107 2049 1285 2082 scientiam
1306 2048 1454 2083 Domini
1473 2051 1539 2083 mei
1561 2049 1636 2084 lesu
1647 2050 1798 2094 Christi,
1822 2060 1861 2087 ut
1878 2054 2039 2087 inveniar
2054 2055 2092 2088 in

1078 2102 1079 2108 ¹
1107 2101 1189 2139 illo,
1217 2112 1289 2133 non
1319 2099 1451 2134 habens
1478 2114 1590 2134 meam
1618 2103 1809 2145 iusticiam,
1837 2117 1925 2149 quae
1953 2117 1992 2138 ex
2017 2106 2090 2149 lege

337 2161 521 2182 movemur
543 2149 754 2192 cogitatione
771 2150 967 2192 ingentium
995 2163 1050 2184 ca-
1077 2151 1078 2183 ἶ
1106 2159 1174 2192 est,
1209 2153 1267 2184 sed
1294 2152 1390 2185 illam
1417 2165 1506 2198 quae
1528 2166 1567 2185 ex
1591 2154 1658 2186 fide
1686 2162 1735 2188 est
1759 2153 1912 2193 Christi,
1939 2168 2026 2201 quae
2050 2169 2088 2191 ex

66 2202 264 2235 lamitatum
283 2197 538 2240 humanarum,
564 2212 651 2245 quae
667 2208 749 2233 sunt
765 2201 861 2244 signa
879 2202 950 2235 irae
967 2201 1050 2235 Dei:
1076 2210 1077 2246 ᾗ
1104 2201 1179 2235 Deo
1205 2210 1253 2236 est
1276 2204 1413 2237 iusticia
1438 2205 1474 2236 in
1498 2204 1583 2244 fide,
1616 2206 1658 2237 ad
1687 2207 1946 2249 agnoscendum
1973 2207 2086 2249 illum,

67 2254 126 2286 sed
152 2252 266 2284 multo
285 2251 394 2293 magis
413 2252 546 2284 moveri
564 2263 629 2285 nos
651 2253 835 2296 oportebat
860 2250 926 2286 hoc
952 2254 1052 2286 testi—
1075 2252 1077 2287 θ’
1104 2261 1135 2287 et
1151 2255 1317 2288 virtutem
1334 2256 1601 2288 resurrectionis
1617 2257 1709 2296 eius,
1736 2264 1768 2291 et
1787 2257 1983 2292 societatem
2008 2270 2088 2302 pas-

65 2303 187 2337 monio
205 2303 295 2343 irae,
323 2302 418 2347 quod
434 2300 530 2335 Deus
548 2303 683 2336 nullam
704 2301 873 2343 hostiam,
902 2304 971 2337 nisi
991 2304 1050 2337 Fi-
1074 2313 1077 2344 ζ
1103 2305 1213 2338 sionis
1232 2306 1347 2347 illius,
1375 2307 1610 2347 configuratus
1628 2309 1731 2341 morti
1751 2309 1824 2341 eius
1844 2315 1904 2342 etc.

1207 2355 1326 2389 Tertia
1350 2358 1529 2391 meditatio
1547 2364 1595 2390 est
1618 2356 1852 2403 Exemplaris.
1907 2358 2002 2392 Haec
2021 2361 2085 2395 etsi

1103 2420 1176 2440 non
1193 2414 1243 2440 est
1260 2408 1482 2452 principaliS,
1509 2415 1624 2442 tamen
1645 2410 1747 2443 etiam
1765 2411 1830 2454 piis
1853 2413 2084 2455 proponenda

63 2515 103 2542 ut
129 2508 189 2541 fiat
215 2514 311 2552 pater
335 2507 508 2551 placatus,
536 2513 568 2539 et
594 2514 736 2564 propter
759 2505 825 2541 hoc
841 2509 1048 2542 sacrificium
1074 2518 1075 2544 t
1102 2510 1138 2542 in
1158 2510 1439 2551 adflicfionibus,
1467 2510 1647 2552 videlicet,
1673 2514 1766 2557 quod
1778 2511 1873 2547 Deus
1893 2511 1981 2547 hanc
2000 2514 2085 2547 obe„

64 2559 239 2599 remittat,
266 2566 298 2592 et
322 2558 434 2591 deleat
459 2564 637 2601 peccatum
663 2558 699 2589 in
725 2571 827 2592 carne
846 2567 985 2600 nostra,
1017 2568 1075 2593 et

65 2611 173 2644 donet
194 2609 370 2643 iusticiam
404 2616 437 2643 et.
461 2608 570 2641 vitam
604 2615 802 2650 aeternam,
838 2612 930 2654 quod
965 2608 1049 2644 haec

63 2669 158 2696 certo
189 2671 448 2706 consequamur
458 2687 466 2701 ‚

1074 2545 1270 2594 dientiam
1306 2562 1481 2606 requirat,
1532 2569 1570 2595 ut
1606 2538 1822 2597 adflictiones
1857 2565 2083 2608 perferamus,

1101 2611 1282 2652 Secundo,
1299 2613 1393 2657 quod
1412 2611 1506 2645 Deus
1526 2625 1598 2645 non
1615 2614 1694 2647 ideo
1712 2615 1879 2649 abiecerit
1897 2616 1985 2659 pios,
2001 2616 2083 2660 quia

501 2671 574 2693 non
605 2666 750 2704 propter
780 2660 897 2705 aliqua
925 2662 1048 2695 merita
1073 2665 1076 2698 i
1099 2663 1183 2696 sinit
1199 2674 1256 2696 eos
1270 2663 1399 2708 affligi,
1418 2675 1481 2696 nec
1497 2665 1629 2708 affligat
1647 2672 1685 2699 ut
1702 2667 1842 2710 perdat,
1861 2668 1919 2701 sed
1935 2673 1973 2700 ut
1989 2679 2084 2701 mor·
