2379 2948
137 118 211 154 239

140 209 173 236 et
195 200 330 245 aliquot
355 195 510 235 minuta,
538 196 662 236 quarto
688 197 831 244 quoque
852 196 947 219 anno
962 184 1037 218 dies
1054 182 1122 217 Fe-

140 251 284 287 bruario
303 247 491 285 inseritur,
517 251 620 287 quem
637 248 803 272 vocamus
822 235 1078 270 intercalarem.

237 308 315 344 Etsi
332 312 447 340 autem
465 300 549 335 haec
565 298 655 333 ratio
670 297 789 331 minus
805 295 1044 341 perturbatam
1060 291 1124 326 ha-

142 362 203 395 bet
234 355 554 392 intercalationem,
583 361 688 395 quam
713 354 891 387 vetustae,
923 353 1041 380 tamen
1065 341 1124 376 hic

143 412 248 447 etiam
269 404 436 450 temporis
452 401 637 446 longitudo
656 397 907 433 correctionem
923 393 1125 441 postulavit.

242 465 329 500 Dies
347 464 498 496 insertus
514 457 775 504 aliquantulum
800 462 940 500 superat
957 453 1124 498 spacium,

144 518 238 564 quod
264 516 378 548 fuerat
401 511 605 546 addendum
628 514 780 554 quatuor
813 506 926 540 annis.
977 503 1024 537 Et
1050 503 1123 535 loca

143 565 450 613 aequinoctiorum
484 568 518 595 et
546 558 783 593 solsticiorum
811 563 956 600 propter
985 564 1124 586 morum

143 625 286 653 octavae
302 613 469 659 sphaerae
490 616 687 644 mutantur.
740 606 823 640 Ideo
846 604 1013 650 paulatim
1033 602 1126 636 anti-

143 670 237 713 cipat
264 667 438 708 ingressus
454 661 548 696 Solis
569 661 606 692 in
625 659 800 698 Arietem,
825 663 865 690 ut
880 666 958 688 cum
975 651 1126 695 Augusti

143 726 302 761 tempore
338 715 413 748 dies
448 709 661 757 aequinoctii
697 707 804 741 fuerit
834 707 909 739 dies
942 704 1127 737 vicesimus

144 769 289 815 quimus
306 764 448 802 Martii,
474 762 577 795 nobis
597 767 646 793 est
667 758 742 792 dies
759 756 978 791 undecimus.

247 823 343 857 Haec
362 823 405 854 de
429 819 513 853 anni
532 818 633 851 metis
656 815 809 849 breviter
825 811 891 846 hoc
914 812 990 845 loco
1007 821 1128 844 recen-

145 875 211 911 sui.
263 871 413 906 Erudite
430 877 545 904 autern
564 867 697 901 divisus
712 872 762 898 est
776 864 950 898 Zodiacus
975 862 1013 894 in
1031 861 1128 904 signa

144 924 351 962 duodecim,
382 927 422 955 ut
445 930 594 953 numero
625 916 799 949 mensium
826 913 911 947 anni
938 912 1130 956 responde-

145 983 237 1010 rent.
277 970 324 1006 Et
340 973 377 1005 in
394 981 545 1016 quorum
561 969 740 1011 signorum
759 965 882 1004 initiis,
907 964 994 996 fiant
1010 961 1130 1006 aequi-

145 1025 265 1060 noctia
291 1029 325 1056 et
355 1021 526 1060 solsticia,
559 1017 713 1051 ostendit
739 1015 900 1049 doctrina
930 1013 1057 1047 usitata
1087 1012 1130 1044 de

145 1075 305 1113 circulis,
327 1084 431 1117 quam
447 1068 503 1103 hic
520 1068 724 1102 omittimus.
778 1064 934 1097 Tantum
952 1061 1018 1095 hoc
1036 1061 1129 1105 quod

145 1125 333 1172 physicum
369 1127 438 1161 est,
478 1117 535 1151 hie
570 1117 744 1157 recitabo,
787 1113 951 1146 videlicet
987 1119 1132 1145 naturas

146 1178 342 1222 signorum,
895 1214 903 1221 ι
979 1213 987 1220 ι

251 1223 458 1257 iudicantur
478 1225 623 1252 naturae
644 1228 765 1250 eorum
791 1226 831 1248 ex
858 1221 1007 1257 trlgonls
1035 1218 1068 1245 et
1092 1223 1131 1245 ex

146 1276 374 1311 Planetarum
387 1270 638 1304 familiaritate,

251 1323 378 1366 lgneus
405 1321 565 1363 trigonus
593 1325 661 1358 est,
689 1314 809 1355 Aries,
834 1313 906 1348 Leo
929 1320 964 1348 et
982 1312 1133 1356 Sagitta-

148 1377 234 1411 rius.
275 1373 371 1406 Haec
386 1372 424 1404 in
440 1381 565 1413 genere
583 1368 695 1401 calida
713 1372 794 1400 sunt
809 1371 841 1398 et
857 1365 957 1405 sicca,
988 1364 1132 1397 rubram

149 1427 260 1460 bilem
292 1420 474 1465 augentia,
516 1419 576 1452 sed
608 1418 703 1450 iuxta
734 1416 960 1447 Planetarum
991 1420 1134 1443 naturas

150 1475 235 1510 haec
254 1472 473 1514 mitigantur.
526 1467 590 1501 Est
613 1473 728 1499 autem
746 1463 849 1496 Aries
870 1468 1016 1495 naturae
1035 1459 1133 1493 Mar-

151 1528 241 1565 tiae,
269 1524 341 1557 Leo
368 1519 509 1559 solaris,
536 1516 744 1560 Sagittarius
763 1513 840 1547 lovi
861 1511 1057 1546 familiaris.

254 1581 408 1615 Terreus
432 1577 592 1620 trigonus
618 1582 688 1613 est,
724 1572 886 1611 Taurus,
916 1569 1042 1613 Virgo,
1068 1567 1135 1602 Ca-

151 1634 350 1680 pricornus.
402 1628 499 1662 Haec
526 1627 564 1659 in
591 1636 716 1669 genere
737 1622 864 1665 frigida
881 1627 963 1654 sunt
986 1627 1019 1654 et
1047 1619 1135 1652 sicca

151 1693 187 1720 et
216 1677 488 1719 melancholica,
522 1678 582 1710 sed
613 1677 707 1708 iuxta
734 1672 960 1706 Planetarum
995 1676 1137 1703 naturas

151 1734 237 1769 haec
253 1732 476 1773 mitigantur,
503 1734 536 1760 et
551 1726 671 1759 Tauro
689 1724 810 1757 Venus
825 1728 971 1767 praeest,
996 1719 1137 1763 Virgini

152 1782 372 1821 Mercurius,
397 1778 614 1823 Capricorno
631 1775 816 1809 Saturnus.

254 1839 389 1874 A'e'reus
405 1837 565 1880 trigonus
582 1841 652 1874 est,
681 1831 839 1870 Gemini,
862 1830 989 1869 Libra,
1015 1829 1137 1874 Aqua-

154 1893 241 1927 rius.
295 1889 391 1922 Haec
419 1887 458 1920 in
482 1897 607 1929 genere
632 1884 744 1917 calida
767 1888 801 1915 et
825 1879 969 1914 humida
997 1885 1078 1912 sunt
1105 1885 1138 1912 et

155 1940 358 1985 sanguinea.
411 1936 481 1971 Sed
507 1936 601 1969 iuxta
624 1934 853 1967 Planetarum
879 1937 1023 1964 naturas
1052 1927 1138 1962 haec

153 1993 374 2035 mitigantur.
429 1986 591 2020 Geminis
609 1983 809 2016 Mercurius
831 1987 983 2025 praeest,
1010 1979 1139 2013 Librae

153 2043 298 2081 Venus,
326 2037 483 2083 Aquario
502 2035 689 2070 Saturnus.

240 2100 386 2146 Aqueus
399 2097 559 2140 trigonus
576 2101 638 2132 est,
652 2093 799 2132 Cancer,
817 2091 998 2135 Scorpius,
1014 2090 1141 2126 Pisces.

156 2153 253 2187 Haec
270 2152 308 2184 in
333 2160 458 2193 genere
475 2146 602 2189 frigida
619 2150 700 2177 sunt
729 2149 762 2176 et
788 2140 934 2175 humida
961 2147 994 2174 et
1018 2139 1141 2184 phleg-

158 2202 296 2238 matica.
338 2200 408 2235 Sed
429 2198 524 2231 iuxta
541 2195 767 2229 planetarum
784 2198 927 2225 naturas
946 2188 1030 2224 haec
1044 2191 1142 2224 miti-

159 2260 297 2299 gantur.
355 2248 493 2284 Cancro
529 2251 665 2291 praeest
696 2243 817 2284 Luna,
850 2241 998 2286 Scorpio
1034 2240 1143 2282 Mars,

158 2303 319 2338 Piscibus
335 2299 504 2344 Iuppiter.

262 2353 404 2394 Augent
420 2356 454 2383 et
470 2345 733 2391 languesaciunt
755 2350 789 2378 et
811 2342 901 2377 aliae
916 2341 1142 2376 planetarum

161 2402 434 2438 familiaritates,
463 2398 644 2442 signorum
665 2395 828 2441 proprias
849 2392 1050 2438 qualitates,
1083 2392 1142 2425 sed

163 2454 262 2486 illam
280 2450 476 2493 longiorem
493 2447 690 2482 doctrinam
708 2444 766 2479 hic
777 2444 913 2479 omitto.
946 2441 1045 2476 Haec
1061 2454 1145 2476 vero

165 2501 330 2540 recitavi,
355 2505 395 2533 ut
417 2498 644 2542 aliquomodo
663 2496 907 2530 consideretur
922 2492 988 2527 Dei
1007 2492 1146 2536 sapien-

165 2553 233 2593 tia,
259 2551 320 2596 qui
339 2550 375 2582 in
392 2548 589 2581 ordinando
605 2558 709 2581 cursu
726 2546 831 2585 Solis,
859 2545 906 2578 ita
925 2544 1001 2578 loca
1019 2543 1147 2577 distin-

165 2604 215 2636 xit
244 2599 492 2646 qualitatibus,
518 2604 557 2631 ut
579 2598 681 2630 rebus
705 2595 928 2630 nascentibus
955 2601 1068 2629 essent
1090 2605 1149 2627 ac-

380 106 589 147 SCRIPTA
616 103 694 139 PH.
721 100 837 137 MEL.
867 97 934 134 AD
961 96 1088 135 HlST.
1116 95 1259 134 PROF.
1287 95 1353 134 ET
1378 96 1569 134 PHILOS.
1597 95 1918 135 SPECTANTIA·

2076 99 2151 135 240

1176 183 1442 218 coniunctiones
1456 189 1489 218 et
1504 182 1743 228 oppositiones
1762 182 1855 217 Solis
1876 190 1910 218 et
1931 183 2053 219 Lunae
2079 185 2153 218 sin-

1175 235 1266 278 gulis
1293 234 1473 268 mensibus
1497 234 1783 274 considerantur,
1815 239 1849 266 et
1870 246 1952 268 cum
1973 235 2153 269 stellarum

1176 286 1322 318 fixarum
1346 292 1444 319 ortus
1468 291 1501 320 et
1522 296 1661 319 occasus
1686 285 1729 318 ad
1752 283 1927 317 mensium
1949 285 2153 319 discrimina

1177 336 1417 370 conferuntur.

1264 385 1347 419 Post
1357 384 1553 430 Aquarium
1571 384 1739 429 frigidum
1755 391 1788 418 et
1803 385 2004 426 ssatuosum,
2027 390 2061 418 et
2078 392 2157 428 post

1177 434 1312 476 Pisces,
1337 435 1497 480 sequitur
1512 433 1615 469 Aries
1632 435 1810 470 desiccans
1826 443 1973 476 terram,
2000 446 2038 468 ac
2056 446 2156 479 prae-

1178 496 1304 528 parans
1320 493 1482 520 aratloni.

1280 543 1448 588 Sequitur
1474 542 1615 576 Taurus
1647 542 1777 577 sationi
1810 543 1981 583 idoneus,
2021 542 2061 575 in
2088 553 2158 586 quo

1180 593 1282 626 etiam
1302 604 1456 626 accessus
1473 592 1566 625 Solis
1582 594 1625 626 ad
1643 593 1804 627 Pleiadas
1821 600 1853 627 et
1868 592 2012 638 Hyadas
2029 592 2160 626 imbres

1180 643 1258 678 ciet.
1308 642 1450 676 Deinde
1469 641 1615 676 Gemini
1629 644 1736 676 calidi
1756 644 1887 677 fovent.
1931 643 2065 677 Cancer
2081 654 2161 676 rur-

1182 704 1240 726 sus
1256 690 1445 733 humectat,
1468 692 1542 726 Leo
1558 704 1665 726 urens
1680 693 1915 726 maturitatem
1932 693 2046 729 efficit.
2078 692 2162 726 Vir-

1182 755 1224 787 go
1247 750 1379 777 aestum
1399 743 1553 786 mitigat,
1579 743 1687 776 Libra
1712 754 1834 777 rursus
1857 741 2039 777 humidior
2062 754 2164 787 prae-

1182 801 1281 838 parat
1305 801 1433 828 terram
1464 805 1575 827 novae
1605 794 1774 836 sementi,
1808 800 1848 826 ut
1878 800 1967 827 terra
1990 793 2162 827 foecunda

1183 845 1434 888 complectatur
1449 855 1578 883 semen,
1607 850 1640 877 et
1656 856 1719 877 ceu
1733 844 1865 878 foetum
1882 844 2010 878 foveat.
2041 841 2162 877 *Stor-

1183 895 1260 939 pius
1277 892 1453 929 humectat
1469 901 1560 933 sata,
1588 893 1795 938 Sagittarius
1810 900 1980 938 temperat
2002 893 2112 937 frigus
2130 900 2165 927 et

1183 943 1429 986 humiditates‚
1454 952 1494 978 ut
1508 945 1624 989 genita
1642 945 1775 978 semina
1793 945 1851 979 edi
1868 944 2014 989 possint,
2036 943 2165 977 deinde

1184 995 1316 1028 claudit
1333 1002 1461 1028 terram
1480 994 1733 1039 Capricornus,
1759 1002 1800 1030 ut
1816 993 1973 1029 inchoati
1996 996 2109 1028 foetus
2126 994 2164 1027 in

1183 1052 1276 1078 terra
1304 1045 1385 1088 plus
1411 1056 1429 1078 a
1453 1052 1564 1078 matre
1584 1045 1716 1079 virium
1747 1046 1922 1090 accipiant
1942 1052 2014 1080 tota
2038 1045 2166 1078 deinde

1185 1093 1330 1140 hyeme,
1353 1095 1466 1128 donec
1481 1095 1609 1129 iterum
1627 1097 1740 1130 laxata
1756 1103 1848 1130 terra
1864 1096 1902 1129 in
1919 1108 2010 1137 vere,
2034 1096 2166 1129 maiore

1185 1146 1220 1177 vi
1236 1156 1330 1188 seges
1353 1146 1570 1180 extrudatur.

1286 1203 1355 1237 Hic
1378 1204 1465 1237 ordo
1491 1203 1768 1237 considerandus
1782 1209 1849 1243 est,
1873 1211 1913 1237 ut
1927 1202 2042 1235 Deum
2066 1203 2168 1247 opifi-

1186 1267 1260 1288 cem
1283 1266 1532 1297 agnoscamus,
1565 1266 1629 1287 nec
1651 1265 1724 1288 esse
1746 1254 1864 1286 inania
1883 1251 1966 1286 haec
1988 1253 2168 1297 signorum

1187 1305 1416 1346 discrimina,
1443 1305 1633 1339 certissime
1649 1305 1859 1345 comperiet,
1886 1304 1995 1345 siquis
2018 1304 2170 1338 coniun-

1187 1356 1321 1389 ctiones
1345 1363 1378 1390 et
1399 1355 1641 1399 oppositiones
1664 1351 1758 1384 Solis
1779 1358 1812 1384 et
1836 1350 1977 1392 Lunae,
2005 1351 2168 1387 Planeta-

1188 1417 1264 1436 rum
1282 1406 1434 1445 positus,
1460 1408 1493 1435 et
1509 1402 1655 1435 fixarum
1671 1402 1851 1435 stellarum
1867 1408 1965 1435 ortus
1980 1408 2012 1436 et
2028 1415 2169 1438 occasus

1187 1452 1394 1487 intuebitur.

1290 1502 1520 1547 Posteaquam
1532 1502 1575 1535 de
1586 1502 1776 1536 eccentrico
1787 1503 1872 1535 orbe
1883 1500 2030 1538 vehente
2042 1504 2171 1546 Solem,

1189 1560 1223 1587 et
1239 1561 1337 1587 motu
1352 1553 1445 1587 Solis
1460 1553 1626 1587 metiente
1643 1565 1775 1586 annum
1793 1565 1901 1597 pauca
1917 1554 2087 1594 diximus,
2107 1557 2171 1589 ad-

1190 1604 1340 1637 iicienda
1364 1611 1414 1637 est
1439 1604 1555 1636 brevis
1578 1603 1772 1636 admonitio
1795 1605 1838 1636 ‹le
1862 1605 2007 1637 orbibus
2032 1605 2171 1640 duobus

1190 1654 1354 1699 reliquis,
1389 1665 1476 1699 quos
1507 1654 1544 1686 in
1568 1659 1642 1687 toto
1666 1654 1848 1688 domicilio
1876 1653 1969 1688 Solis
1998 1655 2171 1691 fabricant

1191 1705 1350 1738 artifices.

1294 1755 1435 1788 Primus
1456 1755 1667 1788 circundans
1690 1754 1941 1799 eccentricum,
1969 1763 2019 1791 est
2039 1758 2173 1791 mundo

1191 1805 1453 1843 concentricus,
1480 1811 1513 1838 et
1531 1812 1568 1838 ut
1588 1806 1631 1838 sit
1649 1805 1886 1847 concinnitas»,
1912 1815 2071 1852 utsupra
2090 1809 2175 1848 dixi,

1191 1856 1418 1889 fabricandus
1436 1855 1504 1888 fuit
1521 1856 1645 1889 tertius
1665 1855 1773 1890 orbis.

1295 1913 1442 1947 Necesse
1465 1921 1514 1947 est
1541 1921 1656 1947 autem
1672 1914 1816 1959 aliquod
1839 1921 2008 1958 punctum
2028 1915 2063 1948 in
2082 1928 2176 1951 mar-

1193 1965 1273 2008 gine
1289 1964 1472 1997 eccentrici
1483 1988 1492 2002 ,
1519 1964 1720 2007 longissime
1736 1977 1754 1996 a
1773 1971 1892 1998 centro
1908 1972 2020 1998 terrae
2036 1967 2175 2007 distare,

1194 2015 1290 2049 aliud
1309 2021 1424 2048 autem
1442 2015 1644 2058 oppositum
1663 2014 1808 2058 propius
1825 2027 1896 2048 esse
1913 2022 2032 2049 centro
2053 2024 2176 2052 terrae.

1296 2072 1472 2106 Punctum
1511 2072 1637 2115 igitur,
1683 2073 1777 2118 quod
1814 2073 2016 2117 longissime
2051 2077 2176 2118 distat,

1195 2122 1377 2168 Apogeum
1395 2130 1522 2157 vocant
1537 2130 1680 2157 vetercS.
1721 2122 1893 2157 Recentes
1911 2136 2045 2169 augem.
2090 2126 2176 2162 Inde

1196 2173 1234 2208 hi
1253 2176 1323 2207 duo
1340 2173 1442 2206 orbes
1458 2173 1690 2207 nominantur
1706 2185 1828 2216 augem
1849 2175 2053 2213 deferentes.

1297 2229 1512 2276 Oppositum
1532 2244 1615 2266 vero
1631 2239 1802 2277 punctum
1813 2260 1822 2273 ,
1848 2235 1942 2279 quod
1959 2237 2104 2281 propius
2120 2250 2176 2273 ac-

1196 2282 1287 2317 cedit
1301 2283 1346 2315 ad
1361 2289 1519 2316 centrum
1533 2289 1664 2323 terrae,
1691 2290 1817 2317 vocant
1832 2282 2026 2332 περίγειον.

1297 2339 1392 2374 Haec
1413 2348 1543 2385 puncta
1559 2340 1759 2375 ptolemeus
1781 2343 1989 2378 existimavit
2005 2346 2069 2379 fixa
2093 2359 2177 2390 esse,

1198 2403 1276 2426 cum
1294 2390 1476 2435 Apogeum
1491 2403 1554 2425 suo
1573 2387 2022 2436 tempore‘deprehenderet
2046 2408 2119 2430 esse
2137 2400 2175 2433 in

1197 2442 1320 2476 eodem
1342 2442 1419 2475 loco
1437 2440 1646 2487 Eclipticae,
1681 2455 1749 2487 quo
1774 2444 1887 2478 suerat
1904 2451 2059 2489 tempore
2084 2447 2174 2494 Hip-

1197 2490 1337 2538 parchi,
1371 2489 1438 2526 hoc
1461 2499 1531 2533 est,
1557 2493 1595 2526 in
1620 2500 1715 2526 sexto
1731 2495 1838 2537 gradu
1857 2494 2109 2537 Geminorum,
2143 2509 2176 2535 et

1198 2544 1316 2577 abesse
1349 2542 1399 2578 24
1430 2544 1597 2586 gradibus
1630 2555 1649 2576 a
1679 2550 1809 2587 puncto
1839 2545 2030 2580 solsticiali.
2092 2550 2176 2584 Ideo

1173 2622 1176 2636 ,
1199 2606 1271 2627 non
1288 2594 1414 2628 tribuit
1431 2594 1506 2629 Soli
1522 2594 1608 2627 alios
1623 2594 1725 2627 orbes
1742 2594 1888 2628 mobiles
1905 2603 2042 2640 praeter
2057 2611 2178 2634 eccen-

171 2652 429 2689 commodatae,
456 2648 550 2693 quod
570 2647 678 2690 magis
696 2647 799 2681 etiam
816 2645 1043 2690 intelligitur,
1069 2656 1148 2679 cum
1173 2639 1176 2668 ¹
1200 2645 1339 2678 tricum.
