2379 2948
149 111 223 149 465

148 195 276 234 Tecta,
303 208 370 242 pro
394 194 573 231 aedificiis.
610 196 676 230 Vel
699 209 777 230 cum
804 208 867 239 pro
896 201 994 239 parte
1022 200 1134 227 totum

146 247 309 288 dicimus,
326 254 365 281 ut
383 259 462 281 cum
478 248 631 281 dicimus
642 247 776 291 aliquid
793 247 922 278 factum
940 256 1024 284 esse,
1040 246 1134 289 quod

146 297 222 330 fieri
247 297 381 341 coepit,
414 304 454 331 ut
483 298 613 330 mortui
644 303 804 340 peccato,
849 295 911 340 qui
944 302 1134 338 coeperunt

146 348 250 382 mori.
303 347 362 382 Sic
386 348 536 381 dicimus
562 347 751 379 exercitum
775 357 848 379 esse
866 357 1026 385 caesum,
1051 345 1132 389 quia

145 398 291 442 plurimi
312 398 486 431 interfecti
501 403 594 431 sunt.
632 396 690 430 Sic
707 397 858 430 dicimus
877 395 1048 440 populum
1066 394 1133 428 Dei

145 456 306 482 sanctum
330 459 420 486 esse,
446 447 526 492 quia
551 447 662 492 aliqui
683 454 766 481 sunt
788 448 911 482 sancti.
963 445 1030 478 Vel
1053 458 1131 478 cum

146 499 333 532 continens
360 509 424 541 pro
447 504 613 530 contento
643 498 813 540 sumitur,
841 504 897 538 ut,
932 503 1053 540 epotos
1075 508 1131 529 ca-

144 550 208 582 dos
243 561 307 593 pro
330 548 414 580 vino
438 554 552 590 epoto.
603 547 670 581 Vel
693 547 838 582 materia
867 559 930 592 pro
956 554 1049 588 toto,
1082 553 1132 588 ut,

143 599 276 633 ferrum
291 610 354 642 pro
377 597 506 641 gladio.
549 597 617 631 Vel
639 599 757 643 prius,
784 605 844 632 aut
869 598 1062 643 posterius,
1090 609 1130 630 ex

144 661 214 694 quo
232 655 365 683 caetera
382 648 534 692 intelligi
551 656 709 694 possunt,
733 656 783 691 ut,
802 655 988 683 concutere
1009 660 1130 681 muros

142 711 208 744 pro
240 699 515 743 oppugnatione.
578 697 687 733 Oculi
708 699 856 733 Domini
882 711 987 743 super
1008 699 1130 736 iustos,

143 750 180 783 id
197 756 264 787 est,
291 761 387 789 cura,
414 750 496 794 quia
513 750 703 793 diligenter
717 751 1001 789 consideramus,
1027 749 1130 783 etin-

141 807 282 834 tuemur
298 799 377 840 illa,
405 812 494 844 quae
516 813 690 837 curamus,
745 800 874 834 Vultus
898 799 1047 833 Domini
1071 806 1135 832 su-‘

141 861 202 893 per
228 850 396 884 facientes
421 851 532 891 mala,
559 852 593 884 id
622 859 688 890 est,
716 851 787 892 ira,
814 851 903 885 Nam
928 850 1008 883 irati
1029 850 1130 883 vultu

140 900 331 935 minantur.
382 900 600 935 Huiusmodi
631 902 762 946 figurae
785 902 944 936 infinitae
976 907 1059 934 sunt
1092 901 1130 933 in

139 951 245 985 sacris
260 951 384 987 literis.

241 1025 497 1072 Marmenia,
525 1028 653 1072 partim
671 1028 871 1072 metalepsi,
899 1027 1026 1072 partim
1046 1039 1129 1072 syn-

139 1075 293 1112 ecdoche
319 1086 484 1122 cognata,
531 1091 654 1111 verum
686 1078 826 1112 videtur
856 1079 998 1111 mollior
1022 1078 1131 1120 figura

140 1139 232 1170 esse,
256 1141 363 1173 quam
387 1129 479 1162 illae.
538 1129 627 1162 Nam
652 1129 809 1162 vicinum
833 1141 965 1161 nomen
992 1141 1053 1172 pro
1078 1128 1131 1159 vi-

141 1179 222 1212 cino
240 1179 410 1220 sumitur,
437 1186 475 1213 ut
491 1180 631 1222 signum
659 1191 723 1223 pro
750 1180 906 1223 signato,
933 1187 971 1212 ut
996 1185 1132 1222 sceptra

140 1241 205 1274 pro
223 1241 351 1273 regno,
378 1230 486 1263 fasces
505 1242 568 1274 pro
595 1230 764 1274 imperio,
792 1230 905 1263 claves
928 1242 991 1273 pro
1016 1229 1131 1262 officio

140 1280 197 1313 vel
213 1287 402 1324 potestate,
429 1287 506 1324 toga
527 1292 589 1324 pro
610 1292 704 1324 pace.
760 1279 828 1313 Hic
853 1287 903 1313 est
927 1291 1036 1322 agnus
1054 1278 1133 1319 Dei,

139 1330 174 1363 id
196 1337 265 1371 est,
292 1330 451 1371 victima,
478 1337 528 1364 est
553 1330 648 1363 enim
674 1343 805 1363 nomen
831 1331 959 1373 speciei
985 1342 1048 1374 pro
1073 1341 1131 1372 ge-

140 1393 224 1414 nere
248 1380 323 1416 scil,
340 1380 494 1414 victima.
547 1379 595 1414 Et
626 1392 736 1424 agnus
765 1381 992 1425 peculiariter
1022 1380 1132 1422 signi-

138 1431 263 1463 ficabat
286 1429 485 1468 Christum,
522 1432 583 1474 qui
606 1439 678 1464 erat
701 1433 840 1465 futurus
869 1444 948 1464 vera
978 1431 1132 1463 victima.

139 1480 383 1526 Bletonymiae
413 1480 582 1513 dicuntur
616 1481 741 1520 etiam,
789 1492 868 1513 cum
904 1482 1132 1513 inventorum

140 1543 203 1564 seu
219 1539 382 1564 autorum
402 1531 547 1564 nomina
562 1538 752 1564 sumuntur
768 1543 831 1575 pro
857 1532 981 1570 rebus,
1007 1537 1045 1563 ut
1061 1529 1132 1562 Ba-

140 1579 228 1615 chus
255 1593 318 1626 pro
347 1582 452 1622 vino,
495 1580 600 1614 Ceres
628 1594 694 1626 pro
720 1582 899 1625 frugibuS,
942 1580 1041 1614 hlars
1070 1593 1132 1624 pro

138 1631 255 1671 hello,
291 1631 410 1665 Moses
436 1644 499 1676 pro
526 1632 618 1675 lege,
647 1630 812 1666 Christus
837 1644 900 1676 pro
923 1630 1133 1674 Evangelio.

139 1681 183 1716 In
200 1682 435 1716 sacris-literis
452 1683 568 1715 variae
585 1689 667 1716 sunt
685 1683 923 1728 metonymiae
935 1710 943 1722 ,
970 1689 1004 1715 et
1021 1682 1058 1714 in
1078 1679 1133 1714 his

140 1734 338 1766 nonnullae
362 1734 502 1774 ignotae
527 1733 605 1766 aliis
629 1733 782 1776 linguis,
807 1740 845 1766 ut
868 1734 958 1766 calix
981 1745 1044 1776 pro
1071 1744 1133 1765 sua

141 1784 312 1829 cuiusque
331 1785 515 1827 portione,
542 1790 576 1817 et
593 1784 720 1816 deinde
739 1784 888 1817 ulterius
910 1783 1134 1822 transfertur,

139 1846 178 1867 ac
192 1846 256 1878 pro
275 1835 466 1868 afflictione
484 1834 674 1878 accipitur,
701 1842 828 1868 unctus
845 1846 907 1877 pro
922 1845 1013 1876 rege.
1041 1832 1132 1865 Nam

139 1882 205 1918 hae
236 1885 355 1918 minus
383 1886 492 1918 durae
525 1891 622 1923 sunt,
664 1885 762 1927 virga
797 1897 859 1928 pro
894 1883 1134 1927 castigatione,

139 1947 224 1969 crux
243 1948 305 1980 pro
322 1936 534 1973 afflictione,
563 1935 734 1967 iudicium
756 1947 819 1979 pro
835 1947 960 1978 poena.

234 2008 520 2057 Ἀντονομασία.
563 2009 654 2044 Cum
689 2010 934 2043 definitionem
968 2017 1029 2044 aut
1057 2017 1133 2055 ety-

141 2062 330 2106 mologiam
347 2071 408 2097 aut
432 2062 725 2106 descriptionem,
753 2074 818 2106 pro
844 2061 964 2106 aliquo
988 2061 1133 2094 nomine

142 2113 326 2156 ponimuS‚
359 2121 399 2148 ut
424 2126 487 2158 pro
513 2112 670 2146 Homero
698 2111 863 2152 poetam,
901 2124 966 2156 pro
993 2110 1133 2146 Christo

143 2154 382 2203 Salxssitorem,
410 2177 474 2209 pro
491 2163 684 2197 Aristotele
702 2160 975 2207 Philosophum,
1002 2174 1065 2206 pro
1083 2163 1134 2196 ira

142 2213 251 2246 bilem
272 2214 567 2250 effervescentem.
619 2213 690 2247 Pro
715 2214 912 2247 ambitione
935 2213 1024 2247 dixit
1043 2212 1135 2246 Ovi-

143 2264 243 2302 dius,
279 2263 350 2297 Nec
375 2265 462 2298 levis
486 2264 634 2299 ambitio
663 2265 876 2310 perfusaque
905 2264 1017 2308 gloria
1042 2264 1134 2300 suen.

142 2313 213 2348 Pro
225 2314 388 2353 avaricia,
403 2314 659 2358 Magnarumve
670 2316 777 2349 fames
794 2315 996 2349 sollicitavit
1014 2327 1133 2358 opum.

144 2364 358 2411 Quanquam
382 2372 497 2398 autem
518 2378 591 2399 non
615 2366 710 2399 idem
737 2368 834 2400 decet
862 2366 899 2399 in
922 2365 1077 2399 carmine
1100 2371 1133 2399 et

144 2417 259 2450 soluta
279 2416 459 2454 oratione,
485 2422 602 2449 tamen
619 2423 654 2450 et
667 2414 754 2450 haec
770 2417 926 2450 admittit
950 2417 1132 2450 interdum

144 2467 417 2511 descriptiones,
444 2473 483 2501 ut
498 2477 577 2499 cum
587 2465 710 2501 Cicero
729 2480 793 2512 pro
811 2468 1057 2501 coniuratione
1075 2467 1132 2499 di-

144 2517 206 2550 cit:
235 2517 465 2550 domesticum
490 2516 733 2556 latrocinium,
762 2531 826 2562 pro
849 2519 1023 2563 improbis
1045 2517 1133 2550 civi-

144 2568 228 2601 bus:
271 2575 403 2612 pestem
439 2574 471 2600 et
504 2574 673 2600 strumam
701 2568 863 2604 civi-tatis.
924 2567 972 2602 Et
1001 2568 1133 2602 Paulus

145 2619 368 2652 ornatissime
386 2629 450 2662 pro
468 2618 542 2661 lege
560 2617 644 2651 dicit
658 2614 913 2665 χειρόγραφον
930 2626 1050 2653 contra
1067 2630 1132 2653 nos
1176 2618 1296 2660 figuris
1313 2616 1479 2650 iudicare.

145 2669 325 2712 scriptum.

196 2721 371 2752 ΜειΑΝτΗ.
401 2722 503 2754 Orsa.
529 2720 611 2752 Von.
640 2719 734 2752 XIII.

783 111 844 147 tv.
899 108 1175 145 ELEMENTA
1203 109 1539 148 RHETORICES.

2096 121 2169 158 466

1292 192 1526 242 ‘’arczgpnjovg.
1573 196 1680 231 Verbi
1706 199 1834 234 abusus
1856 208 1925 242 est,
1951 208 1990 236 ut
2014 206 2163 247 parrici-

1181 245 1261 277 dam
1288 244 1437 280 dicimus
1472 260 1534 290 pro
1559 259 1616 288 eo,
1657 250 1718 294 qui
1750 251 1991 297 propinquum
2023 256 2162 291 occidit.

1181 293 1342 327 Gratiam
1360 296 1483 329 dicunt
1496 296 1682 341 Theologi,
1708 312 1781 334 non
1801 307 1936 336 tantum
1951 316 2016 348 pro
2032 305 2163 348 favore,

1181 345 1240 377 sed
1260 345 1363 378 etiam
1386 345 1522 380 Graeco
1537 354 1597 380 aut
1614 346 1766 384 Ebraico
1784 365 1879 386 more
1903 366 1966 398 pro
1989 355 2159 390 beneficio

1180 401 1238 428 aut
1264 407 1421 431 munere.
1474 396 1544 430 Sed
1572 397 1609 430 in
1633 401 1738 433 sacris
1762 402 1872 436 literis
1896 405 2005 438 multa
2031 406 2161 441 similia

1179 446 1336 489 exempla
1353 453 1480 487 extant,
1507 447 1589 492 quia
1607 448 1857 493 interpretibus
1875 467 1947 487 non
1966 456 2064 490 licuit
2079 458 2161 490 ubi-

1179 508 1246 540 que
1265 494 1434 529 Graecam
1450 504 1510 531 aut
1527 496 1714 531 Ebraicam
1731 498 1875 543 phrasin
1899 513 2044 540 mutare.
2097 507 2161 542 Est

1179 554 1209 580 et
1235 543 1458 592 κατάχρησις
1481 560 1585 593 quam
1611 549 1782 592 singulari
1810 555 1956 588 consilio
1980 557 2160 591 interdum

1177 608 1407 641 usurpamus,
1443 605 1481 631 ut
1512 611 1589 632 cum
1613 611 1677 643 pro
1702 600 1893 636 virtutibus
1919 605 2034 639 vicina
2060 608 2162 649 vicia,

1178 654 1240 681 aut
1262 656 1403 682 econtra
1433 649 1624 688 tradimus,
1648 657 1688 684 ut
1710 663 1774 695 pro
1800 654 2008 688 crudelitate
2031 660 2161 691 severi-

1177 705 1302 736 tatem,
1332 711 1393 742 pro
1412 700 1564 733 avaricia
1583 701 1846 744 parsimoniam.

1274 756 1565 801 Ὀνοματοποίίϊι
1599 771 1691 793 nova
1722 761 1883 795 confictio
1916 769 1965 796 est
1996 766 2163 807 nominis,

1177 813 1215 840 ut
1232 807 1439 841 bombarda.

1280 865 1361 900 Iure
1391 873 1620 900 recensentur
1648 868 1743 903 inter
1768 877 1888 915 tropos
1918 869 2104 920 ὑπερβολὴ
2131 883 2164 911 et

1178 917 1354 950 contraria
1380 917 1591 951 extenuatio.
1628 918 1697 953 Sed
1718 921 1761 954 de
1786 920 1839 955 his
1864 923 1955 956 infra
1978 927 2019 957 de
2036 927 2164 970 ampli-

1178 967 1337 1001 ficatione
1353 969 1524 1001 dicemus·

1276 1024 1491 1073 Ἀλληγορία
1517 1039 1591 1060 non
1610 1035 1659 1062 est
1685 1028 1722 1061 in
1748 1030 1856 1064 verbo
1882 1033 1941 1065 sed
1966 1033 2003 1065 in
2025 1041 2165 1067 senten-

1178 1075 1245 1116 tia,
1272 1088 1349 1109 cum
1368 1077 1485 1121 aliqua
1502 1089 1556 1110 res
1580 1078 1798 1121 significatur
1818 1082 2053 1117 similitudine
2078 1097 2165 1129 qua-

1178 1127 1280 1167 dam,
1307 1134 1366 1165 ut,
1391 1126 1444 1160 Ne
1467 1127 1614 1161 obiicias
1637 1131 1860 1172 margaritam
1887 1134 2020 1176 porcis,
2047 1133 2104 1168 hic
2127 1136 2165 1168 in

1179 1177 1277 1209 nulla
1295 1190 1379 1210 voce
1397 1184 1520 1220 tropus
1534 1179 1628 1211 ullus
1653 1186 1719 1219 est,
1746 1182 1805 1214 sed
1829 1188 1917 1216 tecte
1938 1185 2034 1217 aliud
2059 1186 2166 1230 quid-

1179 1228 1258 1260 dam
1280 1224 1344 1260 hac
1371 1228 1604 1262 similitudine
1627 1229 1845 1272 significavit.
1902 1233 1988 1266 Nam
2011 1233 2168 1282 ἀλληγο-

1180 1275 1242 1322 ρία
1265 1278 1440 1311 eiusmodi
1466 1285 1518 1312 est
1540 1279 1700 1320 collatio,
1724 1280 1762 1313 in
1786 1294 1855 1327 qua
1879 1283 1993 1318 simile
2010 1288 2167 1320 ostendi-

1180 1335 1257 1368 tur,
1286 1340 1347 1361 nec
1366 1335 1483 1361 tamen
1502 1329 1646 1363 additur
1663 1332 1820 1374 e'xpresse
1837 1334 1943 1366 altera
1960 1348 2039 1378 pars
2058 1338 2168 1370 colla-

1179 1379 1308 1419 tionis,
1362 1391 1424 1417 seu
1447 1386 1486 1412 ut
1503 1379 1616 1412 dicam
1643 1381 1761 1421 aliter,
1796 1383 1963 1427 allegoria
1987 1393 2036 1419 est
2059 1389 2169 1421 muti-

1157 1438 1159 1450 ·
1181 1430 1289 1460 latum
1308 1427 1544 1473 enthymema.
1584 1429 1832 1471 Quintilianus
1850 1441 1951 1468 vocat
1964 1444 2169 1480 perpetuam

1180 1476 1440 1522 metaphoram,
1484 1486 1621 1521 gratum
1655 1481 1690 1512 in
1724 1483 1884 1517 oratione
1915 1497 2017 1518 usum
2054 1485 2170 1527 hahet,

1181 1541 1282 1572 parce
1298 1536 1464 1573 usurpata
1477 1557 1486 1568 ‚
1512 1536 1571 1570 ut,
1599 1530 1679 1564 Non
1696 1533 1904 1575 profecturis
1921 1536 2039 1569 littora
2056 1539 2171 1573 bobus

1181 1586 1274 1620 arat,
1310 1579 1390 1613 Non
1415 1581 1520 1613 datur
1538 1582 1581 1613 ad
1599 1593 1714 1615 musas
1734 1596 1874 1618 currere
1890 1587 1958 1619 lata
1976 1588 2051 1628 via,
2088 1589 2171 1621 Vir-

1181 1637 1291 1663 tutem
1316 1642 1463 1674 posuere
1488 1631 1539 1664 dii
1564 1633 1692 1666 sudore
1718 1636 1923 1678 parandam.
1985 1637 2024 1672 Si
2048 1641 2170 1673 crebra

1181 1681 1304 1721 fuerit,
1347 1682 1469 1715 reddet
1502 1683 1700 1716 orationem
1730 1686 1914 1719 obscuram
1948 1695 1980 1721 et
2002 1689 2170 1733 ineptam.

1182 1730 1303 1776 Itaque
1322 1740 1403 1765 sunt
1421 1733 1644 1776 ineptissimi,
1660 1735 1775 1778 quiin
1790 1738 1896 1770 sacris
1908 1738 2034 1772 litteris
2051 1742 2171 1775 omnia

1181 1783 1434 1816 transformant
1453 1783 1491 1815 in
1506 1783 1704 1826 allegorias.

1216 1884 1276 1917 De
1302 1887 1465 1927 quantor
1490 1883 1660 1918 sensibus
1687 1896 1883 1922 sacrarum
1908 1889 2118 1927 literarum.

1282 1957 1350 1992 Sed
1372 1959 1541 2004 quoniam
1560 1957 1666 1994 huius
1681 1961 1733 1994 rei
1751 1963 1884 1997 mentio
1901 1965 2018 1999 obiter
2033 1967 2169 2010 incidit,

1180 2009 1264 2042 duxi
1292 2010 1397 2043 etiam
1423 2010 1660 2044 adiiciendam
1688 2023 1761 2045 esse
1789 2017 2012 2058 quarundam
2042 2030 2167 2051 vocum

1180 2059 1521 2104 interpretationem,
1549 2073 1637 2105 quae
1648 2063 1979 2099 alicubioccurrunt
1996 2067 2033 2100 in
2045 2066 2167 2101 Theo-

1179 2110 1281 2154 logis.
1336 2109 1493 2153 Quidam
1510 2112 1603 2144 enim
1629 2111 1746 2157 inepte
1766 2115 1989 2150 tradiderunt
2013 2125 2166 2161 quatuor

1179 2173 1250 2195 esse
1266 2160 1460 2204 scripturae
1476 2172 1613 2195 sensus:
1640 2162 1848 2206 Literalem,
1876 2165 2165 2210 Tropologicum,

1178 2210 1419 2255 Allegoricum
1438 2219 1470 2246 et
1486 2210 1742 2256 Anagogicum.
1794 2214 1841 2248 Et
1864 2217 1939 2249 sine
1959 2217 2163 2252 discrimine

1178 2274 1299 2296 omnes
1318 2274 1437 2296 versus
1453 2263 1560 2296 totius
1576 2264 1768 2308 scripturae
1786 2266 2037 2310 quadrifariam
2052 2268 2163 2302 inter-

1177 2314 1304 2358 pretati
1328 2320 1419 2348 sunt.
1474 2313 1513 2347 Id
1543 2321 1658 2348 autem
1677 2327 1781 2360 quam
1806 2316 1851 2348 sit
1874 2317 2044 2351 viciosum
2059 2319 2161 2353 facile

1176 2364 1327 2398 iudicari
1347 2371 1470 2408 potest.
1522 2363 1581 2398 Fit
1598 2364 1692 2398 enim
1719 2365 1849 2399 incerta
1869 2368 2000 2408 oratio,
2027 2369 2160 2403 discer-

1176 2423 1233 2460 pta
1256 2416 1294 2448 in
1319 2422 1371 2449 tot
1396 2415 1596 2448 sententias
1651 2414 1719 2448 Sed
1747 2413 1809 2448 has
1832 2428 1943 2460 nugas
1966 2422 2161 2455 commenti

1177 2473 1258 2500 sunt
1276 2464 1439 2499 homines
1465 2465 1644 2504 illiterati,
1672 2465 1830 2509 quicum
1855 2468 1991 2501 nullam
2016 2470 2159 2505 dicendi

1176 2517 1348 2551 rationem
1365 2522 1544 2555 tenerent,
1570 2521 1603 2548 et
1627 2521 1742 2548 tamen
1766 2517 1924 2552 viderent
1949 2520 2158 2564 scripturam

1176 2568 1316 2612 plenam
1342 2577 1415 2598 esse
1439 2566 1649 2608 figurarum,
1677 2578 1750 2599 non
1776 2574 1967 2611 potuerunt
1990 2577 2090 2614 aptae
2115 2574 2158 2605 de

1533 2614 1653 2661 Itaque
1669 2618 1778 2651 coacti
1793 2625 1875 2652 sunt
1894 2631 2022 2653 novam
2044 2634 2158 2666 quan-

1175 2669 1256 2701 dam
1279 2665 1490 2700 rhetoricam
1515 2667 1752 2709 comminisci,
1781 2676 1820 2703 ut
1844 2681 1923 2703 cum
1947 2671 2157 2715 interpreta-

1606 2717 1654 2753 30
