2379 2948
114 75 189 112 937
497 75 543 113 V.

111 169 170 196 tur
184 172 268 194 voce
284 159 370 202 Dei,
398 167 431 195 et
450 173 526 195 eam
551 174 569 195 a
594 162 745 206 genuina
763 163 936 197 sententia
953 163 995 195 ad
1013 175 1097 196 con-

110 212 284 245 firmanda
301 224 362 246 sua
378 212 503 252 deliria
519 213 748 249 transferunt.

210 260 365 297 Damnat
384 270 500 297 autem
511 262 669 307 Angelus
685 261 842 298 hocloco
859 263 981 306 templi
1000 263 1097 298 illius

109 312 275 359 Aegyptii
307 315 602 355 aedificationem,
637 321 671 347 et
704 320 804 348 vocat
840 314 877 347 id
908 315 1095 348 consilium

108 365 445 407 praevaricationem
462 376 523 398 seu
539 364 769 398 violationem
792 365 878 408 legis
904 365 1046 399 divinae
1062 373 1095 400 et

107 415 303 450 audaciam.
354 415 432 449 Hoc
455 415 625 448 iudicium
653 415 819 449 omnibus
839 416 1013 450 aetatibus
1031 417 1095 450 ob-

107 472 266 508 servent,
299 473 331 500 et
362 466 424 511 qui
458 466 619 508 dogmata
645 473 767 499 serunt
798 473 919 499 contra
946 468 1094 501 verbum

105 514 192 557 Dei,
219 524 253 551 et
282 517 345 563 qui
376 516 490 550 cultus
514 514 581 549 Dei
611 516 804 551 instituunt
828 517 904 551 sine
926 519 1093 552 mandato

106 567 244 601 divino.

208 625 398 661 Doctrinae
421 625 638 670 corruptelas
660 637 732 659 esse
755 627 1091 668 praevaricationem

104 690 145 712 ac
170 676 398 711 violationem
421 675 529 719 primi
560 682 592 710 et
619 677 764 710 secundi
789 678 964 719 mandati,
1001 677 1092 712 nihil

105 729 253 764 dubium
275 733 343 767 est,
377 726 506 760 deinde
533 724 716 761 horribilis
741 729 886 761 audacia
911 736 980 774 est,
1013 742 1091 763 cum

104 779 294 815 certissima
317 783 434 811 extent
458 778 679 816 testimonia,
706 777 820 812 Deum
844 780 945 813 nullo
963 781 1091 814 scelere

102 830 211 874 magis
235 828 387 871 offendi,
416 840 519 873 quam
547 830 756 873 corruptelis
778 830 977 871 doctrinae,
1011 844 1090 865 cum

100 880 287 915 contemtis
314 879 479 912 omnibus
503 880 607 913 minis
632 887 666 914 et
690 881 874 924 exemplis,
899 888 1014 915 tamen
1036 883 1091 916 lu—

100 932 198 966 ditur
214 930 311 964 falsis
325 929 557 974 opinionibus
582 937 614 964 et
642 932 906 965 contumeliosis
924 934 1091 966 adversus

97 981 225 1017 Deum.
279 980 423 1024 Quanta
439 981 506 1016 fuit
523 981 667 1015 audacia
686 981 882 1024 leroboam‚
909 996 987 1016 cum
1005 997 1089 1017 con-

97 1041 152 1069 tra
167 1039 326 1078 apertum
345 1032 550 1066 mandatum
569 1030 655 1072 Dei,
683 1045 785 1067 suum
804 1035 983 1079 quoddam
1001 1042 1090 1068 tem-

96 1085 197 1130 plum
235 1083 373 1124 condit,
415 1089 448 1116 et
480 1083 635 1118 instituit
671 1096 804 1118 novum
843 1086 1089 1122 sacerdotium.

97 1135 264 1179 Quantus
283 1135 383 1168 furor
399 1134 435 1167 in
449 1131 624 1176 Ethnicis,
651 1147 730 1168 cum
746 1136 988 1179 excogitarunt
1007 1149 1087 1181 por-

96 1193 254 1223 tentosos
277 1186 391 1219 cultus
413 1184 535 1230 Priapi
561 1192 594 1219 et
616 1185 715 1222 alios.
776 1186 917 1230 Quanta
943 1189 1086 1221 audacia

95 1238 165 1272 fuit
182 1235 379 1270 Mahometi
391 1264 399 1276 ,
426 1236 487 1281 qui
506 1249 649 1280 prorsus
666 1237 783 1271 abolet
802 1238 1004 1272 universam
1022 1240 1088 1272 do—

95 1289 246 1324 ctrinam
264 1284 522 1331 Prophetarum
540 1295 571 1321 et
587 1286 868 1332 Apostolorum?
917 1289 985 1323 Sed
1002 1288 1087 1323 haec

95 1340 243 1374 audacia
267 1350 339 1371 non
368 1345 416 1371 est
443 1335 619 1379 humana,
647 1339 842 1382 singulares
866 1340 978 1373 suriae
1003 1348 1086 1374 sunt

93 1390 272 1424 immissae
303 1389 340 1422 in
374 1395 495 1433 pectus
523 1386 730 1423 Mahometo
762 1402 781 1423 a
806 1391 962 1426 diabolo.
1015 1391 1085 1424 Nec

94 1449 145 1476 est
176 1441 298 1485 exigua
334 1439 478 1473 audacia
509 1441 714 1484 pontificum
754 1447 787 1474 et
817 1439 1086 1483 monachorum,

94 1494 156 1540 qui
170 1492 355 1525 manifesta
373 1491 488 1534 idola,
517 1498 557 1524 ut
573 1491 833 1525 invocationem
852 1500 1085 1534 mortuorum,

94 1552 128 1579 et
153 1555 232 1578 suas
256 1542 386 1576 Missas
410 1542 616 1583 defendunt.
677 1542 796 1585 Quare
821 1542 946 1577 timere
969 1543 1083 1578 Deum

93 1596 282 1635 discamus,
306 1600 339 1627 et
355 1604 420 1625 nos
431 1592 524 1626 intra
540 1600 650 1627 metas
666 1594 839 1627 divinitus
855 1596 1084 1640 praescriptas

93 1644 342 1683 cohibeamus,
378 1644 557 1677 frenemus
586 1645 691 1678 etiam
723 1645 950 1688 ingeniorum
980 1654 1084 1692 atque

92 1698 294 1732 animorum
318 1695 490 1738 impetus,
524 1707 569 1727 ne
594 1695 808 1736 ambitione,
834 1697 1083 1738 aemulatione,

92 1745 296 1796 φιλονικείᾳ
315 1757 413 1780 veras
430 1746 622 1780 sententias
645 1747 912 1781 conturbemus.

194 1830 248 1866 Et
280 1830 392 1865 veniet
425 1842 490 1863 rea:
514 1829 732 1878 Aquilonis,
765 1835 796 1865 et
832 1829 933 1865 vallo
965 1834 1082 1877 cinge!

92 1883 217 1925 urbes,
245 1888 275 1916 et
299 1881 414 1927 capiet
437 1893 500 1914 eas
529 1886 589 1917 etc.
644 1881 713 1915 Hic
742 1883 833 1916 redit
856 1882 1015 1926 Angelus
1037 1884 1080 1916 ad

90 1932 261 1970 Antiochi
279 1933 402 1977 Magni
418 1930 621 1974 historiam,
646 1945 749 1978 quem
766 1934 814 1967 ait
831 1934 960 1967 multas
976 1934 1082 1967 urbes

91 1993 342 2031 occupaturum
367 1995 440 2018 esse
462 1991 633 2028 regnante
659 1983 862 2018 Ptolemaeo
880 1983 1080 2029 Epiphane,

92 2038 153 2072 sed
169 2035 283 2070 adhuc
300 2036 494 2080 impubere.

191 2095 351 2129 Breviter
366 2102 482 2129 autem
498 2094 622 2129 inserit
647 2095 857 2139 particulam
878 2096 921 2129 de
937 2096 1079 2137 Iudaea,

90 2159 179 2193 quae
202 2147 240 2179 in
267 2147 341 2180 istis
366 2146 468 2180 bellis
484 2146 652 2192 utrinque
668 2153 789 2180 vexata
814 2154 875 2183 est.
929 2145 983 2180 Et
1000 2151 1078 2180 sta-

91 2198 143 2232 bit
161 2197 199 2231 in
217 2201 313 2230 terra
334 2194 601 2236 desiderabilis
620 2202 651 2230 et
678 2194 814 2241 deficiet
839 2210 973 2231 manus
990 2201 1076 2240 eius,

88 2251 127 2284 id
144 2257 212 2290 est,
239 2246 438 2282 Antiochus
460 2247 613 2292 Magnus
629 2249 747 2283 veniet
765 2249 802 2282 in
827 2248 992 2283 Iudaeam
1005 2278 1014 2290 ,
1042 2258 1075 2284 et

88 2302 181 2335 victo
205 2300 318 2342 Scopa
345 2300 432 2332 duce
455 2297 628 2345 Aegyptio
654 2299 794 2334 Iudaeis
817 2302 990 2335 tributum
1009 2301 1076 2333 im-

87 2359 208 2398 ponet.
268 2347 435 2396 anrum
464 2361 597 2384 manas
624 2348 804 2396 deficient,
840 2352 876 2385 id
900 2359 968 2393 est,
1001 2364 1074 2385 non

86 2403 355 2448 repugnabunt,
382 2401 463 2446 quia
487 2401 562 2434 sine
585 2402 660 2436 ullo
684 2403 876 2437 certamine
904 2404 1073 2447 imperata

86 2457 264 2495 fecerunt,
291 2453 467 2486 dederunt
483 2451 654 2485 tributum
674 2451 739 2487 hac
756 2454 936 2498 pactione,
963 2461 1002 2488 ut
1017 2467 1072 2488 re-

87 2507 242 2541 tinerent
264 2516 342 2538 suas
360 2504 452 2546 leges
470 2509 501 2536 et
519 2503 633 2536 cultus
651 2505 824 2538 divinitus
842 2506 1003 2541 traditoS.

190 2556 322 2590 Iterum
340 2555 448 2598 igitur
463 2554 500 2586 in
517 2553 685 2588 servitute
701 2563 750 2589 est
766 2554 940 2598 Ecclesia,
969 2564 1002 2591 et
1019 2564 1072 2590 ta-

86 2620 168 2642 men
190 2606 286 2641 Deus
305 2608 352 2640 ita
369 2606 506 2649 mitigat
529 2605 781 2646 calamitatem,
807 2614 846 2640 ut
869 2614 1009 2641 maneat
1026 2608 1070 2640 li-

85 2660 202 2694 bertas
224 2659 403 2693 docendae
428 2664 460 2692 et
482 2656 678 2691 audiendae
702 2657 788 2700 legis
811 2658 972 2701 divinae,
1007 2671 1070 2692 nec

603 75 654 111 IN
683 74 951 112 DANlELEM
983 74 1301 113 PROPHETAM
1334 76 1754 120 COMMENTARIUS.

2062 86 2136 123 938

1150 169 1307 196 mutetur
1333 166 1587 208 sacerdotium,
1613 180 1679 202 nec
1701 169 1910 204 aboleantur
1934 171 1985 215 pii
2009 172 2136 208 cultus.

1148 212 1220 246 Nec
1245 214 1321 246 sine
1347 227 1447 249 causa
1474 219 1576 251 toties
1601 216 1658 253 hic
1684 221 1838 264 populus
1862 221 1952 254 circa
1975 222 2080 256 finem
2097 223 2135 256 in

1148 264 1315 297 servitute
1332 272 1392 306 est,
1417 267 1479 299 etsi
1497 270 1748 311 promissiones
1762 269 1889 306 habuit
1910 273 1953 306 de
1973 273 2135 307 libertate

1148 322 1181 348 et
1199 317 1465 350 conservatione
1482 330 1563 352 suae
1582 321 1737 363 politiae.
1783 322 1853 356 Sed
1870 323 1984 367 imago
2003 331 2053 357 est
2070 324 2135 358 ista

1148 366 1297 399 servitus
1318 367 1541 402 miseriarum
1569 369 1746 406 Ecclesiae
1773 374 1811 407 in
1840 374 1968 409 ultima
1998 381 2136 409 senecta

1148 417 1285 453 mundi.

1249 473 1303 508 Et
1327 475 1458 518 veniet,
1487 482 1524 510 ut
1548 478 1755 513 amiciciam
1781 493 1858 516 cum
1877 495 1915 517 eo
1930 483 2074 531 faciat,
2103 488 2134 516 et

1147 523 1251 559 dabit
1270 524 1453 572 eifiliam,
1479 533 1517 561 ut
1533 541 1610 562 eum
1624 529 1765 577 perdat,
1788 533 1824 566 id
1841 541 1909 576 est,
1933 532 2134 569 Antiochus

1147 578 1298 621 Magnus
1323 579 1420 613 dabit
1444 579 1551 613 filiam
1574 579 1748 627 Aegyptio
1771 585 1863 627 regi,
1889 592 1928 619 ut
1952 598 1989 618 ea
2009 585 2135 619 condi-

1146 629 1242 661 tione
1261 635 1294 662 et
1311 641 1430 673 pacem
1446 631 1570 672 faciat,
1598 639 1630 666 et
1647 632 1769 679 Syriae
1784 636 1890 668 urbes
1907 637 2074 677 retineat,
2101 643 2135 670 et

1145 686 1267 722 augeat
1292 680 1346 713 sui
1371 682 1470 724 regni
1495 694 1587 726 opes.
1642 683 1743 726 Quae
1766 697 1821 718 res
1846 693 1963 719 tamen
1988 698 2066 720 eum
2083 687 2134 720 se-

1144 730 1251 771 seuit,
1278 731 1361 775 quia
1386 740 1464 775 post
1496 731 1717 768 Antiochum
1742 734 1916 780 Magnum
1942 744 2058 771 secuta
2084 743 2134 771 est

1144 781 1292 825 insignis
1309 782 1493 817 inclinatio
1518 785 1617 827 regni
1635 784 1787 831 Syriaci.

1242 846 1355 881 Porro
1385 848 1423 881 in
1453 849 1593 883 foedere
1623 851 1714 885 facto
1740 863 1820 885 cum
1852 851 2035 899 Aegyptiis
2065 850 2134 887 hoc

1142 903 1301 941 tempore
1326 900 1370 932 ab
1388 897 1568 933 Antiocho
1588 900 1738 946 Magno,
1764 903 1831 937 fuit
1855 910 1887 937 et
1906 902 1991 938 haec
2008 905 2134 938 condi-

1142 948 1212 989 tio,
1241 955 1374 992 partem
1399 951 1615 984 tributorum
1638 954 1774 988 addixit
1798 953 1999 988 Antiochus
2023 966 2133 999 regno

1142 998 1282 1044 Syriae,
1309 1008 1443 1044 partem
1461 1014 1588 1045 genero
1605 1002 1808 1039 Ptolemaeo
1834 1003 2027 1050 Epiphani.
2080 1005 2133 1040 Ita

1142 1061 1239 1093 reges
1276 1051 1371 1084 inter
1410 1063 1445 1085 se
1478 1054 1725 1096 partiebantur
1759 1068 1843 1100 opes
1865 1055 2059 1099 Ecclesiae,
2092 1063 2134 1091 ut

1141 1112 1236 1134 nunc
1262 1114 1358 1145 reges
1381 1103 1452 1135 suis
1476 1107 1681 1148 purpuratis
1706 1108 1852 1141 tradunt
1871 1108 1994 1142 titulos
2021 1115 2053 1143 et
2076 1120 2132 1142 re-

1140 1152 1235 1185 ditus
1251 1153 1512 1198 episcoporum.

1241 1218 1295 1253 Et
1321 1226 1494 1256 concertet
1514 1222 1654 1270 faciem
1678 1236 1787 1258 suam
1813 1224 1869 1259 ad
1896 1224 2064 1266 insulas,
2099 1234 2131 1260 et

1140 1273 1256 1317 capiet
1286 1271 1446 1315 multas,
1482 1275 1518 1307 id
1546 1282 1616 1314 est,
1650 1277 1831 1320 navigabit
1862 1278 1900 1311 in
1933 1277 2131 1319 Graeciam,

1138 1323 1202 1355 ubi
1236 1334 1271 1356 se
1299 1324 1438 1369 aliquae
1464 1324 1617 1359 Graecae
1644 1327 1801 1361 civitates
1825 1328 1892 1372 ipsi
1925 1330 2131 1372 adiungent,

1138 1374 1271 1406 bellum
1289 1375 1447 1408 moventi
1470 1383 1591 1409 contra
1618 1376 1811 1413 Romanos.
1866 1376 1943 1412 Sed
1961 1379 2129 1426 princeps·

1138 1421 1292 1471 quidam
1303 1424 1423 1472 saciet
1445 1437 1522 1459 enm
1542 1439 1679 1461 cessare
1703 1440 1780 1461 cum
1801 1427 1984 1469 dedecore,
2012 1431 2130 1476 inquit

1138 1474 1313 1518 Angelus,
1348 1477 1384 1509 id
1418 1484 1486 1519 est,
1522 1479 1645 1513 consul
1671 1478 1857 1515 Romanus
1888 1482 2005 1515 vincet
2035 1493 2128 1521 eum,

1137 1533 1170 1560 et
1195 1534 1293 1569 coget
1318 1539 1396 1561 eum
1421 1541 1540 1572 pacem
1565 1537 1684 1574 petere
1714 1538 1748 1565 et
1772 1532 1995 1567 conditiones
2021 1533 2128 1566 duras

1138 1578 1311 1622 accipere,
1339 1579 1512 1622 videlicet,
1540 1589 1579 1616 ut
1594 1588 1665 1616 tota
1685 1580 1770 1616 Asia
1789 1584 1900 1628 cedat,
1927 1584 2013 1618 citra
2032 1583 2128 1618 Tau-

1136 1640 1215 1661 rum
1236 1637 1404 1665 montem,
1541 1636 1551 1644 ‘

1239 1686 1383 1731 Postea,
1411 1689 1548 1734 inquit,
1581 1690 1779 1725 rediturum
1804 1693 1847 1725 ad
1871 1704 1950 1726 suas
1970 1693 2076 1727 urbes
2093 1700 2128 1728 et

1136 1738 1379 1774 interiturum.
1431 1740 1521 1774 Nam
1546 1753 1625 1775 curn
1651 1743 1798 1776 redisset
1822 1744 1858 1776 in
1885 1743 2023 1790 Syriam
2048 1744 2126 1779 An-

1136 1787 1275 1822 tiochus
1305 1789 1477 1834 MagnuS,
1519 1799 1552 1825 et
1582 1799 1727 1837 propter
1757 1794 1914 1838 inopiam
1952 1796 2126 1840 templum

1136 1841 1316 1885 quoddam
1350 1842 1565 1886 spoliatur-us
1598 1851 1704 1885 esset,
1742 1845 1794 1878 ibi
1825 1845 2030 1880 interfectus
2065 1854 2126 1889 est,

1135 1903 1214 1924 cum
1241 1892 1366 1935 vulgus
1390 1894 1433 1926 ad
1461 1894 1582 1938 templi
1616 1895 1857 1929 defensionem
1881 1897 2125 1935 concurrisset,

1134 1940 1202 1975 Hic
1218 1942 1285 1975 suit
1302 1944 1412 1977 exitus
1436 1945 1526 1987 regis
1545 1943 1737 1987 Antiochi,
1764 1959 1869 1992 quem
1892 1948 1948 1981 vel
1964 1948 2123 1994 inquieta

1134 2000 1259 2026 natura
1283 1994 1434 2037 ingenii,
1463 1996 1517 2028 vel
1540 1997 1687 2030 ambitio
1704 1997 1928 2038 incenderat,
1956 2005 1995 2033 ut
2011 2000 2125 2034 multa

1132 2044 1224 2077 bella
1245 2052 1421 2087 moveret,
1450 2059 1528 2080 cum
1552 2053 1669 2081 tamen
1687 2048 1768 2081 *fere
1787 2060 1924 2094 semper
1939 2051 2123 2084 adversam

1131 2096 1310 2128 fortunam
1337 2097 1564 2141 experiretur.
1616 2098 1795 2133 Pernicies
1822 2107 1871 2134 est
1898 2107 2015 2134 autem
2033 2100 2121 2136 Rei-

1130 2147 1214 2190 pub.
1231 2147 1323 2180 bella
1343 2160 1416 2181 non
1434 2149 1630 2183 necessaria
1646 2162 1806 2192 movere,
1833 2152 2039 2195 praesertim
2057 2153 2120 2186 ad-

1131 2205 1291 2232 versante
1308 2199 1464 2233 fortuna.

1334 2292 1377 2316 De
1395 2292 1552 2317 Seleuco
1571 2292 1632 2324 filio
1652 2294 1788 2320 Antiochi
1806 2294 1919 2326 Mayni.

1230 2339 1284 2375 Et
1304 2340 1419 2375 stabit
1447 2340 1523 2375 loco
1549 2341 1654 2376 illius
1673 2343 1757 2377 vilis
1786 2350 1956 2391 quaestor
1979 2342 2116 2380 honore

1128 2392 1246 2438 regio,
1280 2398 1311 2426 et
1343 2393 1411 2427 cito
1433 2392 1584 2440 peribit,
1618 2405 1691 2427 non
1723 2396 1956 2437 strenuitate,
1990 2409 2052 2432 nec
2076 2400 2116 2432 in

1126 2443 1234 2478 bello.

1227 2504 1322 2538 Haec
1340 2511 1422 2538 sunt
1440 2505 1544 2537 verba
1561 2504 1599 2536 in
1617 2511 1730 2546 textu,
1756 2506 1886 2551 quibus
1902 2507 2114 2542 describitur

1125 2555 1314 2595 Seleucus,
1349 2556 1409 2599 qui
1444 2555 1567 2598 exiguo
1600 2563 1757 2599 tempore
1791 2564 1869 2601 post
1892 2556 2112 2593 Antiochum

1125 2606 1296 2649 Magnum
1327 2606 1506 2648 regnavit,
1541 2619 1619 2640 curn
1651 2607 1775 2641 fratres
1806 2607 1944 2643 Romae
1972 2610 2112 2644 obsides

1124 2664 1249 2691 essent.
1302 2655 1502 2700 Diligenter
1530 2664 1647 2692 autem
1673 2655 1758 2692 haec
1783 2659 1972 2705 descriptio
1990 2662 2111 2696 obser-
