2379 2948
117 84 216 124 1257

111 169 260 204 immani
276 170 419 204 saevitia
436 171 592 205 mundus
608 183 683 204 eam
705 172 823 205 delere
838 178 997 207 conetur.
1052 169 1103 205 Ita

110 223 169 256 fiet
182 221 292 265 magis
311 222 518 267 perspicuus
533 223 727 256 versiculus
738 250 748 264 ‚
774 223 802 255 si
818 223 1105 256 accommodetur

110 275 154 307 ad
172 284 295 315 usum,
321 273 358 306 in
383 273 637 307 certaminibus
653 274 885 307 interioribus
903 280 936 307 et
951 273 1104 308 exterio—

109 324 222 360 ribus.

212 383 277 418 Est
300 391 333 418 et
356 384 396 417 in
423 385 532 418 altera
556 383 729 428 particula
752 381 948 427 emphasis,
976 384 1104 417 videli-

109 441 182 477 cet,
228 435 325 469 lnter
351 436 533 474 inimicos,
573 434 747 478 significat
775 435 869 467 enim
894 433 1102 469 habiturum

109 499 183 520 esse
199 486 368 520 Messiam
387 487 577 520 acerrimos
593 483 721 526 hostes,
737 485 921 519 diabolum
942 493 974 520 et
992 499 1103 520 mem-

108 538 173 572 bra
189 537 342 576 diaboli,
371 548 494 570 omnes
516 536 664 580 impios,
693 536 755 581 qui
778 538 997 581 persecuturi
1021 545 1103 571 sunt

108 597 142 623 et
158 589 273 632 ipsum
290 586 468 622 Christum
480 613 490 631 ,
519 594 551 621 et
568 585 803 631 Evangelium
819 596 851 622 et
876 601 1000 622 omnes
1027 589 1102 634 pios

107 641 290 674 credentes
312 639 350 672 in
376 636 578 672 Christum:
634 636 673 672 hi
700 637 818 673 hostes
850 640 1102 674 describuntur

107 691 226 725 statim
252 690 290 723 in
315 690 429 734 prima
460 690 708 734 promissione.
773 689 866 724 Gen.
893 693 944 726 5.:
980 693 1102 735 Ipsum

106 754 226 776 semen
263 741 487 775 conculcabit
519 749 623 785 caput
659 742 850 786 serpentis,
887 749 920 775 et
957 754 1101 786 serpens

106 792 283 826 mordebit
303 792 505 825 calcaneum
529 792 659 836 ipsius,
687 793 722 826 id
741 800 808 831 est,
835 790 1000 827 Christus
1016 794 1102 827 abo-

105 843 192 877 lebit
219 855 366 887 regnum
394 843 548 885 diaboli,
577 852 757 888 peccatum
781 851 814 877 et
841 851 1013 883 mortem,
1041 845 1101 878 sed

106 901 250 928 econtra
271 894 436 928 diabolus
462 895 499 927 in
527 907 591 928 suo
618 907 747 938 regno,
784 895 848 929 etsi
873 908 947 929 non
971 897 1103 937 vincet,

104 945 275 979 lacerabit
291 953 409 980 tamen
427 943 610 980 Christum
631 953 663 980 et
681 947 769 991 pios,

208 1002 441 1038 Peculiariter
465 1012 582 1040 autem
605 1006 820 1040 vaticinatur
844 1003 901 1039 hic
923 1003 1100 1050 Propheta

104 1055 149 1089 de
165 1054 305 1089 Iudaeis
326 1056 517 1089 defecturis
534 1063 567 1090 et
586 1058 842 1101 oppugnaturis
861 1056 1043 1091 Christum
1069 1063 1101 1090 et

103 1104 360 1150 Evangelium:
396 1114 544 1141 testatur
577 1108 673 1140 enim
709 1109 853 1142 initium
878 1109 977 1151 regni
1010 1109 1102 1141 inter

105 1157 272 1191 inimicos
287 1158 447 1191 futurum
464 1169 547 1192 esse.
599 1158 781 1201 Significat
799 1159 909 1203 igitur
925 1160 1102 1204 principes

104 1215 137 1243 et
156 1208 381 1253 praecipuam
400 1209 525 1253 populi
546 1208 681 1242 Iudaici
706 1217 840 1254 partem
859 1207 976 1244 hostes
994 1208 1101 1243 Chri-

104 1260 149 1294 sti
167 1260 261 1300 fore,
288 1259 378 1293 sicut
398 1266 431 1293 et
447 1260 535 1293 aliae
552 1258 760 1304 prophetiae
778 1268 963 1295 testantur.
991 1259 1098 1305 Apud

103 1309 250 1345 Esaiam
275 1310 423 1343 dicitur:
454 1308 501 1344 Et
527 1323 592 1344 nos
626 1324 699 1344 non
732 1313 975 1356 reputavimus
1008 1324 1101 1344 eum.

101 1359 151 1396 Et
165 1362 260 1406 apud
277 1359 463 1394 Danielem
480 1362 651 1406 scriptum
677 1370 748 1403 est,
774 1361 939 1396 Christus
963 1362 1100 1396 occide-

103 1418 173 1447 tur.
227 1411 327 1453 Item,
348 1412 503 1456 populus
524 1425 598 1446 esse
617 1413 766 1448 desinet.
821 1413 878 1447 Ad
904 1412 994 1447 hanc
1018 1425 1100 1446 sen-

102 1463 251 1498 tentiam
266 1464 527 1497 accommodari
552 1471 586 1498 et
604 1461 661 1497 hic
679 1477 801 1498 versus
825 1466 946 1506 debet,
977 1471 1099 1498 contra

103 1515 261 1549 carnales
279 1514 468 1558 opiniones
487 1514 721 1556 Iudaeorum,
753 1516 814 1561 qui
839 1517 977 1560 fingunt
1001 1515 1100 1550 Mes-

103 1566 190 1600 siam
206 1565 390 1609 corporale
405 1578 555 1610 regnum
574 1564 781 1600 habiturum
803 1580 890 1606 esse,
919 1574 952 1601 et
971 1568 1099 1600 adiun-

103 1617 169 1651 ctis
179 1616 318 1650 Iudaeis
336 1617 557 1651 domiturum
576 1625 728 1653 caeteras
745 1626 877 1661 gentes.
931 1618 999 1652 Sed
1010 1617 1100 1651 Pro-

102 1666 228 1713 phetae
249 1669 377 1702 docent
399 1668 579 1707 futurum,
608 1676 648 1703 ut
673 1669 747 1712 ipse
765 1669 918 1713 populus
936 1671 1100 1701 adverse-

102 1727 162 1754 tur
187 1726 218 1753 et
241 1719 472 1762 belligeretur
496 1732 575 1752 cum
594 1718 757 1758 Christo,
785 1720 858 1754 imo
879 1727 916 1753 ut
936 1717 1100 1753 Christus

101 1770 303 1809 occidatur,
331 1768 413 1803 hinc
432 1771 616 1804 manifeste
633 1771 812 1815 sequitur,
837 1782 983 1813 regnum
994 1768 1099 1804 Chri-

101 1822 146 1856 sti
163 1833 236 1855 non
254 1833 326 1854 esse
351 1822 547 1866 corporale.
601 1821 692 1855 Nam
718 1822 780 1866 qui
806 1822 999 1862 occiditur,
1025 1834 1099 1855 non

101 1870 210 1906 habet
226 1872 391 1905 victorias
409 1873 540 1906 civiles.
595 1872 673 1906 Hoc
692 1873 852 1907 breviter
870 1885 1016 1906 monere
1037 1886 1098 1906 vo-

100 1924 172 1965 lui,
212 1930 252 1958 ut
277 1923 519 1958 consideretur
549 1937 619 1970 quo
647 1924 691 1958 sit
721 1925 955 1969 applicandus
988 1925 1099 1958 versi—

101 1975 212 2010 culus.
329 1978 335 1984 '

157 2075 224 2111 llI.
253 2077 418 2122 Populus
443 2082 532 2112 tuus
555 2082 689 2124 sponte
717 2074 857 2125 offeret
883 2076 952 2112 tibi
976 2079 1016 2112 in
1039 2077 1100 2112 die

206 2129 390 2163 victoriae
409 2133 509 2164 tuae.

205 2210 245 2245 Si
268 2210 375 2246 Israel
400 2224 474 2245 non
498 2212 564 2246 erit
590 2212 779 2246 adiunctus
805 2211 976 2253 Messiae,
1010 2212 1096 2258 quid
1122 2245 1124 2259 Α,

101 2263 231 2307 igitur,
259 2263 399 2296 nullum
416 2275 460 2296 ne
478 2264 650 2308 populum
669 2262 727 2297 hic
743 2276 804 2297 rex
828 2261 1015 2297 habiturus
1034 2270 1097 2305 est,

100 2318 144 2348 ad
163 2326 269 2361 quem·
289 2314 364 2347 eius
390 2314 558 2348 beneficia
584 2315 811 2360 pertineant?
870 2314 964 2348 Huic
989 2327 1097 2361 quae-

101 2366 209 2399 stioni
238 2372 276 2399 ut
301 2373 481 2406 occurrat,
508 2366 660 2401 affirmat
687 2379 761 2400 non
790 2367 996 2400 defuturum
1023 2378 1095 2400 esse

100 2417 297 2462 populum,
327 2424 359 2450 et
387 2417 530 2462 quidem
555 2418 654 2452 addit
676 2418 719 2451 de
743 2418 852 2453 cultu.
904 2418 1004 2452 Sicut
1028 2418 1094 2461 igi-

99 2475 159 2502 tur
176 2468 346 2502 articulus
362 2468 443 2500 fidei
463 2469 500 2501 in
518 2469 679 2514 symbolo
696 2469 794 2503 iubet
812 2469 966 2512 credere⁷
996 2470 1091 2514 quod
1119 2480 1121 2498 ι’

100 2520 146 2553 sit
163 2518 318 2553 Ecclesia
337 2517 488 2561 Christi,
512 2519 558 2553 ita
585 2516 642 2553 hic
668 2520 819 2554 affirmat
839 2532 912 2554 esse
936 2521 1090 2566 aliquem
1118 2522 1120 2563 ‚¹

99 2571 272 2615 populum
297 2568 441 2605 Christi.
496 2570 626 2614 Magna
652 2577 767 2604 autem
792 2572 986 2605 consolatio
1009 2584 1092 2615 pro-

101 2622 215 2666 posita
238 2628 288 2655 est
312 2622 349 2655 in
373 2622 522 2656 articulo
550 2623 593 2655 de
617 2621 790 2661 Ecclesio,
844 2622 932 2657 Cum
962 2623 1091 2656 scimus

100 2685 181 2707 vere
205 2679 298 2707 ratas
322 2685 394 2707 esse
417 2673 692 2719 promissiones,
720 2685 808 2719 quae
833 2674 878 2706 ad
894 2672 1089 2707 Ecclesiam

709 84 774 122 IX.
822 80 1192 120 COMMENTARII
1222 80 1274 116 IN
1300 80 1546 119 PSALMOS.

2053 83 2150 121 1258

1157 165 1357 211 pertinent,
1383 168 1513 203 scimus
1539 175 1634 204 certo
1658 169 1826 216 consequi
1848 170 2018 205 beneficia
2042 169 2150 205 Chri-

1158 218 1222 257 sti,
1250 219 1458 252 et-exaudiri
1476 232 1616 262 omnes,
1643 228 1677 256 et
1693 222 1767 255 fieri
1784 222 1942 256 membra
1962 220 2068 256 huius
2085 235 2150 267 po—

1158 268 1234 314 puli
1260 275 1293 302 et
1317 266 1514 311 Ecclesiae,
1551 272 1613 317 qui
1643 285 1723 306 cum
1754 280 1863 316 agunt
1884 274 2152 318 poenitentiam,

1158 320 1309 353 credunt
1328 319 1524 364 Evangelio
1544 330 1578 357 et
1600 335 1635 357 se
1658 321 1714 356 his
1740 325 2039 368 promissionibus
2064 336 2150 358 con-

1157 371 1330 404 solantur.
1364 370 1440 405 Etsi
1458 373 1565 415 igitur
1583 375 1744 408 scandala
1762 377 1971 420 perturbant
1987 376 2063 421 pios
2075 402 2084 417 ,
2110 381 2151 409 ut

1157 434 1247 468 quae
1271 422 1316 455 sit
1340 422 1498 457 Ecclesia
1525 425 1707 466 dubitent,
1735 433 1853 459 tamen
1878 427 1950 460 illis
1975 427 2151 461 scandalis

1157 484 1377 517 opponamus
1402 471 1497 508 hunc
1518 476 1727 517 articulum,
1755 479 1850 522 quod
1874 478 1919 512 sit
1937 476 2094 512 Ecclesia
2118 484 2153 511 et

1157 525 1310 568 populus
1328 521 1460 558 Christi
1485 533 1517 559 et
1536 527 1688 560 sciamus
1711 528 1963 572 promissiones
1986 530 2151 563 omnibus

1157 587 1238 608 vere
1256 576 1499 617 credentibus,
1528 584 1621 611 ratas
1641 589 1725 613 esse.
1779 577 1844 612 Est
1864 591 1945 623 ergo
1974 578 2059 614 haec
2078 581 2151 625 pri-

1157 638 1213 659 ma
1230 638 1311 671 pars
1328 627 1512 669 versiculi,
1537 630 1630 672 quod
1651 629 1694 662 sit
1713 630 1878 674 populus.

1261 677 1381 720 Quare
1397 679 1497 713 addit
1521 677 1657 726 Sponte
1674 677 1798 728 offeret
1814 679 1901 722 tibi,
1929 682 1984 715 vel
2008 689 2152 726 sponta-

1157 728 1268 761 neus?
1320 728 1482 763 Primum
1517 729 1608 764 hanc
1639 733 1847 775 particulam
1880 734 2030 776 opponit
2055 733 2152 766 civili

1156 790 1284 822 regno,
1311 781 1411 824 quasi
1430 781 1538 822 dicat,
1568 781 1716 815 Messias
1742 795 1814 815 non
1839 784 1979 827 parabit
2003 795 2152 827 regnum

1156 831 1282 869 armis,
1310 831 1400 865 sicut
1416 830 1618 866 Alexander
1635 841 1695 867 aut
1712 833 1750 868 C.
1769 834 1918 874 Caesar,
1945 837 2004 868 sed
2031 836 2153 869 audito

1157 882 1265 915 verbo
1285 882 1479 927 adiungent
1495 896 1530 917 se
1548 885 1579 918 ei
1597 886 1722 928 populi
1741 886 1900 919 volentes
1924 893 1957 920 et
1982 898 2055 919 non
2072 899 2152 920 coa-

1156 933 1213 966 cti.
1268 932 1348 966 Huc
1376 934 1446 967 iam
1474 936 1650 979 pertinent
1674 937 1867 971 sententiae
1892 938 1929 969 in
1953 936 2152 982 Prophetis,

1156 996 1246 1029 quae
1267 984 1316 1017 sic
1343 985 1551 1020 discernunt
1576 999 1725 1029 regnum
1749 986 1885 1022 Christi
1914 1000 1932 1021 a
1958 989 2075 1032 regnis
2101 989 2151 1022 ci-

1157 1036 1304 1076 vilibus,
1332 1043 1370 1070 ut
1395 1035 1559 1070 'Micheae
1575 1037 1628 1071 4:
1655 1038 1736 1071 Non
1763 1040 1900 1073 discent
1926 1040 2019 1073 ultra
2047 1040 2152 1073 belli-

1155 1087 1280 1129 gerari.
1333 1085 1379 1120 Et
1403 1086 1594 1122 Zachariae
1618 1088 1669 1122 9.:
1707 1090 1918 1124 Destruetur
1940 1103 2041 1124 arcus
2066 1092 2151 1125 belli

1156 1145 1218 1171 etc.
1254 1137 1340 1170 Item
1360 1138 1416 1172 hic
1432 1139 1498 1180 ait,
1520 1148 1688 1174 venturos
1706 1142 2012 1186 spontepopulOS.
2056 1141 2152 1177 Haec

1156 1189 1260 1232 plane
1277 1200 1368 1222 nova
1387 1190 1499 1223 forma
1524 1192 1591 1225 erit
1618 1192 1735 1234 regni,
1763 1193 1928 1226 videlicet
1946 1193 2009 1226 ubi
2029 1194 2152 1227 divina

1155 1239 1305 1272 efficacia
1326 1238 1432 1273 huius
1450 1242 1540 1283 regis
1565 1241 1715 1276 attrahet
1740 1244 1911 1287 populos,
1941 1251 1974 1277 et
1998 1245 2152 1280 mutabit

1155 1301 1232 1331 eos,
1259 1297 1293 1323 et
1316 1291 1494 1334 impertiet
1512 1305 1640 1326 novam
1656 1301 1818 1327 naturam
1831 1320 1841 1335 ,
1864 1302 1896 1329 et
1913 1295 2073 1328 divinam
2094 1296 2152 1330 lu-

1155 1353 1229 1374 cem
1245 1342 1486 1383 etiusticiam,
1516 1356 1604 1388 quae
1630 1356 1703 1376 non
1723 1342 1889 1379 humanis
1904 1347 2035 1388 modis,
2063 1347 2151 1390 legi-

1154 1393 1221 1425 bus
1245 1399 1278 1425 et
1301 1393 1427 1434 armis,
1462 1395 1522 1427 sed
1549 1395 1672 1427 divino
1702 1403 1802 1429 motu
1829 1397 2013 1432 efficietur.
2068 1397 2151 1431 Pri-

1155 1455 1251 1476 mum
1280 1444 1387 1486 igitur
1411 1446 1574 1489 opposita
1600 1453 1650 1480 est
1675 1443 1760 1480 haec
1778 1448 1968 1492 particula,
1996 1448 2152 1494 Sponta-

1154 1495 1225 1536 nei,
1241 1506 1350 1538 regno
1367 1496 1475 1532 civili.

1256 1545 1421 1580 Secundo
1433 1575 1443 1588 ‚
1469 1560 1509 1581 ex
1526 1548 1644 1592 priore
1662 1547 1830 1583 antithesi
1857 1551 2016 1596 sequitur
2031 1552 2151 1587 altera.

1154 1596 1243 1630 Nam
1264 1598 1450 1640 particula,
1473 1599 1682 1643 Spontanei,
1711 1601 1907 1644 opponitur
1923 1603 2032 1636 verbo
2052 1603 2150 1646 legis,

1155 1649 1249 1691 quod
1277 1656 1328 1682 est
1354 1649 1593 1683 ministerium
1619 1651 1753 1685 mortis.
1816 1650 1973 1687 Econtra
2004 1666 2086 1687 vero
2111 1655 2149 1688 in

1155 1711 1248 1731 novo
1273 1705 1482 1733 testamento
1506 1702 1650 1735 dabitur
1667 1702 1763 1735 aliud
1782 1705 1948 1746 verbum,
1977 1707 2071 1750 quod
2099 1713 2151 1739 est

1154 1750 1410 1791 ministerium,
1439 1764 1501 1795 per
1519 1754 1613 1797 quod
1640 1754 1744 1787 datur
1759 1753 1914 1798 Spiritus
1930 1764 2089 1796 sanctus,
2117 1765 2150 1791 et

1155 1807 1204 1834 est
1220 1801 1352 1842 efficax,
1381 1809 1418 1835 ut
1435 1803 1560 1837 efficiat
1578 1812 1812 1847 spontaneum
1832 1807 2019 1851 populum.
2057 1808 2148 1841 Cum

1154 1852 1248 1884 enim
1269 1852 1416 1886 Messias
1443 1854 1518 1887 sine
1546 1856 1738 1897 violentia,
1764 1857 1839 1890 sine
1873 1859 1980 1892 armis
2009 1866 2041 1892 et
2073 1859 2148 1893 sine

1154 1904 1277 1948 poenis
1293 1905 1539 1948 corporalibus
1563 1907 1796 1940 adiuncturus
1815 1909 1860 1942 sit
1878 1909 1944 1942 sibi
1963 1910 2149 1953 populum,

1154 1966 1292 1988 necesse
1310 1963 1361 1989 est
1378 1956 1474 1989 aliud
1493 1957 1662 2001 quiddam
1684 1958 1848 1999 existere,
1877 1973 1946 2005 quo
1965 1959 2148 1995 attrahan-

1153 2013 1212 2039 tur
1236 2003 1418 2046 homines,
1447 2007 1481 2040 id
1510 2020 1588 2041 cum
1615 2020 1688 2041 non
1715 2010 1760 2042 sit
1785 2012 1988 2054 corporale,
2016 2024 2079 2045 nec
2104 2013 2149 2047 sit

1153 2058 1224 2098 lex,
1253 2070 1343 2103 quae
1366 2066 1479 2092 armat
1503 2059 1744 2103 magistratus,
1775 2061 1946 2103 significat
1968 2061 2147 2107 Propheta

1153 2109 1345 2143 allaturum
1364 2122 1444 2143 eum
1459 2122 1532 2143 esse
1549 2123 1682 2144 novum
1701 2113 1860 2153 verbum,
1878 2126 1947 2157 quo
1964 2115 2008 2147 sit
2027 2115 2147 2148 efficax

1152 2159 1248 2194 Deus
1264 2161 1301 2193 in
1319 2161 1448 2195 animis
1474 2159 1682 2206 hominum,
1710 2170 1749 2196 ut
1773 2164 1932 2198 volentes
1951 2165 2148 2208 adiungant

1152 2224 1187 2245 se
1209 2210 1363 2247 Christo.
1419 2212 1469 2246 lta
1487 2213 1523 2246 in
1545 2210 1608 2246 hac
1626 2214 1809 2258 particula,
1829 2214 2040 2259 Spontanei,
2065 2229 2146 2250 rur-

1151 2275 1208 2296 sus
1227 2264 1399 2307 significat
1415 2265 1519 2309 quale
1537 2276 1684 2308 regnum
1710 2266 1754 2299 sit
1778 2267 1956 2307 futurum,
1982 2268 2146 2302 videlicet

1150 2315 1218 2348 tale
1245 2315 1280 2348 in
1306 2328 1376 2360 quo
1402 2322 1569 2359 regentur
1595 2314 1757 2349 homines
1793 2319 1899 2350 verbo
1925 2325 1957 2351 et
1986 2320 2145 2362 potentia

1148 2365 1227 2402 Dei.
1280 2365 1376 2400 Haec
1395 2375 1446 2401 est
1468 2368 1623 2400 secunda
1645 2365 1844 2411 antithesis,
1870 2381 1936 2413 qua
1957 2371 2143 2416 particula,

1149 2416 1360 2462 Spontanei,
1395 2419 1589 2463 opponitur
1610 2419 1688 2461 legi,
1717 2426 1748 2451 et
1767 2419 1938 2462 significat
1962 2422 2143 2463 praedica-

1148 2470 1281 2502 tionem
1307 2469 1391 2502 novi
1416 2470 1534 2510 verbi,
1563 2481 1624 2513 per
1640 2471 1735 2514 quod
1756 2471 1860 2503 datur
1878 2470 2031 2515 Spiritus
2062 2484 2144 2507 san-

1148 2527 1233 2554 ctus.

1249 2570 1317 2604 Sed
1341 2577 1448 2605 restat
1473 2571 1574 2604 tertia
1597 2569 1800 2612 antithesis,
1834 2584 1923 2617 quae
1949 2574 2144 2618 superiori-

1145 2623 1210 2656 bus
1227 2622 1377 2655 multum
1397 2622 1485 2655 lucis
1498 2623 1609 2656 addit.
1638 2622 1827 2664 particula,
1851 2623 2057 2667 Spontanei‚
2079 2639 2145 2670 op-

1144 2674 1292 2718 ponitur
1316 2673 1475 2707 iusticiae
1511 2674 1596 2718 legis
1624 2681 1657 2708 et
1686 2675 1850 2709 vetustati
1883 2687 1922 2709 ac
1955 2677 2144 2710 rebellioni
