2379 2948
177 90 277 125 1117

171 176 286 211 David
307 178 387 211 exul
406 190 478 210 non
497 184 612 222 posset
633 179 769 221 vivere,
796 179 866 213 nisi
893 179 1014 226 aliquo
1040 182 1168 223 gaudio

171 228 346 263 leniretur
366 230 557 263 moesticia.

221 321 274 357 Et
297 323 432 371 spiritu
448 329 651 372 spontaneo
665 328 832 357 sustenta
857 336 922 359 me.

274 391 314 425 Id
339 399 408 433 est,
443 399 569 436 sponte
600 398 633 425 et
663 392 800 435 placide
826 393 1094 437 obtemperante
1127 395 1165 427 in

167 443 440 483 afflictionibus,
475 455 550 476 non
580 443 752 476 fremente
785 444 953 477 adversus
985 451 1038 485 te,
1074 446 1191 479 sicut=

167 494 275 528 alacri
301 495 421 528 animo
440 495 567 538 perfert
583 494 797 538 supplicium
816 494 1040 529 Laurentius.
1088 495 1163 530 Atii

166 547 278 579 multa
315 544 374 579 hie
410 542 651 590 philosophati
688 552 770 578 sunt
805 544 888 591 περὶ
923 544 1162 594 ἡγεμονικοῦ,

167 598 263 643 quod
289 597 339 631 sic
371 598 409 629 in
440 594 668 641 philosophia
701 597 923 631 nominatur.
983 598 1052 632 Sed
1083 601 1161 634 illas

165 649 425 693 disputationes
439 648 578 682 omitto,
631 647 713 681 Non
731 648 827 681 enim
846 649 1079 684 concionatur
1089 650 1160 685 Da-

164 700 226 733 vid
245 706 381 733 tantum
398 700 441 732 de
459 696 616 732 humana
634 699 790 741 ratione,
817 701 876 733 sed
888 701 974 734 ideo
992 713 1027 735 se
1045 702 1161 735 iuvari

163 751 252 796 petit
269 750 406 795 Spiritu
423 749 507 791 Dei,
537 758 570 784 et
587 751 767 791 invocari,
790 752 872 796 quia
892 749 1047 786 humana
1068 755 1158 787 ratio

165 803 240 836 sola
266 813 340 835 non
365 802 470 835 efficit
501 802 638 836 firmam
663 803 923 844 assensionem,
960 815 1020 837 seu
1044 806 1160 847 fidem,

163 854 345 887 ardentem
370 853 616 894 dilectionem,
643 854 813 896 gaudium
839 855 973 896 cordis,
1002 857 1159 890 toleran-

162 905 262 940 tiam.
315 903 392 938 Hae
409 905 557 939 virtutes
575 904 667 939 fiunt
686 907 983 940 concurrentibus
1000 905 1055 940 his
1074 920 1158 942 cau-

161 956 209 989 sis
221 982 231 997 ,
258 956 367 990 verbo
385 955 450 990 Dei
462 984 470 998 ‚
497 956 635 1001 Spiritu
652 964 790 1001 sancto,
817 964 850 991 et
864 959 1082 994 adsentiente
1098 973 1161 993 vo-

161 1007 307 1041 tuntate.

209 1100 361 1136 Docebo
381 1101 530 1149 iniquos
548 1101 628 1135 cias
646 1106 743 1138 luaS.

261 1169 347 1204 Post
370 1170 681 1214 amplificationem
709 1170 922 1215 petitionum
950 1171 1075 1205 intexit
1101 1183 1157 1204 ar-

159 1229 388 1265 gumentum,
423 1227 462 1254 ut
485 1222 523 1254 fit
547 1221 584 1253 in
610 1222 780 1255 suasoriis
804 1223 980 1263 materiis,
1015 1235 1033 1256 a
1067 1223 1158 1255 rese-

158 1274 269 1306 renda
293 1273 422 1318 gratia:
459 1271 498 1305 Si
514 1285 571 1305 me
591 1274 765 1313 servabis,
797 1274 951 1306 vicissim
976 1274 1042 1307 tibi
1066 1271 1157 1307 hanc

157 1325 307 1369 gratiam
325 1325 494 1361 referam,
529 1322 748 1357 Praedicabo
766 1325 963 1358 doctrinam
982 1331 1098 1365 tuam,
1124 1333 1157 1359 et

156 1383 192 1410 te
214 1382 375 1409 autorem
411 1374 634 1407 liberationis
671 1386 744 1408 esse
775 1376 992 1417 adfirmabo,
1025 1383 1065 1409 ut
1088 1374 1156 1410 hoc

156 1427 317 1471 exemplo
344 1426 407 1460 alii
429 1425 646 1463 confirmati,
672 1427 871 1460 doctrinam
899 1435 996 1460 tuam
1020 1428 1155 1475 ample-

155 1485 315 1517 ctantur,
343 1484 376 1511 te
394 1477 553 1517 timeant,
581 1489 598 1510 a
616 1484 649 1510 te
665 1484 785 1521 petant
802 1485 835 1511 et
855 1485 1037 1523 expectent
1055 1480 1155 1512 auxi-

155 1530 245 1564 lium
265 1541 346 1562 vera
364 1529 432 1561 fide
450 1534 482 1561 et
502 1536 534 1562 te
553 1529 743 1563 celebrent.

259 1596 355 1631 Haec
380 1603 430 1629 est
449 1596 576 1630 usitata
602 1609 723 1635 causa,
759 1605 793 1632 et
815 1609 918 1642 saepe
943 1600 1090 1642 repetita
1116 1595 1153 1632 in

153 1650 317 1699 petendis
335 1648 627 1689 liberationibus,
653 1648 735 1693 quia
753 1650 795 1682 ad
816 1646 912 1682 hunc
936 1649 1040 1683 finem
1059 1650 1154 1684 Deus

154 1702 234 1736 vult
258 1701 381 1734 referri
416 1699 661 1740 liberationes,
693 1707 732 1733 ut
755 1700 828 1748 ipse
859 1709 1088 1743 agnoscatur,
1121 1709 1152 1735 et

154 1753 316 1788 doctrina
344 1758 578 1796 propagetur,
608 1757 640 1784 et
672 1748 726 1784 his
750 1753 918 1796 exemplis
942 1754 1045 1787 multi
1069 1766 1153 1787 con-

154 1804 285 1838 firmati
303 1804 477 1848 incipiant
495 1814 576 1836 eum
594 1814 674 1836 vere
693 1803 820 1838 colere.

206 1895 349 1931 Libera
365 1908 420 1930 me
436 1908 460 1929 a
476 1895 729 1942 sanguinibus
747 1894 855 1930 Deus
871 1895 1010 1930 salutis
1026 1908 1137 1933 meae.

256 1973 398 2009 Rursus
414 1973 541 2007 inserit
557 1973 766 2017 petitionem
784 1974 828 2006 de
846 1973 1041 2017 mitiganda
1067 1986 1151 2018 poe-

154 2040 219 2068 na,
245 2033 286 2060 ut
302 2026 405 2059 alias:
434 2024 590 2058 Domine
609 2037 652 2058 ne
670 2025 707 2057 in
727 2025 847 2058 furore
864 2031 926 2058 tuo
945 2037 1070 2068 arguas
1086 2038 1152 2058 me.

154 2079 209 2114 Ita
235 2075 294 2110 hic
315 2084 392 2111 orat
416 2088 461 2109 ne
484 2083 639 2110 extrema
663 2088 778 2120 poena
797 2077 989 2117 afficiatur,
1019 2077 1054 2109 id
1084 2085 1145 2117 est,

153 2143 199 2164 ne
222 2128 474 2168 interficiatur,
510 2140 573 2161 nec
596 2128 784 2161 abiiciatur
814 2128 850 2160 in
881 2135 1042 2161 aeternas
1067 2140 1149 2172 poe·
1173 2157 1175 2167 Α

153 2194 236 2222 nas,
259 2187 301 2214 ut
315 2179 420 2219 Saul,
446 2176 687 2224 Achitophel,
717 2187 750 2214 et
768 2179 919 2221 similes,
948 2186 1013 2213 etc.
1040 2178 1148 2224 phra-

153 2235 201 2268 sis
217 2231 437 2266 observanda
463 2237 526 2265 est.
579 2230 668 2264 Nam
694 2231 883 2275 sanguines
911 2238 1014 2281 [1⁸22]
1039 2233 1149 2275 signi-

151 2286 232 2319 ficat
248 2289 384 2317 reatum
403 2293 538 2326 poenae
553 2279 760 2324 homicidii,
787 2295 847 2316 seu
866 2283 976 2327 ipsam
997 2295 1146 2331 poenam

151 2334 359 2374 homicidii,
390 2345 513 2366 necem
546 2345 611 2378 pro
644 2346 741 2369 nece.
794 2333 930 2380 Estque
960 2336 1147 2375 sententia,

151 2389 265 2422 libera
284 2399 302 2420 a
320 2384 571 2429 sanguinibus,
596 2385 630 2417 id
656 2393 723 2427 est,
748 2398 767 2419 a
790 2393 890 2420 reatu
915 2392 1090 2419 extremae
1114 2394 1147 2421 et

151 2438 392 2474 atrocissimae
407 2448 552 2481 poenae.
606 2435 728 2470 Sancti
744 2438 941 2471 subiiciunt
961 2450 997 2471 se
1015 2439 1144 2471 volun-

151 2492 216 2526 tati
237 2489 305 2524 Dei
330 2490 368 2522 in
390 2488 534 2532 poenis,
558 2488 618 2520 sed
644 2495 768 2530 petunt
794 2490 1071 2533 mitigationem,
1108 2497 1146 2523 ut

150 2542 319 2577 Ieremias
343 2539 478 2586 inquit:
511 2537 554 2572 In
578 2538 712 2572 iudicio
737 2541 876 2585 corripe
901 2553 977 2583 me,
1004 2554 1078 2575 non
1108 2542 1146 2574 in

151 2596 290 2634 furore,
323 2599 363 2626 ut
387 2603 453 2624 nos
484 2591 612 2624 usitate
642 2590 809 2624 dicimus:
844 2591 970 2636 Mitiga
1003 2605 1146 2636 poenas,
1171 2597 1174 2608 ¹

151 2658 217 2680 nec
241 2645 336 2678 sinas
362 2655 417 2676 me
441 2643 480 2675 in
506 2642 636 2685 tragica
655 2642 746 2675 mala
765 2642 934 2677 incidere.

152 2697 280 2731 similis
300 2695 436 2736 Saulis,
465 2691 619 2738 Oedipi,
646 2692 767 2728 Iudae.

782 93 844 130 IX.
899 91 1267 132 COMMENTARII
1294 96 1345 131 IN
1372 96 1620 137 PSALMOS.

987 2643 1040 2678 Ne
1065 2645 1145 2678 fiam
1172 2659 1174 2664 ’

2122 105 2217 141 1118

1273 181 1438 217 Domine
1457 184 1564 219 lubia
1580 199 1660 220 mea
1678 189 1831 234 aperies.

1322 250 1467 299 Repetit
1484 258 1855 290 commemorationem
1874 257 1917 289 de
1936 258 2119 291 referenda
2135 269 2214 302 gra-

1192 329 1194 351 :
1221 302 1289 343 tia,
1317 309 1350 336 et
1365 304 1471 337 simul
1490 316 1525 338 se
1544 305 1581 338 in
1600 308 1760 341 docendo
1786 316 1818 342 et
1841 308 1878 341 in
1905 310 2124 343 confessione
2147 311 2211 344 ad-

1192 357 1193 399 ]
1221 353 1335 387 iuvari
1354 355 1452 399 petit.

1270 434 1459 483 Quoniam
1485 437 1521 470 .ςί
1544 436 1721 473 coluisses
1749 439 1993 487 sacrficium,
2019 440 2210 485 dedissem,

1267 486 1332 521 sed
1347 485 1578 523 holocaustis
1596 503 1669 524 non
1689 489 1895 529 delectaris.

1190 476 1191 488 l

1189 491 1191 500 i

1326 554 1526 600 Occupatio
1562 565 1622 594 est.
1692 560 1767 592 Alii
1803 567 1928 604 petunt
1963 562 2208 596 remissionem

1187 631 1189 645 ,-
1216 614 1361 651 propter
1390 608 1579 649 sacrificia,
1617 622 1679 653 ego
1707 623 1790 644 vero
1817 612 1950 645 remitti
1982 621 2121 656 peccata
2147 626 2209 658 per

1215 659 1494 692 misericordiam
1521 659 1674 705 'propter
1698 661 1935 696 Mediatorem
1968 675 2140 706 agnosco,
2175 672 2209 699 et

1214 710 1285 743 scio
1308 718 1454 754 propter
1476 711 1563 744 alias
1592 724 1712 746 causas
1738 713 1901 747 instituta
1927 726 1998 748 esse
2024 715 2207 755 sacrificia,

1186 775 1188 789 ‹
1214 769 1251 795 ut
1278 762 1349 795 sint
1369 762 1468 805 signa
1494 763 1747 806 confessionis,
1787 772 1819 798 et
1843 765 2012 799 adiuvent
2036 777 2207 809 propaga-

1215 813 1347 846 tionem
1373 814 1570 848 doctrinae.
1624 813 1671 849 Et
1696 822 1816 849 tamen
1848 823 1897 850 est
1928 817 2108 861 quoddam
2142 829 2209 850 no-

1213 871 1324 897 strum
1341 865 1564 906 sacrificium,
1580 866 1714 901 scilicet
1730 879 1791 901 cor
1806 869 2093 911 perterrefactum
2110 869 2209 912 agui-

1214 916 1310 950 tione
1327 916 1458 960 peccati
1479 923 1511 950 et
1527 917 1598 950 irae
1609 916 1674 951 Dei
1686 946 1695 960 ,
1723 927 1756 953 et
1774 919 1864 953 aliae
1881 931 2070 953 aerumnae
2086 932 2208 953 eorum

1214 967 1275 1012 qui
1293 975 1325 1002 te
1344 977 1435 1001 recte
1453 968 1633 1004 invocant.

1319 1035 1360 1069 In
1380 1034 1445 1069 hoc
1470 1036 1547 1069 loco
1572 1038 1709 1081 egregia
1733 1039 1895 1073 doctrina
1918 1039 2071 1073 traditur
2095 1051 2207 1084 oppo-

1215 1088 1334 1121 nenda
1358 1086 1524 1121 humanis
1541 1088 1694 1124 iudiciis,
1747 1089 1875 1131 Ratio,
1908 1103 1988 1124 cum
2008 1091 2045 1124 in
2064 1091 2208 1124 calami-

1183 1180 1187 1187 .
1214 1139 1347 1172 tatibus
1372 1150 1511 1180 sumuS,
1546 1140 1679 1174 iudicat
1712 1153 1777 1174 nos
1808 1142 1940 1185 negligi
1975 1150 2007 1176 et
2031 1141 2159 1187 proiici
2187 1153 2206 1174 a

1184 1189 1187 1220 Ι
1212 1189 1299 1226 Deo.
1353 1190 1424 1225 Sed
1439 1203 1505 1223 vox
1523 1191 1650 1224 divina
1667 1192 1704 1224 in
1723 1191 1879 1227 Ecclesia
1898 1195 2017 1234 docet,
2043 1192 2208 1226 afflictio-

1211 1253 1297 1274 num
1315 1242 1400 1275 alias
1419 1253 1490 1275 esse
1512 1254 1650 1283 causas,
1680 1243 1844 1278 videlicet
1869 1251 1908 1278 ut
1932 1256 2138 1278 revocemur
2162 1245 2207 1277 ad

1211 1293 1485 1336 poenitentiam,
1509 1300 1570 1327 aut
1587 1295 1851 1336 confirmemur,
1882 1303 1943 1330 aut
1958 1296 2029 1330 sint
2046 1296 2206 1329 testimo·

1210 1344 1269 1377 nia
1288 1345 1481 1378 doctrinae.
1541 1343 1696 1390 Ideoque
1713 1347 1874 1380 adfirmat
1891 1347 2050 1380 adflictos
2078 1347 2206 1380 confu-

1210 1397 1342 1438 gientes
1369 1396 1411 1428 ad
1431 1394 1546 1428 Deum
1574 1408 1654 1429 vere
1680 1397 1809 1440 recipi,
1837 1398 1996 1431 exaudiri
2021 1404 2054 1431 et
2077 1398 2205 1438 iuvari,

1211 1453 1243 1479 et
1268 1447 1494 1480 tolerantiam
1524 1447 1635 1491 ipsam
1661 1455 1798 1490 gratum
1823 1447 1937 1482 Deum
1958 1449 2093 1482 cultum
2120 1460 2205 1484 esse.

1209 1498 1308 1530 Haec
1329 1498 1523 1531 necessaria
1550 1499 1711 1533 doctrina
1736 1500 1778 1532 de
1804 1512 1924 1539 cruce,
1952 1497 2205 1545 comprehensa

1209 1555 1258 1582 est
1293 1546 1360 1583 hoc
1384 1549 1576 1584 versiculo:
1606 1549 1826 1585 Sacrificium
1850 1551 1924 1585 Deo
1949 1551 2094 1596 spiritus
2118 1563 2204 1585 con-

1208 1608 1322 1635 tutus.

1270 1680 1439 1730 Benefac
1466 1681 1581 1728 Sion,
1611 1688 1672 1719 ele.

1310 1749 1352 1782 In
1383 1750 1453 1782 fine
1485 1751 1584 1784 addit
1609 1752 1848 1799 precationem
1879 1765 2104 1787 communem
2136 1765 2201 1798 pro

1205 1807 1278 1835 tota
1296 1799 1471 1839 Ecclesia,
1499 1802 1589 1836 sicut
1608 1814 1746 1847 semper
1768 1805 1805 1836 in
1825 1805 1957 1838 nostris
1984 1805 2201 1849 precationi-

1206 1854 1271 1886 bus
1289 1853 1331 1885 ad
1350 1853 1556 1897 petitionem
1579 1855 1623 1887 de
1639 1855 1770 1888 nostris
1792 1857 1897 1889 rebus
1922 1856 2115 1900 adiungere
2139 1857 2202 1890 de-

1204 1905 1328 1938 bemus
1344 1904 1552 1948 petitionem
1571 1906 1615 1939 de
1634 1906 1747 1940 salute
1768 1907 1875 1941 totius
1893 1905 2085 1944 Ecclesiae.

1305 1970 1376 2006 Sed
1392 1983 1455 2005 cur
1471 1969 1529 2004 hic
1546 1984 1669 2006 rursus
1685 1975 1857 2018 approbat
1877 1971 2082 2009 holocausta
2095 2001 2103 2014 ‚
2121 1987 2202 2009 cum

1174 2042 1177 2068 Ι
1202 2033 1306 2066 supra
1332 2023 1516 2056 reiecerit'?
1569 2023 1700 2057 Facilis
1727 2032 1778 2059 est
1801 2026 2003 2059 conciliatio
2028 2033 2121 2060 recte
2144 2027 2202 2060 in-

1202 2074 1347 2110 stitutis.
1402 2073 1633 2109 Ceremoniae
1657 2088 1731 2109 non
1755 2084 1838 2110 sunt
1867 2078 1983 2111 cultus
2009 2076 2093 2118 Dei,
2121 2078 2197 2111 sine

1174 2134 1175 2149 ³
1201 2137 1284 2159 vero
1309 2126 1436 2160 timore
1461 2133 1494 2159 et
1516 2138 1596 2160 vera
1614 2127 1700 2168 fide,
1729 2140 1789 2162 seu
1805 2136 1843 2163 ut
1864 2129 1970 2172 vulgo
1987 2129 2130 2169 dicunt,
2159 2141 2199 2162 ex

1173 2176 1174 2182 ¹
1201 2189 1306 2221 opere
1332 2184 1490 2222 operato.
1545 2177 1617 2211 Nec
1641 2180 1823 2213 institutae
1843 2187 1944 2221 sunt,
1972 2187 2011 2213 ut
2038 2192 2199 2213 merean-

1200 2235 1258 2262 tur
1280 2229 1526 2263 remissionem
1562 2237 1809 2273 peccatorum,
1847 2232 1907 2264 sed
1932 2237 1971 2264 ut
1996 2231 2067 2264 sint
2099 2231 2197 2274 sigua

1173 2304 1175 2309 »
1199 2281 1448 2319 confessionis,
1476 2288 1513 2314 ut
1538 2287 1639 2314 antea
1659 2281 1750 2321 dixi,
1775 2288 1809 2315 et
1831 2283 2001 2315 adiuvent
2022 2293 2197 2326 propaga-

1173 2327 1175 2377 ἶ
1199 2332 1331 2366 tionem
1355 2333 1549 2367 doctrinae.
1612 2332 1761 2376 Propter
1786 2330 1849 2366 has
1873 2345 1992 2366 causas
2017 2333 2067 2378 pii
2093 2346 2197 2378 prae—

1172 2384 1174 2388 ’
1198 2384 1337 2418 lucente
1362 2396 1444 2417 vera
1471 2384 1539 2417 fide
1563 2384 1780 2417 ceremonias
1805 2395 1982 2425 exercent,
2010 2397 2101 2430 quae
2129 2397 2194 2429 pro

1171 2434 1174 2440 ⁴
1197 2441 1355 2479 tempore
1374 2447 1392 2468 a
1410 2434 1485 2468 Deo
1503 2435 1690 2468 mandatae
1714 2442 1809 2469 sunt.
1864 2435 2043 2480 Tempore
2066 2436 2195 2470 veteris

1171 2477 1175 2532 ξ
1198 2486 1417 2521 Testamenti
1436 2487 1670 2520 servabantur
1692 2487 1913 2520 ceremoniae
1937 2494 2023 2522 tunc
2046 2489 2194 2522 manda-

1197 2546 1268 2580 tae,
1292 2550 1388 2572 nunc
1406 2545 1545 2572 nostrae
1565 2538 1758 2572 servandae
1778 2545 1871 2573 sunt.

1171 2626 1174 2655 i
