2379 2948
245 135 312 167 127

242 217 353 261 aperit
379 228 415 249 ac
439 221 631 260 praeparat.
684 210 815 255 Estque
837 210 961 243 similis
981 216 1097 244 motus
1115 209 1214 244 laeti-

242 269 334 309 ciae,
361 278 448 311 quae
463 265 602 310 quidem
622 269 653 295 et
671 262 742 305 spei
762 261 929 303 permixta
946 268 1006 295 est.

345 317 470 350 Timor
485 322 532 347 est
552 319 675 350 motus,
702 323 769 355 quo
782 323 841 343 cor
851 311 1115 353 constringitur,
1139 317 1216 343 tan-

244 380 348 414 quam
377 367 511 407 fugiens
543 363 700 394 futurum
728 361 872 394 malum.
931 360 1064 405 Estque
1093 360 1216 393 similis

245 427 359 452 motus
375 414 557 451 tristiciae,
584 424 672 456 quae
689 418 721 444 et
737 411 854 444 timori
873 412 1040 455 permixta
1055 417 1115 445 est.

344 468 453 499 Amor
468 469 517 496 est
534 469 667 500 motus,
695 474 764 506 quo
781 473 840 494 cor
854 462 983 504 appetit
1000 461 1141 505 aliquod
1158 471 1218 492 seu

245 530 323 550 vere
351 518 502 553 bouum,
536 523 595 544 seu
628 513 723 556 quod
757 512 895 544 videtur
927 513 1077 550 bonum,
1113 510 1217 553 idque

244 566 340 611 quasi
367 562 540 598 attrahere
563 562 680 604 gestit,
709 568 746 594 ut
771 574 809 594 eo
835 561 988 605 potiatur
1014 567 1045 593 et
1071 561 1218 592 fruatur.

245 617 392 649 Yicinus
420 614 574 646 adfectus
606 619 653 645 est
675 612 766 655 spei,
804 613 861 643 sed
885 611 1072 643 ardentior.
1137 609 1217 641 ldeo

245 665 455 700 describitur
493 662 589 707 quasi
621 660 797 695 attrahens
832 661 1025 700 obiectum,
1076 659 1218 692 incitato

244 717 347 750 corde
365 722 531 758 tanquam
549 712 590 744 ad
611 712 797 744 fruendum
816 711 936 753 ingens
953 712 1096 743 bonum.

345 765 399 798 Ira
424 771 472 796 est
496 762 623 794 mixtus
647 763 802 794 adfectus
817 773 856 794 ex
873 761 1016 794 tristicia
1035 767 1066 792 et
1082 757 1220 802 cupidi-

244 824 312 852 tate
335 813 534 849 ulciscendi.
591 810 653 845 Est
675 812 766 844 enim
786 817 918 851 motus,
946 823 1015 855 quo
1034 822 1093 842 cor
1108 809 1221 842 offen-

245 868 377 901 sionem
406 864 559 907 aliquam
582 868 780 902 aversatur,
814 867 845 894 et
870 861 973 894 simul
995 867 1141 893 conatur
1161 859 1220 891 de-

245 917 391 961 pellere,
418 920 476 946 aut
499 924 609 956 poena
631 913 776 945 adficere
798 919 974 951 autorem,
1001 922 1061 944 seu
1085 920 1221 943 causam

245 964 459 1000 offensionis.
521 963 570 996 Ita
594 974 672 995 cum
696 962 824 1005 duplex
847 962 890 995 sit
914 961 1110 1000 obiectum,
1142 965 1222 992 suut

245 1019 315 1050 duo
339 1021 471 1053 motus,
503 1014 619 1055 sugere
642 1012 892 1055 offensionem,
926 1019 958 1044 et
982 1009 1141 1055 persequi
1168 1009 1223 1040 in-

245 1066 338 1110 genti
355 1066 487 1108 impetu
502 1071 670 1097 autorem.
720 1062 838 1104 Quare
857 1074 928 1094 non
948 1069 985 1094 ut
1002 1062 1037 1093 iu
1056 1067 1148 1093 metu
1165 1065 1223 1090 aut

247 1116 389 1151 tristicia
411 1114 551 1155 sanguis
573 1114 614 1145 ad
634 1124 693 1144 cor
710 1113 802 1144 intro
820 1112 967 1153 refugit,
994 1111 1051 1143 sed
1070 1108 1222 1142 effundi—

246 1176 311 1201 tur.
365 1163 434 1197 Cor
458 1162 549 1194 cuim
572 1162 666 1194 velut
684 1173 722 1194 ex
741 1162 860 1194 castris
878 1162 949 1194 suis
967 1171 1148 1203 erumpere
1166 1170 1224 1190 co-

247 1223 367 1254 natur,
394 1220 426 1246 et
448 1212 653 1254 sanguinem
671 1224 709 1244 ac
723 1212 883 1254 spiritus,
911 1219 1077 1255 tanquam
1096 1209 1225 1241 milites

248 1266 373 1301 emittit
404 1264 447 1296 ad
479 1262 755 1306 propulsandum
776 1262 960 1294 obiectum.
1026 1259 1103 1292 Hoc
1127 1265 1224 1291 tanto

247 1323 344 1350 motu
369 1313 546 1346 incalescit
569 1324 645 1351 cor,
671 1319 703 1345 et
725 1312 917 1345 inflammat
933 1310 1077 1353 spiritus
1095 1316 1128 1342 et
1145 1320 1225 1341 san-

247 1366 400 1410 gninem.
460 1362 668 1395 Turbantur
689 1362 841 1394 actiones
866 1361 1026 1394 omnium
1049 1359 1226 1392 membro-

248 1428 346 1455 rum,
372 1418 515 1456 propter
537 1418 671 1443 motum
691 1411 871 1452 sanguinis
889 1417 922 1443 et
938 1411 1122 1454 spirituum
1143 1420 1227 1440 con-

250 1466 444 1502 fusionem,
484 1462 543 1494 sed
581 1461 766 1504 praecipue
805 1461 985 1494 cerebrum
1024 1459 1228 1496 offenditur,

250 1516 345 1561 quod
376 1513 592 1546 inflammato
617 1518 649 1544 et
670 1511 797 1553 agitato
822 1511 990 1553 sauguine
1015 1516 1047 1542 et
1073 1507 1229 1541 ardenti-

250 1568 315 1600 bus
331 1563 525 1609 spiritibus,
554 1561 667 1605 ipsum
684 1573 822 1605 quoque
840 1560 1027 1598 incalescit,
1051 1566 1084 1592 et
1100 1569 1230 1591 concu-

251 1617 337 1650 titur
380 1620 479 1646 motu
518 1611 716 1654 sanguinis,
758 1611 944 1654 spirituum
970 1618 1002 1643 et
1030 1619 1230 1647 nervorum,

253 1666 314 1711 qui
330 1665 370 1697 ad
389 1676 447 1696 cor
463 1661 643 1706 propagati
659 1668 749 1696 sunt.
787 1659 868 1693 Ideo
885 1659 1125 1693 vehementem
1143 1658 1230 1690 iram

252 1715 466 1749 comitantur
490 1710 693 1756 phreneses,
721 1718 761 1745 ut
786 1710 822 1743 in
844 1709 967 1751 Aiace,
994 1717 1029 1743 et
1052 1708 1230 1742 interdum

250 1764 463 1809 apoplexiae.

355 1815 410 1847 Ad
435 1811 524 1845 hanc
540 1811 808 1855 descriptionem
827 1816 1026 1852 congruunt
1042 1807 1233 1842 sententiae

254 1865 424 1910 plurimae
439 1862 666 1905 scriptorum,
693 1868 731 1894 ut
747 1860 905 1903 Virgilii:

378 1916 536 1955 lguescuut
553 1917 611 1943 irae
622 1938 630 1951 ,
656 1921 685 1943 et
700 1915 779 1943 duris
795 1915 881 1943 dolor
898 1915 1014 1943 ossibus
1029 1912 1120 1943 ardet.

259 1963 502 2007 Significauter
561 1961 655 1994 enim
709 1962 875 1994 describit
921 1959 1234 1993 inflammationem

260 2013 439 2057 sanguinis
469 2018 503 2044 et
532 2011 740 2055 spirituum,
773 2018 885 2044 ortam
911 2011 953 2043 ab
980 2010 1110 2052 ingenti
1137 2015 1235 2040 motu

261 2065 387 2098 cordis,
454 2062 508 2095 lra
539 2062 678 2094 incensa
707 2061 829 2094 ardent
861 2060 1001 2103 sanguis
1029 2067 1060 2092 et
1082 2058 1235 2103 spiritus,

261 2112 502 2148 tremefaciunt
532 2119 647 2145 totum
678 2123 825 2153 corpus,
855 2123 891 2143 ac
921 2111 993 2154 ipsa
1021 2109 1124 2143 etiam
1149 2120 1235 2143 ossa.

262 2164 483 2199 Sanderbeco
505 2162 604 2195 aiunt
621 2161 832 2204 concipienti
849 2161 1004 2193 flammas
1023 2159 1236 2202 indignatio-

263 2227 348 2248 num
370 2220 450 2246 ante
471 2212 662 2256 praelium,
686 2212 784 2244 labra
798 2211 900 2244 scissa
918 2222 1007 2250 esse,
1034 2217 1067 2243 et
1085 2209 1237 2253 erupisse

263 2265 413 2298 multum
436 2262 625 2305 sanguinis,
677 2259 726 2295 Et
742 2273 861 2294 versus
877 2262 968 2305 apud
988 2260 1131 2294 Suidam
1150 2259 1237 2292 reci-

264 2321 371 2348 tatur:
411 2310 574 2359 Σφύζεις
587 2311 768 2356 Ἀχιλλεῦ,
795 2309 858 2345 καὶ
882 2308 1051 2355 μεθύσκῃ
1069 2307 1134 2348 τὰς
1151 2307 1239 2355 <spe-

266 2376 350 2404 νας,
376 2363 457 2407 quia
481 2364 517 2395 in
541 2363 590 2396 ira
613 2362 782 2396 bulliente
804 2362 975 2404 sanguine
1000 2362 1037 2393 in
1062 2367 1135 2394 toto
1159 2358 1239 2393 tho-

265 2426 342 2447 race
365 2413 563 2446 intumescit
586 2420 620 2446 et
644 2412 802 2456 pulsatur
821 2409 1068 2455 diaphragma,
1094 2417 1131 2444 ut
1151 2410 1239 2444 fiunt

264 2463 398 2498 turbidi
413 2469 545 2503 motus,
569 2470 610 2496 ut
626 2463 663 2495 in
679 2462 798 2497 ebriis.

366 2511 502 2546 Odium
526 2520 576 2545 est
600 2513 789 2546 inveterata
817 2511 888 2552 ira,
912 2508 980 2543 hoc
1002 2517 1072 2551 est,
1098 2507 1240 2543 habitus

267 2576 306 2597 ex
331 2563 381 2597 ira
400 2570 515 2602 ortus,
541 2574 609 2606 quo
627 2574 688 2595 cor
702 2569 879 2595 aversatur
894 2560 1049 2605 aliquid,
1074 2566 1240 2604 tanquam

269 2615 419 2652 malum,
451 2613 557 2656 idque
580 2612 751 2655 depellere
772 2612 886 2654 gestit,
912 2617 946 2645 et
970 2617 1050 2645 sunt
1073 2609 1241 2644 contrarii

268 2665 420 2698 adfectus
439 2662 567 2703 amori,
594 2662 645 2696 ira
659 2669 693 2696 et
709 2662 840 2696 odium.

481 129 687 165 SCRIPTA
716 128 789 163 ΡΠ.
817 125 931 161 MEL.
957 124 1023 159 AD
1049 123 1177 159 HIST.
1204 121 1348 160 PROF.
1374 121 1439 158 ET
1468 122 1659 157 PHlLOS.
1687 121 2002 160 SPECTANTIA.

2171 123 2242 158 128

1368 207 1489 241 Pudor
1519 213 1569 240 est
1594 206 1729 241 vicinus
1758 207 1842 243 irae.
1915 209 1980 244 Est
2000 208 2095 242 euim
2116 214 2245 246 motus,

1269 270 1338 304 quo
1361 258 1427 290 sibi
1451 257 1517 300 ipsi
1542 257 1714 301 quispiam
1736 258 1895 291 conscius
1919 259 2080 293 irascitur
2103 265 2248 303 propter

1269 307 1455 341 admissam
1480 306 1754 350 turpitudinem,
1780 320 1818 341 ac
1843 320 1914 341 sese
1939 309 2059 352 punit,
2085 316 2119 343 et
2142 307 2249 342 simul

1270 363 1410 390 veretur
1424 357 1574 389 aliorum
1594 357 1735 392 iudicia.
1788 357 1870 392 Dixi
1890 366 2003 391 autem
2021 369 2143 402 supra,
2169 358 2248 391 ideo

1270 408 1425 440 diversos
1441 407 1612 449 adfectus,
1638 419 1758 441 suaves
1775 416 1807 442 et
1825 409 1987 442 molestos
2003 409 2106 441 nobis
2122 408 2250 441 insitos

1272 468 1361 498 esse,
1386 463 1424 490 ut
1443 457 1579 490 molesti
1595 458 1663 491 sint
1681 459 1836 492 vindices
1855 459 2041 498 scelerum,
2068 470 2106 491 ac
2120 468 2252 502 poenae

1272 508 1399 540 faciant
1422 507 1640 551 conspectius
1664 509 1850 542 discrimen
1877 509 1968 542 inter
1990 515 2080 542 recte
2104 509 2193 541 facta
2219 514 2252 541 et

1272 569 1367 590 secus
1393 557 1491 592 facta.
1545 556 1783 599 Quamobrem
1808 567 1840 593 et
1866 566 1955 592 recte
1980 559 2112 591 dictum
2139 564 2190 591 est
2208 557 2252 590 ab

1273 606 1461 650 Euripide:
1497 606 1753 650 Impudentiam
1784 610 1946 642 morbum
1970 620 2042 641 esse
2064 608 2254 641 maximum

1273 654 1478 695 bominum,
1512 655 1680 691 ἀναίδεια
1711 656 1864 706 μεγίστη
1893 655 2018 693 νόσων
2040 658 2079 693 ἐν
2101 653 2254 703 ἀνθρώ-

1273 719 1362 745 ποις.
1417 705 1500 739 Ideo
1520 707 1612 739 enim
1631 709 1745 751 pudor
1761 709 1948 742 attributus
1967 715 2016 742 est
2030 717 2175 743 naturae
2189 707 2254 740 ho-

1274 758 1421 797 minum,
1448 763 1533 790 utet
1552 757 1689 790 frenum
1708 759 1751 791 sit
1768 756 1982 798 bominibus,
2010 771 2053 792 ne
2069 758 2183 802 turpia
2202 758 2256 790 fa-

1274 808 1385 848 ciant,
1412 814 1444 840 et
1459 807 1502 840 sit
1519 807 1646 840 vindex
1664 815 1799 851 postea,
1826 810 1852 841 si
1869 809 2024 843 fecerint.

1376 865 1596 898 Verecundia
1619 873 1668 899 est
1694 865 1834 900 habitus
1856 867 2043 900 metuentis
2062 865 2256 910 turpitudi-

1274 928 1372 957 nem,
1397 923 1430 949 et
1448 916 1685 959 indignantis,
1710 918 1858 950 admissa
1875 917 2109 961 turpitudine.

1376 973 1621 1008 Misericordia
1646 982 1693 1009 est
1721 976 1866 1009 tristicia
1886 982 2026 1020 propter
2042 975 2173 1008 alienas
2190 974 2257 1007 mi-

1276 1036 1382 1058 serias
1400 1031 1486 1057 orta.

1378 1073 1575 1107 Invidentia
1600 1081 1649 1109 est
1672 1076 1815 1109 tristicia
1841 1075 2142 1121 propteralterius
2156 1074 2260 1108 foeli-

1277 1131 1414 1158 citatem
1433 1132 1517 1157 orta.

1379 1173 1484 1206 Zelus
1515 1180 1564 1207 est
1593 1175 1721 1209 mixtus
1751 1175 1905 1207 adfectus
1937 1187 1976 1207 ex
2000 1186 2118 1207 amore
2140 1181 2172 1207 et
2195 1174 2261 1214 ira,

1278 1236 1356 1257 cum
1380 1224 1541 1263 videlicet
1561 1236 1680 1258 amans
1699 1224 1852 1267 aliquid,
1879 1225 2040 1258 irascitur
2058 1225 2130 1264 illi,
2154 1236 2172 1256 a
2190 1235 2260 1268 quo

1278 1275 1429 1307 laeditur
1446 1285 1499 1307 res
1516 1282 1638 1308 amata.
1692 1273 1738 1308 Ut
1754 1273 1873 1306 Helias
1890 1274 1962 1307 zelo
1979 1272 2261 1308 interficitPseu-

1279 1321 1533 1367 doprophetas‚
1557 1324 1736 1363 videlicet,
1764 1336 1883 1355 amans
1898 1322 2011 1356 Deum
2035 1321 2262 1356 vehementer

1280 1374 1483 1415 indignatus
1517 1381 1567 1406 est
1601 1372 1759 1406 hostibus
1789 1372 1873 1405 Dei:
1911 1373 1959 1406 sic
1991 1373 2101 1406 iustus
2134 1373 2263 1415 guber-

1280 1429 1381 1456 nator
1404 1423 1506 1455 debet
1528 1423 1648 1455 ardere
1671 1423 1762 1463 zelo,
1789 1419 1855 1455 hoc
1871 1429 1939 1463 est,
1963 1434 2080 1456 amore
2096 1422 2264 1463 iusticiae‚

1282 1479 1315 1506 et
1338 1472 1579 1515 indignatione
1600 1475 1765 1506 adversus
1787 1472 1977 1515 improbos.
2045 1472 2179 1507 Similis
2201 1473 2264 1505 ad-

1281 1523 1391 1556 fectus
1417 1529 1466 1555 est
1487 1523 1675 1568 zelotypia,
1702 1534 1782 1556 cum
1804 1534 1925 1556 amans
1944 1522 2126 1566 coniugem
2144 1522 2266 1556 irasci-

1283 1579 1340 1606 tur
1357 1573 1537 1606 alienanti.

1379 1628 1671 1675 Ἐπιχαιρεκακία
1704 1631 1899 1664 contrarius
1926 1631 2081 1664 adfectus
2104 1637 2155 1665 est
2178 1631 2264 1671 zelo,

1284 1681 1412 1714 mixtus
1436 1692 1474 1713 ex
1500 1681 1582 1713 odio
1606 1687 1637 1714 et
1660 1681 1799 1722 gaudio.
1851 1680 1914 1714 Est
1937 1681 2030 1714 enim
2054 1681 2174 1714 odium
2193 1681 2266 1713 vir-

1284 1731 1387 1770 tutis,
1415 1738 1447 1764 et
1470 1731 1592 1764 laetari
1616 1731 1809 1764 calamitate
1836 1731 2028 1771 bonorum,
2052 1737 2084 1764 et
2099 1730 2265 1764 successi-

1259 1815 1261 1825 ,ἵ
1286 1782 1351 1814 bus
1374 1781 1637 1820 sceleratorum,
1662 1788 1700 1814 ut
1724 1781 1857 1813 diaboli
1876 1781 2014 1825 proprie
2031 1788 2111 1815 sunt
2130 1780 2266 1825 ἐπιχαι-

1287 1829 1452 1877 ρέκακοι,
1481 1832 1539 1876 qui
1557 1831 1732 1865 laetantur
1748 1831 2002 1865 calamitatibus
2018 1830 2212 1871 Ecclesiae,
2233 1837 2266 1863 et

1287 1882 1470 1915 saeviciam
1509 1882 1546 1914 in
1585 1881 1850 1914 imbecilliorem
1887 1888 2048 1914 naturam
2079 1879 2265 1914 hominum

1287 1938 1465 1970 exercent,
1496 1931 1592 1964 nulla
1621 1943 1679 1975 spe
1706 1931 1864 1964 utilitatis
1889 1943 1988 1969 suae,
2020 1938 2156 1965 tantum
2183 1931 2265 1964 odio

1287 1982 1364 2016 Dei.
1418 1980 1463 2014 Et
1485 1981 1667 2014 imitantur
1687 1981 1846 2013 diabolos
1865 1981 1986 2021 multi,
2012 1988 2047 2014 ut
2065 1981 2179 2015 Semei
2195 1981 2268 2014 lae-

1288 2039 1383 2066 tatur
1405 2032 1508 2064 exilio
1532 2030 1698 2071 Davidis‚
1731 2039 1762 2064 et
1785 2031 2062 2065 venenatissimis
2087 2031 2267 2064 sarcasmis

1288 2082 1518 2116 calamitatem
1534 2082 1564 2114 ei
1583 2083 1780 2126 exprobrat.

1390 2139 1564 2174 Recensui
1582 2140 1714 2185 aliquot
1729 2140 1872 2173 nomina
1887 2140 2084 2172 adfectuum
2096 2164 2105 2178 ,
2127 2144 2166 2172 ut
2185 2149 2268 2171 con-

1288 2191 1434 2225 siderari
1453 2190 1656 2224 discrimina
1674 2197 1706 2224 et
1722 2202 1843 2224 causae
1858 2197 2035 2234 utcunque
2053 2188 2197 2232 possint.

1391 2248 1483 2282 Sunt
1499 2256 1614 2282 autem
1630 2260 1762 2289 causae,
1789 2248 1922 2282 obiecta
1937 2255 1970 2282 et
1981 2259 2051 2288 cor,
2078 2248 2137 2280 sed
2149 2248 2268 2290 cogni-

1290 2300 1339 2334 tio
1371 2300 1608 2337 obiectorum,
1651 2306 1691 2332 ut
1721 2311 1824 2342 supra
1858 2298 1946 2339 dixi,
1979 2299 2121 2331 'motum
2154 2297 2270 2330 cordis

1289 2350 1473 2384 antecedit.

1393 2406 1486 2451 Ergo
1504 2420 1581 2440 cum
1599 2404 1895 2450 apprehendimus
1911 2406 2101 2445 obiectum,
2128 2411 2159 2437 et
2176 2405 2270 2438 iudi-

1290 2469 1411 2492 camus
1437 2459 1569 2491 honum
1596 2464 1655 2490 aut
1680 2457 1810 2489 malum
1834 2468 1923 2498 esse,
1956 2455 2099 2499 spiritus
2123 2455 2210 2489 moti
2233 2456 2269 2489 in

1293 2509 1490 2551 agnitione,
1514 2507 1644 2539 feriunt
1667 2519 1741 2546 cor,
1769 2508 1861 2551 quod
1888 2506 1985 2550 quasi
2008 2505 2114 2539 ictum
2137 2513 2170 2539 et
2189 2506 2270 2549 pul-

1267 2586 1269 2595 ,
1294 2565 1404 2591 satum
1418 2584 1426 2597 ,
1453 2557 1581 2596 cietur,
1610 2564 1715 2590 etant
1733 2558 1859 2601 expetit
1875 2556 2050 2589 obiectum
2065 2582 2074 2597 ,
2095 2562 2154 2589 aut
2170 2556 2269 2599 fugit.

1293 2608 1392 2641 Talis
1407 2614 1458 2648 est
1472 2607 1565 2639 enim
1580 2607 1756 2650 copulatio
1772 2607 1897 2639 virium
1913 2612 2076 2646 naturae,
2102 2612 2139 2639 ut
2155 2615 2270 2638 motus

1265 2663 1270 2701 j
1294 2658 1408 2691 cordis
1432 2657 1665 2702 respondeant
1691 2655 1903 2701 cognitioni,
1934 2662 1972 2689 ut
1995 2656 2099 2690 rebus
2123 2655 2269 2699 cognitis
