2379 2948
241 110 311 147 655

242 207 310 242 que
335 192 506 227 includas.
560 185 605 222 Et
631 194 834 230 quanquam
858 181 996 214 infirma
1022 191 1121 213 mens
1142 189 1222 212 cum

244 244 465 281 dubitatione
490 241 660 277 luctatur,
693 242 811 268 tamen
834 233 918 266 fides
943 231 1078 272 vincat,
1106 236 1139 263 et
1167 241 1223 263 ac-
1251 227 1253 263 l

246 298 399 343 quiescat
414 294 452 327 in
467 287 640 324 sententia
658 292 761 319 certa.
895 334 902 341 .
939 333 947 341 .

397 343 492 378 Deus
509 345 653 385 propter
669 336 802 370 Filium
817 341 948 368 remitti
964 339 1099 377 peccata
1114 358 1121 372 ,
1150 342 1228 374 gra-

450 393 512 432 tis,
534 389 700 424 omnibus
719 386 922 420 dolentibus
943 396 977 417 se
996 394 1169 428 peccasse,
1197 386 1231 413 ct

453 441 653 487 petentibus
676 437 832 477 veniam,

400 493 475 538 Ego
493 499 526 526 et
542 491 662 531 doleo,
687 496 720 522 et
736 488 803 520 fide
821 492 898 531 peto
917 484 1195 538 remissionem&
1222 532 1229 538 ·

402 546 522 589 Quare
547 549 679 575 certum
707 546 758 572 est
780 550 834 570 me
861 536 987 579 recipi,
1016 542 1047 568 et
1073 534 1230 567 exaud1r1

456 594 603 639 gemitus
621 602 716 624 meos
735 595 878 633 propter
896 587 1135 619 mediatorem.
1187 634 1194 640 ¹

353 648 434 682 Non
455 652 616 691 putemus
638 643 778 674 inanem
801 638 955 672 sonitum
983 648 1054 670 esse
1081 646 1233 691 promis-

251 705 385 739 sionem
397 698 565 736 divinam,
583 704 670 739 quae
686 690 777 724 hanc
795 690 903 733 ipsam
922 688 968 744 ob
984 698 1121 743 causam
1142 686 1234 717 edita

253 763 285 788 et
304 749 532 786 iureiurando
550 743 754 778 confirmata
780 747 846 780 est,
873 745 913 772 ut
937 750 968 770 el
993 743 1234 789 assentiamur,

253 817 316 840 nec
333 801 498 836 fluctibus
514 794 776 830 dubitationum
797 790 1049 834 opprimamur.
1077 786 1168 820 Rota
1185 792 1235 819 est

253 856 347 890 enim
373 863 439 884 vox
465 845 712 882 iurisiurandi:
750 842 841 875 Vivo
865 851 946 883 ego,
980 839 1062 872 nolo
1085 844 1234 871 mortem

252 902 464 953 peccatoriS,
498 899 558 932 sed
583 903 621 930 ut
643 899 867 928 convertatur
892 898 925 924 et
949 891 1055 924 vivat.
1108 886 1155 922 Et
1180 887 1235 921 Io-

253 958 390 992 hannes
406 950 541 995 inquit:
570 947 642 990 Qui
659 957 732 979 non
750 943 859 977 credit
876 941 968 982 Deo,
995 946 1131 974 accusat
1157 950 1236 972 eum

253 1003 438 1042 mendacii.
492 999 573 1034 Non
605 998 810 1031 invocemus
842 993 930 1027 sicut
965 990 1109 1024 Hecuba
1141 989 1235 1034 apud

254 1055 464 1100 Euripidem
489 1051 551 1085 ait:
580 1046 615 1082 O
639 1048 710 1086 dii,
746 1045 810 1079 etsi
834 1045 962 1076 invoco
985 1039 1122 1079 κακοὺς
1144 1051 1236 1085 συμ-

255 1106 408 1156 μάχους.
463 1102 563 1135 Talis
587 1106 637 1132 est
660 1095 837 1130 invocatio
859 1105 998 1133 eorum,
1031 1092 1093 1137 qui
1114 1092 1237 1125 iubent

256 1145 392 1202 ser-siper
415 1153 594 1190 dubitare,
621 1161 665 1182 an
688 1149 747 1180 fiat
770 1144 1028 1184 reconciliatio,
1053 1150 1086 1176 et
1109 1155 1153 1176 an
1178 1153 1239 1185 ge-

255 1211 363 1245 mitus
387 1203 500 1239 nostri
522 1200 750 1245 recipiantur.
801 1196 876 1230 Nos
899 1207 981 1228 vero
1005 1194 1238 1228 assentiamur

254 1255 503 1307 promissioni,
537 1259 576 1286 ut
597 1250 729 1285 Paulus
760 1248 864 1290 longa
888 1245 1128 1290 disputatione
1153 1256 1237 1277 con-

255 1311 389 1351 tendit,
420 1306 527 1341 Rom.
543 1302 579 1338 4.
603 1299 874 1346 promissionem
902 1304 1063 1341 oportere
1088 1296 1156 1329 fide
1181 1307 1238 1328 ac-

256 1363 338 1407 cipi.
391 1358 489 1392 Haec
512 1353 602 1394 dixi,
627 1359 666 1385 ut
690 1351 845 1384 iuniores
867 1347 1061 1387 admoniti,
1086 1352 1239 1380 statuant

258 1410 448 1448 sententias
463 1404 634 1439 divinitus
651 1401 796 1435 traditas
814 1398 1010 1438 Ecclesiae,
1037 1409 1126 1442 quae
1144 1403 1238 1430 extra

259 1470 399 1508 captum
429 1456 605 1491 humanae
637 1451 785 1486 rationis
822 1449 955 1492 positae
996 1455 1095 1488 sunt,
1130 1454 1239 1480 certas

260 1527 352 1554 esse,
389 1515 532 1555 propter
560 1511 717 1539 autorem
748 1502 860 1535 Deum
890 1507 921 1534 et
952 1499 1154 1532 testimonia
1184 1499 1239 1530 di-

260 1567 340 1599 vina
355 1590 363 1604 ,
388 1568 426 1594 ut
444 1564 586 1603 propter
609 1552 909 1587 resuscitationem
936 1558 1177 1586 mortuorum,
1207 1555 1239 1582 et

259 1615 515 1659 amplectantur
540 1618 596 1640 eas
618 1606 717 1637 firma
740 1602 957 1640 assensione,
988 1612 1076 1644 quae
1101 1611 1239 1633 nuncu-

257 1675 360 1712 patur
375 1663 472 1696 fides.

261 1756 351 1796 Quot
368 1747 525 1796 fuerunt
535 1746 660 1777 sectae
668 1741 903 1785 praecipuae
913 1737 964 1771 Ph
972 1733 1241 1780 ilosophormn?

360 1817 441 1852 Una
458 1819 508 1846 est
526 1811 653 1844 veritas
668 1814 809 1840 aeterna
828 1813 860 1839 et
884 1805 1047 1844 immota,
1073 1802 1177 1835 etiam
1204 1802 1241 1833 in

261 1870 411 1907 artibus,
435 1875 522 1910 quae
538 1868 628 1895 recte
647 1857 888 1900 investiganda
909 1862 959 1888 est
983 1855 1024 1886 iis
1043 1853 1241 1893 itineribus,

261 1932 349 1967 quae
366 1920 564 1950 monstrant
580 1913 673 1955 ipsae
691 1915 800 1948 artes,
829 1914 861 1939 et
888 1907 1030 1938 inventa
1055 1905 1241 1937 retinenda

263 1979 331 2011 est,
360 1975 399 2002 ut
423 1967 467 2000 sit
494 1964 584 1997 vitae
609 1962 745 1997 lumen,
779 1970 883 2002 quam
910 1957 1116 1989 labefactare
1140 1962 1241 1998 petu-

261 2021 370 2056 lantia
398 2025 466 2057 est,
493 2022 524 2048 ct
546 2013 635 2046 vitae
659 2008 845 2042 hominum
870 2007 1086 2051 perniciosa,
1122 2013 1154 2039 et
1178 2007 1240 2038 ad—

260 2082 379 2106 versus
395 2068 522 2106 Deum,
548 2063 610 2108 qui
625 2062 704 2094 fons
719 2066 768 2093 est
786 2059 954 2096 veritatis,
979 2056 1242 2091 contumeliosa.

260 2122 307 2157 Et
324 2120 480 2166 profecto
498 2115 618 2159 pulcra
637 2112 749 2144 virtus
767 2116 835 2150 est,
862 2117 894 2143 et
908 2108 982 2142 Deo
1001 2116 1115 2151 grata,
1141 2119 1241 2140 amor

261 2172 428 2207 veritatis.
481 2166 600 2209 Quare
613 2163 651 2196 in
669 2162 805 2195 delectu
823 2167 993 2194 sectarum
1014 2171 1088 2192 eam
1108 2159 1241 2202 praefe-

261 2234 398 2260 ramus,
421 2229 509 2265 quae
528 2226 651 2258 magna
671 2225 709 2245 ex
735 2218 832 2256 parte
856 2223 910 2243 res
932 2222 1029 2243 veras
1053 2210 1181 2248 tradit,
1208 2216 1241 2242 et

262 2282 351 2309 artes
369 2285 409 2305 ex
426 2269 517 2303 veris
535 2263 719 2311 principiis
738 2262 882 2302 extruit,
907 2269 940 2294 et
962 2260 1152 2295 minimum
1178 2258 1241 2292 ha-

261 2328 319 2359 bet
337 2333 507 2357 errorum.
560 2316 659 2350 Talis
675 2321 725 2347 est
739 2312 982 2352 Aristotelica,
1008 2312 1037 2344 si
1052 2323 1132 2344 vere
1148 2311 1241 2343 iudi-

261 2388 339 2409 care
356 2374 534 2407 volumus.
586 2367 656 2401 Sed
674 2376 798 2408 magna
820 2371 871 2397 est
893 2371 1097 2397 naturarum
1124 2362 1240 2395 diver-

262 2428 351 2460 sitas.
405 2422 561 2466 Quidam
578 2425 702 2451 natura
719 2421 800 2449 sunt
818 2411 1070 2461 αἰτιολογικοὶ,
1097 2413 1156 2457 qui
1177 2424 1241 2456 pu-

263 2484 337 2510 tant
356 2484 520 2517 magnum
535 2467 669 2513 ingenii
686 2468 791 2500 decus
813 2477 904 2504 esse,
931 2472 1085 2509 receptas
1103 2470 1241 2496 senten-

263 2527 328 2560 tias
344 2531 516 2563 evertere,
542 2528 580 2555 ut
606 2518 728 2556 Valla,
755 2517 816 2562 qui
840 2516 966 2561 passim
989 2515 1137 2558 exagitat
1160 2512 1243 2547 Ari-

262 2576 439 2614 stotelem,
466 2580 497 2606 et
523 2570 681 2605 defendit
704 2566 911 2613 Epicurum.
966 2564 1040 2600 Alii
1065 2565 1157 2599 torvi
1179 2565 1241 2597 ad—

262 2628 437 2660 mirantur
454 2623 560 2657 stoica
576 2621 815 2654 deliramenta.
860 2618 932 2651 Alii
948 2617 1066 2651 relicta
1089 2616 1243 2654 veritate,

262 2675 466 2723 praestigias
491 2679 682 2717 quaerunt,
706 2678 745 2704 ut
763 2669 1054 2704 Academicorum
1082 2678 1179 2700 more
1202 2666 1239 2698 in

477 101 683 140 SCRIPTA
717 99 792 135 PH.
819 94 935 133 MEL.
963 93 1029 130 AD
1055 93 1180 129 HIST.
1208 92 1350 132 PROF.
1379 91 1446 128 ET
1471 91 1664 128 PHILOS.
1696 92 2017 131 SPECTANTIA.

1250 182 1461 223 {utramque
1492 184 1625 221 partem
1655 177 1846 221 disputent.

2184 95 2259 132 656

1898 177 1945 213 Et
1974 181 2145 225 quaedam
2179 187 2261 214 sunt

1277 235 1424 262 naturae
1441 225 1737 269 hallucinatrices,
1763 240 1852 272 quae
1867 228 1971 262 etiam
1988 243 2065 264 cum
2085 238 2179 266 recta
2197 243 2261 264 au-

1252 265 1254 313 l
1279 280 1438 320 dierunt,
1472 286 1589 313 tamen
1619 285 1738 322 postea
1760 280 1975 322 depravant,
2008 288 2048 315 ut
2072 282 2160 316 dixit
2181 282 2263 328 qui-

1279 331 1379 369 dam,
1407 341 1442 363 se
1461 331 1582 363 dextra
1597 330 1734 363 tradere
1759 330 1975 371 doctrinam,
2003 333 2062 364 sed
2086 333 2262 367 auditores

1280 381 1450 425 quosdam
1468 381 1606 415 sinistra
1623 380 1790 424 accipere.
1844 379 1939 413 Haec
1958 381 2141 415 diversitas
2157 390 2262 417 natu-

1280 443 1399 465 rarum
1428 438 1461 465 et
1487 431 1680 465 voluntatis
1714 430 1969 464 consideranda
1996 439 2065 473 est,
2094 440 2126 467 et
2152 440 2264 467 metae

1281 483 1539 525 agnoscendae,
1575 493 1660 528 quas
1691 483 1789 515 Deus
1817 482 1921 515 nobis
1954 482 2192 524 circundedit,
2233 491 2266 517 et

1282 533 1475 566 frenandae
1500 540 1653 574 mentes,
1681 539 1720 566 ut
1744 533 1941 576 simplicem
1967 534 2149 567 veritatem
2171 545 2266 567 ame-

1283 595 1378 624 mus,
1419 590 1452 617 et
1481 590 1681 617 reverenter
1712 584 1982 627 amplectamur,
2025 592 2058 618 et
2090 585 2266 628 fugiamus

1284 634 1465 667 mendacia
1483 640 1516 667 et
1532 635 1758 678 corruptelas.
1813 634 1882 668 Sed
1902 635 2055 669 clamant
2072 635 2201 680 aliqui,
2228 641 2268 668 ut

1285 696 1365 728 apes
1390 697 1428 717 ex
1454 695 1579 727 magna
1604 685 1769 718 varietate
1792 685 1920 718 florum
1946 697 2065 719 succos
2085 687 2268 730 colligunt,

1285 736 1332 769 ita
1356 734 1553 770 doctrinam
1580 747 1619 768 ex
1644 735 1751 768 variis
1773 737 1873 768 sectis
1903 739 2156 781 excerpendam
2183 748 2265 770 esse.

1286 786 1334 819 Hi
1355 786 1533 819 refutandi
1552 792 1633 819 sunt
1649 783 1716 820 hoc
1734 786 1809 829 ipso
1825 787 1995 830 exemplo,
2023 794 2061 821 ut
2077 788 2171 821 enim
2187 799 2268 831 apes

1286 843 1412 870 natura
1437 838 1526 870 duce
1552 836 1663 869 vitant
1685 848 1839 879 venena,
1872 837 1917 869 ita
1949 849 2013 871 nos
2046 839 2268 882 praelucente

1286 887 1382 929 Deo,
1410 888 1559 921 vitemus
1575 887 1679 920 salsas
1701 887 1895 930 opiniones.
1949 887 2041 930 Quia
2067 897 2204 933 autem,
2231 896 2270 922 ut

1287 950 1566 984 unumquenque
1588 939 1685 971 decet
1709 937 1858 971 civitatis
1883 944 1995 971 certae
2017 951 2056 972 ac
2078 941 2167 973 bene
2192 952 2270 973 mo-

1287 996 1381 1023 ratae
1399 990 1509 1022 civem
1528 1000 1611 1030 esse,
1628 988 1675 1022 ita
1691 989 1789 1022 decet
1804 995 1916 1022 certae
1934 996 1968 1023 et
1984 986 2150 1024 honestae
2169 988 2270 1024 scho-

1288 1041 1341 1073 lae
1365 1040 1563 1074 auditorem
1586 1040 1674 1079 dici,
1702 1039 1946 1073 Aristotelicos
1972 1051 2045 1073 non
2069 1051 2142 1074 esse
2163 1041 2271 1086 profi-

1288 1097 1442 1132 teamur,
1469 1097 1502 1124 et
1517 1097 1626 1124 sectas
1640 1090 1886 1124 diiudicemus.
1942 1090 2033 1125 Sunt
2050 1098 2165 1125 autem
2184 1103 2271 1137 qua-

1289 1148 1369 1175 tuor
1385 1141 1535 1174 maxime
1550 1141 1758 1181 celebratae,
1786 1153 1934 1186 quarum
1952 1148 2182 1176 monumenta
2208 1143 2271 1175 ad-

1289 1190 1358 1226 huc
1374 1199 1492 1226 extant
1507 1193 1562 1225 vel
1574 1190 1710 1225 Graeca
1728 1192 1784 1225 vel
1800 1191 1942 1225 Latina:
1971 1193 2196 1227 Aristotelica
2212 1204 2272 1227 seu

1290 1243 1541 1288 peripatetica,
1565 1241 1757 1287 Epicurea,
1783 1241 1900 1276 Stoica
1920 1249 1953 1276 et
1968 1241 2187 1279 Academica.

1669 1331 1892 1364 Aristotelica-

1394 1392 1617 1426 Aristotelica
1633 1400 1725 1426 recte
1742 1393 1924 1426 distribuit
1941 1405 2066 1437 genera
2093 1395 2273 1428 doctrina—

1291 1456 1388 1481 rum,
1416 1442 1647 1484 Diaiecticen‚
1675 1441 1849 1489 physicen
1875 1451 1907 1477 et
1923 1442 2087 1480 Ethicen.
2123 1443 2171 1479 Et
2187 1445 2273 1480 Dia-

1293 1495 1439 1528 lecticen
1471 1492 1576 1528 habet
1598 1506 1735 1532 veram,
1771 1494 2011 1538 incorruptam
2037 1504 2070 1530 et
2089 1496 2274 1539 integram,

1293 1558 1359 1591 qua
1385 1545 1488 1578 laude
1514 1542 1609 1578 haud
1633 1545 1741 1578 dubie
1765 1545 1931 1578 omnibus
1952 1546 2030 1578 aliis
2054 1546 2154 1580 sectis
2176 1554 2274 1580 ante-

1292 1596 1397 1629 cellit.
1451 1594 1491 1627 ln
1508 1595 1588 1628 aliis
1605 1595 1762 1639 partibus
1778 1595 1889 1628 multa
1911 1597 2039 1630 extruit
2059 1609 2099 1630 ex
2125 1598 2274 1631 demon—

1292 1646 1535 1683 strationibuS,
1552 1653 1585 1679 et
1600 1646 1718 1678 minus
1733 1642 1972 1679 hallucinatur
1988 1659 2091 1691 quam
2108 1654 2275 1689 caeterae,

1294 1696 1453 1731 Galenus
1469 1697 1574 1730 etiam
1592 1696 1720 1741 inquit,
1746 1696 1784 1728 in
1802 1694 1866 1730 hac
1882 1697 2000 1730 minus
2016 1709 2088 1732 esse
2103 1711 2275 1740 errorum,

1293 1760 1399 1793 quam
1416 1748 1454 1781 in
1472 1747 1628 1782 caeteris.
1680 1745 1788 1780 Errat
1805 1754 1921 1781 autem
1945 1750 1987 1781 de
2010 1750 2137 1784 mundi
2162 1756 2274 1784 aeter-

1293 1801 1422 1840 nitate,
1445 1810 1549 1843 quem
1568 1810 1705 1842 semper
1724 1798 1830 1831 fuisse
1849 1799 2082 1842 imaginatur,
2109 1808 2147 1834 ut
2161 1801 2274 1845 ipsam

1294 1858 1465 1889 mentem,
1490 1849 1640 1893 primam
1657 1860 1794 1882 causam
1819 1856 1852 1883 et
1877 1851 2071 1886 motricem.
2124 1851 2274 1885 Videtur

1294 1903 1387 1936 enim
1414 1900 1598 1934 Aristoteli
1620 1901 1832 1939 absurdum,
1855 1901 2006 1944 primam
2031 1912 2169 1935 causam
2193 1902 2273 1935 infi-

1294 1955 1377 1988 nitis
1394 1952 1519 1985 seculis
1535 1958 1646 1992 retro,
1674 1952 1826 1983 ociosam
1846 1952 2008 1994 cogitare.
2061 1951 2129 1985 Sed
2148 1953 2191 1985 de
2207 1951 2274 1986 hoc

1294 2004 1441 2038 articulo
1461 2014 1649 2047 sequamur
1665 2002 1862 2035 doctrinam
1882 2013 1899 2034 a
1918 2000 1994 2034 Deo
2009 2003 2208 2037 illustribus
2223 2010 2274 2037 te·-

1293 2054 1469 2090 stimoniis
1487 2053 1669 2092 traditam,
1697 2060 1735 2086 ut
1753 2053 1794 2085 de
1819 2053 1963 2086 caeteris
1986 2054 2161 2095 articulis,
2186 2065 2291 2100 quos.

1292 2106 1387 2140 Deus
1404 2104 1575 2150 patefecit.

1693 2193 1869 2233 Epicurea.

1391 2255 1564 2301 Epicurea
1598 2255 1702 2298 plena
1738 2261 1789 2287 est
1832 2253 2058 2288 horribilium
2101 2256 2272 2290 surorum.

1292 2308 1451 2342 Primum
1487 2305 1704 2339 Dialecticen
1743 2306 1890 2338 omnino
1931 2306 2176 2349 praetermisit.
2230 2305 2272 2339 In

1293 2357 1447 2405 physicis
1465 2356 1645 2400 componit
1661 2357 1835 2389 mundum
1854 2369 1892 2389 ex
1908 2357 2050 2395 atomis,
2072 2363 2104 2389 et
2121 2356 2272 2389 somniat

1294 2411 1444 2444 subinde
1464 2408 1551 2441 alios
1567 2408 1719 2440 mundos
1736 2407 1848 2450 nasci,
1876 2415 1909 2441 et
1926 2408 2013 2441 alios
2029 2406 2192 2447 interire,
2216 2419 2271 2440 re-

1292 2467 1410 2494 movet
1427 2460 1471 2492 ab
1486 2459 1715 2491 universitate
1731 2470 1849 2490 rerum
1866 2459 1952 2492 duas
1970 2457 2171 2501 praecipuas
2190 2469 2272 2492 cau—

1294 2523 1365 2552 sas,
1389 2508 1608 2544 Efficientcm
1632 2517 1663 2543 et
1691 2507 1861 2542 Finalem.
1914 2507 2024 2551 Negat
2050 2519 2121 2540 esse
2144 2506 2271 2549 Deum,

1293 2569 1326 2595 et
1340 2561 1488 2595 affirmat
1505 2559 1623 2594 omnia
1640 2560 1715 2592 sine
1731 2558 1952 2603 providentia
1969 2559 2106 2598 divina,
2133 2565 2271 2592 tantum

1294 2624 1375 2646 casu
1396 2619 1477 2645 nata
1494 2623 1584 2649 csse,
1612 2618 1644 2644 et
1661 2622 1741 2644 casu
1759 2609 1853 2643 ferri.
1898 2608 2021 2642 Stellas
2039 2609 2186 2642 ridicule
2203 2609 2271 2642 fin-

1293 2665 1342 2707 git
1359 2675 1430 2697 non
1449 2674 1519 2696 esse
1533 2661 1707 2696 durabilia
1726 2671 1884 2704 corpora,
1908 2661 1966 2693 sed
1985 2660 2142 2706 quotidie
2159 2671 2270 2693 novos
