2379 2948
126 86 195 122 821

124 179 156 205 et
186 183 321 216 poenae
355 173 573 217 corporales,
610 180 649 207 ut
679 171 803 206 Esaiae
828 173 859 208 1.
892 171 1038 205 dicitur:
1075 171 1114 205 Si

122 227 261 267 p'eccata
292 230 404 257 vestra
435 225 567 258 fuerint
597 233 635 258 ut
660 224 862 261 coccinum,
899 229 1003 256 erunt
1031 235 1114 256 can-

121 273 204 307 dida
222 281 261 308 ut
277 274 350 310 nix.

225 324 274 359 lta
293 326 478 370 promissio
496 326 628 369 gratiae
644 325 818 368 interpres
837 331 886 357 est
905 336 1112 368 poenarum,

120 382 150 408 et
175 376 278 410 docet
296 377 529 411 calamitatem
549 389 622 410 non
642 382 779 410 tantum
798 386 870 408 esse
889 387 1019 419 poenas
1038 376 1111 409 exi-

119 426 238 467 tiales,
275 429 334 461 sed
360 427 746 461 commonefactionem.
813 423 859 459 Et
882 424 967 460 haec
989 439 1111 461 neces-

120 478 211 511 saria
238 479 397 513 doctrina
421 490 522 522 saepe
548 479 586 511 in
609 477 842 512 concionibus
866 476 1033 511 lcremiae
1058 491 1111 511 re-

119 529 226 573 petita
247 537 309 564 est.

222 579 295 614 Has
319 591 416 612 veras
442 580 702 614 consolationes
725 592 790 613 nos
814 592 956 626 quoque
982 580 1018 613 in
1038 581 1109 625 pri-

119 638 199 665 vato
222 638 255 665 et
279 631 421 676 publico
444 632 569 665 dolore
595 632 816 673 intueamur,
863 631 940 675 lpse
964 640 1109 666 eventus

118 682 271 716 ostendit
297 682 428 714 servari
456 682 592 728 aliquas
618 681 795 716 Ecclesiae
820 683 1009 728 reliquias,
1046 696 1108 728 pro

118 745 188 778 quo
212 733 381 766 beneficio
404 744 547 776 agamus
566 733 641 767 Deo
666 734 805 778 gratias.
861 732 1000 767 Deinde
1026 747 1107 778 pro-

116 784 298 817 missiones
315 785 357 817 de
373 786 545 818 servanda
560 783 715 819 Ecclesia
735 785 837 818 nobis
854 797 1108 829 proponamus,

117 840 149 867 et
172 835 276 867 fidem
301 835 337 867 in
364 836 467 869 nobis
494 835 763 875 confirmemus,
797 848 837 870 ac
863 843 1040 880 petamus,
1070 845 1107 870 ut

568 87 630 122 IV.
695 84 1064 122 ARGUMENTUM
1100 85 1149 121 IN
1186 84 1425 121 THRENOS
1461 85 1721 124 IEREMIAE.

1134 611 1137 629 Ι

1133 725 1137 754 ῑ,

1134 759 1136 776 ν

2087 89 2161 125 822

1169 178 1328 205 servetur
1357 179 1388 206 et
1420 181 1564 208 sanetur
1584 172 1761 214 Ecclesia,
1798 179 1831 207 et
1863 171 1927 206 hac
1960 185 2020 218 spe
2041 175 2158 208 studia

1168 223 1349 256 doetrinae
1381 224 1554 263 colamus,
1591 232 1625 259 et
1655 237 1728 259 non
1757 226 1958 258 deseramus
1981 226 2157 268 guberna-

1168 274 1312 307 tionem.

1269 324 1393 358 Tertio
1418 327 1564 359 vulnera
1586 326 1690 359 etiam
1709 334 1827 361 nostra
1846 337 2094 370 agnoscamUS‚
2122 333 2155 361 et

1167 375 1287 420 puniri
1311 383 1450 420 peccata
1476 377 1644 416 sciamus,
1671 389 1807 423 nosque
1829 379 1873 411 ad
1897 377 2153 422 poenitentiam

1165 427 1407 461 exuscitemus.
1455 426 1609 473 ideoque
1626 424 1820 462 Ecclesiam
1842 429 1937 462 cruci
1960 428 2152 463 subiectam

1164 489 1237 512 esse
1264 478 1433 519 sciamus,
1460 490 1504 511 ne
1529 479 1565 511 in
1593 478 1669 511 ocio
1685 485 1718 511 et
1736 479 1773 511 in
1794 480 1880 512 luxu
1898 488 2054 513 crescant
2070 492 2152 524 pra-

1165 541 1227 563 vae
1244 529 1474 573 cupiditateS,
1500 536 1538 563 ut
1557 529 1754 574 plerunque
1772 530 1847 562 fieri
1865 531 1963 565 solet.

1265 579 1415 624 Scripsit
1440 581 1604 613 Ieremias
1628 577 1695 613 hoc
1719 580 1868 623 lugubre
1892 593 2030 614 carmen
2045 608 2052 621 ,
2078 593 2151 614 non

1163 643 1244 665 suae
1275 638 1414 665 tantum
1441 632 1566 672 aetati,
1597 632 1654 664 sed
1681 632 1742 664 scit
1770 631 1843 664 eius
1866 632 2035 675 temporis
2060 632 2152 665 cala—

1163 683 1339 724 mitatem,
1374 682 1563 726 imaginem
1590 682 1781 716 multarum
1807 682 2006 725 ingentium
2031 683 2151 715 ruina-

1163 746 1241 766 rum
1268 745 1358 775 esse‚
1386 746 1476 779 quae
1498 740 1682 767 secuturae
1707 739 1825 774 erant,
1852 734 1890 765 in
1915 730 1971 765 his
1995 733 2070 765 vult
2088 745 2152 767 nos

1133 779 1136 801 ¹
1162 786 1285 818 eodem
1316 786 1423 819 modo
1448 792 1481 820 et
1504 785 1668 819 dolorum
1693 795 1811 818 causas
1836 790 1870 818 et
1894 783 2151 817 consolationes

1161 837 1399 870 considerare.

1646 2722 1729 2762 52*
