2379 2948
169 108 266 145 1155

167 202 307 229 sanctus
338 199 459 238 arguet
489 190 663 225 mundum
694 189 738 222 de
757 195 918 234 peccato,
951 189 1048 235 quod
1078 200 1152 222 non

170 247 319 280 credunt
341 245 377 277 in
394 255 461 277 me.

269 302 478 347 Corporales
494 312 576 333 vero
594 310 783 332 aerumnae
795 305 855 332 aut
872 299 1078 342 mitigantur
1093 303 1154 331 aut

168 356 355 391 tolluntur,
384 359 422 385 ut
438 351 579 385 Psalmo
597 349 888 394 quinquagesimo
903 351 1070 393 scriptum
1088 355 1152 382 est:

169 405 297 438 lnvoca
313 415 369 436 me
393 403 429 435 in
448 402 505 434 die
529 399 789 440 tribulationis,
815 407 848 433 et
869 400 1015 444 eripiam
1040 407 1094 440 te,
1121 405 1154 432 et

167 455 260 490 Psal.
287 452 384 488 144:
422 452 536 496 Prope
568 459 618 484 est
644 449 820 483 Dominus
855 451 1020 484 omnibus
1051 450 1153 482 invo-

167 506 331 540 cantibus
372 515 452 537 eum
488 503 527 535 in
559 501 721 541 veritate,
765 499 993 534 Voluntatem
1025 500 1153 534 timen-

167 556 257 590 tium
289 567 325 589 se
352 554 473 594 faciet,
520 559 553 586 et
581 551 863 595 deprecationem
891 563 1012 584 eorum
1048 563 1155 584 exau-

167 607 252 642 diet.
311 602 358 639 Et
386 605 429 637 de
468 603 686 646 mitigatione
721 602 837 647 inquit
874 601 1038 635 Ieremias
1079 603 1153 636 11.:

167 656 315 699 Corripe
341 667 397 688 me
423 655 460 687 in
485 654 635 693 iudicio,
670 664 742 685 non
767 653 804 684 in
828 653 957 686 furore.
1017 651 1153 685 Harum

168 706 443 750 promissionum
475 704 631 748 exempla
657 703 785 736 deinde
815 710 897 737 sunt
928 702 1154 736 liberationes

168 758 391 792 Sanctorum.

270 814 384 850 Simul
408 820 523 847 autem
555 812 755 845 intueamur
783 818 816 845 et
846 811 1097 856 promissiones
1124 818 1155 845 et

169 867 324 910 exempla
336 890 344 903 ‚
372 871 405 898 et
422 876 501 896 vera
518 863 584 895 fide
599 869 790 896 statuamus
806 874 870 895 nos
886 863 994 906 recipi
1013 869 1156 907 propter

168 917 300 950 Filium
316 914 400 955 Dei,
427 913 549 956 gratis,
576 913 663 946 sicut
681 912 808 956 recepti
823 919 905 946 sunt
916 913 1036 946 Aaron
1048 940 1056 953 ,
1082 912 1155 946 Da-

168 967 228 1000 vid
250 974 283 1000 et
300 966 372 1000 alii.
426 964 515 997 Vera
542 964 644 995 etiarn
668 975 728 1006 spe
750 963 1006 1006 mitigationem
1024 975 1155 1008 poena-

168 1030 247 1051 rum
265 1022 500 1060 expectemus,
528 1020 606 1047 tuos
623 1013 772 1056 gemitus
792 1013 895 1046 etiam
914 1026 994 1047 vere
1015 1015 1155 1058 respicit

168 1068 284 1107 Deus,
310 1066 376 1100 tibi
398 1065 473 1098 vult
497 1064 655 1106 mitigare
678 1064 907 1097 calamitates:
937 1076 1000 1097 nec
1020 1065 1155 1098 tribua-

168 1129 247 1152 mus
264 1110 340 1150 Deo
364 1111 698 1160 προσωποληψίαν,
726 1115 785 1147 sed
803 1115 952 1148 sciamus
974 1116 1154 1160 aequalem

170 1180 242 1202 esse
258 1167 424 1201 omnibus
442 1177 522 1198 vera
543 1165 610 1197 fide
627 1165 885 1199 invocantibus.

270 1227 366 1261 Haec
383 1226 543 1260 doctrina
563 1226 605 1257 de
621 1225 935 1268 promissionibus,
961 1226 1029 1259 fide
1051 1234 1081 1261 et
1097 1239 1158 1271 spe

169 1291 306 1324 semper
324 1278 437 1311 luceat
458 1277 495 1308 in
515 1276 709 1316 mentibus,
734 1283 767 1309 et
790 1276 927 1321 quoties
950 1276 987 1309 in
1009 1276 1158 1312 Psalmis
1181 1285 1184 1326 ἦ

170 1331 341 1376 petimus,
373 1335 413 1361 ut
437 1327 548 1359 nostri
577 1326 782 1358 misereatur
807 1326 920 1367 Deus,
956 1327 1158 1362 intueamur

170 1379 441 1425 promissiones,
474 1388 508 1409 es
532 1383 722 1409 statuamus
755 1377 911 1410 misereri
940 1389 1018 1410 eum
1045 1379 1156 1412 nostri

171 1437 314 1475 propter
333 1428 465 1461 Filium
482 1427 607 1470 gratis,
635 1432 667 1458 et
683 1426 961 1461 misericordiam
978 1428 1158 1462 universa-

171 1482 252 1515 liter
270 1479 434 1513 omnibus
458 1477 663 1521 promissam
689 1488 770 1511 esse.

272 1537 368 1571 Haec
385 1535 572 1580 applicatio
588 1533 809 1567 psalmorum
830 1536 873 1568 ad
895 1547 958 1569 nos
982 1536 1093 1580 ipsos,
1121 1537 1158 1568 in
1182 1561 1184 1579 ¹

170 1601 252 1623 vera
272 1587 495 1621 invocatione
521 1585 598 1629 plus
616 1584 703 1617 lucis
728 1585 880 1626 adseret,
906 1598 1010 1631 quam
1030 1587 1159 1631 prolixi
1182 1606 1185 1659 Ξ

172 1638 427 1674 commentarii.
1182 1664 1185 1699 Ξ

271 1697 335 1732 Est
371 1703 486 1730 autem
514 1694 573 1728 hic
599 1693 759 1727 Psalmus
786 1694 938 1737 precatio
966 1702 999 1729 et
1031 1697 1160 1738 gratia—
1183 1702 1185 1717 ²

174 1762 251 1784 rum
265 1748 368 1784 actio.
420 1746 560 1779 Primus
579 1757 697 1778 versus
716 1751 765 1778 est
783 1746 950 1789 precatio:
979 1743 1161 1780 flIiser-ere

174 1799 244 1833 mei
260 1797 380 1838 Deus,
408 1804 440 1831 et
466 1797 607 1829 additur
630 1796 801 1828 confessio
825 1796 925 1838 fidei,
955 1804 994 1830 ut
1012 1798 1160 1830 sciamus

175 1851 353 1896 quomodo
378 1847 612 1881 accedendum
637 1846 681 1879 sit
705 1847 748 1878 ad
773 1845 905 1886 Deum,
934 1855 962 1881 et
981 1850 1160 1892 quomodo

175 1903 383 1944 impetretur
398 1898 585 1934 auxilium,
612 1896 775 1929 videlicet
791 1897 868 1936 fide,
896 1910 985 1942 quae
1004 1906 1053 1932 est
1071 1899 1160 1932 fidu-

176 1952 228 1984 cia
245 1951 385 1983 intuens
402 1947 670 1991 promissionem
691 1945 774 1986 Dei,
801 1954 833 1980 et
850 1955 993 1992 propter
1016 1961 1094 1982 eum
1117 1951 1160 1982 ad
1184 1971 1186 1975 -

175 2001 290 2035 Deum
321 2000 497 2033 accedens.
552 1995 596 2029 Et
626 1997 826 2029 dulcissima
850 1997 1055 2042 metaphora
1081 2001 1161 2044 pin-
1184 1992 1187 2024 Ῑ

177 2053 227 2095 git
252 2050 510 2084 defensionem:
545 2044 640 2091 Tagi
661 2057 714 2079 me
745 2044 886 2091 confido
916 2049 1046 2083 umbra
1074 2049 1161 2083 ala-
1185 2070 1188 2072 v

178 2114 257 2136 rum
277 2105 444 2140 tuarum,
475 2098 564 2131 sicut
587 2098 737 2140 gallinae
756 2098 871 2141 pullos
889 2100 1112 2135 abscondunt
1130 2109 1163 2135 et

176 2160 310 2197 tegunt.
1187 2167 1190 2191 1

279 2202 422 2236 Tertius
444 2211 563 2233 versus
588 2198 730 2232 initium
761 2205 810 2232 est
836 2199 1025 2242 gratiarum
1054 2203 1163 2236 actio-
1187 2199 1190 2225 ἲ

178 2255 243 2287 nis.
298 2252 425 2286 Narrat
454 2252 548 2283 enim
582 2250 828 2282 liberationem
861 2259 1095 2294 praesentem,
1132 2228 1190 2295 et!

179 2306 271 2339 inter
287 2302 503 2336 narrandum
523 2301 764 2334 crudelitatem
793 2298 946 2334 hostium
966 2304 1164 2347 amplificat,
1188 2300 1190 2340 f

763 102 887 138 PHIL.
913 101 1029 139 MEL.
1057 101 1268 139 SCRIPTA
1294 101 1594 139 EXEGETICA.

1183 1750 1184 1753 =
1211 1731 1333 1763 dentes
1357 1730 1453 1763 falsis
1476 1731 1716 1774 opinionibus-

2089 103 2187 140 1136

1204 185 1286 222 dius
1313 193 1452 225 aculus,
1517 187 1607 223 Nam
1641 188 1786 233 spoliari
1819 188 1987 233 opinione
2018 188 2188 230 iusticiae,

1203 239 1362 273 acerbior
1379 241 1482 273 dolor
1499 246 1570 282 est,
1597 251 1703 284 quam
1721 240 1865 284 spoliari
1889 240 1978 280 vita,
2003 247 2042 273 ut
2055 241 2097 273 de
2114 238 2188 273 Da-

1203 290 1285 323 vide
1306 292 1534 335 spargebatur
1557 290 1699 335 opinio,
1732 290 1861 325 iniuste
1885 302 1963 324 eum
1992 289 2103 323 facere
2125 290 2188 336 qui

1203 351 1351 384 regnum
1374 354 1392 375 a
1417 341 1549 375 familia
1572 341 1666 385 regia
1691 341 1729 374 in
1752 353 1824 374 sese
1839 341 2027 375 transferre
2043 351 2188 374 conare-

1204 397 1281 432 tur,
1307 392 1343 425 id
1360 392 1493 425 crimen
1511 404 1615 436 grave
1632 398 1664 425 et
1681 391 1876 435 speciosum
1900 391 1983 432 fuit,
2010 398 2042 425 et
2059 391 2188 424 multos

1204 441 1241 474 in
1267 443 1398 486 populo
1422 443 1482 488 qui
1508 443 1598 476 bene
1621 443 1786 476 volebant
1800 442 1957 482 'Davidi,
1983 440 2188 485 perterrefe-

1204 492 1271 533 cit,
1296 505 1341 525 ne
1362 505 1442 526 eum
1465 494 1713 534 defenderent,
1740 494 1821 538 quia
1847 492 2011 526 refutatio
2037 491 2188 525 difficilis

1205 549 1288 576 erat.
1342 542 1400 577 Sic
1422 556 1522 588 saepe
1545 544 1630 577 alias
1645 542 1800 578 Ecclesia
1823 543 2031 577 dissentiens
2053 554 2071 575 a
2093 553 2189 575 sum-

1206 593 1271 626 mis
1294 593 1470 637 imperiis,
1504 594 1635 628 dicitur
1669 606 1740 628 esse
1771 595 1953 634 seditiosa,
1987 600 2021 627 et
2046 598 2188 637 propter

1206 656 1427 677 communem
1445 657 1563 688 pacem
1579 645 1821 688 opprimenda.
1872 644 2107 678 Durissimum
2125 654 2189 676 au-

1205 701 1274 728 tem
1297 701 1347 728 est
1372 695 1561 728 moderatis
1583 692 1788 729 hominibus
1811 696 1982 728 sustinere
2016 692 2082 727 hoc
2106 705 2189 739 pro-

1206 746 1329 785 brum,
1363 747 1457 790 quod
1482 747 1553 780 sint
1575 745 1751 784 seditiosi,
1787 746 1920 779 inimici
1953 745 2067 779 civilis
2101 755 2189 778 con-

1206 795 1345 829 cordiae
1364 803 1396 829 et
1412 797 1514 840 pacis,
1541 804 1572 830 et
1591 797 1683 841 quod
1701 796 1891 830 dilacerent
1908 794 2098 830 Ecclesiam
2114 795 2190 828 sine

1207 846 1297 879 veris
1313 853 1345 880 et
1361 847 1496 890 magnis
1513 847 1644 890 causis,
1672 848 1765 891 quod
1781 847 1851 880 sint
1866 843 2115 891 σχισματικοὶ,
2136 845 2190 878 fa-

1207 908 1261 930 ces
1286 897 1514 930 dissidiorum
1541 905 1573 932 et
1597 897 1789 938 bellorum,
1824 904 1857 931 et
1880 897 2104 941 dissipatores
2130 906 2190 939 ge-

1209 947 1303 981 neris
1329 945 1488 984 humani.

1309 1005 1447 1040 Deinde
1469 1007 1621 1041 atrocius
1642 1007 1747 1041 etiam
1773 1013 1821 1040 est
1846 1006 1977 1040 crimen
1999 1004 2191 1046 haereseos,

1208 1069 1287 1090 cum
1320 1055 1522 1103 hypocritae
1551 1058 1732 1091 clamitant
1755 1069 1819 1090 nos
1839 1056 1953 1090 Deum
1977 1056 2191 1090 contumelia

1209 1108 1364 1149 afficere,
1396 1120 1620 1153 corrumpere
1650 1108 1868 1148 doctrinam,
1902 1107 2042 1141 abolere
2073 1118 2192 1139 neces-

1209 1158 1317 1191 sarios
1341 1159 1454 1192 cultus
1474 1160 1560 1200 Dei,
1589 1159 1783 1202 excogitare
1806 1159 1921 1197 idola,
1949 1158 2037 1192 sicut
2053 1164 2192 1191 utrum-

1209 1221 1277 1254 que
1300 1209 1435 1242 crimen
1458 1209 1550 1243 Filio
1573 1208 1639 1243 Dei
1664 1210 1912 1243 obiiciebatur:
1939 1206 2193 1253 blasphemiam

1209 1260 1423 1293 obiiciehant
1452 1273 1530 1293 cum
1565 1261 1737 1293 dicerent:
1773 1259 1904 1293 Filium
1935 1259 2002 1293 Dei
2033 1271 2067 1293 se
2098 1257 2192 1292 facit.

1208 1310 1261 1342 De
1279 1311 1450 1343 seditione
1471 1311 1660 1354 speciosior
1685 1311 1856 1343 accusatio
1880 1316 1953 1343 erat
1977 1311 2070 1354 apud
2097 1308 2193 1342 Pila-

1209 1367 1301 1394 tum:
1330 1359 1402 1403 Qui
1421 1373 1457 1394 se
1472 1373 1588 1404 regem
1607 1361 1706 1401 facit,
1734 1358 1843 1394 hostis
1859 1366 1909 1392 est
1926 1358 2095 1393 Caesaris.

1312 1427 1403 1461 Sunt
1426 1434 1540 1461 autem
1564 1425 1649 1461 haec
1667 1429 1738 1460 duo
1756 1427 1904 1460 crimina
1920 1426 2079 1460 omnium
2098 1432 2194 1461 atro-

1210 1478 1346 1511 cissima
1371 1485 1403 1512 et
1427 1490 1580 1521 summa,
1615 1476 1833 1520 blasphemia
1859 1484 1892 1510 et
1916 1477 2053 1511 seditio.
2115 1476 2194 1510 Pri-

1211 1541 1301 1561 mam
1327 1529 1481 1571 decalogi
1510 1529 1665 1561 tabulam
1686 1529 1777 1561 delet
1799 1524 2036 1571 blasphemia,
2069 1538 2195 1561 secun-

1211 1581 1290 1612 dam
1315 1579 1469 1612 tabulam
1494 1579 1617 1611 evertit
1643 1578 1776 1611 seditio.
1843 1577 1963 1621 Quare
1985 1590 2121 1612 necesse
2144 1585 2195 1613 est

1211 1640 1332 1662 omnes
1357 1629 1509 1672 primum
1533 1641 1667 1662 summa
1690 1628 1868 1672 vigilantia
1887 1641 2026 1670 curare,
2048 1632 2196 1663 ufrecte

1212 1680 1380 1719 sentiant,
1407 1692 1471 1712 nec
1497 1680 1708 1713 contumelia
1733 1680 1885 1712 afficiant
1909 1677 2022 1712 Deum
2047 1680 2195 1723 applau-

1770 1729 1909 1763 Deinde
1933 1742 1977 1763 ne
2001 1730 2085 1775 quid
2102 1730 2195 1764 sedi-

1213 1781 1298 1814 tiose
1323 1781 1464 1816 faciant.
1519 1781 1681 1825 Cumque
1703 1793 1800 1814 mens
1819 1787 1912 1813 recte
1930 1781 2035 1814 sentit
2053 1788 2086 1815 et
2103 1779 2195 1814 nihil

1213 1832 1294 1864 facit
1325 1832 1510 1872 seditiose,
1549 1843 1673 1874 magno
1702 1832 1831 1864 deinde
1853 1832 1980 1864 robore
2003 1831 2084 1864 fidei
2107 1843 2195 1876 opus

1213 1889 1262 1915 est
1286 1894 1329 1914 ne
1353 1882 1490 1915 deficiat
1510 1895 1528 1916 a
1546 1883 1709 1923 veritate,
1737 1894 1815 1915 cum
1835 1879 1918 1915 haec
1937 1881 2084 1915 crimina
2103 1883 2195 1916 obii-

1213 1933 1366 1967 ciuntur.

1314 1992 1425 2036 Saepe
1448 1992 1556 2035 igitur
1581 2004 1646 2025 vox
1671 1991 1791 2025 divina
1816 2003 1880 2024 nos
1902 1992 2123 2033 consolatur,
2157 2000 2197 2028 ut

1215 2040 1343 2077 Mauh.
1361 2042 1395 2078 5.
1419 2043 1564 2076 dicitur:
1592 2041 1691 2076 Beati
1714 2043 1810 2075 eritis
1833 2054 1910 2075 cum
1934 2043 2052 2076 dicent
2071 2044 2196 2077 adver-

1214 2105 1271 2126 sus
1288 2105 1348 2126 vos
1367 2101 1509 2138 propter
1524 2105 1587 2133 me,
1615 2105 1717 2125 omne
1732 2093 1862 2126 malum
1881 2093 2099 2130 mentientes.
2150 2093 2197 2129 Et

1214 2143 1338 2177 Esaiae
1363 2143 1442 2180 51.:
1480 2145 1529 2178 Ne
1557 2143 1708 2177 timeatis
1732 2144 1859 2187 probra
1884 2141 2081 2180 hominum.

1318 2202 1462 2248 Reliqui
1486 2214 1604 2236 versus
1627 2215 1736 2248 usque
1764 2204 1805 2236 ad
1832 2210 1993 2237 octavum
2022 2204 2197 2248 pertinent

1216 2255 1258 2287 ad
1276 2255 1512 2287 narrationem
1531 2253 1766 2297 periculorum
1785 2261 1816 2286 et
1833 2254 2062 2289 liberationis.

1317 2311 1474 2346 Octavus
1497 2324 1615 2346 versus
1632 2319 1680 2346 est
1699 2314 1889 2356 gratiarum
1905 2314 2010 2348 actio:
2039 2311 2196 2360 Exurge

180 2363 212 2389 θῑ
234 2356 270 2388 ln
294 2360 418 2412 qua-‘¹⁰
443 2363 545 2385 *⁰¹⁸⁵ss
569 2351 778 2408 ‘'Pn'finfffim
802 2351 984 2409 exprim-it,
1008 2355 1072 2411 *qni
1095 2355 1165 2388 ⁵3⁰1
1188 2360 1190 2393 Ῑ
1215 2362 1340 2410 gloria
1372 2375 1469 2401 mea,
1502 2371 1535 2397 et
1561 2371 1610 2396 est
1635 2364 1860 2409 metonymia.
1911 2363 2000 2398 Nam
2028 2362 2195 2398 citharam

180 2406 370 2488 {aevis-SUB!
398 2410 429 2436 Εἴ
461 2409 703 2460 ssqCsssstlSSlffll
737 2399 869 2459 Ῑξῡδῑθδ,
910 2404 1090 2489 ἪᾷθῙΙῡθῑΙ)
1107 2418 1164 2438 ⁶³-
1188 2418 1192 2471 Ξ
1217 2421 1317 2448 vocat
1342 2426 1442 2447 suum
1461 2415 1585 2454 decus,
1613 2414 1701 2448 sicut
1719 2414 1857 2448 Musico
1881 2422 2127 2449 ornamentum
2146 2422 2196 2449 est

197 2463 428 2493 Uffln¹³10f25³
453 2466 512 2497 ‘³¹²¹
539 2464 676 2510 mmm-¹¹
711 2464 919 2486 “¹¹⁵‘31'01'um
949 2466 1064 2513 Imp-FO
1094 2463 1166 2497 ΜΠ,
1189 2489 1191 2496 ⁴
1218 2463 1369 2505 cithara,
1397 2476 1465 2509 qua
1488 2465 1581 2498 canit
1604 2466 1721 2498 laudes
1746 2464 1823 2500 Dei.
1876 2465 1986 2509 Saepe
2002 2472 2117 2498 autem
2141 2465 2197 2498 di-

182 2514 215 2540 et
234 2506 362 2562 popvlo
389 2504 618 2548 Persuadent,
653 2510 779 2560 lus-[³¹¹¹
805 2509 838 2536 θῑ
862 2515 1089 2539 necessarum]
1113 2519 1166 2540 58-
1189 2499 1192 2563 Ξ
1218 2523 1310 2549 ctum
1332 2522 1381 2548 est
1399 2513 1463 2548 hos
1481 2514 1636 2549 Psalmos
1655 2516 1734 2549 ideo
1754 2517 1900 2560 scriptos
1917 2527 2006 2559 esse,
2035 2523 2074 2550 ut
2090 2516 2197 2549 bene-

182 2563 362 2588 Vffl'fflssem
382 2566 460 2596 erga
483 2566 539 2587 00⁵
562 2565 727 2587 exercem·
1189 2570 1192 2598 Ξ
1219 2567 1293 2599 ficia
1312 2565 1377 2599 Dei
1399 2566 1619 2599 celebrentur
1641 2567 1677 2599 in
1697 2564 1870 2607 Ecclesia,
1897 2574 1931 2601 et
1952 2564 2007 2599 his
2032 2567 2197 2611 exemplis

283 2612 335 2647 De
368 2609 421 2644 his
453 2611 765 2645 calumniatoribus
797 2612 956 2657 loquitur
991 2626 1068 2647 cum
1102 2615 1165 2648 ait:
1191 2642 1193 2646 ,
1221 2617 1463 2650 liberationem
1488 2617 1683 2650 invitentur
1706 2617 1765 2650 alii
1789 2618 1832 2649 ad
1848 2628 1963 2650 veram
1981 2617 2197 2660 agnitionem

184 2663 322 2698 Dentes
337 2673 458 2694 eorum
474 2658 585 2694 hasla
603 2666 708 2703 sunt,
735 2667 765 2696 et
789 2661 921 2708 lingua
946 2675 1065 2698 eorum
1080 2663 1167 2711 gla-
1220 2666 1305 2709 Dei,
1340 2668 1381 2701 ad
1416 2668 1519 2700 fidem
1550 2675 1583 2701 et
1617 2667 1885 2703 invocationem.
1953 2667 2034 2701 Ideo
2066 2668 2195 2712 inquit:
