2379 2948
138 92 213 130 497
769 96 830 134 tv,

139 177 319 220 hortetur,
348 192 420 214 nou
442 181 582 224 inci-tet,
610 190 648 217 ut
667 183 852 227 complecti
869 183 1076 217 Ciceronem
1096 189 1128 216 et

883 95 1162 132 ELEMENTA
1199 95 1536 138 RHETORlCES.
2105 110 2176 145 498

1280 180 1371 215 Cum
1389 184 1496 227 igituJ
1516 187 1737 234 eloquentiae
1755 192 1904 225 studiosi
1926 196 2112 240 praecipue
2138 198 2173 230 in

139 230 174 262 in
195 242 274 263 eum
292 237 363 264 tota
391 240 525 274 mente,
553 240 697 279 totoque
721 234 840 267 animo
867 233 999 267 intueri
1026 240 1059 267 et
1082 235 1125 266 ad
1179 229 1243 265 hac
1267 240 1364 276 parte
1392 236 1574 271 elaborare
1596 241 1766 283 debeant,
1796 251 1834 277 ut
1859 243 2065 279 Ciceronem
2094 248 2173 280 imi-

138 280 250 324 ipsius
274 283 492 327 exemplum,
521 291 632 318 totum
666 296 701 317 se
732 296 944 328 componere
979 285 1126 325 studeat,
1178 289 1299 316 tentor
1316 291 1420 329 atque
1437 288 1615 330 effingam,
1647 301 1829 337 praecepta
1848 298 2018 340 quaedam
2040 299 2171 331 adscri-

137 339 193 372 ut,
222 340 394 377 quantum
411 335 571 378 ingenio,
598 335 844 380 industriaque
868 336 1036 380 consequi
1061 348 1126 379 po-
1152 353 1153 383 l
1179 335 1322 372 bemus,
1352 342 1390 368 ut
1408 336 1604 380 intelligere
1630 345 1922 386 compositionem
1947 349 2096 381 studiosi
2121 351 2172 382 l'a-

137 384 234 424 terit,
262 396 335 417 non
355 392 489 418 tantuin
504 386 547 418 ab
572 397 611 418 eo
633 387 739 419 verba
767 398 806 418 ac
830 384 973 431 phrasin
1001 393 1126 427 sumat,

136 437 194 467 sed
213 435 317 468 etiam
335 436 473 478 effingat
492 436 795 480 compositionem.
840 437 920 479 Qua
937 438 974 470 in
993 450 1028 470 re
1047 449 1125 470 suc-
1150 451 1151 458 ¹

137 497 251 519 cessus
274 498 346 519 non
374 493 424 519 est
447 487 686 530 desperandus
712 485 783 528 his,
815 489 876 534 qui
901 489 1125 521 mediocriter
1150 485 1152 503 ²

137 548 155 569 a
181 544 306 571 natura
332 537 556 571 adiuvantur.
609 538 733 584 Neque
758 550 821 582 ego
846 540 889 573 ab
914 540 993 572 aliis
1023 540 1124 573 bonis

136 588 320 622 autoribus
337 584 431 620 hunc
455 588 667 623 imitatorem
694 592 885 624 arcendum
912 599 1014 635 puto,
1042 603 1123 623 nam

136 639 180 672 ab
213 636 266 671 his
295 650 436 684 quoque
469 640 715 681 adiuvabitur,
759 654 880 675 verum
909 649 947 675 ut
972 654 989 675 a
1013 642 1124 685 poetis

137 696 273 729 orator,
305 696 366 723 aut
388 702 406 722 a
431 690 627 734 pictoribus
652 693 851 727 statuarius.
908 692 1123 738 Quanquam

135 741 228 774 enim
247 740 455 782 statuarius,
483 743 635 776 multum
654 745 698 777 ab
713 751 786 777 arte
811 744 928 777 vicina
953 745 997 777 ad
1021 755 1124 777 suum

137 803 239 825 usum
255 792 445 825 transferre
461 794 610 837 poterit,
636 802 751 828 tamen
768 795 815 828 ita
833 795 898 828 erit
914 795 1071 828 intentus
1087 794 1124 827 in

132 843 217 876 artis
256 853 338 876 suae
367 845 565 888 exemplum
590 852 695 891 atque
720 847 853 887 ideam,
886 853 925 880 ut
952 847 1125 883 observet,

134 905 224 938 quae
241 906 320 927 cum
347 895 407 928 illa
434 895 510 929 idea
535 898 773 937 consentiant,
802 910 845 930 ne
871 898 993 942 procul
1019 898 1062 930 ab
1087 909 1124 929 ea

134 947 300 980 discedat.
340 945 462 991 Neque
482 959 563 981 vero
582 948 610 980 is
628 949 758 982 imitari
777 947 983 982 Ciceronem
1003 949 1124 982 dicen-

135 999 201 1032 dus
218 1004 285 1037 est,
311 997 374 1043 qui
392 1005 569 1042 excerptas
593 1011 631 1032 ex
648 1000 710 1033 illo
729 1001 923 1034 sententias
939 1012 977 1034 ac
994 1012 1125 1039 versus,

134 1049 235 1096 quasi
267 1047 445 1082 Centones
474 1051 631 1091 consuit,
673 1053 976 1096 quemadmodum
1011 1053 1124 1085 facere

133 1100 328 1135 nonnullos
351 1101 521 1134 videmus.
557 1101 626 1135 Sed
650 1100 723 1141 ἕξιν
743 1103 811 1136 sibi
835 1103 984 1148 quisque
1009 1103 1124 1140 saciat,
1150 1106 1152 1122 ³

134 1160 174 1186 ut
191 1152 285 1186 ultro
302 1163 337 1185 se
355 1150 536 1186 Ciceronis
553 1153 658 1187 verba
678 1154 847 1195 offerant,
872 1167 960 1199 quae
980 1167 1058 1187 cum
1078 1154 1123 1187 ita

135 1203 396 1247 coniungimuS,
425 1210 464 1237 ut
481 1215 536 1237 res
555 1211 693 1238 nostras
711 1206 898 1250 explicent,
915 1213 1033 1240 tamen
1053 1205 1125 1239 col—

135 1255 262 1289 locatio
286 1262 319 1289 et
343 1255 449 1288 series
473 1255 626 1299 partium
653 1258 756 1290 debet
784 1255 913 1290 habere
945 1258 1122 1303 quandam

133 1306 317 1338 Ciceronis
342 1306 626 1342 similitudinem.
679 1307 866 1341 Caeterum
890 1316 928 1342 ut
950 1309 1125 1353 Virgilius

132 1357 176 1391 ab
194 1354 352 1388 Homero
369 1354 500 1387 multos
520 1366 640 1388 versus
658 1360 828 1399 sumpsit,
860 1360 908 1390 ita
930 1361 1068 1391 decebit
1091 1367 1124 1390 ct

132 1419 196 1442 nos
212 1406 393 1440 interdum
412 1405 556 1450 aliquod
576 1407 776 1440 membrum
795 1407 940 1441 aliunde
956 1409 1125 1449 mutuari,

132 1460 161 1492 si
177 1466 295 1494 tamen
315 1453 488 1490 habeatur
512 1457 601 1490 ratio
627 1458 757 1491 decori.
811 1458 1047 1493 Serviendnm
1075 1467 1125 1493 est

133 1511 228 1545 enim
249 1507 470 1552 temporibus
494 1520 532 1541 ac
555 1508 658 1548 locis,
686 1511 986 1554 quemadmodum
1003 1510 1123 1555 Virgi-

132 1564 218 1599 lius,
248 1560 311 1593 etsi
332 1560 374 1591 ad
400 1559 587 1602 imaginem
607 1559 757 1594 Homeri
782 1574 815 1595 se
840 1569 953 1596 totum
978 1575 1122 1607 compo-

132 1613 218 1651 suit,
247 1618 366 1645 tamen
385 1610 446 1643 illa
465 1611 658 1654 prudenter
678 1613 811 1656 vitavit,
842 1626 930 1659 quae
947 1613 1122 1648 Romanis

132 1664 292 1701 moribus
316 1674 389 1694 non
410 1663 662 1704 congruebant.
716 1662 768 1696 Ac
788 1677 831 1697 ne
850 1666 954 1698 verba
977 1666 1121 1710 quidem

132 1713 333 1761 repudiabit
349 1712 514 1753 imitator,
534 1713 694 1758 quamvis
712 1714 830 1757 ignota
841 1714 1017 1757 Ciceroni,
1034 1729 1120 1762 quae

132 1778 234 1803 causa
245 1764 410 1810 postulat,
428 1771 464 1797 ut
479 1764 515 1812 iu
528 1765 780 1798 controversiis
797 1764 1004 1810 theologicis
1019 1775 1121 1802 uten-

131 1822 217 1854 dum
239 1823 289 1850 est
313 1815 612 1860 appellatioiiibus
629 1814 786 1858 Christi,
814 1816 1011 1860 Ecclesiae,
1040 1820 1120 1852 fidei
1147 1828 1149 1832 '

132 1883 195 1917 pro
219 1867 365 1907 fiducia,
400 1873 432 1900 et
454 1866 533 1899 aliis
562 1867 749 1907 similibus,
814 1868 910 1912 Quia
942 1870 1037 1903 enim
1067 1883 1122 1904 res

130 1923 210 1957 illas
224 1932 242 1953 a
261 1918 367 1952 sacris
385 1917 497 1952 literis
515 1924 735 1960 mutuamur,
764 1931 962 1954 sermonem
978 1922 1121 1955 illarum

132 1987 171 2009 eo
187 1982 252 2006 nos
269 1969 369 2016 sequi
389 1976 544 2013 oportet,
572 1981 616 2002 ne
640 1982 694 2003 res
719 1971 964 2006 dissentientes
990 1985 1007 2006 a
1037 1974 1120 2006 scri-

132 2023 245 2070 pturis
263 2022 388 2055 afferre
412 2020 606 2054 videamur.
663 2022 783 2064 Quare
808 2024 934 2057 merito
960 2025 1122 2058 ridentur

133 2073 245 2119 inepti
265 2073 428 2118 quidam,
464 2072 523 2117 qui
548 2085 611 2116 pro
638 2073 706 2106 fide
739 2075 1022 2117 persuasionem,
1055 2088 1119 2119 pro

130 2124 326 2168 Evangelio
345 2123 528 2157 coelestem
548 2121 828 2169 Philosophiam,
854 2133 886 2160 et
907 2126 974 2159 alia
992 2127 1120 2160 similia

134 2179 274 2215 dicunt,
302 2175 339 2208 in
357 2175 486 2219 quibus
503 2186 603 2219 saepe
630 2176 686 2217 fit,
714 2183 751 2210 ut
772 2176 988 2211 Germanam
1010 2178 1120 2222 signi-

132 2228 330 2264 ficationem
353 2225 495 2259 illarum
525 2239 650 2260 vocum
673 2240 759 2273 quas
789 2237 1023 2274 aspernantur
1047 2243 1120 2264 non

133 2280 295 2316 reddant·
353 2274 395 2308 Id
425 2289 496 2310 non
522 2285 573 2312 est
595 2278 774 2313 illustrare
796 2293 850 2314 res
878 2281 1038 2315 difficiles
1066 2282 1120 2315 di-

133 2331 266 2370 cendo,
294 2328 353 2361 sed
378 2328 566 2362 obscurare
589 2337 692 2375 atque
721 2343 958 2376 corrumpere.
1022 2333 1119 2376 Quid

133 2383 229 2430 quod
253 2380 310 2413 isti
335 2378 514 2412 somniant
548 2380 802 2421 imitationem,
838 2396 909 2417 non
940 2381 1061 2428 phrasi
1090 2392 1122 2419 et

133 2431 386 2471 collocatione,
413 2430 470 2463 sed
498 2429 536 2462 in
558 2431 705 2475 singulis
728 2435 846 2468 verbis
872 2436 969 2469 esse?
996 2437 1120 2482 quain

133 2498 170 2520 re
193 2482 377 2530 pueriliter
404 2487 533 2516 errant.
586 2482 674 2516 Nam
701 2483 822 2519 Cicero
850 2487 988 2521 etiamsi
1010 2488 1122 2523 inter-

134 2539 219 2572 dum
236 2533 353 2568 verbis
363 2533 528 2566 utebatur
542 2531 669 2575 ignotis
687 2537 817 2579 populo
826 2536 1005 2580 Romano,
1029 2540 1121 2573 mul-

134 2595 168 2622 ta
179 2587 275 2622 enim
293 2597 313 2619 a
330 2581 560 2628 Philosophis
578 2591 662 2617 etex
675 2584 818 2621 Graecis
828 2586 987 2623 historiis
1001 2591 1121 2631 sumit,

133 2647 248 2674 tamen
258 2635 492 2672 Ciceroni-ano
501 2647 599 2668 more
609 2635 757 2670 dicebat.
772 2638 969 2674 Collocatio
980 2642 1073 2675 enim
1090 2650 1123 2676 et

136 2690 340 2724 universum
357 2698 484 2731 corpus
495 2686 669 2720 orationis
677 2685 884 2723 Ciceronem
902 2691 1084 2727 referebat.

184 2743 359 2774 Mun-Tu.
390 2740 492 2772 Ortn.
518 2739 600 2771 Von.
630 2738 723 2771 XIII.

1178 385 1281 417 cilius
1306 386 1454 429 possint.
1496 388 1630 432 Legent
1655 394 1748 425 enim
1767 395 1973 430 Ciceronem
2000 399 2171 433 libentius

1179 442 1210 469 et
1229 437 1375 481 propius
1402 439 1618 482 expriment,
1647 443 1675 474 si
1701 444 1848 479 virtutes
1878 448 2089 493 intelligent.
2124 449 2171 484 Et

1178 487 1346 532 quoniam
1372 489 1414 521 de
1443 490 1641 524 imitatione
1666 493 1825 527 locorum
1858 497 2092 542 inventionis,
2128 504 2172 534 de

1178 538 1413 573 similitudine
1429 541 1684 585 dispositionis,
1713 545 1795 578 item
1811 548 1999 583 verborum
2015 560 2045 585 et
2065 551 2170 596 phra-

1178 590 1223 622 sis
1242 590 1407 631 diximus,
1436 593 1614 638 reliquum
1634 601 1694 633 est,
1712 602 1750 628 ut
1766 596 1858 630 viam
1878 603 2054 644 quandam
2074 616 2170 637 com-

1178 641 1334 684 ponendi
1353 644 1592 680 ostendamus,

1281 691 1442 726 Primum
1462 695 1497 727 in
1519 697 1776 740 compositione
1796 708 2023 745 praeceptum
2046 712 2106 743 est,
2131 714 2170 740 ut

1178 742 1222 775 sit
1256 743 1369 777 iustus
1396 747 1483 779 ordo
1509 748 1783 789 sententiarum,
1819 763 1922 795 quem
1954 754 2098 798 quidem
2133 757 2168 789 in

1179 795 1383 828 narratione
1403 809 1462 830 seu
1481 799 1698 842 expositione
1714 801 1795 834 facti
1822 813 1960 836 servare
1984 805 2085 838 facile
2111 815 2171 843 est.

1179 843 1313 878 Verum
1330 847 1366 878 in
1386 849 1538 882 exordiis
1556 857 1587 883 et
1605 851 1641 883 in
1658 852 1929 893 probationibus
1946 868 2084 890 servare
2100 859 2170 891 dif-

1178 894 1305 929 ficilius
1323 905 1382 931 est.
1435 899 1595 933 Primum
1612 910 1726 935 autem
1745 905 1828 946 poni
1848 905 1935 939 solet
1951 907 2066 952 aliqua
2089 921 2171 952 pro-

1178 948 1306 991 positio
1330 961 1412 982 suae
1438 951 1608 997 cuiusque
1634 954 1742 996 partis
1761 955 1796 987 in
1819 956 1992 993 oratione.
2032 958 2171 994 Deinde

1177 999 1366 1033 subiicitur
1388 1002 1493 1042 ratio,
1530 1010 1648 1047 postea
1676 1006 1838 1050 seqnitur
1863 1008 2011 1041 rationis
2035 1014 2170 1055 exposi-

1178 1050 1238 1090 tio,
1262 1058 1324 1084 aut
1340 1053 1578 1096 amplificatio,
1608 1055 1786 1089 interdum
1804 1059 1964 1104 sequitur
1978 1061 2092 1095 simile
2111 1072 2171 1098 aut

1177 1101 1366 1143 dissimile,
1394 1111 1453 1138 aut
1472 1106 1712 1146 adversativa,
1741 1121 1829 1153 quae
1847 1111 1946 1155 quasi
1964 1123 2076 1146 novae
2092 1127 2172 1149 ora-

1178 1152 1284 1189 tionis
1313 1153 1455 1188 initiu'm
1483 1164 1545 1191 est.
1606 1156 1652 1192 Et
1677 1159 1712 1191 in
1734 1157 1787 1193 his
1815 1161 1975 1204 partibus
1999 1174 2170 1210 perpetuo

1178 1212 1336 1239 versatur
1359 1205 1541 1242 Ciceronis
1565 1210 1690 1243 oratio.
1753 1210 1828 1244 Alii
1854 1223 2062 1249 coacervant
2089 1229 2171 1251 sen-

1177 1256 1304 1289 tentias
1321 1257 1462 1301 longius
1478 1260 1570 1292 inter
1586 1272 1620 1294 se
1636 1261 1815 1303 distantes,
1843 1270 1875 1297 et
1895 1265 2099 1312 plaerasque
2117 1282 2171 1302 re-

1178 1307 1348 1352 linquunt
1367 1311 1466 1353 quasi
1489 1317 1686 1352 truncatas,
1714 1320 1746 1346 et
1772 1326 2031 1359 nonuunquam
2058 1321 2171 1353 admi-

1176 1363 1273 1389 scent
1289 1358 1433 1392 alienas.
1469 1357 1516 1392 At
1536 1360 1662 1394 Cicero
1682 1369 1760 1405 apte
1780 1365 2026 1408 complectitur
2041 1372 2172 1410 omnia,

1176 1419 1266 1453 quae
1287 1409 1330 1440 ad
1357 1421 1429 1442 rem
1454 1411 1652 1454 pertinent,
1689 1425 1799 1458 eaque
1826 1415 1871 1448 ita
1898 1420 2095 1461 connectit,
2132 1430 2171 1455 ut

1176 1459 1270 1492 inter
1284 1472 1319 1492 se
1343 1461 1501 1495 membra
1527 1464 1686 1506 proxime
1712 1463 1943 1511 cohaereant,
1974 1470 2069 1505 velut
2095 1474 2171 1506 dia-

1176 1510 1317 1544 lecticae
1335 1513 1580 1556 probationes,
1634 1513 1680 1549 Et
1713 1517 1798 1550 dum
1831 1518 1924 1552 inter
1961 1519 2044 1555 haec
2075 1533 2170 1568 septa

1176 1559 1336 1596 cohercet
1357 1564 1575 1605 orationem,
1606 1564 1698 1600 nihil
1721 1567 1966 1613 intempestive
1992 1573 2171 1609 intertexit

1175 1613 1351 1654 alienum,
1388 1622 1420 1648 ct
1452 1613 1634 1650 inchoatas
1661 1621 1853 1654 sententias
1877 1622 2030 1658 absolvit
2053 1633 2084 1659 et
2111 1639 2171 1660 ex-

1175 1665 1346 1698 aedificat.
1399 1664 1611 1711 Exemplum
1632 1682 1810 1704 sumemus
1826 1678 2042 1708 exoratione
2059 1678 2171 1711 notis-

1174 1716 1259 1749 sima
1280 1729 1342 1760 pro
1362 1715 1504 1759 Archia,
1534 1720 1593 1752 ubi
1612 1721 1723 1764 prima
1742 1724 1877 1756 exordii
1895 1727 2090 1769 propositio
2108 1736 2170 1764 est.

1174 1767 1293 1800 Debeo
1319 1767 1471 1802 Archiae
1498 1771 1643 1804 reddere
1670 1774 1818 1815 gratiam
1845 1787 1884 1807 ex
1916 1773 1979 1809 hac
2004 1779 2170 1813 facultate

1175 1819 1328 1855 dicendi.
1382 1819 1478 1853 Ilaec
1514 1828 1563 1854 est
1602 1824 1696 1855 enim
1731 1835 1865 1859 summa
1903 1830 2169 1872 propositioniS,

1175 1883 1280 1915 quam
1308 1871 1447 1904 vestivit
1470 1870 1592 1905 Cicero
1618 1874 1830 1919 quibusdam
1858 1882 2097 1920 ornamentis,
2130 1890 2169 1915 ut

1175 1934 1282 1955 sonus
1300 1930 1385 1956 esset
1407 1923 1557 1966 plenior.
1595 1924 1766 1970 Sequitur
1782 1928 1890 1968 ratio,
1916 1931 1997 1975 quia
2018 1931 2168 1966 Archias

1175 1973 1310 2006 adiuvit
1328 1971 1413 2006 haec
1431 1986 1507 2007 inea
1529 1976 1643 2008 studia
1663 1977 1895 2022 eloquentiae.
1948 1980 2088 2016 Deinde
2114 1997 2169 2017 se-

1174 2024 1297 2069 quitur
1323 2024 1503 2057 conclusio
1534 2028 1733 2069 argumenti
1767 2042 1829 2074 per
1856 2035 2167 2076 comparationem.

1174 2074 1267 2118 Ergo
1293 2076 1322 2108 si
1346 2076 1424 2108 aliis
1447 2077 1649 2122 eloquentia
1675 2091 1750 2112 mea
1772 2094 1873 2125 opem
1893 2084 1989 2123 tulit,
2018 2087 2168 2119 maxime

1173 2128 1276 2161 debet
1295 2127 1351 2160 isti
1369 2139 1470 2171 opem
1491 2128 1595 2169 ferre,
1622 2142 1640 2162 a
1657 2143 1726 2175 quo
1744 2133 1863 2166 adiuta
1882 2141 1942 2166 est.
1970 2134 2094 2170 Postea
2111 2149 2167 2170 se-

1173 2179 1295 2225 quitur
1310 2179 1549 2221 adversativa,
1577 2182 1763 2216 continens
1781 2196 1911 2217 novum
1938 2185 2072 2226 locum,
2103 2201 2166 2221 no-

1174 2242 1252 2263 vam
1270 2230 1562 2275 propositionem.
1616 2231 1696 2266 Non
1718 2241 1767 2267 est
1788 2235 1959 2277 alienum,
1989 2246 2165 2272 oratorem

1173 2294 1190 2315 a
1208 2283 1311 2326 poe'ta
1332 2282 1505 2315 adiuvari.
1559 2281 1685 2324 Ratio,
1713 2285 1795 2330 quia
1816 2298 1937 2320 omnes
1958 2296 2048 2322 artes
2074 2291 2166 2324 inter

1173 2346 1208 2366 se
1228 2340 1395 2377 cognatae
1412 2341 1515 2375 sunt,
1538 2346 1646 2379 quare
1665 2335 1732 2368 alia
1754 2336 1899 2371 adiuvat
1924 2339 2041 2376 aliam.
2095 2340 2165 2375 Po-

1172 2392 1300 2419 stremo
1319 2385 1480 2430 sequitur
1496 2386 1563 2418 alia
1581 2387 1812 2422 adversativa.
1867 2387 2082 2436 Quanquam
2102 2405 2164 2426 au-

1173 2445 1242 2472 tem
1262 2434 1319 2470 hic
1337 2437 1425 2470 ordo
1440 2436 1694 2469 sententiarum
1714 2438 1822 2481 magis
1848 2440 1891 2472 ad
1919 2441 2162 2477 inventionem

1172 2495 1233 2522 aut
1248 2488 1528 2533 dispositionem,
1555 2498 1659 2537 quam
1677 2490 1968 2533 compositionem
1987 2495 2165 2537 pertinere

1173 2541 1326 2580 videtur,
1353 2550 1442 2584 quae
1458 2538 1560 2571 estin
1577 2539 1728 2583 quadam
1741 2542 1915 2577 concinna
1932 2545 2164 2581 collocatione

1174 2592 1384 2629 verborum,
1409 2594 1527 2622 tamen
1554 2588 1582 2622 si
1605 2590 1684 2634 quis
1709 2599 1801 2626 recte
1821 2595 2078 2638 considerabit,
2108 2599 2163 2631 in-

1173 2643 1305 2684 telliget
1346 2639 1533 2672 universae
1574 2643 1841 2686 compositionis
1888 2646 2161 2682 fundamentum

1173 2705 1263 2731 esse,
1292 2692 1423 2725 iustum
1453 2692 1708 2728 sententiarum
1732 2696 1905 2733 ordinem.
1967 2698 2056 2733 Nam
2083 2701 2163 2733 abs-

1603 2744 1651 2780 32
