2379 2948
116 116 192 167 52¹,
733 117 776 152 v,

166 199 346 242 Quomodo
371 198 558 247 differunt
578 204 742 246 species,
771 205 861 236 item
884 199 1049 247 genera?

219 277 330 310 Valde
351 278 495 321 puerilis
510 278 706 311 admonitio
734 286 795 311 est.
850 277 995 310 lnfimae
1022 289 1097 321 spe-

115 328 182 361 cies
208 328 377 361 dicuntur
403 328 532 371 species
564 328 851 371 specialissimae,
894 339 982 372 quae
1017 335 1096 361 snut

114 379 294 422 proximae
313 378 526 417 individuis,
552 384 587 411 et
610 391 690 411 vere
715 386 797 412 sunt
823 379 993 421 imagines
1018 391 1098 422 pro-

115 430 206 461 xime
233 436 390 472 sumptae
415 429 458 460 ab
482 427 699 469 individuis,
733 437 790 469 ut,
821 427 948 468 homo,
976 441 1097 473 equuS.

113 480 300 512 Summum
331 489 439 521 genus
476 477 606 510 dicitur
636 492 746 522 genus
781 480 1097 523 generalissiunnn.

114 529 209 562 luter
235 527 316 562 haec
341 534 474 561 caetera
506 529 674 563 dicuntur
703 532 834 575 species
864 531 1097 574 superiorum,

113 587 144 613 et
164 592 287 623 genera
306 578 535 618 inferiorum,
562 587 618 613 ut:

215 635 416 670 Substantia
428 660 437 673 ,
593 636 716 671 Genus
733 640 1046 681 generalissimum.

213 712 348 754 Corpus
358 702 579 792 animatum}
603 737 742 771 Genera
760 746 791 772 et
812 740 942 783 Species

220 813 357 847 ,mimal
569 796 579 869 ᾗ
644 790 878 823 subalternae.

213 838 222 848 ¹
368 840 376 854 ν

211 890 327 924 Homo
341 914 349 928 ,
403 909 451 915 —
504 909 554 914 —-
608 889 748 933 Species
767 891 1028 935 specialissima.

209 941 326 982 Plato,
401 960 452 966 -—
504 961 555 965 —
610 940 853 975 Individuum.

363 1044 460 1085 Quid
487 1049 544 1078 est
574 1040 808 1090 Differentia
819 1043 836 1077 ?

209 1118 417 1152 Differentia
442 1126 509 1159 est,
535 1131 624 1163 quae
651 1130 730 1151 cum
758 1130 884 1161 genere
912 1119 1093 1153 constitnit

108 1176 236 1203 certam
254 1170 424 1211 speciem,
446 1177 479 1204 et
496 1171 539 1202 de
554 1170 668 1213 specie
686 1170 909 1213 praedicatur
926 1170 961 1201 in
987 1183 1092 1215 quae-

107 1221 236 1254 stione:
266 1220 378 1262 Quale
394 1221 455 1260 sit,
480 1227 518 1253 ut
537 1220 709 1254 rationale
734 1232 812 1253 cum
836 1221 981 1252 animali
1010 1233 1094 1253 con-

106 1272 220 1305 stituit
244 1272 414 1314 speciem,
445 1270 608 1304 videlicet
638 1268 838 1311 hominem,
873 1277 905 1303 et
938 1271 1093 1304 ostendit

105 1322 219 1366 qualis
233 1322 276 1352 sit
293 1321 436 1363 species,

274 1420 508 1464 Qnotuplices
534 1423 622 1453 sunt
649 1415 922 1465 differentiae?

205 1488 372 1531 Duplices
389 1493 482 1521 sunt.
527 1485 709 1529 Quaedam
727 1492 808 1519 sunt
824 1488 1015 1529 generales,
1042 1494 1092 1525 ut,

104 1538 269 1578 sentiens,
288 1551 374 1583 quae
389 1537 507 1571 multis
518 1537 699 1581 speciebus
710 1538 938 1573 conveniunt,
974 1538 1092 1580 Quae-

105 1592 185 1623 dam
203 1596 283 1622 sunt
300 1589 479 1632 specificae
502 1595 535 1622 et
559 1588 725 1628 ultimae,
750 1599 840 1633 quae
862 1590 925 1622 uni
953 1597 1089 1623 tautum

103 1640 230 1685 speciei
250 1640 488 1680 conveniunt,
514 1646 571 1680 ut,
598 1638 783 1673 rationale.

385 1740 482 1783 Quid
508 1744 562 1775 est
587 1743 785 1786 Proprium
793 1739 810 1774 ?

205 1809 396 1854 Proprium
424 1815 474 1842 est
499 1808 683 1841 inclinatio
711 1814 771 1841 aut
798 1808 966 1853 quiddam
993 1807 1090 1840 arlia-

104 1873 203 1900 cens‚
232 1861 325 1907 quod
354 1860 416 1892 uni
442 1860 508 1892 soli
531 1859 657 1903 speciei
684 1871 839 1902 semper,
866 1865 899 1891 et
923 1858 1089 1891 omnibus

103 1911 300 1945 individuis
319 1911 393 1943 eius
410 1910 518 1948 inest,
545 1917 585 1943 ut
607 1910 773 1942 incedens
791 1916 904 1942 erecto
931 1921 1089 1951 corpore,

104 1971 154 1997 est
173 1962 355 2006 proprium
375 1959 542 1995 hominis.
587 1960 655 1994 Sed
675 1961 718 1993 de
736 1961 892 2004 potentia
911 1959 1089 2002 intelliga—

103 2021 180 2052 tur,
205 2025 278 2046 non
300 2014 343 2045 de
369 2019 460 2046 actu.
513 2012 602 2045 Nam
630 2011 781 2044 infantes
806 2012 964 2043 nondum
993 2010 1088 2042 ince-

104 2065 194 2096 dunt
211 2063 333 2107 erecti,
360 2070 392 2096 et
411 2074 512 2107 saepe
528 2060 691 2095 homines
709 2062 872 2095 cubando
891 2061 998 2094 alium
1024 2073 1088 2104 po-

104 2115 210 2147 situm
229 2111 359 2147 habent
380 2115 635 2147 membrorum.
688 2112 757 2146 Sed
776 2112 932 2155 regulam
952 2111 1088 2145 discant

104 2165 277 2198 iuniores:
309 2164 423 2198 Verba
437 2165 472 2197 in
485 2163 753 2198 definitionibus
765 2175 865 2207 saepe
883 2162 1087 2207 potentiam,

104 2228 178 2249 non
204 2221 318 2248 actum
347 2215 551 2258 significare.
607 2214 796 2255 lncedens,
831 2214 867 2247 id
892 2220 961 2251 est,
992 2213 1087 2257 quod

104 2273 219 2312 potest
235 2265 397 2298 incedere
414 2273 526 2299 erecto
543 2278 700 2310 corpore,
727 2272 760 2299 et
776 2265 819 2298 ad
836 2277 914 2297 eum
933 2264 1085 2308 positum

104 2325 137 2352 et
154 2322 289 2350 motum
309 2316 489 2348 conditum
507 2323 565 2349 est.
612 2316 662 2350 lta
677 2316 804 2350 usitate
819 2316 988 2349 dicuntur
1006 2326 1086 2358 pro-

103 2368 179 2412 pria
214 2364 390 2404 hominis,
422 2365 588 2411 loquens,
631 2379 832 2401 numerans.

103 2419 207 2453 etiam
235 2424 318 2451 sunt
343 2415 409 2450 Dei
436 2423 469 2449 et
494 2417 734 2460 Angelorum,
761 2424 794 2451 et
816 2417 1005 2461 significat,
1034 2416 1087 2449 lo-

103 2481 231 2515 quens,
265 2469 361 2514 quod
381 2467 480 2513 loqui
505 2474 634 2511 potest,
661 2475 695 2502 et
710 2469 754 2502 ad
772 2466 838 2502 hoc
856 2480 944 2513 opus
962 2467 1086 2501 condi-

103 2527 177 2555 tum
198 2527 258 2553 est.

203 2577 390 2613 Recitatur
413 2577 516 2611 etiam
541 2573 609 2609 hoc
632 2576 709 2610 loco
734 2578 930 2611 admonitio
957 2579 999 2611 de
1023 2578 1086 2611 ab·

104 2640 168 2663 usu
196 2629 371 2663 vocabuli.

103 2680 237 2724 proprii
252 2680 396 2714 utimur.

829 114 1149 153 EROTEMATA
1184 118 1518 158 DlALECTICES.

896 2366 965 2400 Sed
1004 2363 1087 2398 haec
1111 2378 1114 2388 ¹

431 2628 513 2662 Non
545 2638 684 2671 semper
713 2628 835 2661 eodem
868 2629 975 2663 modo
1004 2640 1087 2662 voce
1112 2635 1115 2669 ξ

2063 132 2137 167 522

1124 203 1130 247 l
1257 203 1414 238 Primum
1437 208 1566 241 dicitur
1585 210 1766 254 proprium
1780 239 1788 252 ‚
1815 214 1908 257 quod
1929 214 1991 246 uni
2011 217 2137 258 speciei

1124 252 1287 286 ‘tantum
1315 258 1497 296 convenit,
1532 262 1589 291 sed
1623 273 1694 294 uon
1728 264 1894 297 omnibus
1928 264 2136 305 individuis,

1152 311 1189 336 ut
1215 305 1287 336 fieri
1316 302 1496 338 heroicum
1519 309 1743 353 bellatorem,
1770 325 1831 346 seu
1853 313 2016 347 Herculis
2039 316 2136 347 simi-

1153 355 1239 394 lem,
1276 356 1341 387 soli
1368 353 1524 398 homini,
1558 361 1617 392 sed
1642 374 1713 394 non
1744 365 1910 398 omnibus
1938 365 2134 399 individuis

1123 410 1125 426 ¹
1151 405 1335 448 contingit.

1253 455 1417 489 Secundo
1444 457 1575 490 dicitur
1605 462 1807 503 proprium,
1842 466 1937 508 quod
1971 465 2136 498 omnibus

1151 506 1346 539 individuis
1363 508 1548 547 convenit,
1575 511 1633 542 sed
1653 523 1723 543 non
1747 513 1810 544 soli
1836 515 1980 556 speciei,
2006 522 2045 548 ut
2064 527 2135 549 esse

1151 557 1329 600 bipedem,
1357 569 1429 590 non
1445 559 1509 590 soli
1527 556 1663 592 homini
1683 563 1859 597 convenit.

1252 606 1395 647 Tertio,
1423 610 1516 653 quod
1536 611 1599 642 soli
1619 612 1744 654 speciei
1764 619 1795 645 et
1814 613 1978 646 omnibus
2002 615 2134 648 indivi-

1150 657 1230 690 duis
1247 659 1431 698 convenit,
1456 660 1514 691 sed
1532 672 1602 692 non
1622 674 1777 705 semper,
1800 669 1837 695 ut
1855 675 2048 698 canescere.

1252 707 1388 750 Quarto
1407 710 1536 742 dicitur
1557 713 1738 755 proprium
1764 714 2134 755 accommodatissime,

1151 759 1192 791 de
1216 771 1285 803 quo
1310 757 1366 792 bic
1391 760 1592 804 loquimur,
1626 764 1719 807 quod
1754 764 1814 795 uni
1848 764 1913 796 soli
1944 765 2071 807 speciei
2102 772 2133 797 et

1150 809 1316 842 omnibus
1339 810 1413 843 eius
1438 811 1633 845 individuis
1658 820 1689 846 et
1713 825 1852 856 semper
1883 815 2067 854 convenit,
2103 823 2135 848 et

1149 859 1280 892 dicitur
1297 861 1339 892 de
1357 861 1470 903 specie
1489 861 1525 893 in
1544 864 1765 907 quaestione,
1797 863 1921 906 Qualis
1940 865 1996 905 sit,
2024 872 2063 898 ut
2080 865 2135 897 in-

1147 911 1276 993 {edens
1301 918 1413 944 erecto
1439 924 1602 956 corpore,
1630 926 1730 958 posse
1754 915 1888 956 ridere,
1917 916 2135 948 conveniunt

1174 973 1298 996 omuu.

1148 1053 1244 1094 Quid
1262 1056 1418 1088 interest
1443 1057 1543 1089 inter
1558 1053 1831 1102 Differentiam
1856 1061 1893 1091 et
1910 1056 2134 1102 Proprium?

1250 1119 1460 1154 Differentia
1484 1121 1654 1163 siguificat
1682 1130 1817 1165 partem
1847 1124 2135 1165 constituentem,

1149 1177 1209 1211 ut,
1242 1171 1414 1203 rationale
1446 1171 1618 1214 significat
1642 1180 1817 1213 mentem,
1853 1186 1942 1219 quae
1973 1183 2023 1208 est
2055 1186 2134 1219 pars

1148 1219 1315 1255 hominis.
1377 1221 1445 1255 Sed
1477 1223 1662 1266 proprium
1695 1224 1866 1266 significat
1889 1225 2057 1269 quiddam
2080 1237 2134 1258 se·-

1148 1283 1258 1316 quens
1282 1283 1354 1304 rem
1380 1273 1624 1313 constitutam,
1659 1280 1718 1313 ut,
1746 1286 1844 1317 posse
1873 1276 2034 1308 incedere
2058 1287 2133 1309 ere-

1148 1329 1261 1362 ctum,
1296 1333 1395 1364 posse
1422 1323 1538 1366 loqui,
1572 1335 1778 1363 numerare,
1814 1337 1887 1357 non
1913 1327 2132 1359 constituunt

1147 1370 1351 1410 hominem,
1390 1373 1448 1404 sed
1476 1379 1672 1415 sequuntur
1703 1374 2002 1407 constitutionem.
2062 1376 2131 1409 Sed

1146 1433 1226 1454 cum
1245 1418 1310 1453 hoc
1326 1422 1514 1454 discrimen
1535 1421 1763 1456 Differentiae
1781 1430 1812 1457 et
1828 1423 1969 1468 Proprii
1993 1425 2081 1458 exile
2100 1434 2133 1459 et

1146 1472 1335 1505 obscurum
1361 1472 1423 1513 sit,
1459 1472 1654 1515 longiorem
1689 1474 1732 1506 de
1755 1485 1794 1506 eo
1822 1476 2133 1509 commemoratio—

1146 1534 1226 1555 nem
1243 1523 1377 1557 omitto.
1410 1523 1601 1568 Sciantque
1618 1524 1774 1557 iuniores
1792 1536 1892 1568 saepe
1909 1527 2050 1570 propria
2068 1539 2132 1570 pro

1145 1573 1355 1606 differentiis
1385 1574 1568 1616 usurpari,
1611 1581 1650 1608 ut
1680 1575 1708 1607 si
1742 1575 1872 1608 dicam:
1910 1575 2057 1620 Magnes
2083 1584 2133 1610 est

1146 1624 1244 1668 lapis,
1273 1622 1416 1658 trahens
1435 1625 1580 1665 serrum,
1606 1637 1681 1658 seu:
1712 1624 1858 1669 Magnes
1874 1633 1924 1660 est
1942 1627 2042 1671 lapis,
2070 1627 2131 1672 qui

1144 1687 1204 1708 sua
1220 1683 1344 1708 natura
1362 1682 1522 1708 movetur
1537 1677 1579 1708 ad
1598 1674 1744 1710 Arcton.
1797 1675 1892 1709 Haec
1909 1689 1980 1710 non
1999 1678 2131 1711 consti-

1144 1733 1249 1759 tuunt
1271 1732 1487 1768 magnetem,
1514 1727 1572 1758 sed
1590 1733 1669 1758 sunt
1695 1727 1943 1760 inclinationes
1968 1728 2131 1772 propriae

1144 1773 1225 1809 huic
1250 1777 1371 1820 lapidi.
1416 1775 1506 1809 Cum
1524 1777 1616 1808 enim
1634 1776 1852 1809 differentiae
1870 1778 2131 1821 propriissimae

1144 1827 1192 1859 sic
1211 1827 1323 1860 dictae
1341 1827 1450 1869 magis
1472 1827 1622 1864 lateant,
1650 1827 1821 1860 sumimus
1846 1828 2052 1861 discrimina
2076 1841 2131 1861 re—

1143 1889 1220 1910 rum
1238 1889 1256 1909 a
1282 1877 1435 1921 propriis
1460 1877 1726 1917 effectionibus,
1755 1878 1825 1910 imo
1846 1890 1947 1921 saepe
1969 1879 2013 1911 ab
2040 1880 2131 1912 acci-

1143 1928 1301 1960 dentium
1346 1928 1633 1968 coacervatione,
1674 1935 1713 1961 ut
1756 1928 1793 1960 in
1829 1929 2131 1973 descriptionibus

1142 1978 1356 2022 plantarum.

1428 2062 1527 2104 Quid
1553 2068 1607 2098 est
1634 2063 1815 2099 Accidens
1823 2063 1841 2098 ?

1245 2129 1420 2164 Accidens
1445 2138 1513 2170 est,
1549 2132 1644 2176 quod
1671 2143 1744 2164 non
1770 2143 1833 2175 per
1855 2143 1928 2165 sese
1960 2130 2130 2168 subsistit,

1142 2193 1206 2214 nec
1223 2188 1273 2214 est
1291 2193 1370 2225 pars
1386 2182 1618 2215 substantiae:
1644 2183 1701 2216 sed
1723 2182 1760 2215 in
1777 2183 1847 2215 alio
1873 2189 1921 2214 est
1946 2181 2130 2214 mutabili-

1142 2239 1205 2266 ter.
1234 2231 1280 2266 Et
1290 2245 1493 2278 quanquam
1505 2233 1624 2266 nullae
1633 2233 1848 2266 substantiae
1865 2239 1998 2264 creatae
2009 2231 2128 2265 omnia

1140 2284 1334 2316 accidentia
1355 2291 1507 2322 exuunt,
1538 2291 1653 2317 tamen
1673 2284 1881 2327 plaeraeque
1895 2282 2047 2316 subinde
2062 2282 2129 2315 ali-

1112 2360 1115 2376 ,
1140 2346 1209 2379 qua
1231 2334 1421 2374 abiiciunt,
1450 2341 1482 2368 et
1505 2335 1572 2367 alia
1599 2339 1802 2374 assumunt,
1834 2340 1896 2373 ut,
1923 2344 2014 2378 aqua
2037 2332 2129 2366 cale-

1112 2396 1114 2416 1
1140 2384 1216 2418 fieri
1235 2392 1370 2429 potest,
1398 2392 1431 2418 et
1452 2396 1571 2418 rursus
1589 2384 1765 2427 frigefieri.
1818 2381 1873 2416 Ex
1897 2380 1962 2417 hac
1986 2394 2128 2427 separa-

1141 2436 1237 2470 tione
1256 2436 1507 2479 intelligimus,
1532 2435 1628 2468 aliud
1650 2445 1723 2467 esse
1747 2433 1999 2475 substantiam,
2029 2433 2126 2467 aliud

1112 2508 1115 2533 Ξ
1140 2487 1313 2521 accidens.

1111 2536 1115 2633 Ξ
1371 2560 1585 2604 Quotupleoe
1605 2563 1661 2594 est
1679 2557 1888 2594 Accidens?

1244 2626 1492 2661 Accidentium
1513 2625 1580 2659 alia
1596 2633 1678 2660 sunt
1696 2625 1928 2670 separabilia,
1954 2631 1994 2659 ut
2017 2626 2128 2669 frigus

1112 2675 1116 2716 Ξ
1142 2679 1187 2713 ab
1210 2689 1319 2723 aqua,
1354 2676 1485 2711 noticia
1513 2688 1532 2710 a
1556 2684 1693 2716 mente,
1735 2677 1892 2718 laeticia,
1934 2676 2084 2710 tristicia
2108 2688 2126 2710 a
