2379 2948
153 85 227 123 385
753 87 816 122 111.
870 87 1026 122 INlTIA
1054 85 1344 123 DOCTRINAE
1372 87 1625 127 PItYStCAE.
2125 97 2199 133 386

1308 171 1443 216 Frigidi
1478 175 1709 219 proprietates
1732 183 1835 218 sunt,
1862 177 2080 221 frigefacere,
2107 194 2194 216 con-

1202 233 1366 265 gregare,
1396 231 1427 256 et
1442 226 1634 268 astringere
1653 224 1868 271 homogenea
1894 236 1925 262 et
1949 227 2193 274 hetemgenea,

1202 279 1262 305 aut
1281 284 1406 317 aquam
1426 286 1504 306 cum
1522 288 1610 320 aqua
1627 278 1854 320 congelando.
1909 278 1949 312 ln
1966 281 2116 315 metallis
2137 284 2192 315 di-

1201 334 1323 355 versae
1340 323 1470 367 species
1489 327 1705 367 commixtae,
1719 335 1757 361 ut
1767 327 1926 373 Cuprum
1942 331 2192 374 etArgentum,

1201 374 1314 406 donec
1329 385 1440 407 massa
1458 375 1585 418 frigida
1603 383 1674 416 est,
1705 385 1737 410 et
1758 381 1917 413 nondum
1939 381 2054 414 calore
2078 384 2191 416 disso-

1201 424 1274 457 luta
1287 451 1296 465 ‚
1324 424 1429 457 simul
1447 433 1603 459 manent.
1657 426 1749 460 Sunt
1766 429 1873 471 igitur
1888 431 2029 473 frigoris
2047 439 2079 466 et
2102 434 2190 467 aliae

1199 474 1335 507 vicinae
1358 475 1576 516 effectiones,
1612 478 1845 519 conde-usare,
1880 481 2079 521 obstruere,
2108 486 2188 517 red-

1199 526 1281 558 dere
1301 537 1448 569 corpora
1468 527 1636 560 crassiora
1657 533 1688 560 et
1706 529 1886 569 graviora,
1906 533 2130 575 stupefacere.

297 175 400 214 Quae
426 177 511 208 sunt
539 172 730 208 secundae
758 172 994 218 qualitales?

158 290 245 322 teles
264 287 325 323 has
345 297 523 323 numerat:
552 289 682 326 Grave,
709 289 794 323 leve.
850 286 1001 326 Durum,
1029 288 1149 321 molle.

157 339 314 379 Rarum,
346 342 506 374 densum.
565 339 776 378 Lubricum,
820 339 971 371 aridum.
1035 336 1148 382 Aspe-

158 403 258 430 rum,
282 391 454 434 glabrum.
482 388 663 428 Crassum,
691 388 831 423 subtile.
866 388 1037 422 Numerat
1051 390 1145 421 enim

157 442 306 474 maxime
323 452 393 480 eas,
420 451 507 484 quae
525 445 618 472 tactu
636 438 849 473 iudicantur.

157 530 281 569 Quare
295 535 475 561 ‚numerus
486 524 756 558 elementorum
764 527 927 558 sumitur
940 524 1145 559 secundum

365 579 525 621 ‘lunium'
538 576 686 620 primas
701 573 931 620 qualitates?
1301 591 1444 626 Dictum
1471 600 1521 626 est
1550 594 1595 626 de
1617 593 1772 639 propriis
1796 595 2041 632 effectionibus
2062 601 2188 635 caloris

1200 650 1232 676 et
1257 643 1421 686 frigoris,
1449 645 1509 676 sed
1536 644 1625 676 aliae
1652 656 1715 687 per
1738 645 1898 679 accidens
1927 649 2068 693 utrique
2091 663 2186 684 corn-

1197 705 1322 727 munes
1339 701 1442 735 sunt,
1470 701 1507 727 ut
1530 694 1626 727 calor
1642 702 1673 727 et
1690 695 1799 737 frigus
1816 697 2012 737 desiccant,
2039 700 2185 734 diversis

1197 745 1321 777 modis.
1377 744 1482 778 Calor
1506 745 1588 790 quia
1619 745 1763 779 resolvit
1788 753 1821 779 et
1845 749 2041 787 consumit,
2076 750 2186 794 frigus

1198 802 1332 834 autem,
1359 796 1414 827 vel
1440 795 1520 840 quia
1546 796 1697 828 calorem
1723 797 1857 835 educit,
1884 810 1962 831 cum
1990 812 2060 844 quo
2080 801 2185 835 simul

158 695 411 727 elementorum
434 692 528 724 inter
542 703 576 724 se
596 692 707 734 actio,
736 692 795 724 sed
815 703 876 735 per
892 691 1034 735 primas.
1075 691 1145 725 Tot

155 745 264 787 igitur
289 750 369 776 suut
392 743 582 782 elementa,
610 748 696 786 quot
716 741 814 775 modi
842 741 1022 775 actionum
1049 742 1144 775 iuxta

155 795 286 837 primas
304 793 501 838 qualitates.
554 792 646 826 Sunt
663 799 798 832 autem,
825 799 863 826 ut
881 804 985 836 supra
1010 792 1143 825 dictum

156 851 227 882 est,
255 844 351 877 modi
373 850 542 889 quatuor,
571 843 743 887 copulatis
759 843 1012 888 quadrifariam
1032 842 1142 887 quali·
1199 843 1337 878 exhalat
1372 844 1584 886 humiditas,
1624 847 1679 879 vel
1713 848 1794 891 quia
1830 848 1981 883 obstruit
2016 862 2120 894 poros
2154 860 2186 886 et

154 895 305 935 tatibus,
340 907 380 927 ex
406 905 555 939 quarum
580 893 728 939 syzygiis
756 901 796 926 ut
818 893 908 934 dixi,
937 892 1144 926 Aristoteles
1201 896 1385 939 astringit,
1414 897 1503 929 utin
1522 897 1616 935 luto,
1643 908 1688 929 ne
1702 897 1848 930 dilatare
1868 910 1902 931 se
1921 897 2050 933 humor
2065 903 2185 944 possit.

154 946 392 979 raciocinatur
423 945 595 978 elementa
631 951 785 989 quatuor
815 955 906 983 esse,
941 956 1004 977 nec
1030 944 1143 988 plura,
1199 945 1315 988 Quam
1337 947 1382 979 ob
1397 959 1535 980 causam
1554 954 1586 980 et
1601 947 1809 981 Aristoteles
1833 949 1901 989 ait,
1929 950 1966 982 in
1981 951 2185 993 regionibus

154 1008 217 1029 nec
237 996 411 1040 pauciora.
1198 997 1438 1039 frigidissimis
1473 1009 1620 1041 corpora
1653 1005 1790 1041 perusta
1814 1000 1914 1042 gelu,
1950 1002 2078 1044 pusilla
2104 1014 2187 1044 esse,

1199 1048 1282 1091 quia
1308 1048 1345 1079 iu
1364 1048 1412 1081 eis
1429 1060 1543 1092 neque
1560 1048 1656 1081 calor
1672 1060 1784 1093 neque
1803 1046 1933 1083 humor
1949 1051 2087 1085 dilatari
2106 1064 2185 1097 pos-

1196 1098 1285 1138 sint,
1311 1110 1390 1130 cum
1407 1099 1537 1141 frigore
1557 1105 1693 1132 meatus
1707 1100 1878 1133 obstructi
1896 1101 1978 1136 sint.

261 238 426 273 Caeterae
449 252 570 273 omnes
595 245 730 283 praeter
753 238 903 281 primas,
930 239 987 270 sed
1008 237 1148 270 Aristo·
1175 178 1182 241 i

0 458 3 506 i
1171 243 1178 520 i

0 523 2 543 r
1172 522 1174 535 l

0 615 5 883 ι
258 642 350 685 Quia
372 652 435 686 per
456 641 627 674 secundas
650 640 838 685 qualitates
864 652 936 673 non
961 641 998 674 fit
1021 648 1144 675 mutua
1169 540 1175 952 Ι

0 890 3 908 i

178 1083 268 1115 Cum
290 1082 479 1115 elementa
499 1091 567 1125 per
587 1083 731 1124 primas
756 1081 965 1125 qualitates
988 1084 1119 1125 ayant,
1153 1113 1156 1116 Α

282 1143 378 1177 quae
391 1136 482 1165 sunt
496 1134 749 1175 proprae'etates
765 1129 1014 1176 qualitatum?

254 1189 394 1222 Primae
410 1189 594 1235 qualitates
617 1201 738 1222 omues
766 1196 845 1222 sunt
870 1189 1000 1221 activae
1017 1195 1049 1222 et
1065 1199 1143 1232 pas-

153 1242 247 1274 sivae
268 1240 358 1274 iuter
375 1251 428 1279 se,
455 1240 522 1274 rite
539 1240 736 1274 collocatae.
793 1239 861 1273 Sed
887 1240 992 1282 vulgo
1018 1239 1063 1272 ita
1090 1239 1144 1271 lo-

154 1297 330 1336 quuntur:
357 1289 521 1323 Calorem
541 1297 574 1322 et
591 1289 702 1332 frigus
720 1290 862 1322 maioris
888 1301 960 1322 esse
983 1289 1144 1322 activita-

156 1343 220 1380 tis,
257 1348 289 1374 et
315 1340 465 1373 minoris
489 1339 724 1378 resistentiae,
758 1346 795 1372 ut
821 1351 876 1372 res
901 1340 1013 1372 calida
1040 1339 1144 1372 citius

153 1391 312 1425 calefacit
337 1403 411 1423 rem
436 1390 650 1433 proximam,
687 1402 792 1433 quam
818 1389 904 1422 sicca
930 1401 984 1422 res
1008 1389 1143 1433 aliquid

153 1440 343 1475 humidum
366 1441 528 1474 desiccat.
583 1439 666 1472 ldeo
691 1439 841 1472 calorem
865 1447 896 1473 et
922 1440 1032 1482 frigus
1056 1439 1144 1472 dici-

154 1504 233 1526 mus
253 1492 363 1535 magis
386 1491 519 1525 activas
542 1490 728 1535 qualitates
754 1502 838 1524 esse.
894 1490 963 1530 Sed
987 1488 1145 1523 humidi-

153 1551 204 1577 tas
221 1549 252 1575 et
269 1542 405 1576 siccitas
422 1548 504 1575 sunt
517 1541 662 1573 maioris
679 1540 916 1581 resistentiae‚
944 1548 976 1575 et
995 1540 1145 1574 minoris

154 1593 352 1627 actixitatis.
387 1591 471 1626 Ideo
491 1589 557 1625 hae
573 1591 711 1636 saepius
728 1591 959 1625 nominantur
976 1591 1143 1635 passivae.

1301 1156 1425 1190 Postea
1455 1156 1659 1200 longissime
1687 1165 1860 1200 vagantur
1892 1160 2094 1194 effectiones
2124 1174 2187 1206 per

1196 1206 1376 1246 accidens,
1403 1214 1443 1241 ut
1458 1208 1582 1240 vinum
1600 1207 1770 1250 frigefacit
1795 1221 1940 1253 corpora
1965 1211 2186 1255 ingurgitan-

1196 1257 1303 1296 tium,
1327 1258 1408 1302 quia
1428 1258 1615 1290 immodica
1640 1258 1868 1301 ingurgitatio
1895 1262 2066 1305 extinguit
2090 1263 2186 1296 calo-

1197 1319 1269 1339 rem
1290 1308 1449 1341 nativum
1467 1308 1655 1341 ventriculi
1674 1315 1706 1341 et
1723 1310 1844 1352 epatis.

1302 1366 1483 1399 Interdum
1503 1373 1535 1400 et
1551 1367 1742 1400 contrarias
1761 1369 1962 1402 effectiones
1980 1369 2113 1406 habent
2130 1384 2186 1406 ca-

1198 1417 1253 1449 lor
1279 1424 1310 1449 et
1335 1417 1446 1460 frigus
1469 1429 1530 1460 per
1554 1415 1866 1461 ἀντιπερίστασιν.
1921 1419 1979 1453 Sic
2003 1422 2097 1454 enim
2124 1436 2186 1455 vo-

1198 1474 1295 1507 cant,
1322 1480 1401 1500 cum
1429 1467 1603 1500 contraria
1626 1468 1774 1512 qualitas
1797 1470 1935 1503 obsidet
1961 1473 2186 1513 contrariam,

1199 1530 1268 1562 quo
1294 1518 1349 1558 fit,
1377 1524 1415 1551 ut
1439 1518 1573 1550 inclusa
1600 1518 1822 1560 intendatur,
1856 1521 1936 1565 quia
1962 1522 2074 1555 virtus
2101 1535 2186 1556 con-

1199 1569 1318 1602 iuncta
1342 1569 1469 1602 fortior
1493 1575 1543 1601 est
1565 1580 1671 1613 quam
1694 1569 1861 1614 dispersa.
1915 1569 2085 1617 Exempla
2104 1574 2186 1607 ubi-

1200 1631 1267 1663 que
1286 1619 1389 1653 obvia
1408 1626 1501 1652 sunt.
1556 1618 1686 1652 Fontes
1704 1627 1736 1653 et
1760 1621 1987 1655 subterranea
2005 1623 2080 1656 loca
2099 1622 2185 1669 hye—

1199 1681 1254 1702 me
1283 1670 1371 1702 fiunt
1398 1670 1587 1709 calidiora,
1617 1670 1697 1714 quia
1724 1670 1850 1704 inclusi
1875 1669 2028 1713 halitus,
2052 1674 2089 1706 in
2106 1675 2184 1719 qui-

1198 1720 1264 1752 bus
1280 1721 1414 1765 aliquid
1432 1720 1558 1753 caloris
1574 1726 1642 1759 est,
1670 1728 1812 1764 propter
1829 1722 2058 1756 circumstans
2075 1725 2185 1767 frigus

1200 1771 1289 1804 fiunt
1309 1771 1505 1810 densiores,
1530 1782 1593 1802 nec
1608 1771 1747 1814 copiose
1763 1779 1975 1814 sparguntur
1992 1774 2094 1806 foras.
2127 1776 2184 1807 ln-

1199 1821 1242 1853 de
1272 1828 1304 1854 et
1335 1818 1558 1865 aphorismus
1592 1818 1820 1864 Hippocratis
1853 1822 1985 1867 inquit:
2033 1824 2184 1859 Ventres

1198 1868 1321 1915 hyeme
1341 1879 1374 1904 et
1391 1883 1470 1903 vere
1488 1870 1674 1903 calidiores
1697 1878 1778 1904 sun*
1804 1879 1949 1911 natura,
1975 1872 2107 1908 κοιλίαι
2127 1889 2185 1920 yt-

1196 1923 1322 1964 μιῦιός
1336 1919 1397 1955 καὶ
1414 1917 1501 1966 ἦρος
1515 1917 1749 1966 θερμόταται
1767 1918 1888 1967 φύσει.
1942 1923 2056 1967 Magis
2071 1913 2184 1960 cale-nt

1197 1970 1321 2016 hyeme
1338 1972 1546 2012 ventriculi,
1573 1972 1655 2016 quia
1673 1972 1802 2014 frigore
1820 1973 2021 2007 circundata
2037 1987 2184 2020 corpora

1196 2023 1305 2065 magis
1323 2023 1508 2056 continent
1523 2022 1683 2055 nativum
1699 2023 1862 2058 calorem.
1895 2022 1937 2057 In
1956 2032 2082 2058 aestate
2100 2039 2183 2060 vero

1196 2085 1274 2105 cum
1300 2073 1377 2116 pori
1404 2081 1485 2106 sunt
1507 2072 1636 2115 aperti,
1680 2074 1790 2116 magis
1815 2074 2004 2108 resolvitur
2026 2077 2120 2109 calor
2145 2078 2182 2110 in

1195 2124 1403 2167 corporibus
1420 2130 1450 2157 et
1470 2124 1507 2157 fit
1526 2123 1747 2167 languidior,
1775 2137 1883 2169 quare
1908 2131 1940 2158 et
1964 2126 2118 2159 deterior
2143 2128 2181 2160 fit

1194 2173 1231 2206 in
1252 2181 1350 2208 aestu
1379 2174 1572 2208 concoctio.
1633 2173 1818 2208 Caeterum
1850 2175 1886 2208 in
1920 2187 2000 2208 vere
2034 2188 2180 2220 corpora

1194 2224 1283 2258 fiunt
1302 2225 1470 2258 calidiora
1482 2251 1490 2264 ‚
1512 2224 1593 2270 quia
1611 2225 1699 2257 sicut
1716 2225 1808 2258 succi
1828 2225 1865 2257 in
1883 2232 1976 2258 terra
1991 2233 2024 2259 et
2042 2227 2179 2261 arbori-

1193 2275 1278 2314 bus,
1322 2283 1360 2309 ut
1405 2277 1451 2309 ita
1482 2275 1615 2315 dicam,
1658 2282 1911 2315 renascuntur,
1953 2275 2000 2309 ita
2036 2279 2177 2320 sanguis

1193 2325 1230 2358 in
1255 2326 1464 2370 corporibus
1495 2325 1732 2358 animantium
1766 2332 1952 2367 generatur
1991 2328 2179 2371 copiosior.

1192 2375 1260 2410 Sed
1279 2377 1404 2410 omitto
1424 2376 1622 2409 effectiones
1643 2387 1703 2418 per
1719 2376 1900 2414 accidens,
1927 2387 2017 2421 quae
2043 2379 2178 2412 medio-

1192 2427 1241 2460 cri
1258 2425 1705 2460 considerationeiudicari
1728 2433 1894 2468 possunt,
1921 2427 2070 2469 cognitis
2094 2430 2178 2463 effe-

1191 2478 1369 2512 ctionibus
1386 2478 1540 2522 propriis
1557 2482 1589 2509 et
1606 2475 1874 2520 principalibus.

1292 2544 1395 2577 Nunc
1418 2543 1616 2576 recitandae
1641 2547 1722 2574 sunt
1751 2539 1891 2575 humidi
1914 2550 1947 2577 et
1978 2544 2060 2578 sicci
2093 2558 2175 2590 pro-

289 1679 362 1713 Dic
382 1679 552 1723 proprios
577 1674 738 1723 effectus
763 1677 1007 1722 qualitatum.

256 1736 326 1770 Hic
352 1736 574 1780 ingredimur
609 1737 646 1768 in
683 1736 881 1769 doctrinam
916 1735 1146 1775 uberrimam,

156 1789 254 1822 cuius
270 1788 406 1821 utilitas
426 1788 463 1820 in
483 1786 671 1830 multiplici
689 1785 939 1824 medicatione,
968 1785 1037 1818 imo
1057 1791 1089 1818 et
1108 1786 1144 1818 iu

155 1839 339 1872 metallicis
374 1838 526 1870 officinis
556 1836 723 1870 latissime
755 1842 858 1879 patet.
925 1833 1000 1868 Etsi
1029 1842 1142 1869 autem

155 1886 363 1933 Philosophi
391 1888 634 1932 principaliter
658 1886 862 1919 substantiis
887 1886 1059 1918 actionem
1081 1887 1144 1920 tri-

154 1942 286 1980 buum,
331 1946 363 1971 et
396 1938 573 1981 generatio
606 1938 748 1982 propria
776 1944 826 1970 est
855 1937 1144 1975 substantiarum,

154 1998 271 2023 tamen
289 1990 503 2023 substantiae
521 2001 583 2032 per
600 1988 786 2033 qualitates
802 1994 883 2020 sunt
898 1987 1061 2021 efficaces.
1097 1986 1144 2021 Et

157 2042 299 2085 proprie
319 2041 488 2074 tribuitur
505 2039 735 2084 qualitatibus
752 2038 924 2071 alteratio.

258 2091 347 2124 Sunt
373 2099 487 2124 autem
514 2090 648 2134 proprii
671 2090 813 2122 effectus
828 2089 949 2128 calidi,
976 2088 1143 2122 caleface-

155 2154 211 2178 re,
239 2153 448 2183 congregare
465 2139 703 2184 homogenea,
730 2140 765 2172 id
785 2146 854 2180 est,
882 2151 1030 2183 corpora
1048 2140 1141 2172 eius-

159 2194 236 2225 dem
255 2192 400 2234 speciei,
427 2199 460 2225 et
478 2199 618 2225 econtra
637 2192 834 2234 disgregare
853 2197 885 2223 et
903 2201 1063 2231 separare
1080 2188 1141 2223 he-

156 2251 361 2284 terogenea,
386 2242 420 2274 id
440 2248 507 2282 est,
535 2243 755 2275 diversarum
771 2241 964 2285 specierum
983 2253 1140 2285 corpora,

156 2295 239 2327 item
275 2303 453 2335 separare,
489 2294 700 2332 rarefacere,
737 2298 935 2331 attenuare,
970 2291 1137 2334 digerere,

156 2344 324 2379 sundere,
362 2342 536 2382 incidere,
577 2344 786 2384 dissolvere,
823 2342 957 2381 laxare,
990 2343 1139 2386 aperire,

158 2392 346 2428 attrahere.
399 2390 567 2436 Exempla
595 2394 632 2426 in
659 2393 845 2426 metallicis
869 2393 1020 2425 officinis
1048 2400 1079 2426 et
1102 2394 1138 2425 in

157 2444 391 2477 medicatione
425 2443 552 2486 passim
582 2444 685 2476 obvia
717 2451 811 2478 sunt.
869 2442 974 2477 Calor
999 2444 1138 2477 diversa

157 2495 296 2528 metalla
320 2493 479 2527 dissolvit
501 2504 539 2526 ac
562 2493 717 2537 dissipat.
776 2492 822 2526 Et
845 2505 969 2527 rursus
992 2501 1137 2537 cognata

157 2552 352 2588 congregat.
395 2543 440 2577 Et
458 2542 590 2576 Medici
607 2556 685 2576 cum
701 2544 894 2587 dissipandi
913 2551 995 2578 sunt
1012 2545 1138 2585 fluxus,

156 2603 306 2629 utuntur
323 2595 445 2628 leviter
462 2594 595 2631 calidis,
623 2600 662 2626 ut
676 2593 850 2633 meliloto,
879 2592 1137 2640 Origano‚xa-
1190 2594 1364 2639 prietates.
1426 2591 1621 2626 Humidum
1653 2592 1701 2625 sic
1733 2592 1945 2627 describitur
1969 2595 2013 2627 ab
2034 2596 2174 2631 Aristo-

155 2642 348 2691 Διιαιλιιήλῳ,
377 2642 515 2679 Althea.
1189 2645 1272 2679 tele:
1290 2643 1486 2678 Humidum
1505 2643 1595 2676 male
1613 2642 1794 2676 terminari
1814 2655 1874 2677 seu
1890 2645 2007 2678 claudi
2027 2657 2088 2680 suo
2105 2654 2174 2681 ter-

203 2696 385 2730 Maura.
415 2698 517 2729 Orza.
547 2696 626 2726 Vei..
657 2694 748 2726 Xltl.
1493 2692 1541 2729 ‘25
