2379 2948
215 73 290 110 915

220 157 353 201 ingenii
377 156 613 199 sagacitatem,
643 162 709 197 qua
730 157 762 184 et
779 148 974 183 diiudicare
992 148 1124 193 optima
1141 159 1204 191 po-

222 217 321 247 terat,
341 215 373 241 et
390 207 585 251 prospicere
603 208 759 235 eventus,
786 199 938 242 Deinde,
958 205 1087 244 quanta
1105 198 1206 231 celsi-

223 261 308 294 tudo
333 258 439 291 animi
465 256 531 288 suit
555 254 740 287 coniuncta
763 263 842 284 cum
866 262 985 283 amore
1001 249 1157 282 iusticiae
1175 253 1207 280 et

224 308 476 343 moderatione,
495 301 853 348 despicienspericula
864 301 1055 334 etlabores.
1084 300 1207 343 Quan-

223 369 256 395 ta
289 370 368 401 erga
393 368 474 389 suos
498 354 741 388 benevolentia
768 358 801 386 et
821 351 977 385 comitas.
1045 349 1208 392 Denique

226 410 359 444 nullius
392 419 512 450 regum
537 403 771 438 Etbnicorum
798 402 978 441 omnium,
1014 400 1073 445 qui
1105 399 1208 432 nobis

225 461 298 494 noti
319 465 400 492 sunt
419 470 458 490 ex
474 455 650 495 historiis,
677 461 772 488 tanta
789 454 901 486 virtus
917 452 983 484 fuit
1004 449 1207 489 Alexandri,

226 523 305 544 cum
325 507 441 542 adhuc
458 518 562 540 sanus
578 512 684 545 esset,
712 503 778 537 hoc
795 510 864 544 est,
892 509 970 535 ante
988 508 1122 544 captam
1140 499 1210 532 Ba·-

224 562 403 606 bylonem.

224 614 350 651 decus,
379 621 482 654 quam
501 609 573 652 ipsa
593 606 733 650 imperii
749 604 932 650 possessio.

327 660 393 694 His
417 660 524 693 tantis
547 657 754 691 muneribus
777 657 945 693 donatus,
971 665 1045 685 non
1069 651 1212 694 agnovit

225 713 341 746 Deum
372 717 550 749 autorem,
584 716 617 741 et
650 708 792 740 remissa
822 710 937 749 priore
960 703 1069 735 animi
1095 702 1212 734 inten-

226 766 340 803 tione,
367 760 501 794 dedidit
526 771 560 791 se
584 758 767 791 obscoenis
791 754 1048 798 voluptatibus,
1074 750 1211 785 hellua-

226 822 282 848 tus
307 820 377 851 est,
404 811 580 844 interfecit
603 809 720 841 ebrius
737 807 885 845 amicos,
911 804 1033 837 saeviit
1054 803 1089 835 in
1109 804 1212 836 duces

227 865 348 898 ssdeles
365 870 397 896 et
415 861 546 904 optime
565 860 726 898 meritos,
751 857 906 900 pollutus
924 862 973 887 est
991 854 1213 887 libidinibus.

227 915 293 948 His
323 913 465 955 flagitiis
497 911 632 944 addidit
663 908 863 941 manifestas
895 904 1125 938 contumelias
1152 905 1213 936 ad-

228 976 349 998 versus
367 963 494 996 Deum.

229 1015 469 1049 conditionem
484 1012 652 1057 quiddam
668 1008 780 1042 divini
798 1007 955 1041 numinis
971 1004 1118 1045 habere,
1140 1017 1213 1037 non

229 1066 436 1110 agnoscebat
459 1075 494 1096 se
519 1074 572 1094 res
594 1068 708 1094 tantas
723 1058 798 1092 Deo
818 1064 958 1091 aeterno
979 1056 1122 1088 iuvante
1140 1067 1215 1098 ges-

229 1119 331 1154 sisse,
359 1116 417 1149 sed
444 1124 525 1146 suae
550 1111 741 1155 sapientiae
765 1116 797 1142 et
821 1109 891 1141 suis
914 1106 1107 1140 virtutibus
1124 1104 1216 1138 hauc

230 1168 378 1211 gloriam
399 1164 589 1198 tribuebat.

231 1281 299 1314 que
315 1265 532 1300 intolerabili
549 1263 742 1307 petulantia
757 1261 912 1294 ludebat.

332 1317 476 1352 Secutae
493 1321 574 1348 sunt
590 1313 698 1356 igitur
714 1312 930 1346 tristissimae
943 1320 1088 1354 poenae.
1141 1307 1218 1350 lpse

232 1369 393 1403 nondum
419 1365 610 1399 constituto
632 1375 739 1406 regno
763 1361 936 1400 moritur,
969 1372 1047 1393 cum
1067 1358 1217 1391 nimium

234 1418 409 1453 hausisset
437 1416 515 1448 vini
544 1416 582 1447 in
612 1413 776 1447 convivio
799 1410 945 1444 Amasii.
1015 1408 1091 1442 Hac
1115 1408 1218 1441 ruina

235 1470 340 1505 simul
366 1478 530 1511 oppressa
561 1471 609 1498 est
637 1464 801 1497 universa
827 1463 964 1495 domus,
1024 1459 1219 1503 Aliquanto

236 1527 314 1566 post
339 1524 450 1551 mater
474 1514 681 1561 Olympias,
718 1525 838 1553 soror,
867 1522 992 1545 uxores
1015 1511 1123 1549 duae,
1149 1510 1219 1541 duo

236 1572 299 1604 filii
318 1569 417 1613 parvi
431 1567 604 1600 interfecti
624 1571 706 1598 sunt
723 1565 766 1597 ab
783 1563 891 1605 ipsius
908 1560 1221 1594 commilitonibus.

340 1619 447 1662 Quod
478 1616 674 1659 exemplum
708 1612 975 1647 commemorari
998 1617 1112 1654 potest
1137 1610 1219 1641 illu-

238 1671 342 1705 strius
381 1667 637 1702 inconstantiae
670 1676 787 1698 rerum
816 1661 1079 1695 humanarum?
1144 1659 1221 1692 Hu-

242 1724 295 1756 ius
332 1719 421 1753 tanti
459 1718 550 1763 regis
587 1716 720 1749 familia
758 1721 791 1747 et
824 1712 1006 1756 posteritas
1035 1717 1108 1744 toto
1140 1709 1222 1743 orbe

241 1782 415 1806 terrarum
445 1769 584 1802 nullum
615 1767 724 1799 fidum
756 1764 907 1797 amicum
937 1761 1061 1795 babuit
1086 1773 1126 1794 ex
1152 1760 1223 1792 illis
1247 1755 1249 1787 Ϊ·

242 1823 344 1868 ipsis,
385 1821 513 1865 quibus
544 1819 616 1862 ipse
647 1815 845 1861 provincias
877 1814 1038 1851 dederat,
1075 1819 1107 1845 et
1135 1822 1224 1856 quos

243 1878 411 1906 evexerat.

345 1921 540 1956 Cassander
570 1916 749 1961 Antipatri
784 1916 894 1955 filius,
931 1915 991 1959 qui
1024 1913 1225 1946 adolescens

243 1974 338 2018 apud
365 1971 606 2005 Alexandrum
633 1970 800 2001 educatus
830 1973 919 2006 erat,
953 1964 1128 1998 interfecit
1153 1963 1224 2006 pri-

244 2035 340 2058 mum
373 2020 624 2067 Olympiadem
650 2017 844 2051 Alexandri
875 2023 1032 2050 matrem.

244 2076 417 2110 Roxanen
440 2078 473 2104 et
495 2071 568 2104 eius
590 2069 700 2101 filium
721 2068 974 2100 Alexandrum.

246 2175 348 2209 Hanc
371 2173 517 2217 gratiam
541 2171 705 2203 alumnus
729 2167 880 2212 principi
898 2168 986 2199 bene
1005 2166 1129 2198 merito
1147 2166 1226 2198 red-

248 2226 348 2260 didit.
401 2223 528 2257 Narrat
542 2219 627 2253 haec
645 2219 836 2252 Pausanias
851 2218 885 2250 in
898 2217 1072 2250 Boeoticis
1088 2217 1129 2248 de
1141 2214 1226 2249 Cas-

250 2277 395 2310 sandro:
428 2272 446 2308 ὃ
476 2268 710 2313 κάσσανὸρος
738 2264 950 2313 ὀλυμπιάδα
979 2280 1019 2314 γε
1044 2265 1227 2310 πτιρε]’3(ιλε

251 2327 473 2361 καταλεῦσαι
505 2324 581 2360 τοῖ,1
610 2319 659 2355 ἐπ’
685 2317 802 2364 αὐτὴν
825 2314 1044 2363 ,Μακεδόνων
1067 2317 1227 2360 παροξυ-

251 2425 429 2471 βαρσιίἠς
452 2422 629 2470 ἦρακλέα,
656 2420 716 2456 καὶ
734 2418 957 2466 ἀλέξανδρον
974 2417 1040 2453 τὸν
1057 2418 1096 2452 ἐκ
1112 2414 1227 2462 ρωξά-

252 2490 314 2521 ιἠς
337 2476 543 2510 ἀπέκτεινεν
565 2472 637 2509 ὑπὸ
660 2469 884 2518 φαρμάκων.
954 2470 1119 2504 Sororem
1144 2480 1226 2501 vero

249 2579 368 2620 tigono
393 2577 658 2619 gratificaretur,
687 2574 750 2607 etsi
775 2574 803 2607 is
822 2573 960 2615 negavit
977 2584 1039 2605 suo
1058 2571 1152 2604 iussu
1170 2570 1226 2602 in—

247 2628 425 2663 terfectam
443 2638 533 2665 esse,
559 2626 626 2659 suit
642 2625 734 2658 enim
750 2625 857 2658 frater
874 2621 1029 2667 Philippi
1048 2619 1190 2656 nothus.

808 64 934 99 PHtL.
959 62 1075 99 MEL.
1103 59 1312 97 SCRIPTA
1339 57 1638 96 EXEGETICA.

455 557 541 592 Erat
559 557 666 600 igitur
684 555 864 598 ingenium
884 553 958 586 eius
976 553 1079 595 longe
1098 551 1210 583 mains
1235 572 1237 582 ι

641 1161 811 1194 Prodibat
834 1159 1012 1192 interdum
1037 1164 1216 1195 cornutus,
1240 1166 1242 1172 '

230 1226 269 1253 ut
294 1217 428 1261 Iupiter
450 1213 652 1251 Hammon,
689 1211 867 1243 interdum
892 1216 931 1242 ut
951 1208 1084 1241 Diana:
1113 1207 1217 1240 deui-
1240 1207 1242 1211 “

1250 1955 1251 1976 ³
1276 1963 1398 1994 lemus.

1101 2013 1225 2046 Postea
1250 2024 1251 2044 1

565 2108 569 2114 ἱ
1027 2063 1074 2098 Et
1091 2071 1227 2108 praeter
1251 2087 1252 2094 1

246 2125 341 2159 hunc
363 2124 511 2156 alterum
535 2120 646 2153 filium
664 2117 851 2151 Herculem
873 2129 911 2149 ex
929 2116 1076 2149 Barsine
1093 2122 1227 2149 natum.
1251 2125 1252 2133 ¹

2155 57 2229 93 916

1358 144 1535 180 Recensui
1547 143 1760 177 calamitates
1770 143 1923 177 familiae
1933 141 2137 185 Alexandri,
2153 154 2242 189 quae

1258 208 1338 230 cum
1362 208 1434 229 nou
1458 195 1646 228 acciderint
1669 206 1769 233 casu,
1797 195 1953 238 profecto
1969 205 2033 227 nos
2051 195 2093 227 de
2108 195 2158 228 ira
2174 192 2243 227 Dei

1258 249 1462 280 admouent.
1518 245 1633 278 Multa
1646 243 1740 278 Deus
1758 244 1887 287 flagitia
1905 244 1941 276 in
1959 241 2024 276 hac
2041 244 2110 277 vita
2127 244 2243 288 punit,

1259 304 1292 330 et
1311 297 1503 340 cogitemus
1517 303 1645 329 restare
1664 295 1834 328 iudicium
1853 301 1931 338 post
1949 292 2040 326 banc
2056 294 2179 335 vitam,
2204 295 2244 327 in

1260 360 1329 392 quo
1355 349 1392 380 in
1415 354 1572 381 aeternas
1596 358 1726 390 poenas
1751 345 1985 378 coniicientur
2011 355 2150 384 omnes,
2183 344 2244 388 qui

1260 399 1366 432 vitam
1392 410 1464 431 non
1489 398 1688 431 emendant.
1739 395 1899 429 Brevitas
1923 401 2038 428 autem
2061 392 2167 428 huius
2191 394 2246 426 vi-

1260 456 1314 482 tae
1337 448 1628 482 commonefaciat
1653 458 1736 488 nos,
1762 446 1877 480 Deum
1901 457 1974 478 non
1992 451 2128 479 tantum
2145 456 2245 488 prae-

1262 500 1330 532 mia
1356 506 1388 532 et
1412 510 1541 542 poenas
1564 498 1601 530 in
1623 495 1688 530 hac
1710 498 1782 532 vita
1806 508 2022 541 proponere,
2048 496 2108 528 sed
2134 495 2246 528 multo

1261 550 1370 592 magis
1396 549 1433 581 in
1459 549 1519 581 illa
1543 548 1662 581 futura
1683 548 1900 582 aeternitate.
1953 546 2132 591 Quicquid
2150 545 2247 578 enim

1261 600 1453 644 aliquando
1494 599 1655 638 finietur,
1697 599 1802 631 breve
1829 598 2029 631 ducendum
2063 603 2133 637 est,
2175 595 2247 628 vita

1262 657 1353 683 certe
1370 648 1525 682 bominis
1542 649 1648 681 breve
1664 649 1878 682 curriculum
1899 654 1960 681 est.
2006 646 2165 681 Sciamus
2181 645 2248 689 igi-

1262 707 1320 734 tur
1338 707 1467 734 restare
1484 699 1655 733 iudicium
1674 699 1717 732 de
1733 699 1882 733 aeternis
1897 698 2060 743 praemiis
2071 704 2104 731 et
2117 695 2249 742 poenis.

1453 800 1477 824 D
1490 806 1503 823 e
1527 798 1818 823 successoribus
1845 799 2062 823 Alexandri.

1365 849 1455 884 Cum
1482 857 1560 895 post
1573 848 1768 884 Alexandri
1791 858 1939 885 mortem
1962 857 2094 884 teneret
2113 848 2249 893 regium

1238 911 1240 950 ᾗ,
1265 914 1394 935 nomen
1417 902 1525 935 frater
1543 901 1736 942 Aridaeus,
1762 902 1856 945 apud
1879 913 1982 945 quem
2007 911 2162 934 summus
2186 910 2251 941 gu-

548 960 653 994 Credi
678 958 790 991 voluit
815 969 850 990 se
876 968 981 1003 supra
1009 954 1212 987 mortalium
1238 957 1240 967 '

1266 954 1431 985 bernator
1463 958 1536 985 erat
1558 951 1758 990 Perdiccas,
1795 951 1997 994 provinciae
2029 951 2120 983 inter
2144 951 2250 983 duces

1239 1046 1241 1057 >
1266 1003 1473 1036 distributae
1489 1009 1588 1043 sunt,
1617 1002 1665 1035 ita
1680 1009 1720 1036 ut
1735 1013 1856 1035 omnes
1867 1000 2021 1035 Aridaeo
2037 1001 2107 1044 regi
2124 999 2252 1033 etPer2

1267 1054 1383 1087 diccae
1407 1065 1528 1096 parere
1553 1052 1769 1088 iuberentur.
1829 1052 1954 1086 Ambit
1978 1052 2085 1094 igitur
2107 1049 2252 1083 Perdic-

1267 1116 1341 1144 cas,
1376 1104 1458 1148 quia
1489 1103 1675 1136 autoritate
1705 1104 1785 1148 plus
1815 1115 1919 1147 quam
1951 1101 2078 1135 caeteri
2101 1101 2253 1140 valebat,

1268 1154 1471 1197 coniugium
1495 1154 1626 1186 sororis
1648 1152 1842 1187 Alexandri
1864 1152 2081 1197 Cleopatrae.
2144 1149 2190 1184 Et
2213 1156 2254 1184 ut

1269 1206 1407 1239 tolleret
1432 1217 1450 1237 e
1475 1205 1592 1237 medio
1616 1216 1693 1244 eos,
1721 1217 1808 1249 quos
1825 1204 1992 1237 obsistere
2007 1203 2079 1236 suis
2096 1200 2254 1235 consiliis

1269 1255 1525 1295 arbitrabatur,
1567 1255 1664 1288 iubet
1694 1255 1845 1289 interfici
1874 1254 2112 1297 Meleagrum,
2149 1251 2254 1286 struit

1270 1306 1414 1339 iusidias
1438 1304 1628 1348 Antigono.
1676 1304 1749 1348 Qui
1774 1317 1853 1338 cum
1876 1305 2020 1347 fugisset
2041 1304 2086 1337 ad
2103 1300 2254 1347 Antipa-

1272 1364 1364 1390 trum
1396 1357 1433 1388 in
1459 1354 1726 1396 Macedoniam,
1760 1356 1886 1388 missus
1913 1362 1961 1388 est
1982 1352 2180 1393 Eumenes,
2214 1358 2255 1386 ut

1271 1407 1403 1439 bellum
1428 1406 1572 1439 inferret
1591 1406 1780 1449 Antipatro
1800 1412 1832 1439 et
1849 1405 2049 1448 Antigono,
2075 1416 2153 1437 cum
2173 1402 2255 1447 qui-

1271 1459 1336 1491 bus
1361 1464 1393 1490 et
1416 1456 1639 1489 Ptolemaeus
1661 1469 1696 1489 se
1719 1456 1965 1490 coniunxerat:
2017 1453 2124 1488 Ducit
2147 1453 2255 1496 igitur

1272 1507 1459 1540 exercitum
1477 1506 1660 1539 Perdiccas
1677 1507 1714 1539 in
1724 1507 1920 1551 Aegyptum
1932 1533 1941 1547 ,
1966 1512 2004 1538 ut
2015 1504 2256 1538 Ptolemaeum

1273 1559 1355 1590 inde
1386 1557 1580 1600 expelleret.
1647 1556 1716 1590 Sed
1744 1558 1901 1590 desertus
1933 1556 1977 1589 ab
2009 1555 2161 1589 exercitu
2192 1565 2255 1587 suo

1273 1608 1474 1649 Perdiccas,
1502 1607 1658 1639 inficitur
1683 1619 1701 1640 a
1723 1607 1795 1640 suis
1818 1607 2014 1651 equitibus,
2039 1605 2143 1639 tertio
2161 1616 2256 1637 anno

1273 1665 1351 1702 post
1376 1656 1569 1690 Alexandri
1591 1664 1753 1691 mortem.
1806 1657 1858 1691 Ita
1880 1657 2015 1700 primus
2037 1663 2139 1689 autor
2163 1655 2257 1689 sedi-

1273 1708 1379 1742 tionis
1396 1708 1494 1741 dedit
1509 1720 1653 1752 poenas,
1680 1720 1769 1753 quae
1784 1708 1853 1742 late
1869 1715 2007 1750 vagatae
2023 1713 2116 1740 sunt.
2169 1705 2257 1738 Bon

1274 1760 1368 1792 enim
1398 1765 1431 1792 et
1463 1759 1570 1792 frater
1590 1758 1777 1792 Perdiccae
1801 1757 1941 1792 Alcetas
1971 1758 2174 1792 interfectus
2196 1763 2257 1796 est,

1275 1817 1307 1843 et
1324 1810 1399 1842 eius
1416 1821 1526 1843 soror.

1379 1859 1476 1892 Alibi
1506 1872 1607 1900 vero,
1641 1872 1718 1893 cum
1740 1858 1918 1893 Eumenes
1950 1859 2148 1892 dimicasset
2176 1869 2256 1890 cum

1275 1911 1454 1954 Antipatri
1478 1911 1648 1951 exercitu,
1677 1911 1857 1954 perierunt
1872 1909 2036 1944 Craterus
2054 1915 2087 1942 et
2101 1907 2258 1951 Neopto-

1452 1960 1547 1994 Haec
1569 1962 1714 1994 fuerunt
1738 1961 1838 1994 initia
1861 1960 2058 2003 ingentium
2082 1966 2258 1999 motuum,

1275 2019 1327 2046 tot
1352 2012 1445 2045 enim
1463 2012 1655 2044 interfectis
1669 2012 1839 2054 ducibus,
1864 2011 1933 2043 iam
1948 2011 2028 2043 odia
2046 2016 2257 2047 exarserant,

1277 2069 1309 2095 et
1334 2074 1426 2095 nova
1441 2063 1581 2095 foedera
1599 2063 1746 2100 fiebant,
1773 2068 1805 2095 et
1821 2073 1855 2094 se
1872 2061 1997 2104 singuli
2014 2062 2055 2094 ad
2073 2072 2163 2093 nova
2182 2072 2258 2093 cer-

1276 2113 1408 2146 tamina
1433 2113 1700 2156 praeparabant.
1751 2111 1832 2145 Duo
1851 2119 1967 2145 autem
1983 2111 2141 2145 omnium
2159 2117 2258 2144 erant

1277 2164 1457 2201 acerrimi,
1497 2162 1696 2206 Antigonus
1723 2170 1755 2196 et
1780 2161 1967 2197 Eumenes,
2035 2161 2082 2195 Hi
2107 2162 2199 2195 inter
2222 2173 2257 2195 se

1278 2215 1482 2247 dimicantes
1513 2214 1668 2258 reliquos
1699 2214 1737 2246 in
1760 2221 1874 2257 partes
1898 2220 2089 2246 traxerunt.
2158 2211 2259 2245 Tan-

1277 2266 1355 2297 dem
1372 2263 1574 2308 Antigonus
1596 2265 1709 2298 victor
1727 2265 1816 2312 cepit
1831 2262 2026 2298 Eumenem
2045 2263 2258 2308 proditione,

1252 2352 1253 2362 η
1277 2316 1435 2349 deditum
1454 2327 1472 2347 a
1489 2315 1678 2354 militibus,
1705 2327 1854 2360 eumque
1870 2315 2054 2348 interfecit.

253 2376 413 2419 σμέιόις,
441 2372 504 2409 καὶ
529 2371 615 2411 τοὺς
634 2369 770 2408 παῖδας
794 2366 1038 2414 ἆ).εξάι’ὁρου,’
1067 2364 1170 2401 τόντε
1189 2367 1228 2400 ἐκ
1252 2366 1253 2398 j

1252 2441 1253 2457 3
1277 2428 1359 2459 pum
1385 2423 1419 2449 et
1435 2414 1694 2457 Alexandrum,
1724 2424 1756 2450 et
1781 2417 1818 2449 in
1841 2415 1896 2449 his
1915 2416 2124 2449 tumultibus
2140 2422 2257 2448 osten-

1251 2478 1253 2508 j
1277 2467 1328 2500 dit
1352 2479 1386 2499 se
1410 2478 1482 2499 non
1509 2478 1590 2500 suae
1615 2467 1761 2500 utilitati
1784 2468 1932 2507 servire,
1957 2467 2016 2499 sed
2034 2476 2257 2510 propugnare

249 2527 469 2570 Cleopatram
489 2527 679 2569 praefectus
697 2523 860 2557 Sardium
881 2521 1073 2563 interfecit,
1096 2526 1135 2553 ut
1150 2520 1226 2552 An-
1251 2516 1253 2528 ³

1379 2365 1507 2399 Fuerat
1531 2372 1647 2399 autem
1671 2364 1850 2399 Eumenes
1872 2366 1985 2399 scriba
2009 2365 2100 2409 apud
2118 2361 2258 2408 Philip-

1276 2515 1459 2556 haeredes,
1500 2518 1692 2551 Alexandri
1725 2525 1888 2558 matrem,
1927 2528 2099 2557 sororem,
2133 2516 2256 2550 coniu-

1276 2579 1350 2610 gem
1373 2574 1406 2601 et
1431 2568 1538 2601 filios:
1567 2576 1599 2602 et
1621 2569 1702 2614 quia
1725 2569 1874 2602 multum
1900 2568 1991 2600 valet
2009 2567 2046 2599 in
2063 2567 2255 2601 concilian-

1249 2635 1252 2654 ι
1275 2619 1328 2651 dis
1350 2625 1383 2652 et
1406 2619 1598 2652 retinendis
1622 2619 1863 2653 voluntatibus
1882 2615 2254 2657 mediocriumhomi-
