2379 2948
4 347 13 464 „2<-=·-..-

148 101 221 136 645

300 184 474 230 Voluptas
492 193 676 221 conservat
694 183 850 220 hominis
866 190 1041 224 naturam,
1061 184 1133 217 vir-

352 243 408 270 tus
429 237 596 278 destruit,

300 285 396 331 Ergo
417 288 580 332 voluptas
594 292 644 320 est
659 284 739 317 finis
757 281 924 316 bominis.

246 335 361 371 Error
384 346 433 373 est
460 339 496 371 in
523 337 655 370 maiore
679 342 712 368 et
737 334 894 374 minore,
929 345 1132 379 quanquam

145 389 382 433 plausibiliter
406 389 474 422 dici
500 388 676 420 videntur.
729 384 848 418 Maior
879 385 927 418 ita
957 396 1036 417 vera
1070 392 1132 425 est,

146 446 308 473 naturam
333 446 424 472 recte
446 445 609 483 appetere
633 436 938 470 conservationem
963 435 1038 468 eius
1063 442 1132 468 sta-

145 498 218 529 tus,
246 491 307 535 qui
325 489 537 522 conveniens
555 495 605 522 est
620 495 786 527 naturae,
814 498 887 519 non
911 487 971 531 qui
1000 493 1133 530 pugnat

145 553 223 574 cum
242 541 372 574 iudicio
389 540 529 580 mentis,
555 545 615 572 aut
633 538 782 571 destruit
803 537 972 581 speciem,
1000 543 1038 570 ut
1056 538 1131 569 dia—

144 593 247 625 bolus
267 591 386 624 mallet
403 602 476 624 non
494 601 585 630 esse,
613 601 718 634 quam
735 588 783 621 sic
801 600 884 621 esse.
927 587 1066 620 Deinde
1093 588 1130 620 in
1156 615 1157 624 ἶ

144 643 281 675 minore
314 641 451 674 fallacia
483 648 534 674 est
564 640 765 673 accidentis.
830 639 952 673 Virtus
983 639 1133 672 destruit

778 98 820 135 V.
873 56 1194 135 ERO⁰TEMATA
1221 99 1556 138 DIALECTICES.

1156 260 1162 501 l

1156 589 1160 605 l

1155 669 1158 677 t

1156 679 1158 695 l

144 701 304 727 naturam
330 703 391 735 per
417 692 598 731 accidens,
625 691 660 723 id
684 698 752 728 est,
780 691 873 735 quod
893 690 1054 724 Socrates
1076 690 1130 722 in-
1156 697 1158 719 ξ

144 743 329 782 terficitur,
357 743 394 775 id
409 743 525 776 alieno
545 742 673 775 scelere
690 742 738 782 fit,
766 742 878 774 virtus
898 741 1040 784 proprie
1059 752 1130 773 non
1156 734 1158 753 ³

144 801 194 827 est
228 804 328 826 causa
361 794 468 829 necis.
528 793 634 833 ltem,
673 793 786 825 virtus
821 798 935 824 servat
970 792 1132 835 speciem,

144 844 280 878 etiamsi
302 844 408 877 alicui
436 844 622 877 individuo
651 843 894 877 dimicandum
920 849 988 882 est,
1016 849 1132 875 tamen
1157 840 1158 856 ³

142 895 315 929 fortitudo
332 902 382 928 est
398 895 653 940 propugnatrix.
671 906 754 926 suae
770 894 931 927 civitatis
965 892 1132 932 Econtra,

143 947 306 990 voluptas
340 948 541 991 promiscua
572 946 757 989 dissiparet
790 951 897 978 totam
930 945 1131 977 societatem
1158 956 1160 984 ς

1159 1035 1161 1050 5
1187 1001 1301 1041 batur,
1328 1000 1427 1034 Plato
1445 1001 1646 1034 dulcissime
1665 1000 1763 1039 dixit,
1793 999 1941 1033 Gratam
1961 998 2026 1032 Dei
2045 999 2171 1032 famam

143 995 342 1033 hominum.

454 1086 561 1128 Aliud
581 1086 826 1118 Demosthenis.

296 1150 456 1184 Honesta
473 1151 641 1190 consilia,
670 1150 807 1183 etiamsi
826 1150 1021 1195 periculosa
1041 1156 1134 1189 sunt,

351 1201 580 1235 anteferenda
596 1208 678 1234 sunt
696 1201 843 1235 utilibus
856 1229 864 1241 ‚

297 1251 497 1286 Consilium
516 1254 559 1284 de
584 1252 789 1284 defensione
814 1253 987 1286 libertatis
1012 1258 1133 1285 contra

353 1301 562 1347 Philippum
579 1303 646 1335 fuit
662 1301 847 1336 honestum
862 1330 870 1343 ‚

298 1352 382 1386 Fuit
399 1353 507 1396 igitur
524 1353 803 1385 anteferendum.

247 1401 360 1437 Error
379 1410 429 1437 est
445 1404 483 1436 in
501 1404 634 1436 maiore
651 1410 684 1436 et
705 1404 850 1437 minore.
878 1403 1034 1437 Honesta
1052 1410 1135 1438 sunt

146 1456 389 1496 anteferenda,
416 1455 548 1488 scilicet
566 1455 758 1487 necessaria
778 1467 850 1487 non
869 1457 1134 1503 πολυπραχιιο-

145 1506 250 1547 νικά,
279 1513 319 1540 ut
341 1506 534 1550 gloriosum
559 1506 699 1539 videtur
725 1505 867 1547 losuae,
900 1507 1031 1539 inferre
1058 1507 1133 1540 bel-

146 1560 220 1593 lum
239 1558 429 1603 Aegyptio:
458 1558 517 1590 sed
542 1564 616 1589 erat
634 1554 989 1604 notvnpaypom'usq.
1031 1557 1133 1591 Talia

147 1610 259 1643 multa
284 1616 365 1642 sunt
389 1615 501 1641 errata
529 1608 566 1639 in
591 1608 749 1651 imperiis
776 1616 807 1641 et
832 1609 868 1640 in
892 1609 1030 1653 privata
1052 1609 1134 1642 vita.

147 1660 288 1696 Deinde
305 1660 409 1693 etiam
429 1660 622 1692 videndum
640 1665 708 1698 est,
735 1671 779 1691 an
799 1659 899 1702 plura
923 1659 994 1692 sint
1020 1657 1133 1692 hone-

148 1719 219 1753 sta,
247 1718 279 1744 et
297 1722 385 1756 quae
402 1722 467 1744 nos
484 1711 649 1748 deceant,
675 1716 707 1742 et
733 1722 822 1754 quae
847 1710 917 1743 sint
941 1711 1134 1754 possibilia,

149 1771 183 1798 et
205 1763 324 1796 minus
350 1761 558 1805 periculosa.
614 1758 737 1793 Minor
760 1763 918 1803 neganda
945 1754 1014 1801 est,
1048 1773 1134 1795 con-

149 1815 269 1848 silium
287 1814 330 1847 de
347 1813 551 1846 defensione
569 1812 605 1844 in
623 1812 735 1855 specie
751 1812 942 1854 gloriosum
961 1812 1047 1852 fuit,
1074 1813 1133 1844 sed

149 1866 232 1912 quia
250 1859 593 1912 πολυπραγμοσύνη
611 1869 701 1900 erat,
728 1874 848 1895 revera
865 1870 949 1896 tunc
974 1875 1048 1895 non
1069 1863 1135 1905 fuit

149 1916 354 1951 honestum:
383 1914 470 1948 Nam
489 1911 745 1947 Demosthenes
770 1913 922 1947 irritavit
943 1920 977 1947 et
994 1913 1135 1947 attraxit

150 1979 246 2002 arma
264 1967 521 2003 Macedonum,
548 1964 620 1998 Nec
638 1965 793 2007 potentia
811 1965 961 1998 civitatis
979 1967 1046 1998 iam
1072 1977 1135 2009 par

152 2025 223 2052 erat
245 2018 303 2052 isti
328 2018 442 2057 bello,
478 2015 525 2050 Et
550 2028 615 2061 pax
635 2015 712 2053 aliis
734 2013 889 2049 honestis
914 2016 1026 2049 modis
1052 2016 1136 2049 reti-

152 2070 229 2103 neri
247 2075 392 2113 poterat.

255 2119 313 2154 Sic
329 2120 436 2164 igitur
453 2127 486 2153 et
501 2118 566 2152 tria
583 2125 662 2152 sunt
685 2119 967 2164 propositionum
991 2129 1135 2162 genera:

153 2170 258 2206 Certo
283 2182 402 2210 verae,
430 2170 602 2210 incertae,
631 2177 662 2202 et
689 2170 812 2210 falsae,
840 2182 902 2203 seu
928 2169 1043 2213 palam
1069 2170 1135 2202 fal-

155 2234 232 2256 sum
248 2229 499 2262 asseverante5‚
527 2233 587 2254 seu
604 2221 753 2265 speciem
771 2221 846 2254 veri
863 2219 1042 2254 habentes.

258 2271 363 2306 Certo
387 2284 487 2304 verae
510 2279 611 2315 sunt,
638 2273 735 2317 quib.
759 2278 850 2305 recte
874 2272 1022 2315 cognitis
1039 2282 1137 2304 mens

156 2324 319 2359 assentiri
336 2323 482 2365 cogitur,
508 2323 562 2355 vel
580 2330 723 2366 propter
741 2324 965 2363 evidentiam,
982 2323 1035 2355 vel
1055 2334 1138 2367 pro-

155 2383 233 2420 pter
257 2373 611 2413 demonstrationem,
651 2375 707 2407 vel
733 2382 875 2418 propter
902 2374 1137 2407 universalem

157 2425 429 2471 experientiam,
454 2430 512 2456 aut
540 2424 737 2458 testimonia
762 2437 835 2458 non
851 2425 1021 2460 fallentia.
1061 2422 1139 2457 Etsi

157 2478 251 2512 enim
274 2475 448 2510 humanae
471 2480 604 2507 mentes
629 2486 701 2508 non
724 2483 872 2520 possunt
904 2476 1024 2509 omnia
1058 2486 1140 2519 per-—

158 2526 306 2563 scrutari
322 2554 331 2568 ,
358 2533 390 2560 et
414 2525 545 2559 multae
567 2531 647 2558 sunt
663 2527 843 2570 ambiguae
859 2526 1060 2571 opiniones,
1087 2533 1140 2559 ta-

161 2591 242 2612 men
257 2578 352 2612 Deus
373 2577 448 2610 vult
470 2576 604 2620 aliquas
629 2587 701 2608 esse
725 2584 851 2617 certas,
879 2578 995 2611 firmas
1018 2585 1051 2611 et
1075 2577 1142 2610 im-

160 2637 271 2664 motas
294 2628 460 2668 noticias,
501 2627 593 2659 vitae
626 2626 802 2660 rectrices:
837 2627 925 2661 Vult
958 2640 992 2662 se
1021 2628 1141 2672 aliquo

161 2682 265 2715 modo
284 2679 443 2724 agnosci,
466 2678 540 2712 vult
558 2689 629 2711 esse
645 2689 874 2711 numerorum
894 2686 926 2713 et
950 2679 1140 2722 figurarum
1166 2719 1170 2722 ,

1157 877 1159 893 l

1157 923 1159 936 A

1157 937 1160 948 ο

2099 103 2173 138 646

1187 186 1334 220 noticias
1351 186 1466 220 firmas
1483 194 1515 221 et
1540 187 1712 228 illustres,
1741 187 1817 221 vult
1839 186 1974 232 aliquas
2000 199 2071 221 esse
2094 200 2170 220 mo-

1186 250 1265 271 rum
1288 237 1379 280 leges
1402 238 1574 274 immotas,
1626 238 1698 272 Nec
1722 238 1984 272 assentiendum
2010 246 2058 272 est
2082 237 2170 284 Pyr-

1186 285 1324 321 rhoniis
1348 294 1409 321 aut
1428 286 1663 328 Academicis,
1691 289 1890 323 delentibus
1912 289 2172 327 cei-titudinem,

1186 345 1219 372 et
1236 339 1544 379 contendentibus,
1569 341 1687 372 omnia
1706 352 1778 373 esse
1795 341 1928 374 incerta
1945 348 1977 374 et
1997 339 2171 382 ambigua.

1185 389 1281 422 Haec
1299 390 1451 422 amentia
1474 390 1566 423 delet
1584 391 1811 433 praecipuum
1837 393 1969 425 donum
1989 389 2075 431 Dei,
2105 390 2170 422 sci-

1186 441 1266 474 licet
1284 439 1496 480 Veritatem,
1524 447 1556 473 et
1574 441 1697 473 evertit
1719 449 1827 482 artes,
1854 454 1941 486 quae
1964 448 2046 475 sunt
2070 453 2171 485 prae—

1185 491 1273 525 sidia
1290 491 1399 531 vitae,
1427 497 1460 524 et
1474 491 1592 524 obruit
1610 491 1824 533 agnitionem
1842 492 1926 533 Dei,
1953 504 2042 537 quae
2058 503 2170 537 quan-

1186 542 1401 587 tulacunque
1422 549 1470 574 est
1498 541 1534 574 in
1559 548 1684 575 natura
1702 538 1876 582 hominis,
1905 544 2114 576 illustranda
2138 550 2170 575 et

1185 593 1425 626 confirmanda
1461 599 1511 625 est
1545 592 1636 625 veris
1672 593 1904 634 argumentis,
1947 606 2019 625 non
2054 593 2168 627 extin-

1184 645 1335 687 guenda.
1391 642 1532 677 Illustre
1556 643 1798 677 testimonium
1830 650 1898 681 est,
1936 641 2027 676 hanc
2051 656 2169 677 rerum

1185 702 1347 728 naturam
1368 707 1441 727 non
1462 694 1613 729 extitisse
1630 705 1729 734 casu,
1755 695 1814 726 sed
1837 706 1855 727 a
1881 701 1996 727 mente
2019 692 2170 727 archite-

1186 746 1326 779 ctatrice
1343 746 1521 779 conditam
1539 757 1628 786 esse,
1659 746 1752 790 quod
1772 745 1903 778 nostris
1916 744 2094 778 mentibus
2116 745 2171 776 in-

1186 797 1271 831 sitae
1290 804 1373 831 sunt
1390 796 1551 837 noticiae,
1576 797 1814 829 discernentes
1832 793 1979 829 honesta
1997 802 2028 829 et
2044 795 2171 839 turpia,

1185 848 1269 881 item
1296 859 1527 881 numerorum
1553 854 1584 881 et
1608 847 1746 880 ordinis
1769 847 1987 887 intellectus,
2011 853 2043 879 et
2061 853 2172 879 certae

1186 899 1277 942 leges
1297 906 1379 932 sunt
1398 906 1557 932 motuum
1577 898 1799 938 coelestium,
1827 905 1861 931 et
1878 905 2021 931 manent
2041 897 2172 941 specie-

1186 962 1264 983 rum
1284 950 1498 984 discrimina.
1546 949 1613 982 Hic
1630 950 1717 983 ordo
1735 961 1813 982 cum
1834 949 1869 981 in
1890 949 2025 982 artibus
2041 948 2172 981 descri-

1187 1052 1225 1084 in
1242 1052 1376 1085 artibus
1397 1063 1551 1095 sparsam
1580 1063 1662 1084 esse.
1716 1050 1814 1084 Haec
1838 1057 1908 1084 tota
1933 1050 2170 1083 consideratio

1187 1103 1420 1136 conturbatur
1443 1114 1462 1135 a
1485 1099 1695 1147 Pyrrhoniis
1727 1109 1761 1135 et
1788 1101 2020 1135 Academicis.
2081 1099 2171 1134 Cum

1187 1160 1301 1186 autem
1320 1166 1387 1186 vox
1405 1153 1526 1185 divina
1543 1153 1753 1197 praecipiat,
1780 1153 1865 1185 Non
1883 1152 1952 1185 dici
1969 1152 2095 1185 falsum
2122 1158 2172 1184 te-

1187 1204 1392 1237 stimonium
1405 1229 1414 1244 ,
1442 1204 1617 1246 fugiamus
1636 1204 1739 1236 falsas
1757 1203 1945 1247 opiniones
1964 1209 2037 1236 toto
2054 1209 2172 1246 pecto—

1160 1261 1161 1293 }
1188 1267 1240 1292 re,
1271 1262 1302 1288 et
1321 1255 1501 1287 veritatem
1530 1266 1758 1299 quaeramus,
1786 1262 1818 1287 et
1843 1254 2049 1298 patefactam
2075 1265 2173 1286 reve-

1187 1312 1305 1339 renter
1335 1312 1519 1345 tueamur,
1553 1306 1645 1338 etin
1670 1317 1708 1338 ea
1742 1305 2003 1349 acquiescamus
2040 1316 2077 1337 ac
2097 1302 2172 1337 Deo

1187 1357 1314 1399 gratias
1332 1367 1491 1399 agamus,
1519 1356 1612 1399 quod
1631 1362 1663 1388 et
1679 1367 1751 1388 sese
1777 1355 1956 1398 patefecit,
1985 1362 2016 1388 et
2039 1355 2174 1399 aliquas

1187 1419 1285 1440 veras
1302 1407 1448 1440 noticias
1466 1406 1623 1444 tradidit,
1649 1406 1685 1438 in
1704 1406 1833 1451 quibus
1851 1405 1953 1438 etiam
1970 1405 2083 1450 qualis
2101 1406 2174 1449 ipse

1187 1458 1249 1497 sit,
1290 1457 1488 1490 firmissime
1521 1457 1624 1489 nobis
1655 1464 1778 1490 notum
1804 1468 1876 1490 esse
1901 1456 2025 1490 voluit.
2083 1455 2173 1489 Cum

1187 1509 1281 1542 enim
1308 1509 1455 1542 tradidit
1480 1508 1572 1551 leges
1594 1514 1760 1548 naturae,
1789 1519 1878 1552 quae
1903 1514 1985 1541 sunt
2002 1508 2173 1541 virtutum

1188 1559 1366 1600 doctrina,
1395 1566 1539 1593 testatus
1557 1566 1605 1593 est
1623 1571 1695 1592 sese
1718 1560 1822 1593 talem
1850 1570 1940 1598 esse,
1968 1559 2174 1602 sapientem,

1188 1612 1339 1651 iustum,
1379 1622 1556 1651 veracem,
1597 1617 1749 1651 castum,
1786 1610 1990 1653 punientem
2033 1610 2173 1643 scelera.

1187 1661 1365 1705 Sagariter
1383 1662 1486 1695 etiam
1504 1661 1754 1705 investigemus
1777 1668 1890 1699 certa,
1919 1668 1950 1694 et
1975 1661 2174 1694 considere-

1187 1725 1264 1745 mus
1290 1713 1404 1746 fontes
1431 1719 1463 1745 et
1489 1723 1608 1746 causas
1639 1712 1879 1751 certitudinis,
1917 1718 1949 1744 et
1982 1713 2175 1755 prudenter

1187 1764 1272 1796 falsa
1299 1776 1338 1797 ac
1362 1764 1495 1797 incerta
1524 1775 1542 1796 a
1574 1764 1676 1796 certis
1707 1763 1959 1796 discernamus.
2013 1762 2175 1796 Stulticia

1189 1821 1239 1848 est
1254 1814 1347 1846 enim
1367 1826 1467 1858 saepe
1485 1813 1679 1857 perniciosa
1697 1814 1808 1853 vitae,
1837 1813 2000 1856 amplecti
2016 1814 2100 1846 falsa
2115 1821 2174 1846 aut

1188 1865 1320 1898 incerta
1346 1877 1409 1909 pro
1433 1865 1555 1904 certis,
1583 1871 1621 1898 ut
1648 1877 1726 1897 cum
1745 1864 1934 1908 Pompeius
1957 1864 2024 1897 sibi
2048 1871 2174 1898 certam

1188 1916 1371 1949 victoriam
1405 1916 1590 1959 promittit.
1650 1914 1789 1949 Rursus
1825 1914 1929 1948 etiam
1966 1916 2077 1949 scelus
2114 1923 2175 1955 est,

1189 1979 1356 2011 quaerere
1374 1967 1576 2010 praestigias
1594 1966 1637 1998 ad
1655 1966 1847 1999 eludendas
1866 1966 2066 2007 sententias,
2091 1979 2174 2012 quas

1189 2017 1284 2051 Deus
1304 2018 1378 2051 vult
1394 2030 1457 2050 nos
1476 2017 1638 2061 amplecti
1654 2016 1728 2049 sine
1747 2016 1981 2050 dubitatione.

1292 2093 1449 2127 Incertae
1466 2092 1725 2137 propositiones
1743 2099 1843 2133 sunt,
1871 2094 1913 2125 de
1930 2093 2058 2137 quibus
2083 2100 2175 2126 recte

1189 2144 1338 2189 cognitis
1355 2144 1507 2183 assensio
1525 2144 1772 2188 suspenditur,
1799 2149 1858 2176 aut
1881 2143 2014 2177 etiamsi
2031 2151 2176 2188 propter

1190 2196 1464 2230 concinnitatem
1484 2195 1592 2238 magis
1608 2195 1820 2228 inclinamus
1836 2194 1874 2226 in
1898 2205 2004 2226 unam
2031 2201 2176 2238 partem,

1191 2255 1308 2282 tamen
1330 2246 1499 2290 languida
1525 2252 1574 2279 est
1599 2245 1771 2286 assensio,
1798 2251 1836 2278 ut
1860 2244 1949 2277 visio
1977 2251 2114 2280 tantum
2138 2246 2175 2280 fit

1191 2299 1286 2333 intus
1300 2297 1515 2343 recipiendO.

1293 2373 1433 2413 Falsae,
1473 2384 1560 2418 quae
1600 2383 1673 2403 non
1707 2377 1906 2414 congruunt
1942 2383 2020 2404 cum
2060 2372 2175 2407 rebus.

1191 2425 1329 2459 Multae
1363 2431 1480 2458 autem
1515 2422 1662 2466 speciem
1692 2421 1765 2453 veri
1795 2418 1944 2461 habent,
1987 2428 2020 2455 et
2046 2434 2174 2466 magno

1172 2489 1272 2523 ⁴cum
1307 2477 1479 2520 applausu
1518 2472 1761 2515 excipiuntur,
1810 2479 1849 2506 ut
1883 2470 2058 2517 Epicurea
2095 2473 2174 2507 illa:

1195 2527 1367 2571 Voluptas
1395 2532 1445 2559 est
1472 2535 1648 2557 summum
1674 2523 1819 2557 bonum.
1882 2523 1922 2556 ln
1947 2523 2027 2556 aliis
2061 2524 2176 2557 mani-

1192 2579 1279 2611 festa
1309 2583 1359 2609 est
1391 2575 1547 2615 vanitas,
1587 2579 1643 2607 ut:
1681 2572 1742 2608 Sol
1775 2580 1825 2608 est
1857 2571 1988 2610 halitus
2016 2572 2175 2620 quotidie

1194 2628 1401 2670 deflagrans.

1700 2726 1787 2761 41*
