2379 2948
9 1576 12 1608 i

9 1610 18 1645 i

9 1719 16 1732 ,s

10 1737 12 1749 l

157 114 231 150 729
793 113 833 149 V.
887 110 1211 148 EROTEMATA
1238 110 1576 148 DIALECTICES.
2125 109 2201 143 730

577 199 731 234 Aliud.

310 267 435 301 Gratia
453 279 575 302 sumus
593 268 692 309 iusti,

308 318 434 354 Gratia
463 327 514 354 est
544 319 629 362 legis
653 318 910 362 promulgatio,
945 316 1028 362 quia
1054 315 1150 350 Deus

363 371 470 415 gratis
501 376 637 404 tantum
663 369 875 403 beneficium
901 375 971 402 tam
998 367 1149 402 illustri-

362 424 429 456 bus
449 419 660 455 testimoniis
675 418 850 460 exhibuit,

308 471 402 517 Ergo
419 474 474 506 lex
489 471 617 505 sufficit
636 472 679 504 ad
698 471 887 505 iusticiam.

267 524 326 559 Sic
364 523 704 567 argumentabantur
742 520 912 555 haeretici
954 520 1147 564 pelagiani.

154 576 222 610 Sed
254 576 413 619 neganda
443 581 493 607 est
522 573 793 619 consequentia,
829 574 912 619 quia
945 579 995 606 est
1025 573 1148 618 aequi-

154 627 303 661 vocatio.
365 625 455 659 Nam
480 637 559 658 cum
582 624 715 659 Paulus
740 625 844 658 dicit:
876 623 1001 658 Gratia
1027 635 1148 657 sumus

154 678 255 720 iusti,
283 689 355 711 non
381 673 448 710 hoc
469 676 562 717 vult,
589 688 654 709 nos
678 677 753 720 lege
776 688 837 709 seu
861 676 1049 718 disciplina
1074 687 1147 707 me-

154 730 223 762 reri
254 727 497 762 remissionem
531 734 772 772 peccatorum,
814 739 879 760 nec
909 727 1019 769 legem
1047 733 1148 759 vocat

153 780 320 824 gratiam,
348 780 408 812 sed
431 778 578 822 gratiam
603 787 704 813 vocat
723 778 967 812 remissionem
987 784 1146 821 peccato-

152 843 244 874 rum,
273 831 440 864 donatam
458 836 602 875 propter
611 829 849 864 Mediatorem
866 841 928 873 per
944 828 1148 861 misericor-

151 882 245 914 diam
263 882 389 925 gratis,
417 888 450 915 et
466 879 724 915 exhibitionem
737 881 892 926 Spiritus
907 880 1029 920 sancti,
1058 892 1148 924 quae

150 932 188 966 fit
205 932 241 965 in
259 945 338 966 vera
355 933 587 966 conversione
605 934 648 966 ad
665 935 794 974 Deum,
825 944 885 965 seu
902 931 1131 976 poenitentia.

570 1036 724 1071 Aliud.

304 1101 483 1148 Propheta
493 1103 595 1137 dicit:
623 1102 706 1136 Non
724 1108 774 1135 est
791 1101 923 1134 malum
941 1101 978 1134 in
995 1101 1148 1142 civitate,

359 1155 456 1201 quod
474 1167 548 1188 non
566 1154 648 1188 fecit
664 1153 857 1192 Dominus,

304 1206 448 1241 Peccata
485 1206 598 1239 multa
629 1212 662 1239 et
696 1202 885 1238 horribilia
929 1209 1011 1237 sunt
1043 1203 1148 1244 mala,

361 1269 451 1302 quae
471 1264 555 1291 sunt
574 1258 611 1289 in
630 1256 782 1295 civitate,

305 1307 402 1350 Ergo
422 1315 456 1342 et
474 1308 605 1352 peccati
622 1307 766 1341 effector
783 1313 834 1339 est
849 1305 957 1340 Deus.

252 1357 350 1401 Nego
375 1358 685 1402 consequentiam,
712 1358 795 1400 quia
818 1355 1062 1402 aequivocatio
1088 1362 1148 1395 est,

151 1410 272 1445 Maior
287 1409 448 1454 loquitur
464 1414 602 1442 tantum
618 1407 663 1440 de
680 1407 772 1440 malo
791 1417 937 1450 poenae,
966 1412 1005 1439 ut
1022 1407 1148 1438 usitate

151 1462 380 1496 nominamus
405 1459 641 1502 calamitates,
678 1470 768 1503 quae
790 1469 864 1490 non
889 1465 972 1491 sunt
996 1463 1147 1500 peccata,

152 1526 225 1548 non
249 1513 410 1557 loquitur
435 1512 478 1545 de
503 1510 596 1543 malo
621 1510 756 1554 culpae.
823 1507 920 1552 Ergo
945 1509 982 1541 iu
1008 1508 1147 1541 minore

152 1577 225 1599 non
250 1570 342 1597 recte
366 1563 404 1596 fit
428 1561 648 1602 subsumtio,
683 1561 765 1606 quia
790 1566 970 1605 peccatum
998 1565 1048 1593 est
1072 1571 1146 1592 ma-

152 1617 226 1650 lum
246 1615 388 1659 culpae,
415 1614 511 1659 quod
530 1625 752 1658 nequaquam
770 1613 847 1646 vult
857 1613 964 1651 Deus,
991 1623 1055 1643 nec
1072 1610 1146 1642 esfi-

151 1668 210 1701 cit.
263 1664 355 1699 Cum
372 1671 489 1698 autem
509 1664 715 1708 quotidiana
734 1664 804 1697 vita
822 1663 978 1706 exempla
993 1661 1146 1706 plurima

151 1718 296 1758 offerat,
324 1716 408 1750 satis
433 1722 483 1749 est
508 1715 627 1747 locum
654 1720 868 1747 monstrasse
894 1720 927 1746 et
954 1712 1145 1750 monuisse,

151 1776 191 1804 ut
215 1769 252 1802 in
275 1766 492 1811 argumentis
515 1765 778 1805 consideretur,
805 1776 894 1809 quae
918 1776 984 1796 vox
1008 1763 1146 1795 sitam-

152 1821 258 1863 bigua
270 1845 278 1855 .
306 1825 340 1853 et
356 1816 602 1862 interpretatio
619 1816 694 1849 eius
711 1822 871 1849 sumatur
890 1815 945 1847 vel
964 1826 1003 1847 ex
1014 1812 1145 1847 Gram-

151 1871 300 1911 matica,
335 1869 390 1903 vel
421 1881 461 1902 ex
485 1867 713 1908 definitione,
749 1867 804 1900 vel
829 1878 869 1899 ex
895 1865 1146 1906 divisionibus,

152 1935 241 1970 quae
270 1922 308 1955 in
339 1920 382 1954 iis
409 1919 544 1954 artibus
566 1919 776 1959 traduntur,
808 1919 903 1951 unde
932 1916 1144 1950 vocabulum

153 1981 308 2009 sumtum
335 1978 398 2007 eet.
452 1970 580 2004 Monet
604 1978 704 2004 vetus
727 1969 943 2009 versiculus,
972 1980 1011 2002 ex
1030 1968 1145 2001 ambi-

155 2025 231 2069 guis
255 2024 342 2059 oriri
362 2022 600 2057 dissensiones
614 2028 647 2055 et
663 2022 768 2055 falsas
786 2021 994 2065 opiniones,
1020 2020 1081 2065 qui
1097 2020 1145 2053 sic

155 2076 338 2110 recitatur:
365 2073 508 2108 Erroris
533 2073 684 2117 genitrix
709 2079 760 2107 est
785 2071 1030 2118 aequivocatio
1053 2082 1145 2104 sem-

155 2139 231 2171 per.
281 2125 365 2159 Ideo
390 2132 423 2159 et
449 2124 591 2170 proprie
615 2124 716 2170 loqui
733 2124 819 2169 ipsi,
847 2130 880 2157 et
898 2123 1049 2156 aliorum
1070 2135 1145 2157 am-

154 2179 261 2222 bigue
280 2177 393 2218 dicta,
419 2177 538 2210 dextre
558 2175 785 2221 interpretari
805 2175 994 2210 discamus.

542 2283 751 2325 Amphibola.

257 2344 436 2381 Discernit
463 2344 670 2379 Aristoteles
696 2343 789 2379 hanc
817 2345 962 2378 classem
992 2355 1010 2377 a
1041 2355 1144 2388 supe-

155 2401 262 2435 riore.
315 2397 430 2441 Supra
457 2395 530 2428 dixi
554 2397 598 2429 de
621 2397 813 2440 ambiguis,
848 2396 886 2428 iu
909 2395 1040 2440 quibus
1062 2395 1145 2428 uni-

156 2464 235 2486 cum
254 2448 468 2483 vocabulum
485 2446 579 2490 parit
593 2459 757 2481 errorem.
800 2446 868 2481 Hic
884 2447 1047 2481 nominat
1057 2444 1145 2479 Am-

154 2502 319 2549 phibola‚
346 2499 409 2534 ubi
426 2497 581 2545 syntaxis
597 2505 657 2532 aut
671 2499 773 2542 plura
790 2499 896 2532 verba
911 2510 1065 2532 errorem
1082 2510 1145 2542 pa-

154 2555 269 2595 riunt,
294 2559 349 2587 ut:

308 2606 372 2637 Aio
388 2612 418 2635 te
434 2604 569 2634 Aeacida
586 2603 743 2634 Romanos
760 2605 877 2633 vincere
893 2615 990 2644 posse.

256 2653 303 2689 Et
323 2653 481 2697 exempla
505 2653 615 2687 multa
639 2659 722 2687 sunt
738 2652 774 2685 in
792 2653 990 2696 proverbiis
1008 2664 1047 2685 ac
1065 2665 1145 2685 ora-

156 2708 261 2748 culis,
287 2713 327 2741 ut
348 2705 471 2740 civitas
488 2702 607 2739 Attica
626 2704 720 2738 salva
738 2703 805 2737 erit
821 2703 859 2735 in
878 2704 989 2737 muris
1009 2703 1145 2747 ligneis.

1172 2680 1173 2683 ,
1198 2651 1313 2697 Optat
1342 2651 1520 2685 Homerus
1531 2676 1539 2690 ‚

1206 196 1283 231 Etsi
1314 205 1431 231 autem
1464 200 1559 232 bono
1593 199 1741 232 consilio
1773 196 1837 231 hos
1868 198 1997 241 gradus
2030 195 2199 230 discernit

1205 249 1433 290 Aristoteles,
1461 257 1499 283 ut
1524 250 1729 294 diligentius
1752 249 2012 288 consideretur,
2040 249 2136 280 unde
2155 247 2198 280 sit

1205 300 1435 343 ambiguitas,
1480 308 1597 334 tamen
1629 302 1732 335 liceat
1765 301 1968 334 iunioribus
1999 298 2198 343 promiscue

1205 349 1260 384 his
1286 351 1399 385 titulis
1424 351 1488 384 uti.
1541 351 1657 396 Supra
1679 360 1796 386 autem
1821 352 1915 393 dixi,
1941 362 2049 396 quare
2074 360 2199 383 conse-

1204 402 1347 447 quentia
1372 414 1446 434 non
1470 403 1596 436 valeat.
1651 402 1702 436 Ita
1728 404 1765 435 in
1790 401 1855 436 hac
1876 403 2014 436 fallacia
2032 408 2093 435 aut
2111 411 2198 445 qua—-

1203 460 1287 486 tuor
1319 454 1462 486 termini
1495 454 1603 493 fiunt,
1638 461 1698 486 aut
1732 454 1768 486 fit
1795 455 1873 497 plus
1897 455 1934 486 in
1959 452 2197 487 conclusione.

1202 503 1412 538 Reiicienda
1431 511 1480 538 est
1499 505 1607 548 igitur
1625 505 1900 549 consequentia,
1928 512 1983 538 ut:

1359 563 1510 598 Croesus
1528 563 1659 609 Halym
1683 564 1856 597 transiens
1881 571 2012 597 evertet
2029 574 2196 606 magnum

1410 616 1612 659 imperium,

1355 665 1459 700 Nunc
1476 673 1572 700 moto
1590 667 1684 700 bello
1704 667 1865 700 transibo
1883 665 2025 710 Halym,

1360 716 1472 761 Igitur
1504 724 1659 751 evertam
1693 729 1862 761 magnum
1898 716 2077 761 inperium
2115 714 2199 747 alle—

1408 782 1513 808 uum,
1542 781 1616 802 non
1634 781 1766 805 meum.

1254 828 1323 863 Hic
1340 830 1377 863 fit
1395 830 1474 873 plus
1491 829 1527 861 in
1546 829 1786 862 conclusione.

1307 895 1452 930 Veteres
1492 897 1597 930 etiam
1631 897 1820 930 nominant
1852 891 2196 941 Enocpcqoorepigovm

1203 948 1284 981 talia
1311 948 1485 991 generalia
1511 949 1622 989 dicta,
1651 948 1688 980 in
1712 948 1842 991 quibus
1865 944 1956 979 nihil
1980 945 2066 979 certi
2084 946 2126 978 de
2143 945 2200 977 in-

1203 1000 1351 1033 dividuo
1382 1006 1620 1040 asseveratur,
1656 1006 1694 1032 ut
1727 996 1784 1032 hic
1810 1010 1885 1031 non
1911 997 2063 1037 dicitur,
2098 996 2199 1029 cuius

1204 1051 1392 1094 imperium
1418 1062 1605 1084 eversurus
1630 1050 1674 1084 sit
1689 1049 1860 1090 Croesus,
1888 1048 2120 1093 propriumne
2153 1058 2198 1080 an

1202 1102 1370 1135 alienum.
1416 1100 1488 1136 Nec
1507 1114 1596 1146 opus
1613 1109 1662 1135 est
1679 1102 1785 1144 longa
1801 1100 2067 1134 coacervatione
2082 1110 2199 1132 exem—

1202 1153 1364 1197 plorum,
1407 1165 1486 1186 cum
1525 1153 1733 1198 quotidiana
1772 1153 1842 1185 vita
1874 1151 2029 1196 plurima
2063 1150 2199 1183 offerat.

1203 1203 1320 1237 Multa
1344 1204 1501 1248 exempla
1527 1204 1564 1237 in
1589 1211 1681 1238 statu
1706 1201 1905 1244 rhetorico,
1928 1203 1985 1235 cui
2006 1202 2131 1236 titulus
2149 1207 2199 1232 est

1203 1255 1325 1299 scripti
1343 1262 1375 1289 et
1393 1256 1604 1297 sententiae,
1631 1256 1782 1299 cognitis
1799 1253 1904 1288 huius
1920 1253 2079 1286 fallaciae
2096 1263 2198 1296 prae-

1202 1307 1311 1351 ceptis
1330 1307 1469 1340 facilius
1486 1307 1728 1350 explicantur,
1757 1318 1835 1339 cum
1855 1304 2038 1350 quaeritur
2057 1309 2199 1336 senten—

1202 1358 1249 1391 tia
1274 1358 1329 1390 vel
1349 1370 1389 1390 ex
1407 1356 1666 1396 Grammatica,
1693 1357 1750 1388 vel
1770 1368 1809 1388 ex
1827 1356 2072 1388 membrorum
2090 1353 2198 1387 colla-

1201 1409 1299 1441 tione
1316 1408 1354 1439 in
1371 1408 1518 1450 scripto,
1546 1419 1635 1452 quae
1654 1407 1746 1440 inter
1762 1418 1797 1439 se
1813 1406 2090 1449 coagmentanda
2106 1411 2200 1444 sunt,

1202 1470 1246 1491 ne
1270 1459 1364 1491 inter
1389 1470 1461 1491 sese
1485 1458 1711 1498 dissentiant,
1741 1464 1774 1490 et
1797 1457 2043 1500 restringenda
2061 1456 2105 1489 ad
2122 1467 2198 1488 cer-

1201 1517 1271 1543 tam
1305 1510 1474 1553 speciem,
1510 1521 1550 1542 ex
1584 1508 1857 1543 definitionibus
1888 1515 1922 1542 et
1949 1507 2198 1547 divisionibus,

1201 1568 1241 1595 ut
1272 1573 1351 1594 cum
1385 1561 1537 1594 dicitur:
1574 1559 1656 1594 Non
1689 1561 1765 1594 sitis
1795 1559 1925 1594 soliciti
1956 1560 1999 1592 de
2032 1558 2197 1596 crastino,

1202 1624 1276 1645 non
1306 1610 1518 1656 prohibetur
1544 1624 1626 1645 cura
1652 1612 1803 1652 laboris,
1841 1622 1901 1644 seu
1925 1610 2110 1654 diligentia
2133 1620 2198 1652 gu—

1201 1664 1355 1697 bernans
1385 1664 1566 1705 laborem,
1607 1674 1697 1707 quae
1727 1669 1777 1695 est
1806 1673 1932 1705 magna
1965 1662 2098 1700 virtus,
2136 1661 2197 1693 sed

1201 1711 1412 1758 prohibetur
1442 1713 1640 1746 diffidentia
1673 1720 1706 1747 et
1737 1713 1952 1756 desperatio,
1987 1724 2067 1745 cum
2095 1723 2196 1744 mens

1200 1764 1364 1808 angitur,
1393 1764 1475 1810 quia
1495 1764 1669 1798 existimat
1686 1776 1720 1797 se
1738 1777 1811 1797 non
1831 1763 1946 1797 iuvari
1962 1761 2084 1803 aDeo,
2112 1762 2195 1796 item

1201 1815 1328 1849 metuit
1352 1816 1492 1849 labores
1516 1816 1591 1848 fore
1615 1815 1746 1850 irritos.
1799 1814 1876 1848 Hae
1894 1815 1984 1848 duae
1999 1825 2103 1847 curae
2120 1825 2196 1846 ma-

1200 1878 1268 1910 gna
1294 1873 1378 1900 sunt
1401 1867 1668 1910 impedimenta.
1728 1866 1812 1900 Ideo
1837 1873 1977 1899 revocat
2000 1876 2065 1898 nos
2087 1865 2130 1898 ad
2154 1864 2195 1896 fi-

1199 1919 1293 1958 dem,
1319 1924 1359 1951 ut
1374 1917 1477 1951 alibi:
1507 1916 1598 1951 lacta
1617 1930 1738 1951 curam
1754 1924 1850 1951 tuam
1867 1918 1904 1950 in
1920 1915 2048 1952 Deum.
2091 1914 2193 1949 Item:

1200 1968 1320 2002 Labor
1343 1975 1457 2003 vester
1475 1981 1549 2001 non
1568 1969 1634 2002 erit
1652 1969 1769 2002 inanis
1786 1969 1822 2002 in
1839 1968 2013 2002 Domino.
2066 1965 2117 2000 Ita
2136 1964 2194 1999 hic

1200 2020 1336 2066 inquit:
1364 2020 1447 2054 Non
1471 2020 1547 2054 sitis
1571 2020 1718 2059 soliciti,
1745 2020 1781 2053 id
1807 2026 1876 2060 est,
1903 2031 1977 2053 non
1998 2018 2195 2052 excruciate

1199 2072 1339 2105 animos
1362 2071 1559 2105 diffidentia
1583 2077 1643 2105 aut
1667 2071 1924 2116 desperatione.
1977 2069 2193 2117 {Videndum

1200 2129 1252 2157 est
1282 2122 1404 2161 etiam,
1440 2122 1503 2156 ubi
1534 2122 1626 2156 dicta
1654 2123 1828 2156 concinne
1852 2129 1911 2156 aut
1936 2122 2150 2155 inconcinne
2173 2131 2193 2153 a

1199 2173 1320 2209 nativa
1344 2174 1519 2207 sententia
1543 2175 1587 2208 ad
1604 2174 1710 2207 aliam
1728 2173 2005 2212 transferantur,
2032 2178 2071 2205 ut
2088 2172 2126 2204 in
2142 2171 2192 2204 ci-

1201 2225 1320 2260 tandis
1345 2225 1557 2270 scriptorum
1575 2225 1680 2259 dictis
1695 2226 1791 2258 varie
1809 2224 1962 2258 luditur:
1990 2222 2195 2257 Heraclitus

1171 2303 1173 2314 .
1200 2277 1417 2311 calumniose
1433 2274 1668 2320 reprehendet
1684 2288 1824 2309 versum
1842 2274 2005 2309 Homeri:

1251 2338 1298 2370 Sit
1315 2342 1424 2380 procul
1441 2350 1458 2369 a
1474 2339 1577 2369 divum
1594 2346 1683 2380 atque
1698 2339 1860 2368 hominum
1876 2338 2025 2368 discordia
2041 2344 2138 2367 coetu.

1305 2396 1492 2430 Transfert
1522 2397 1565 2430 ad
1591 2393 1787 2442 Physicen,
1822 2402 1855 2429 et
1882 2395 1968 2429 dicit
1991 2394 2189 2428 Homerum

1199 2460 1357 2493 pugnare
1375 2460 1454 2482 cum
1473 2454 1617 2487 natura,
1645 2447 1728 2492 quia
1745 2459 1821 2479 non
1838 2446 1975 2491 possint
1992 2446 2067 2480 fieri
2085 2457 2190 2490 gene-

1199 2501 1356 2534 rationes
1378 2499 1454 2532 sine
1478 2499 1652 2532 discordia
1678 2498 1902 2543 qualitatum.
1969 2496 2017 2531 At
2040 2496 2192 2531 Homeri.

1199 2552 1334 2585 dictum
1356 2562 1431 2583 non
1454 2556 1505 2583 est
1529 2547 1732 2595 physicum,
1769 2550 1829 2582 sed
1854 2549 2000 2583 morale.
2056 2548 2108 2583 Ita
2133 2561 2189 2582 ars

1199 2609 1406 2647 quaeratur,
1456 2601 1500 2634 ad
1537 2612 1642 2645 quam
1683 2601 1826 2645 proprie
1861 2601 2041 2644 pertinent
2083 2599 2188 2635 dicta.

1595 2658 1634 2686 ut
1673 2664 1797 2685 omnes
1832 2652 2004 2686 obediant
2041 2653 2191 2696 legibus,

1201 2705 1276 2737 sine
1295 2702 1516 2737 contumacia
1533 2709 1566 2737 et
1583 2702 1659 2736 sine
1676 2703 1864 2739 discordia.
