2379 2948
275 656 348 698 Vl.
405 652 848 700 ARGUMENTUM
879 652 1238 697 CONCIONUM
1267 653 1631 695 PROPHETAE
1662 650 1949 694 HAGGAEI.

171 796 302 835 (Editum
326 798 492 833 germanice
516 806 569 834 per
592 796 735 834 Stephan.
759 796 923 834 Agricolam
953 796 983 823 in
1007 804 1075 834 epp.
1099 795 1224 823 Lutheri
1249 796 1420 834 germanicis
1444 796 1479 823 T.
1504 794 1583 822 Ylll.
1607 803 1638 831 p.
1662 792 1735 822 559.
1781 793 1885 821 Latine
1910 794 1937 821 in
1961 804 2030 832 opp.
2054 795 2125 823 Mel.

256 838 379 867 Witteb.
403 840 439 867 T.
465 838 503 867 11.
528 849 558 877 p.
583 839 672 879 527.)

83 1044 215 1110 Saepe
231 1065 454 1110 multumque
472 1065 699 1108 cogitandum
716 1072 777 1103 est,
797 1065 977 1110 quomodo
986 1064 1083 1099 Deus

84 1119 168 1151 inde
186 1129 296 1162 usque
312 1117 356 1150 ab
373 1116 478 1150 initio
497 1116 675 1159 collegerit
690 1114 883 1149 Ecclesiam
902 1128 942 1149 ex
957 1128 1083 1159 genere
1108 1144 1109 1155 ἢ

85 1167 266 1208 humano,
291 1168 384 1201 inter
407 1168 521 1201 varias
546 1174 579 1201 et
601 1178 721 1200 saevas
744 1168 970 1201 confusiones
997 1179 1083 1211 gen-

85 1220 176 1253 tium
193 1225 226 1252 et
245 1219 552 1263 imperiorum,'et
567 1219 762 1253 ostenderit
780 1219 980 1252 testimonia
1001 1230 1083 1251 suae
1108 1228 1109 1232 ’

85 1270 304 1315 praesentiae
325 1270 363 1302 in
382 1282 422 1303 eo
442 1277 543 1303 coetu
563 1283 668 1315 quem
693 1270 864 1314 excerpsit
889 1283 929 1303 ex
945 1271 1082 1315 reliqua

85 1321 336 1361 multitudine,
371 1328 403 1354 et
431 1333 510 1354 eum
536 1324 704 1354 adversus
732 1321 957 1354 diabolorum
984 1322 1082 1354 suro—

85 1384 159 1413 res,
195 1379 226 1405 et
252 1373 422 1405 adversus
449 1379 619 1417 tyrannos
653 1379 687 1404 et
717 1372 888 1405 fanaticos
919 1370 1084 1405 homines

84 1423 301 1457 defenderit.
355 1422 594 1457 Confirmatur
612 1422 706 1454 enim
735 1423 772 1454 in
800 1422 930 1455 animis
956 1423 1083 1455 adsen-

85 1475 157 1516 sio,
184 1486 265 1507 cum
288 1480 341 1507 tot
365 1474 518 1507 illustria
543 1472 746 1507 testimonia
773 1473 990 1517 praesentiae
1015 1472 1082 1506 Dei

86 1526 287 1565 intuemur,
305 1525 399 1558 utin
415 1525 553 1558 diluvio
571 1532 741 1558 servatam
757 1525 929 1557 familiam
946 1521 1083 1565 Nohae‚

86 1577 125 1610 in
146 1576 334 1610 eductione
357 1588 397 1609 ex
422 1576 585 1621 Aegypto
613 1583 770 1609 servatos
798 1575 997 1614 Israelitas,
1026 1577 1081 1608 in-

86 1635 141 1662 ter
164 1628 278 1661 undas
311 1627 420 1660 maris
448 1628 568 1666 rubri,
603 1635 635 1661 et
667 1628 814 1661 obrutos
838 1628 940 1672 aquis
965 1626 1082 1672 Aegy-

86 1679 201 1724 ptios,
230 1684 263 1711 et
281 1677 349 1710 alia
367 1679 479 1710 multa
498 1679 599 1711 facta.
654 1677 750 1711 Haec
776 1686 808 1712 et
826 1679 954 1711 similia
971 1679 1082 1711 multa

88 1743 168 1763 cum
189 1741 242 1762 res
260 1728 335 1772 ipsa
352 1729 534 1767 ostendat,
558 1741 629 1761 non
654 1729 810 1771 potuisse
835 1730 910 1762 fieri
935 1737 996 1763 aut
1020 1742 1082 1762 na-

87 1788 188 1814 turae
213 1780 358 1824 ordine,
396 1787 458 1813 aut
490 1777 658 1812 humanis
694 1781 870 1820 consiliis,
899 1783 1083 1814 credamus

85 1830 204 1866 Deum
241 1832 361 1864 adesse
388 1829 583 1871 Ecclesiae,
619 1832 679 1876 qui
712 1832 775 1864 illa
806 1832 956 1865 faciebat
988 1839 1082 1865 extra

87 1890 235 1917 naturae
259 1883 444 1923 ordinem,
479 1889 512 1916 et
535 1883 699 1926 deinceps
731 1890 846 1917 servat
877 1884 1083 1916 invocantes

87 1935 222 1978 ipsum,
252 1934 355 1967 etiam
381 1946 461 1967 cum
488 1941 611 1967 natura
634 1935 849 1978 opitulatur,
873 1942 905 1968 et
931 1942 970 1968 ut
990 1934 1083 1968 Pau-

87 1987 143 2018 lus
161 1985 338 2030 loquitur,
364 1998 443 2018 cum
461 1987 675 2029 sperandum
700 1993 749 2019 est
774 1993 897 2020 contra
924 1998 1022 2030 spem
1047 1987 1084 2018 in

89 2047 199 2080 spem.

192 2107 435 2155 Expavescant
487 2111 594 2155 igitur
651 2111 763 2145 animi

90 2161 249 2205 exempla
278 2161 349 2194 irae
374 2162 439 2196 Dei
463 2163 500 2195 in
524 2163 649 2208 poenis
674 2170 707 2197 et
731 2163 923 2207 impiorum
952 2170 986 2197 et
1013 2163 1083 2196 ele—

90 2220 242 2246 ctorum.
295 2211 384 2245 Nam
418 2221 451 2247 et
481 2226 499 2247 a
524 2216 630 2248 domo
656 2214 722 2249 Dei
752 2215 922 2248 iudicium
950 2215 1085 2258 incipit,

90 2271 129 2298 ut
153 2263 278 2297 Petrus
303 2263 440 2308 inquit,
468 2272 500 2299 et
521 2267 563 2299 ad
588 2266 705 2300 Deum
730 2266 834 2300 erecti
851 2266 978 2299 fiducia
1001 2278 1083 2310 pro-

89 2315 302 2348 missionum
335 2315 558 2358 divinarum,
592 2318 821 2361 confugiant,
855 2325 887 2351 et
921 2329 981 2362 spe
1009 2330 1082 2350 non

91 2367 199 2400 dubia
234 2372 354 2410 petant
384 2373 417 2399 et
439 2374 618 2410 expectent
644 2382 706 2403 seu
740 2369 987 2403 liberationem
1023 2381 1084 2403 seu

90 2418 349 2462 mitigationem
365 2418 616 2455 calamitatum.

195 2490 364 2535 Inprimis
383 2503 466 2525 vero
483 2492 596 2525 dulcis
615 2500 666 2527 est
689 2494 926 2530 consideratio
949 2502 981 2529 et
999 2507 1084 2529 con-

94 2542 165 2575 silii
184 2549 217 2575 et
235 2542 398 2576 beneficii
417 2543 551 2582 divini,
577 2556 656 2577 cum
674 2544 852 2579 Ecclesiae
874 2554 1008 2581 certum
1025 2547 1083 2580 ni—

94 2594 180 2627 dum
200 2593 364 2627 attribuit
380 2595 424 2627 ad
441 2593 630 2628 Iordanem
644 2623 653 2636 ,
679 2603 712 2629 et
728 2608 804 2630 eam
819 2598 916 2632 velut
940 2598 979 2631 in
1003 2609 1084 2642 spe-

95 2644 174 2678 cula
190 2645 337 2678 collocat
355 2645 449 2678 inter
464 2658 571 2690 regna
591 2659 680 2691 quae
697 2653 781 2681 tunc
804 2648 841 2680 in
865 2660 991 2692 genere
1014 2648 1085 2683 hu·

94 2706 199 2729 mano
221 2701 255 2729 et
284 2696 499 2740 amplissima
529 2704 648 2740 erant,
682 2706 715 2733 et
739 2700 997 2735 antecellebant
1028 2712 1083 2734 sa—

820 2111 1085 2145 considerantes
1109 2120 1111 2126 ’

1137 1064 1287 1108 pientia,
1322 1064 1470 1107 opibus,
1506 1064 1633 1104 armis,
1661 1064 1812 1104 divitiis,
1849 1066 2011 1101 videlicet
2035 1068 2128 1103 inter

1135 1116 1368 1160 Aegyptium,
1402 1114 1680 1160 Babylonicum,
1720 1116 1967 1162 Assyriacum‚
2005 1118 2128 1161 Syria-

1135 1179 1234 1206 cum,
1270 1173 1303 1199 et
1332 1173 1371 1199 ut
1395 1179 1460 1199 vox
1487 1167 1607 1199 divina
1632 1167 1858 1202 exaudiretur
1881 1170 1985 1203 etiam
2011 1159 2047 1203 in
2073 1169 2127 1204 his

1135 1218 1270 1259 regnis,
1305 1224 1336 1250 et
1359 1218 1646 1261 conspicerentur
1677 1219 1876 1252 testimonia
1910 1223 2127 1264 praesentiae

1136 1268 1200 1302 Dei
1220 1269 1256 1300 in
1274 1266 1340 1300 hoc
1359 1269 1490 1312 populo
1504 1296 1512 1309 ,
1539 1270 1678 1302 assidua
1696 1282 1775 1302 cum
1797 1271 1921 1304 vicinis
1940 1273 2031 1305 bella
2051 1274 2127 1306 fue—

1135 1327 1230 1353 runt.
1289 1319 1329 1352 ln
1347 1317 1400 1352 his
1418 1327 1535 1353 tamen
1555 1319 1651 1353 Deus
1668 1318 1763 1351 hunc
1787 1321 1910 1353 nidum
1939 1323 1992 1355 sui
2017 1326 2128 1366 agmi-

1135 1371 1191 1402 nis
1210 1372 1294 1403 texit
1309 1381 1346 1401 ac
1363 1371 1515 1402 restituit
1536 1381 1638 1412 saepe
1656 1377 1878 1414 quassatum,
1907 1373 2020 1407 donec
2032 1374 2128 1408 Mes-

1135 1421 1202 1453 sias
1220 1432 1258 1452 ex
1278 1420 1414 1461 virgine
1432 1427 1534 1453 natus
1551 1427 1619 1461 est,
1651 1428 1683 1454 et
1706 1421 1816 1455 factus
1843 1430 1893 1457 est
1917 1424 1967 1456 ibi
1986 1426 2128 1460 victima

1135 1483 1198 1515 pro
1224 1483 1350 1513 genere
1376 1469 1553 1512 humano,
1582 1479 1614 1505 et
1638 1473 1681 1505 de
1707 1470 1901 1517 Evangelio
1927 1477 2129 1512 testimonia

1134 1523 1299 1556 ostendit.
1354 1522 1447 1557 Sunt
1468 1530 1583 1556 autem
1608 1524 1694 1556 anni
1718 1524 1762 1557 ab
1787 1526 1881 1560 exitu
1910 1539 1948 1560 ex
1967 1525 2128 1575 Aegypto

1134 1576 1178 1608 ad
1196 1582 1318 1608 natum
1337 1574 1506 1608 Messiam
1525 1587 1565 1608 ex
1582 1574 1718 1618 virgine
1740 1575 1848 1612 1509.

1237 1627 1308 1658 Iam
1335 1626 1447 1668 cogita
1473 1633 1644 1670 quantum
1671 1628 1805 1660 bonum
1832 1629 1956 1671 fuerit,
1983 1630 2020 1664 in
2047 1634 2128 1666 sede

1135 1686 1226 1710 certa
1238 1676 1430 1710 Ecclesiam
1447 1677 1621 1710 divinitus
1638 1679 1768 1711 servari
1785 1686 1834 1713 tot
1854 1681 1957 1714 annis
1970 1709 1977 1722 ‚
2006 1682 2042 1715 in
2059 1696 2128 1729 qua

1134 1728 1199 1761 etsi
1227 1729 1332 1762 multi
1363 1729 1507 1761 fuerunt
1532 1731 1728 1762 sacerdotes
1754 1731 1908 1775 indocti,
1936 1734 2039 1766 multi
2066 1736 2128 1779 qui

1135 1780 1331 1813 doctrinam
1351 1781 1609 1823 depravarunt,
1639 1787 1754 1813 tamen
1772 1794 1910 1826 semper
1924 1785 2033 1829 aliqui
2051 1787 2127 1819 sue-

1136 1839 1219 1864 runt
1245 1831 1345 1864 electi
1364 1838 1456 1864 recte
1473 1831 1681 1870 sentientes,
1709 1840 1748 1866 ut
1765 1832 2034 1877 inquitEsaias:
2062 1837 2127 1870 Ni-

1135 1883 1164 1914 si
1196 1881 1373 1915 Dominus
1406 1882 1607 1926 reliquisset
1639 1883 1743 1915 nobis
1774 1895 1892 1917 semen
1925 1894 1989 1921 etc.
2051 1887 2125 1922 lmo

1136 1934 1288 1966 subinde
1304 1933 1442 1975 excitati
1461 1939 1545 1965 sunt
1560 1933 1713 1976 insignes
1731 1935 1904 1975 doctores,
1923 1938 2056 1971 divinis
2076 1946 2126 1973 te-

1137 1983 1313 2018 stimoniis
1331 1983 1539 2021 confirmati,
1551 1983 1703 2022 Samuel,
1719 1983 1871 2025 Nathan,
1888 1987 2123 2027 David,Salo-

1109 2038 1112 2041 *
1137 2046 1231 2074 mon,
1244 2033 1364 2075 Ahias,
1380 2033 1488 2075 Elias,
1498 2032 1669 2076 Elisaeus,
1683 2036 1797 2077 lonas,
1808 2036 1938 2079 Esaias,
1951 2039 2125 2080 ieremias,

1136 2085 1282 2126 Daniel,
1303 2084 1503 2129 Huggaeus,
1529 2085 1735 2128 Zacharias,
1765 2087 1970 2131 Malachias,
1996 2090 2125 2134 Onias,

1138 2137 1333 2178 Mambaei,
1353 2137 1510 2178 Simeon,
1525 2135 1727 2179 Zacharias,
1746 2137 1933 2181 lohannes,
1950 2140 2124 2184 Christus,

1136 2186 1312 2232 Apostoli.
1364 2187 1417 2221 Ac
1450 2189 1648 2232 superiores
1674 2190 1726 2222 illi
1751 2191 1846 2224 velut
1878 2194 2052 2236 manipuli
2086 2195 2123 2228 in

1136 2240 1208 2272 acie
1234 2240 1396 2273 collocati
1420 2240 1588 2273 continua
1614 2242 1833 2275 successione
1851 2244 2032 2277 doctrinae
2058 2258 2123 2289 pu-

1135 2291 1277 2325 ritatem
1297 2299 1572 2331 conservarunt,
1599 2299 1631 2324 et
1653 2293 1824 2335 populum
1851 2295 2000 2328 consilio
2025 2308 2123 2330 rexe-

1135 2350 1237 2383 runt,
1265 2350 1297 2375 et
1313 2343 1451 2376 addidit
1466 2341 1561 2375 Deus
1581 2343 1665 2386 ipsis
1680 2344 1899 2383 testimonia,
1927 2353 1965 2379 ut
1988 2357 2121 2381 certum

1136 2401 1222 2427 esset
1238 2406 1359 2427 vocem
1378 2394 1560 2427 doctrinae
1576 2394 1816 2438 incorruptam
1833 2407 1915 2428 esse.
1950 2396 2040 2430 Tam
2061 2400 2122 2433 diu

1136 2445 1173 2477 in
1198 2446 1319 2478 eadem
1345 2446 1426 2478 sede
1451 2457 1567 2477 veram
1589 2442 1774 2485 Scholam,
1801 2446 1838 2478 in
1863 2459 1930 2491 qua
1956 2461 2037 2482 vera
2055 2448 2123 2484 Dei

1135 2496 1269 2539 agnitio
1310 2503 1344 2529 et
1383 2496 1515 2540 optima
1556 2496 1715 2528 doctrina
1758 2495 1901 2544 physica
1946 2499 2123 2543 lucebant,

1134 2548 1284 2587 servari,
1309 2559 1413 2591 quam
1444 2546 1563 2579 multis
1590 2547 1741 2580 salutare
1766 2549 1843 2582 suit.
1896 2549 2034 2584 Horum
2060 2566 2124 2587 nos

1134 2599 1202 2631 iam
1229 2598 1413 2631 erudimur
1443 2598 1703 2638 monumentis,
1736 2605 1769 2632 et
1801 2601 2055 2636 confirmamur
2082 2605 2126 2638 iis

1134 2650 1234 2683 sactis
1253 2649 1404 2689 divinis,
1433 2661 1521 2694 quae
1541 2656 1624 2682 tunc
1641 2649 1740 2684 Deus
1762 2651 1874 2687 voluit
1899 2665 1971 2687 esse
1991 2655 2124 2689 doctri-

1134 2713 1199 2734 nae
1219 2700 1429 2736 testimonia,

1569 2748 1648 2785 62*
