2379 2948
232 103 305 136 975
826 93 951 128 PHtL.
978 92 1093 129 MEL.
1123 90 1330 127 semem
1359 88 1659 126 EXEGETICA.
2177 93 2251 127 975

234 188 326 227 tani,
353 187 410 219 sed
436 192 550 218 tamen
575 180 733 214 excitavit
752 179 846 213 Deus
867 179 1073 212 excellentes
1090 179 1216 221 guber-

233 246 372 272 natores
404 237 438 268 in
474 235 546 276 ipso
579 232 702 271 exilio,
742 230 945 272 Danielem,
984 228 1215 267 Ezechielem,

236 289 457 331 Haggaenm,
486 280 710 319 Zachariam,
737 280 905 318 Esdram,
933 278 1052 314 ethos
1076 279 1217 313 ornavit

236 330 367 381 ingenti
393 336 512 379 gloria.
569 331 641 366 Etsi
669 340 780 364 autem
807 331 902 365 Deus
925 331 1077 376 aliquam
1100 329 1217 363 Evan-

235 381 314 433 gelii
350 388 525 419 ssauunam
554 384 680 428 sparsit
707 382 770 416 liae
794 383 916 416 ultima
941 389 1067 421 aetate,
1102 388 1216 414 tamen

235 441 485 483 gubernatores
512 442 591 468 sunt
616 434 758 469 intirmi.
813 434 1013 476 Agnoscam
1040 432 1145 474 igitur
1170 431 1216 474 pii

233 490 410 525 Ecclesiae
442 497 645 525 aerumnaS,
683 492 713 518 et
747 491 889 529 propter
921 484 1067 526 gloriam
1092 481 1156 515 Dei
1187 489 1218 515 et

235 540 414 585 propriam
435 538 581 570 salutem
602 544 634 569 et
652 536 828 579 publicam
848 535 1084 567 necessitatem
1107 533 1218 565 acrius

235 592 442 625 incumbant
466 589 503 620 in
519 585 702 628 Evangelii
729 587 904 625 studium,
932 592 964 618 et
991 591 1062 617 toto
1082 590 1219 626 pectore

234 642 348 677 Deum
366 642 546 679 invocent,
574 645 606 672 et
622 635 813 671 Ecclesiam
831 641 1031 675 conservet,
1058 634 1219 667 defendat

236 702 268 728 et
284 699 416 736 augeat.

341 759 503 802 Quatuor
535 763 651 789 autem
676 754 934 788 consolationes
957 750 1023 785 hoc
1050 752 1126 785 loco
1151 759 1221 785 tra—

237 815 392 846 duntur,
422 819 509 852 quae
532 807 598 851 piis
622 805 787 838 omnibus
813 816 948 848 semper
972 803 1007 835 in
1036 810 1220 847 conspectu

236 875 307 896 esse
325 861 464 894 debent.

340 937 366 971 Ι.
406 935 524 969 Prima
547 942 615 968 est.
645 932 738 977 quod
758 929 912 964 Ecclesia
932 943 1003 963 non
1022 931 1066 963 sit
1085 929 1223 974 penitus
1247 942 1250 951 ¹

237 989 438 1026 interitura,
468 988 524 1019 sed
544 993 625 1018 tunc
645 994 784 1027 quoqne
800 983 835 1014 in
853 983 922 1014 illis
940 982 1103 1025 periculis
1117 982 1220 1013 dura-

236 1050 328 1076 tura.
380 1038 463 1071 Ideo
482 1038 574 1069 enim
595 1034 727 1079 inquit:
758 1032 859 1065 Docti
878 1034 1054 1065 docebunt
1073 1033 1211 1065 multos.

340 1098 407 1131 Hic
430 1096 612 1139 cogitanda
634 1100 714 1126 sunt
733 1099 763 1125 et
784 1092 849 1124 alia
867 1092 1065 1125 testimonia
1084 1092 1126 1123 de
1145 1103 1223 1134 per-

238 1158 339 1195 petua
358 1147 624 1181 conservatione
641 1143 835 1183 Ecclesiae,
862 1141 1071 1176 utChristus
1090 1142 1222 1186 inquit:

237 1200 312 1244 Ego
346 1199 528 1232 vobiscum
562 1207 637 1229 sum
671 1206 780 1239 usque
811 1195 853 1226 ad
884 1193 1222 1227 consummationem

237 1251 372 1286 mundi,

340 1307 385 1342 Et
410 1305 532 1340 Esaias
556 1317 627 1348 cap.
647 1303 722 1337 59.;
753 1302 828 1336 Iloc
855 1304 977 1336 foedus
1002 1315 1119 1336 meum
1145 1314 1222 1336 cum

240 1364 306 1401 εἰς,
333 1359 419 1392 dicit
434 1356 628 1395 Dominus,
655 1354 808 1397 Spiritus
834 1367 948 1394 meus,
978 1354 1038 1399 qni
1061 1360 1110 1386 est
1127 1353 1164 1385 in
1181 1359 1224 1391 te,

240 1421 272 1446 et
298 1411 401 1444 verba
423 1420 519 1445 inea,
549 1417 636 1450 quae
662 1405 762 1448 posui
788 1405 825 1436 in
848 1417 907 1436 ore
931 1412 1011 1444 tuo,
1039 1416 1111 1436 non
1130 1415 1222 1436 rece-

241 1465 325 1497 dent
358 1461 402 1493 ab
432 1470 490 1491 ore
516 1464 596 1495 tuo,
632 1467 694 1487 nec
718 1456 761 1487 ab
788 1467 847 1487 ore
869 1455 1012 1487 seminis
1035 1455 1104 1493 tui,
1141 1454 1222 1486 dicit

239 1513 432 1548 Dominus,
460 1519 568 1551 nsque
585 1507 619 1538 in
637 1506 900 1547 sempiternum.
954 1505 1147 1539 Luculenta
1165 1505 1225 1537 de-

241 1563 383 1607 scriptio
410 1567 458 1593 est
482 1557 675 1593 Ecclesiae,
709 1568 797 1599 quae
819 1563 997 1600 utrunque
1019 1562 1156 1595 monet,
1194 1562 1223 1587 et

241 1623 441 1648 mansuram
465 1621 558 1644 esse,
587 1614 618 1639 et
644 1606 757 1650 qualis
783 1616 900 1638 coetus
918 1607 980 1645 sit,
1009 1606 1158 1644 scilicet,
1188 1605 1223 1637 in

241 1678 309 1711 quo
337 1668 435 1696 sonat
461 1672 525 1693 vox
542 1656 726 1699 Evangelii
750 1663 783 1689 et
799 1656 952 1700 Spiritus
976 1662 1115 1689 sanctus
1139 1655 1223 1698 regit

239 1724 391 1761 pectora.

342 1790 386 1824 II.
416 1788 575 1823 Secunda
598 1785 809 1821 consolatio,
839 1784 931 1828 quod
954 1784 1001 1816 ibi
1021 1784 1091 1816 sint
1109 1783 1224 1815 sutura
1252 1805 1253 1810 ,

241 1842 417 1877 Ecclesiae
437 1840 591 1871 membra
605 1862 612 1868 .
641 1836 844 1880 ubicunque
862 1842 965 1867 erunt
979 1835 1226 1878 amplectentes

242 1905 364 1938 puram
388 1889 570 1931 Evangelii
598 1887 806 1920 doctrinam.

242 1944 376 1989 inquit,
404 1940 573 1983 dispersio
594 1938 725 1982 populi.

242 2103 372 2152 passim
390 2099 535 2143 dispersi
553 2104 655 2129 erunt
675 2095 783 2139 aliqui
804 2094 861 2136 pii.
917 2095 960 2126 lli
981 2103 1117 2129 teneant
1138 2095 1225 2128 hanc

244 2153 537 2189 consolationem,
565 2148 657 2192 quod
677 2144 830 2178 Ecclesia
856 2157 928 2177 non
951 2145 993 2178 sit
1018 2146 1137 2188 politia
1155 2159 1229 2179 cer-
1253 2181 1254 2188 ἵ

244 2208 287 2240 tis
310 2204 425 2247 regnis
452 2201 609 2242 alligata,
645 2199 701 2230 sed
731 2197 823 2241 quod
851 2207 990 2233 omneS,
1026 2197 1228 2241 ubicunque

245 2358 321 2390 Dei.

248 2420 312 2452 que
330 2418 407 2439 cum
424 2404 566 2437 caeteris
584 2401 748 2433 membris
770 2400 971 2442 coniungat.

350 2464 386 2496 ld
419 2465 542 2495 docent
574 2461 680 2492 dicta:
720 2457 815 2493 Oves
848 2470 942 2490 meae
970 2469 1088 2490 vocem
1117 2468 1225 2489 meam

249 2516 406 2550 andiunt.
477 2512 577 2543 ltem:
615 2510 651 2543 Si
679 2510 874 2543 manseritis
896 2510 931 2540 in
957 2521 1032 2548 nne,
1062 2516 1093 2541 et
1122 2509 1225 2540 verba

248 2578 323 2600 mea
350 2563 541 2596 manserint
566 2562 601 2592 in
628 2562 745 2599 vobis,
774 2560 939 2604 quicquid
966 2559 1147 2592 volueritis
1166 2571 1226 2602 pe-

248 2619 329 2656 tite,
359 2622 389 2647 et
405 2614 459 2645 fiet
478 2612 585 2643 vobis.

249 2675 329 2701 sunt
353 2662 548 2707 congregati
574 2662 609 2693 in
633 2664 774 2694 nomine
794 2674 887 2702 meo,
917 2662 952 2693 in
974 2662 1087 2694 medio
1105 2672 1223 2693 eorum

861 1884 939 1919 Erit
965 1886 1078 1926 enim,
1107 1892 1144 1918 ut
1171 1882 1226 1917 hic
1252 1905 1254 1912 ι

1253 1934 1254 1944 ’
1279 1926 1441 1965 sendere,
1477 1925 1580 1957 nobis
1603 1936 1704 1967 opem
1730 1924 1830 1958 serre.

344 2001 417 2035 Sub
441 1999 593 2031 'surcico
624 1996 791 2038 imperio,
824 1996 888 2028 sub
922 1996 999 2028 aliis
1030 1996 1170 2038 regibus
1197 2001 1224 2027 e,
1252 1992 1254 2023 3
1280 1988 1401 2008 manae
1417 1976 1562 2009 rationis
1578 1975 1799 2014 abiiciamus,
1827 1987 1914 2019 quae
1930 1975 2029 2017 fingit
2045 1975 2161 2008 Deum
2180 1988 2261 2019 pro-

243 2051 490 2098 pontificibus,
518 2046 671 2079 inimicis
698 2057 803 2086 purae
827 2047 1005 2079 dompnum
1030 2044 1226 2086 Evangeliiq
1252 2044 1254 2078 ᾗ
1280 2028 1336 2061 cul
1353 2027 1483 2066 abesse,
1509 2038 1664 2059 ociosum
1683 2027 1853 2058 sederem
1871 2026 1976 2058 coelo.
2006 2025 2135 2068 Qualia
2152 2027 2262 2059 multa

1270 188 1359 212 sum.
1412 175 1488 209 Hae
1511 175 1704 209 sententiae
1729 175 1807 209 ideo
1833 176 1980 210 traditae
2005 184 2107 218 sunt,
2139 184 2179 212 ut
2202 179 2252 221 pii

1269 227 1416 269 dispersi
1442 228 1718 260 consolationem
1745 224 1917 267 habeant,
1953 239 2016 259 nec
2039 235 2161 270 putent
2184 228 2253 262 Ec-

1269 278 1407 310 clesiam
1433 279 1591 322 politiam
1617 289 1688 310 esse
1712 278 1774 310 uni
1800 278 1947 321 imperio
1972 277 2166 322 alligatam,
2194 280 2252 312 sed

1269 329 1345 361 voci
1361 327 1546 372 Evangelii
1566 336 1597 361 et
1614 340 1715 361 verae
1730 328 1947 362 invocationi
1962 327 2040 362 Dei.

1371 403 1430 438 Ill.
1459 404 1577 438 Tertia
1593 405 1798 445 consolatio,
1825 406 1918 449 quod
1934 405 1968 437 in
1980 402 2034 437 his
2046 405 2152 438 tantis
2164 405 2256 448 peri-

1270 455 1357 487 culis
1382 453 1545 488 habitura
1561 456 1603 488 sit
1619 455 1773 489 Ecclesia
1792 456 2011 488 defensorem
2028 455 2158 488 Filium
2177 455 2255 489 Dei.

1273 504 1354 537 ldeo
1385 503 1441 538 hic
1472 507 1509 538 in
1540 513 1635 539 textu
1666 507 1811 539 dicitur:
1852 504 1932 539 Illo
1963 510 2115 552 tempore
2141 505 2256 539 stabit

1271 552 1450 589 stlichael
1467 553 1546 589 dux
1563 568 1721 601 magnus
1738 554 1912 601 profiliis
1930 555 2144 604 populisui.

1373 605 1446 640 Hac
1462 619 1546 639 voce
1562 619 1684 640 omnes
1701 608 1747 651 pii
1764 620 1798 641 se
1815 609 2035 648 confirment,
2058 620 2160 652 quam
2178 608 2257 651 qni-

1272 658 1351 689 dem
1381 666 1413 690 et
1442 655 1604 690 Christus
1638 658 1710 701 ipse
1739 659 1841 692 nobis
1872 659 2041 699 inculcat,
2077 659 2256 703 inquiens:

1273 707 1347 751 Ego
1382 708 1562 741 vobiscum
1595 720 1671 741 sum
1702 721 1812 754 usqne
1842 710 1885 742 ad
1918 709 2255 743 consummationem

1274 759 1410 792 mundi.
1469 758 1507 791 ln
1525 766 1620 792 tanta
1638 760 1876 802 dissipatione,
1904 761 1940 792 in
1958 761 2064 794 tantis
2080 760 2258 793 aerumnis

1275 810 1322 853 pii
1347 811 1512 842 videntur
1535 810 1661 843 deserti
1688 823 1706 842 a
1730 809 1816 846 Deo.
1877 810 2061 844 Successus
2088 810 2258 844 Turcicae

1274 861 1472 905 tyrannidis
1506 868 1587 894 sunt
1614 861 1719 899 tanti,
1754 868 1791 894 ut
1825 861 1983 894 videatur
2006 862 2100 895 Deus
2127 862 2258 894 oblitus

1275 923 1356 943 suae
1383 910 1569 946 Ecclesiae.
1623 911 1774 954 Magnae
1804 919 1885 945 sunt
1916 924 2018 955 opes,
2054 923 2177 952 magna
2208 919 2259 945 est

1275 962 1430 1005 potentia
1464 969 1495 994 et
1521 962 1672 994 aliorum
1698 960 1849 995 hostium
1875 961 2080 1004 Evangelii,
2114 963 2179 995 sub
2203 959 2259 994 his

1276 1013 1401 1056 passim
1426 1013 1533 1057 aliqui
1561 1019 1641 1045 sunt
1665 1013 1711 1056 pii
1737 1025 1817 1046 vere
1840 1013 2043 1046 invocantes
2066 1012 2198 1051 Deum,
2225 1019 2259 1046 et

1276 1064 1476 1107 profitentes
1492 1062 1743 1107 Evangelium‚
1772 1064 1831 1107 qui
1857 1066 1899 1097 ad
1923 1064 2093 1108 supplicia
2112 1064 2259 1107 rapiun—

1275 1122 1348 1155 tur,
1376 1121 1541 1159 tanquam
1557 1114 1724 1148 seditiosi.
1777 1114 1852 1147 Hos
1868 1115 1929 1148 etsi
1947 1115 2046 1159 impii
2063 1115 2261 1148 existimant

1276 1178 1294 1198 a
1312 1164 1387 1198 Deo
1413 1165 1561 1208 negligi,
1589 1172 1704 1198 tamen
1727 1172 1859 1198 certum
1886 1173 1935 1199 est
1959 1164 2088 1200 habere
2108 1166 2260 1209 opitula-

1277 1223 1387 1249 torem
1408 1223 1440 1249 et
1461 1223 1755 1260 propugnatorem
1773 1216 1906 1249 Filium
1925 1216 2003 1252 Dei.
2056 1215 2124 1249 Hic
2142 1216 2261 1260 depel-

1277 1268 1317 1300 lit
1347 1267 1547 1310 diabolum,
1584 1280 1628 1300 ne
1659 1274 1770 1300 totum
1796 1275 1931 1301 coetum
1957 1269 2093 1311 piorum
2118 1279 2260 1310 prorsus

1278 1318 1392 1350 delere
1414 1318 1540 1362 possit,
1568 1325 1599 1351 et
1624 1330 1699 1358 eos,
1727 1318 1788 1362 qui
1812 1319 1853 1351 ad
1873 1319 2044 1362 supplicia
2060 1319 2260 1361 rapiuntur,

1277 1369 1459 1401 confirmat
1478 1368 1614 1411 Spiritu
1639 1375 1758 1401 sancto
1772 1395 1781 1408 ‚
1807 1381 1852 1401 ne
1875 1381 1891 1401 a
1910 1369 2067 1401 doctrina
2087 1369 2260 1408 deficiant,

1278 1419 1365 1452 sicut
1383 1419 1516 1463 inquit:
1547 1417 1626 1453 Non
1645 1419 1843 1463 relinquam
1863 1431 1923 1451 vos
1939 1417 2129 1462 orphanos-

1378 1468 1461 1502 Dixi
1490 1476 1604 1503 autem
1634 1482 1756 1513 supra,
1790 1482 1927 1512 semper
1952 1469 2103 1502 adfuisse
2128 1469 2259 1502 Filium

1277 1520 1342 1553 Dei
1360 1519 1536 1553 Ecclesiae
1560 1532 1658 1560 suae,
1686 1519 1769 1553 Ideo
1790 1518 1847 1552 hie
1864 1527 2008 1554 vocatur
2026 1520 2096 1553 dux
2115 1530 2261 1563 magnus

1279 1569 1455 1610 Michael,
1482 1570 1529 1603 sic
1555 1572 1649 1603 enim
1674 1571 1833 1603 nominat
1849 1569 1981 1603 Filium
1998 1569 2075 1604 Dei.
2128 1567 2262 1614 Appel-

1279 1621 1364 1654 latio
1393 1628 1474 1654 nota
1501 1629 1564 1655 est:
1595 1620 1685 1664 Quis
1709 1621 1798 1654 sicut
1819 1620 1930 1661 Deus,
1958 1621 1994 1653 id
2017 1627 2083 1661 est,
2111 1627 2262 1666 quantus

1280 1679 1328 1705 est
1354 1669 1429 1712 hic,
1457 1672 1517 1716 qui
1540 1679 1589 1706 est
1606 1673 1693 1705 sicut
1709 1671 1821 1712 Dens,
1850 1672 1910 1717 qui
1929 1679 1978 1704 est
1998 1671 2112 1714 imago
2129 1672 2263 1709 aeterni

1280 1723 1406 1766 patris,
1455 1732 1596 1767 potens,
1645 1723 1843 1763 misericos,
1883 1723 2067 1763 liberator,
2109 1722 2263 1756 vindex?

1280 1772 1400 1818 Itaque
1416 1780 1453 1807 ut
1471 1775 1657 1807 excitemus
1676 1785 1740 1807 nos
1757 1774 1800 1806 ad
1820 1773 2077 1806 invocationem
2096 1779 2128 1806 et
2145 1773 2263 1815 fidem,

1279 1824 1466 1866 diligenter
1487 1822 1570 1856 haec
1597 1825 1689 1855 dicta
1714 1825 1818 1856 nobis
1843 1825 2077 1864 inculcemus,
2103 1836 2191 1868 quae
2209 1831 2262 1858 te-

1280 1881 1415 1907 stantur
1431 1875 1548 1906 adesse
1565 1873 1740 1907 Ecclesiae
1757 1885 1838 1906 suae
1854 1873 1986 1906 Filium
2005 1874 2093 1914 Dei,
2120 1886 2185 1907 nos
2201 1876 2262 1907 de-

1882 1923 1927 1956 Et
1953 1925 2012 1956 illa
2036 1925 2169 1957 somnia
2194 1922 2263 1957 hu-

1280 2079 1317 2110 in
1344 2078 1516 2120 poematis
1547 2077 1623 2110 ficta
1656 2083 1757 2115 sunt,
1790 2073 1880 2108 hanc
1907 2076 2016 2118 ipsam
2043 2078 2089 2109 ob
2113 2089 2262 2117 causam,

1280 2129 1360 2173 quia
1386 2140 1482 2161 mens
1508 2126 1660 2160 humana
1679 2127 1753 2159 sine
1768 2127 1844 2159 luce
1862 2128 2043 2160 doctrinae
2058 2128 2213 2161 coelestis
2230 2135 2263 2162 et

1280 2180 1354 2212 sine
1384 2180 1467 2218 fide,
1502 2179 1539 2211 in
1570 2179 1734 2211 omnibus
1767 2178 1812 2210 ita
1844 2175 2082 2212 hallucinatur
2106 2179 2148 2212 de
2175 2178 2263 2215 Deo.

244 2263 340 2292 sunt,
367 2254 427 2298 qui
447 2253 561 2285 Deum
588 2261 667 2281 vera
692 2247 870 2290 agnitione
888 2244 1019 2279 Christi
1039 2254 1067 2279 et
1089 2248 1155 2279 fide
1174 2248 1227 2279 in-
1253 2243 1254 2270 l
1280 2230 1347 2263 Sffll
1367 2242 1445 2262 ‘’es‘'
1461 2228 1526 2262 D‘fl
1547 2236 1674 2262 nonem
1695 2241 1754 2272 Per
1771 2227 2001 2271 Evangelfflm
2019 2241 2056 2262 ¹¹¹
2075 2237 2189 2262 meme
2206 2242 2262 2273 pla

246 2313 387 2339 vocam-
424 2310 453 2335 e,
476 2302 569 2333 idola
594 2300 751 2339 fugiunt³
779 2299 847 2330 Sim
872 2298 1025 2329 membra
1053 2295 1227 2329 Ecclesiae
1280 2282 1500 2319 accidentur‚
1530 2287 1562 2313 et
1580 2281 1716 2312 assidua
1736 2287 1960 2313 lnvocatlone
1979 2280 2216 2315 confirmatur.

375 2352 575 2388 Sententia,
606 2351 805 2387 voluntate,
834 2348 1052 2381 consessione
1078 2360 1112 2380 se
1132 2349 1226 2392 quis-
1252 2345 1254 2371 ³

1382 2355 1440 2389 IV.
1484 2355 1617 2398 Quarta
1634 2356 1826 2390 consolatio
1843 2362 1903 2397 est,
1930 2369 2032 2401 quam
2051 2354 2107 2388 hic
2123 2369 2262 2402 quoque

1280 2407 1444 2451 proponit
1463 2404 1629 2451 Angelus,
1681 2406 1769 2440 Cum
1788 2419 1976 2440 aerumnae
1993 2419 2065 2439 non
2081 2407 2151 2441 sint
2166 2409 2261 2441 futu-

1252 2484 1253 2489 ,
1279 2470 1337 2490 rae
1357 2464 1558 2501 perpetuae,
1589 2455 1652 2490 hac
1670 2469 1728 2501 spe
1746 2458 1882 2491 facilius
1901 2470 1954 2491 eas
1970 2454 2154 2498 feramus,›
2167 2460 2260 2503 quod

1252 2499 1253 2544 Ῐ
1280 2509 1345 2552 piis
1372 2508 1587 2552 promittitur
1610 2509 1759 2551 gloriosa
1777 2509 1938 2543 liberatio
1958 2515 1990 2541 et
2006 2515 2143 2541 aeterna
2162 2510 2271 2542 laeti--

1279 2559 1339 2592 cia.
1395 2558 1515 2602 lmpiis
1535 2571 1616 2591 vero
1634 2560 1894 2592 denunciantur
1911 2560 2039 2591 aeterni
2059 2561 2242 2595 cruciatus,

642 2611 741 2643 Item:
768 2610 977 2654 Ubicunque
996 2612 1065 2643 duo
1082 2616 1141 2643 aut
1158 2616 1225 2642 tres
1252 2629 1253 2639 η

1382 2609 1463 2642 Ideo
1488 2607 1686 2642 }1i‹:D,=niel
1710 2610 1840 2654 inquit:
1869 2607 1995 2642 inulti
2015 2615 2198 2655 resur-gen!
2216 2620 2259 2642 ea·

1277 2658 1420 2704 pulvere
1445 2665 1578 2698 terrae,
1607 2659 1680 2693 alii
1706 2658 1760 2692 ml
1780 2664 1964 2693 aelernam
1984 2659 2164 2705 gloriam,
2190 2658 2261 2693 alii
