2379 2948
166 74 262 110 1199

162 160 270 193 verbo
302 156 371 193 Dei
400 158 579 191 decretum
610 165 683 187 esse
713 165 758 187 ne
791 153 971 192 deleatur,
1015 164 1054 187 ac
1085 152 1153 186 fide

161 210 293 256 perfert
310 219 496 243 aerumnas
519 213 553 240 et
578 205 757 249 experitur
776 205 1045 248 protectionem.
1100 202 1153 237 Ita

161 263 322 295 doctrina
347 267 380 294 et
402 270 529 293 arcana
556 263 606 290 est
634 263 668 290 et
694 255 862 297 mirifica,
896 255 933 289 id
962 262 1034 295 est,
1072 265 1154 287 vera

159 320 192 346 et
217 312 348 346 efficax.
408 310 489 343 Huc
512 307 789 342 accomodentur
811 307 922 345 dicta,
952 309 984 342 1.
1001 305 1082 340 Cor.
1099 306 1154 339 2:

160 362 337 397 Docemus
363 360 571 405 sapientiam
597 370 671 391 non
694 358 896 402 principum
925 358 1070 398 mundi,
1095 357 1155 389 sed

161 413 353 447 stulticiam
372 411 496 445 crucis.
549 409 663 443 Addit
685 409 795 452 igitur
817 408 1051 442 laudatationi
1070 419 1155 441 con-

163 475 313 508 sequens
326 489 333 503 ‚
363 474 444 506 ergo
463 473 538 494 eam
558 460 821 504 amplectamur.

273 513 432 558 Sequens
463 523 584 545 versus
618 519 669 545 est
698 511 941 554 interpretatio
974 510 1154 554 priorum:

161 562 247 598 Tua
271 562 440 597 doctrina
465 567 518 596 est
541 574 703 601 arcana,
737 559 804 595 sed
825 566 946 595 lamen
973 559 1156 606 intelligi-

162 620 239 654 tur,
266 612 331 648 dal
358 613 580 648 intellectum
598 611 787 660 parvulis,
814 613 1027 656 intelligitur
1044 625 1061 645 a
1081 623 1156 645 cre-

160 666 349 706 dentibus,
378 667 474 700 iuxta
493 666 601 698 illud:
631 664 788 709 Spiritus
806 669 946 697 sanctus
967 665 1071 697 ducet
1094 673 1156 695 vos

161 720 198 751 in
218 729 362 750 omnem
380 717 576 750 veritatem.
632 714 719 749 Item
736 715 856 748 unctio
874 715 976 748 docet
997 725 1073 748 vos.
1110 711 1158 747 Et

161 769 354 813 petendum
368 795 377 809 ,
405 775 444 801 ut
461 766 556 801 Deus
575 772 698 809 augeat
712 766 825 798 lucem
843 766 880 798 in
897 766 1065 799 cordibus
1090 776 1158 797 no-

161 820 262 860 stris,
298 820 388 852 sicut
420 818 549 863 inquit:
602 816 747 859 Quanto
774 817 885 860 magis
916 824 1014 860 pater
1047 822 1159 849 vester

163 870 323 904 coelestis
353 870 452 903 dabit
479 867 654 912 Spiritum
679 874 839 901 sanctum
860 868 1072 911 petentibus.
1112 864 1160 899 Et

163 922 288 955 crebro
322 920 472 965 repetita
511 925 561 953 est
595 916 681 951 haec
717 918 871 962 precatio
908 919 946 951 in
981 917 1048 952 hoc
1085 924 1164 951 toto>

162 972 316 1005 Psalmo.

266 1022 411 1056 Tertius
429 1032 549 1054 versus
567 1028 617 1055 est
634 1020 824 1065 descriptio
843 1021 1022 1055 desiderii.

267 1073 425 1118 Quartus
456 1078 488 1105 et
516 1073 662 1117 quintus
691 1072 923 1116 precationes,
997 1069 1161 1105 Observa

165 1132 198 1159 et
213 1126 364 1158 formam
384 1123 574 1156 sermonis:
602 1120 691 1157 ZVon
704 1120 912 1156 dominetur
927 1122 965 1156 in
977 1134 1031 1155 me
1042 1123 1162 1155 omnis

166 1174 368 1223 iniquitas,
395 1174 568 1217 significat
586 1186 658 1208 esse
677 1175 715 1207 in
735 1174 874 1209 Sanctis
900 1185 1044 1218 magnas
1062 1173 1162 1206 infir-

164 1227 323 1266 mitates,
348 1226 409 1259 sed
431 1223 490 1258 hic
515 1232 592 1259 orat
608 1237 652 1258 ne
670 1226 918 1267 dominentur,
946 1238 991 1258 ne
1008 1225 1163 1269 Spiritus

166 1285 307 1313 sanctus
327 1283 361 1311 et
378 1276 464 1310 fides
484 1277 726 1317 excutiantur,
754 1284 788 1310 et
807 1284 921 1311 sumta
948 1283 999 1310 est
1025 1273 1163 1320 phrasis

168 1342 208 1363 ex
228 1328 377 1362 Genesi:
408 1327 483 1361 Sub
507 1334 541 1360 te
560 1328 606 1361 sit
629 1328 820 1372 appetitio,
848 1335 880 1362 et
902 1335 941 1362 tu
968 1326 1165 1361 domineris

168 1381 211 1413 ei.
272 1378 320 1412 Et
336 1378 496 1412 imitatus
505 1385 557 1411 est
572 1377 706 1411 Paulus
723 1376 815 1412 hanc
833 1380 984 1412 formam
996 1377 1164 1424 Romo*

168 1430 250 1464 Non
267 1435 390 1473 regnet
407 1429 446 1461 in
463 1429 566 1462 vobis
583 1436 782 1472 peccatum,
811 1429 874 1463 ubi
900 1436 983 1462 nota
1003 1435 1086 1461 sunt
1104 1428 1165 1460 illa

169 1493 259 1527 quae
293 1480 444 1513 dicimus
476 1480 519 1512 de
552 1486 693 1524 peccato
724 1487 893 1523 regnante
927 1486 962 1514 et
1000 1492 1074 1513 non
1110 1491 1165 1526 re—

169 1538 313 1575 gnante.

272 1582 398 1615 Sextus
430 1591 552 1614 versus
593 1580 718 1624 petitio
761 1588 883 1616 contra
926 1580 1164 1614 adversarios:

170 1632 322 1667 Redime
338 1644 412 1673 me,
440 1638 503 1664 etc.

271 1682 452 1727 Septimus
475 1681 597 1726 petitio
623 1689 663 1716 ut
687 1683 856 1716 doceatur
888 1689 921 1717 et
951 1682 1167 1716 consolatio-

173 1746 253 1768 nem
272 1734 483 1778 experiatur.

275 1783 433 1819 Octavus
462 1781 586 1824 πάθος
613 1791 645 1819 et
675 1785 877 1829 indignatio
904 1790 1027 1818 contra
1043 1783 1168 1816 adver—

173 1847 283 1870 sarlos
303 1843 366 1871 etc.

600 1938 625 1967 Ξ
654 1929 755 1964 Sade.

232 1999 358 2030 Iustus
397 2006 437 2029 es
487 1996 674 2039 Domine,
728 2001 766 2030 et
805 2000 945 2030 rectum
989 1994 1169 2030 iudicium

238 2052 359 2081 tuum.

278 2120 420 2154 Primus
443 2132 564 2154 versus
599 2121 704 2155 etiam
732 2127 783 2154 est
806 2121 963 2154 laudatio
990 2121 1173 2154 doctrinae

175 2172 337 2218 opposita
372 2172 515 2205 iudiciis
544 2170 721 2206 humanae
753 2172 956 2215 sapientiae.
1027 2171 1173 2217 Reliqui

177 2231 262 2258 sunt
277 2230 394 2257 autem
414 2224 577 2268 querelae
594 2224 635 2256 de
652 2223 883 2263 adversariis,
899 2230 959 2256 aut
976 2220 1174 2267 petitiones.

281 2282 439 2326 Quartus
464 2294 602 2316 versus:
642 2279 813 2327 Ignitum
845 2280 1027 2329 eloquium
1061 2285 1175 2321 tuum,

178 2336 214 2368 id
242 2341 310 2375 est,
345 2334 534 2377 probatum
566 2341 616 2368 est
641 2335 789 2367 verbum
823 2340 943 2374 tuum,
978 2341 1017 2367 ut
1050 2345 1201 2367 aurum·

179 2386 254 2428 igni
281 2386 472 2429 probatur,
498 2386 531 2417 id
562 2392 631 2425 est,
660 2385 753 2418 inter
780 2385 994 2419 tentationes
1019 2385 1175 2429 comperi

181 2436 368 2469 efficaciam
394 2442 474 2469 tuae
499 2436 704 2478 doctrinae,
732 2436 803 2469 scio
833 2448 953 2469 veram
980 2448 1053 2469 non
1079 2436 1175 2469 suca-

181 2493 271 2527 tam‚
298 2487 369 2519 scio
394 2487 567 2520 efficacem
587 2499 671 2521 esse.

286 2542 421 2578 Eadem
439 2553 490 2580 est
507 2554 540 2580 et
558 2547 784 2592 sequentium
808 2559 972 2581 versuum
991 2547 1176 2588 sententia,

184 2597 370 2629 interserto
397 2596 572 2632 desiderio
589 2598 686 2632 vocis
704 2598 848 2632 divinae
866 2598 971 2633 etiam
996 2599 1089 2633 inter
1113 2611 1177 2643 op—

186 2646 329 2692 probria
347 2652 380 2679 et
397 2656 613 2683 contemtum
631 2650 878 2695 multiplicem.

754 66 884 104 PHIL.
911 66 1028 103 MEL.
1064 64 1281 111 SCRIPTA,
1309 63 1611 101 EXEGETICA.

2102 68 2198 104 1200

1612 158 1637 202 p
1665 149 1785 196 Kuph.

1254 219 1424 254 Clamavi
1447 229 1495 253 ex
1513 222 1590 252 toto
1616 217 1750 263 corde,
1779 218 1925 255 exaudi
1943 230 2002 254 me
2020 221 2197 265 Domine,

1253 275 1406 305 statuta
1425 274 1493 304 tua
1510 269 1728 304 custodiam.
1973 268 1979 273 '

1307 345 1417 378 Primi
1444 344 1603 390 quinque
1628 356 1750 379 versus
1777 351 1859 378 sunt
1884 345 2007 390 petitio
2033 353 2066 380 et
2090 347 2200 390 signi-

1204 396 1318 430 ficatio
1353 396 1463 429 animi
1494 396 1652 429 ardentis
1687 396 1862 430 desiderio
1897 397 2056 430 discendi
2090 399 2201 434 verbi.

1204 445 1251 481 Et
1267 447 1456 491 diligenter
1472 454 1504 481 et
1521 447 1749 492 repetitiones
1776 454 1808 481 et
1825 447 2095 490 igemiuationes
2120 460 2201 492 pre-

1206 511 1283 531 cum
1311 499 1554 532 observandae
1585 506 1688 537 sunt,
1726 505 1870 543 propter
1904 498 2138 532 Stenckfetdii
2167 507 2201 534 et

1205 547 1518 583 Enthusiastarum
1535 550 1687 590 furores,
1714 550 1980 594 aspernantium
1999 562 2119 584 vocem
2135 551 2201 584 do-

1206 601 1340 634 ctrinae
1365 600 1521 633 auditam
1536 627 1545 640 ,
1568 601 1692 633 lectam
1718 613 1777 634 seu
1798 601 1996 644 cogitatam.
2049 600 2086 635 Si
2106 601 2202 634 enim

1206 652 1304 684 nulla
1324 657 1413 684 esset
1440 651 1514 684 eius
1532 651 1628 683 vocis
1657 652 1830 689 efficacia,
1858 653 1987 685 frustra
2012 658 2199 686 testaretur

1206 702 1343 743 David,
1379 713 1414 734 se
1439 702 1513 735 dies
1536 708 1726 747 noctesque
1757 703 1910 736 lectione
1932 710 1965 737 et
1989 703 2201 746 cogitatione

1208 754 1390 787 doctrinae
1409 764 1627 786 consumere.

1645 835 1667 865 Ἶ
1696 826 1779 861 Res.

1263 887 1357 923 Vide
1381 887 1636 922 humilitatem
1664 898 1785 921 meam
1810 891 1848 921 et
1871 890 1974 932 eripe
1999 899 2078 933 me,
2114 892 2202 934 quia

1258 940 1379 986 legem
1399 944 1503 974 tuam
1519 951 1593 974 non
1608 950 1689 973 sum
1708 937 1865 982 oblitus,
1893 944 1963 973 etc.

1621 1021 1657 1050 ἐἴ
1685 1010 1810 1047 Schin-

1260 1076 1454 1119 Principes
1472 1077 1665 1118 persecuti
1689 1077 1779 1108 suut
1804 1084 1862 1107 me
1887 1076 1970 1108 sine
1996 1086 2134 1119 causa,
2170 1080 2205 1109 et

1263 1138 1286 1160 α
1303 1125 1426 1160 verbis
1446 1128 1525 1160 tuis
1538 1124 1769 1171 formidavit
1787 1136 1849 1159 cor
1866 1136 2010 1170 meum,
2035 1131 2105 1160 etc.

1623 1216 1648 1246 ῃ
1678 1208 1794 1244 Thau.

1262 1270 1541 1314 Appropinquet
1573 1268 1788 1313 deprecatio
1820 1279 1907 1303 mea
1938 1271 1978 1303 in
2004 1272 2207 1313 conspectu

1263 1325 1326 1354 tuo
1344 1322 1529 1362 Domine,
1551 1324 1620 1353 etc.

1316 1386 1408 1420 Sunt
1439 1393 1472 1419 et
1495 1386 1624 1431 reliqui
1657 1385 1830 1419 octonarii
1863 1397 1986 1418 omnes
2018 1385 2206 1429 praecipue

1214 1438 1451 1483 precationes,
1477 1444 1516 1470 ut
1543 1437 1702 1475 iuvetur,
1736 1438 1924 1476 doceatur,
1951 1436 2122 1469 liberetur
2141 1435 2210 1469 Ec-

1214 1489 1331 1522 clesia.
1385 1486 1432 1521 Et
1453 1488 1628 1521 admixtae
1653 1494 1735 1520 sunt
1750 1488 1935 1532 querelae,
1961 1493 2001 1520 ut
2028 1487 2066 1519 in
2090 1498 2211 1531 preca-

1214 1540 1374 1573 tionibus
1402 1538 1572 1572 usitatum
1599 1545 1669 1578 est,
1697 1538 1802 1570 simul
1829 1549 2004 1581 exponere
2029 1537 2210 1578 calamita-

1214 1597 1284 1624 tem
1297 1617 1305 1631 ,
1331 1595 1477 1633 propter
1496 1601 1602 1634 quam
1621 1589 1792 1621 auxilium
1814 1589 1957 1632 petitur.

1353 1692 1692 1738 Argumentum
1720 1702 1773 1725 ac
1803 1690 2069 1736 dispositio

1540 1758 1701 1798 Psalmi
1733 1757 1892 1800 CXIX.

1323 1840 1435 1874 Valde
1465 1841 1585 1874 dulces
1617 1848 1698 1875 sunt
1721 1840 1872 1881 Psalmi,
1907 1851 2060 1885 quorum
2090 1840 2214 1874 titulus

1219 1899 1269 1926 est
1286 1891 1430 1926 Cantica
1448 1893 1642 1935 graduum,
1671 1899 1751 1925 sunt
1769 1899 1884 1926 autem
1902 1891 1969 1924 alia
1987 1891 2138 1925 aliorum
2155 1903 2213 1924 at-

1219 1949 1400 1986 gumenta:
1436 1943 1497 1976 alii
1529 1950 1611 1977 sunt
1640 1943 1877 1987 precationes,
1911 1942 1972 1975 alii
1999 1942 2212 1977 consolatio-

1223 2006 1301 2035 nes,
1330 1994 1392 2027 alii
1417 1994 1615 2035 doctrinae,
1645 2001 1684 2028 ut
1700 1994 1827 2040 ordine
1842 1993 2009 2026 dicemus.

1325 2043 1403 2079 Etsi
1420 2052 1535 2078 autem
1557 2046 1597 2078 de
1617 2045 1722 2079 titulo
1739 2045 1943 2089 disputant,
1973 2056 2081 2089 quare
2096 2045 2215 2078 nomi-

1223 2103 1356 2130 nentur
1372 2095 1515 2131 Cantica
1535 2097 1727 2139 graduum,
1755 2102 1870 2128 tamen
1897 2106 1962 2128 nos
1987 2095 2143 2130 contenti
2168 2096 2217 2129 si-

1222 2159 1301 2181 mus
1325 2145 1391 2181 hac
1416 2148 1570 2192 simplici
1600 2147 1841 2191 responsione.
1900 2147 1933 2178 A
1959 2147 2036 2180 loco
2061 2154 2217 2181 sumtum

1223 2211 1296 2232 esse
1320 2199 1483 2239 titulum,
1510 2199 1591 2243 quia
1610 2205 1738 2232 stantes
1761 2199 1798 2230 in
1818 2198 1893 2231 loco
1909 2197 2136 2232 eminentiori
2163 2209 2218 2231 sa-

1225 2251 1400 2291 cerdotes,
1435 2256 1514 2282 ante
1538 2250 1710 2293 templum
1739 2249 1822 2282 inde
1852 2249 2012 2282 exaudiri
2044 2255 2218 2293 poterant,

1225 2314 1304 2335 cum
1321 2301 1572 2346 praecinebant
1589 2298 1655 2334 hos
1673 2302 1796 2334 breves
1821 2307 1853 2333 et
1877 2300 2100 2334 dulcissimos
2118 2299 2218 2334 Psal-

1225 2365 1301 2386 mos
1320 2353 1463 2397 populo.

1611 2425 1805 2455 Graduum
1827 2425 1850 2454 I.

1277 2478 1336 2513 Ad
1355 2479 1555 2514 Dominum
1572 2482 1610 2514 in
1628 2479 1872 2515 tribulatione
1887 2479 2024 2521 clamo,
2051 2483 2087 2512 et
2103 2489 2220 2514 exau-

1280 2529 1337 2564 dit
1360 2542 1431 2564 nze.

1330 2597 1490 2631 Precatio
1510 2605 1559 2632 est
1577 2599 1744 2632 adversus
1764 2598 2046 2638 calumniatores,
2063 2610 2102 2632 ac
2118 2609 2221 2643 prae-

1229 2649 1330 2695 cipue
1347 2650 1432 2683 tales
1451 2650 1513 2696 qui
1531 2662 1648 2683 veram
1666 2650 1863 2684 doctrinam
1887 2656 2000 2683 astute
2018 2650 2221 2694 depravant,
