2379 2948
225 126 293 159 727

224 211 288 243 bus
305 221 425 242 causae
442 209 601 243 salsitatis
619 208 654 239 in
672 204 725 239 his
747 205 877 245 titulis,
904 217 991 250 quos
1010 205 1208 245 recensebo,

225 267 476 293 monstrantur.

393 348 493 386 Quae
520 349 576 379 est
605 343 739 379 divisio
765 341 1043 389 fallaciarum?

303 414 506 446 Aristoteles
524 411 589 447 hoc
607 413 712 445 modo
729 412 895 445 discernit
915 410 1084 444 fallacias:
1111 408 1212 441 Aliae

229 472 398 498 vocantur
415 464 573 497 fallaciae
597 464 632 496 in
655 464 829 504 dictione,
854 463 941 496 aliae
967 468 1062 494 extra
1085 458 1211 492 dictio-

228 527 318 548 nem.
372 515 544 548 Fallaciae
561 515 598 547 in
615 514 770 548 dictione
787 521 885 554 sunt,
914 513 973 546 ubi
992 510 1213 553 ambiguitas,

229 579 316 612 quae
334 567 424 610 parit
441 578 609 607 errorem,
637 566 746 609 magis
765 573 815 599 est
830 565 867 597 in
887 575 1011 607 genere
1030 559 1213 600 sermonis,

230 630 333 662 quam
352 618 388 650 in
404 618 518 650 rebus.
572 616 624 650 Ac
640 617 806 660 pleraque
824 615 972 648 iudicari
998 618 1144 657 possunt
1170 612 1213 643 ab

230 669 282 709 iis,
309 669 369 713 qui
395 667 659 701 Grammaticen
678 673 769 700 recte
787 666 998 705 didicerunt,
1026 671 1057 696 et
1076 664 1214 706 linguas

230 720 444 762 intelligunt,
470 731 509 751 ex
528 718 656 763 quibus
672 718 763 750 dicta
779 716 941 759 ambigua
959 721 1158 753 sumuntur,
1176 719 1215 746 ut

230 771 361 803 dictum
386 769 501 803 Pauli:
531 768 585 801 lra
604 768 674 802 Dei
698 768 796 801 venit
818 779 922 810 super
941 766 1030 798 filios
1051 765 1215 797 incredu-

231 822 349 861 litatis,
377 821 522 865 quidam
542 820 680 863 ineptus
697 819 744 851 sic
761 818 1073 862 interpretabatur:
1104 815 1215 848 Filios

230 879 330 904 natos
348 883 387 903 ex
408 870 600 904 incredulis
627 882 700 903 non
726 881 824 913 posse
850 868 1007 901 converti
1031 868 1074 900 ad
1091 866 1216 900 Deum·

230 922 359 955 Facilis
385 929 435 955 est
460 928 576 954 autem
603 920 778 953 enarratio
805 919 1083 962 intelligentibus
1110 915 1215 961 phra-

231 974 302 1006 sin:
341 972 395 1005 lra
420 971 485 1005 Dei
510 972 606 1005 venit
631 983 736 1016 super
760 971 850 1004 filios
876 969 1151 1007 incredulitatis,
1179 968 1215 1000 id

230 1031 298 1063 est,
332 1036 435 1068 super
462 1022 703 1055 inobedientes
727 1034 787 1055 seu
811 1028 1043 1055 contumaces.
1104 1019 1217 1052 Filius

231 1074 469 1108 contumaciae
505 1072 655 1107 Ebraica
696 1072 951 1106 consuetudine
990 1071 1121 1104 dicitur
1154 1070 1217 1102 ad-

231 1126 343 1159 dictus
361 1137 420 1158 seu
436 1125 602 1169 proprius
622 1123 879 1163 contumaciae,
907 1123 1163 1167 propemodum
1179 1127 1217 1153 ut

231 1177 339 1210 latine
354 1176 423 1209 dici
440 1182 574 1220 posset,
600 1174 815 1219 mancipium
840 1173 1099 1214 contumaciae,
1125 1172 1217 1205 filius

231 1227 426 1266 ebrietatis,
453 1226 489 1260 id
509 1232 578 1264 est,
608 1226 778 1258 ebriosus.
832 1225 913 1258 Non
932 1224 1038 1268 igitur
1065 1225 1108 1256 de
1126 1223 1218 1256 natis

232 1278 390 1323 loquitur
405 1277 555 1317 Paulus,
584 1278 642 1309 sed
663 1278 705 1309 de
725 1276 794 1309 illis
821 1276 924 1320 ipsis,
952 1275 1012 1320 qui
1031 1281 1112 1308 sunt
1130 1286 1217 1307 con-

232 1337 396 1363 tumaces,
460 1327 633 1360 Fallaciae
666 1335 762 1360 extra
794 1327 986 1359 dictionem
1018 1333 1118 1363 sunt,
1156 1324 1217 1358 ubi

232 1379 391 1422 deceptio
420 1378 530 1421 magis
560 1389 599 1409 ex
629 1389 748 1410 rerum
779 1377 1003 1415 confusione,
1036 1383 1094 1408 aut
1128 1376 1217 1407 mala

233 1429 452 1463 connexione
478 1428 609 1466 oritur,
634 1439 738 1472 quam
763 1439 802 1460 ex
821 1425 1080 1466 Grammatica,
1107 1432 1218 1458 utre-

233 1493 311 1515 rum
331 1479 492 1514 confusio
509 1486 560 1512 est
579 1479 616 1511 in
633 1477 769 1511 fallacia
788 1477 995 1511 accidentis:

385 1530 570 1564 Peccatum
587 1541 660 1562 non
677 1529 787 1572 gignit
807 1526 1001 1565 hominem,

385 1580 679 1623 Concupiscentia
697 1579 819 1622 gignit,

388 1631 498 1675 Igitur
514 1630 797 1673 concupiscentia
815 1641 887 1662 non
906 1636 955 1662 est
972 1635 1163 1672 peccatum.

336 1691 476 1732 Minor,
512 1690 575 1724 etsi
601 1702 673 1723 non
698 1689 920 1722 admonitum
946 1688 1067 1721 fallere
1098 1694 1221 1732 potest,

234 1752 350 1779 tamen
370 1754 513 1788 prorsus
534 1741 618 1775 falsa
638 1747 701 1781 est,
729 1740 810 1785 quia
828 1745 965 1780 natura,
994 1751 1082 1784 quae
1100 1746 1149 1772 est
1169 1750 1223 1771 res

234 1808 253 1829 a
278 1793 353 1828 Deo
378 1794 538 1834 condita,
566 1792 696 1836 gignit,
724 1803 797 1825 non
822 1791 966 1824 morbus
994 1802 1054 1823 seu
1080 1786 1224 1830 ἀταξία,

235 1859 295 1880 seu
324 1845 514 1878 destructio
544 1850 710 1881 naturae,
745 1854 835 1887 quae
866 1848 986 1886 postea
1016 1847 1132 1875 secuta
1163 1847 1222 1875 est.

236 1896 303 1930 Hic
329 1896 403 1929 sani
430 1906 550 1928 omnes
573 1894 777 1937 intelligunt
802 1905 919 1926 rerum
947 1904 1019 1926 esse
1044 1892 1224 1926 confusio-

238 1959 337 1987 nem,
366 1958 444 1979 cum
472 1945 669 1989 generatio,
703 1956 792 1989 quae
814 1944 1002 1977 tribuenda
1027 1951 1101 1977 erat
1121 1949 1224 1976 natu-

237 2010 315 2038 rae,
349 1996 519 2031 tribuitur
549 1996 674 2028 morbo
701 2001 845 2039 propter
874 1994 1110 2036 vicinitatem,
1142 1994 1224 2040 quia

239 2047 356 2083 haeret
375 2048 412 2081 in
428 2054 566 2081 natura.

502 2125 668 2158 Fallaciae
691 2125 725 2156 in
746 2125 885 2157 dictione
907 2135 976 2157 sex.

391 2190 419 2225 I.
575 2187 843 2233 Aequivocatio,

392 2240 438 2274 ll.
576 2236 804 2282 Amphibola,

392 2290 458 2325 111.
576 2288 792 2332 Compositio
821 2295 853 2322 et

396 2341 478 2375 llll.
580 2339 728 2380 Divisio,

396 2392 439 2425 V.
578 2390 707 2434 Figura
728 2390 904 2431 dictionis,

398 2442 459 2476 VI.
576 2441 761 2476 Accentus.

333 2494 380 2527 Hi
405 2493 501 2527 tituli
525 2504 646 2526 omnes
667 2505 736 2526 una
762 2491 917 2525 dictione
940 2488 1110 2535 Ambigui
1131 2504 1227 2525 com-

246 2543 419 2591 prehendi
443 2550 601 2588 possunt.
655 2543 722 2578 Sed
741 2541 947 2577 Aristoteles
970 2543 1125 2576 diversos
1151 2555 1227 2576 mo-

246 2598 308 2630 dos
332 2594 486 2634 recitat,'
504 2602 544 2628 ut
571 2595 688 2640 aliquo
723 2595 829 2627 modo
861 2594 994 2628 indicet
1023 2594 1225 2628 discrimina

245 2647 503 2690 ambiguorum.

246 2699 282 2731 in
300 2695 570 2741 compositione,
598 2703 636 2729 ut
659 2702 779 2739 postea
798 2696 943 2731 dicetur.

464 121 671 157 SCRtPTA
701 120 777 154 1³11.
807 118 920 153 MEL.
953 117 1018 153 AD
1047 117 1172 153 IIlST.
1204 115 1345 152 PROF.
1375 115 1440 151 ET
1468 114 1658 151 PlllLOS.
1688 115 2009 152 SPECTANTtA.

2171 117 2244 152 728

1549 204 1606 236 De
1635 203 1956 247 aequivocatione.

1366 281 1618 327 Aequivocatio
1646 287 1697 314 est
1718 279 1844 314 titulus
1865 279 2086 324 captionum,
2110 282 2146 314 in
2169 283 2249 327 qui-

1236 351 1238 372 :
1263 331 1330 366 bus
1345 333 1505 377 deceptio
1523 333 1560 366 fit
1578 331 1808 374 ambiguitate
1827 330 1935 364 unius
1954 331 2058 364 vocis.
2100 331 2247 366 Causam

1264 390 1379 417 autem
1414 384 1572 417 iuniores
1603 382 1845 420 considerent,
1877 394 1987 426 quare
2014 382 2052 415 in
2077 383 2252 426 ambiguis

1265 446 1337 467 non
1362 435 1473 468 valeat
1497 433 1769 479 consequentia,
1798 433 1879 478 quia
1904 445 1984 466 cum
2000 445 2067 466 vox
2088 434 2252 478 ambigua

1238 517 1240 522 ,
1266 485 1435 528 significet
1458 498 1512 519 res
1536 486 1707 525 diversas,
1744 485 1834 518 fiunt
1859 490 2011 529 quatuor
2042 484 2184 517 termini
2216 486 2254 518 in

556 2643 635 2678 Alia
659 2645 751 2678 enim
777 2645 916 2678 suntin
941 2657 1011 2679 una
1028 2658 1130 2684 voce,
1158 2645 1225 2678 alia
1251 2667 1253 2672 ·

1266 536 1480 581 syllogismo.
1540 536 1631 570 Sunt
1660 536 1767 579 igitur
1793 547 1916 578 scopae
1947 535 2155 577 dissolutae,
2192 547 2254 569 nec

1268 587 1449 619 vinculum
1466 593 1515 619 est
1532 587 1646 619 ullum
1666 586 1934 629 praemissarum
1954 593 1987 620 et
2006 587 2255 628 conclusionis,

1267 638 1351 670 falsa
1383 637 1490 679 igitur
1522 637 1627 670 attexi
1657 645 1812 680 possunt.
1865 636 1940 669 Hac
1965 649 2066 671 causa
2095 637 2257 671 animad-

1267 699 1366 721 versa
1393 688 1476 721 satis
1503 693 1552 719 est
1578 688 1709 720 dicere:
1746 687 1842 730 Nego
1879 689 2186 733 consequentiam,
2223 696 2257 722 et

1268 739 1357 772 ratio
1384 745 1452 776 est,
1488 738 1569 782 quia
1595 745 1645 771 est
1676 738 1813 771 fallacia
1839 739 2150 784 aequivocationis.
2203 739 2259 773 Sit

1269 790 1362 823 enim
1389 796 1472 823 nota
1498 789 1666 822 omnibus
1691 786 1776 821 haec
1801 801 1920 831 causa,
1955 803 2059 836 quam
2086 791 2257 831 recensui,

1269 853 1330 874 cur
1349 853 1421 874 non
1443 840 1554 874 valeat
1576 840 1838 885 consequentia.

1661 938 1866 979 Eoeemplum.

1425 998 1616 1034 Brachium
1646 1008 1694 1034 est
1722 1013 1868 1045 corpus,
1895 1012 1934 1033 ex
1959 1013 2084 1045 carne,
2111 1003 2259 1043 ossibus,

1476 1052 1655 1094 sanguine,
1685 1053 1800 1093 venis,
1824 1052 1961 1086 arteriis
1977 1059 2011 1086 et
2028 1053 2146 1087 nervis
2163 1065 2259 1087 com-

1476 1110 1643 1146 positum.

1425 1153 1521 1187 Deus
1539 1151 1644 1187 habet
1661 1152 1857 1195 brachium,

1421 1203 1519 1248 ,Ergo
1536 1203 1631 1237 Deus
1649 1212 1698 1238 est
1715 1217 1916 1250 corporeus,

1374 1264 1607 1309 Respondeo:
1645 1264 1742 1308 Nego
1772 1264 2078 1310 consequentiam,
2115 1272 2148 1300 et
2171 1267 2259 1301 ratio

1272 1324 1338 1357 est,
1364 1316 1446 1360 quia
1470 1323 1520 1348 est
1543 1315 1680 1348 fallacia
1705 1317 2016 1360 aequivocationis·
2067 1315 2109 1347 In
2128 1316 2261 1351 maiore

1273 1365 1456 1400 brachium
1487 1366 1629 1407 proprie
1653 1366 1782 1397 dicitur
1811 1365 1853 1396 de
1884 1361 2048 1403 brachio,
2083 1366 2185 1410 quale
2211 1376 2260 1402 est

1272 1414 1482 1455 humanum,
1498 1414 1534 1446 in
1549 1413 1686 1447 minore
1704 1412 1888 1447 brachium
1901 1412 2138 1458 metaphorice
2150 1417 2260 1461 signi-

1273 1468 1351 1499 fleat
1376 1465 1569 1510 potentiam
1588 1476 1648 1498 seu
1669 1465 1795 1504 robur,
1822 1477 1881 1498 seu
1900 1465 2098 1499 efficaciam.
2153 1466 2260 1502 Reci-

1273 1518 1342 1551 tavi
1366 1516 1499 1560 puerile
1523 1516 1736 1559 exemplum,
1765 1523 1804 1549 ut
1829 1517 1941 1548 forma
1965 1515 2068 1549 citius
2093 1528 2262 1560 agnosca-

1274 1575 1342 1601 tur.
1371 1566 1502 1609 Magna
1521 1572 1569 1598 est
1585 1573 1700 1600 autem
1713 1567 1862 1600 varietas
1877 1565 2137 1609 ambiguorum,
2156 1571 2260 1605 etiam

1274 1619 1335 1652 ubi
1355 1624 1491 1651 tantum
1516 1617 1552 1648 in
1578 1628 1646 1650 una
1667 1629 1750 1650 voce
1767 1616 1977 1660 ambiguitas
1995 1624 2055 1651 est.
2099 1616 2180 1654 Atia
2198 1635 2261 1656 vo-

1275 1676 1399 1702 cantur
1414 1667 1602 1711 aequivoca
1619 1679 1636 1700 a
1656 1679 1754 1707 casu,
1779 1668 1812 1700 id
1831 1674 1879 1700 est
1893 1694 1900 1707 ,
1928 1668 2076 1702 fortuito
2094 1677 2173 1703 nata
2187 1699 2194 1712 ,
2223 1680 2263 1707 ut

1276 1719 1369 1752 idem
1392 1729 1520 1750 nomen
1547 1716 1663 1750 Fucus
1685 1717 1856 1760 significat
1881 1717 2068 1760 insectum,
2096 1727 2129 1754 et
2144 1734 2262 1757 cerus-

1276 1782 1359 1804 sam.
1417 1766 1496 1802 Atia
1520 1773 1692 1801 vocantur
1715 1780 1732 1800 a
1765 1768 1932 1807 consilio,
1968 1781 2058 1814 quae
2079 1779 2161 1807 sunt
2189 1782 2264 1809 arte

1276 1822 1365 1854 sacta
1402 1825 1545 1864 propter
1576 1819 1867 1860 similitudinem,
1903 1827 1943 1853 ut
1977 1819 2201 1866 metaphorae
2229 1833 2265 1860 et

1277 1872 1367 1905 aliae
1402 1871 1537 1903 vicinae
1571 1870 1721 1913 figurae,
1757 1877 1795 1905 ut
1825 1870 2010 1915 Sceptrum
2045 1884 2108 1915 pro
2143 1886 2264 1918 regno,

1278 1922 1402 1956 Fasces
1419 1933 1482 1966 pro
1500 1920 1659 1965 imperio.
1699 1921 1788 1955 Item
1805 1933 1907 1965 saepe
1923 1932 2032 1964 genus
2049 1923 2131 1957 facit
2147 1927 2262 1960 ambi-

1277 1973 1464 2017 guitatem,
1507 1971 1660 2016 positum
1690 1973 1764 2006 sine
1796 1972 2023 2005 distinctione
2055 1975 2266 2017 specierum,

1279 2024 1380 2058 Talia
1398 2029 1602 2067 argumenta
1620 2024 1740 2056 omnia
1759 2021 1824 2056 hoc
1840 2023 1943 2057 titulo
1959 2022 2265 2068 comprehendan-

1280 2083 1357 2115 tur,
1384 2074 1447 2108 ubi
1472 2074 1509 2106 in
1533 2085 1604 2106 uno
1632 2075 1803 2109 vocabulo
1827 2074 2036 2117 ambiguitas
2054 2082 2122 2115 est,
2149 2080 2264 2114 unde-

1280 2138 1418 2171 cunque
1435 2125 1560 2159 oritur.

1686 2214 1858 2255 Eoeempla.

1436 2277 1591 2311 Verbum
1611 2283 1660 2310 est
1681 2289 1745 2310 vox
1765 2289 1984 2318 evanescens,

1433 2328 1544 2362 Filius
1562 2326 1627 2361 Dei
1643 2334 1691 2361 est
1708 2329 1853 2361 verbum
1871 2330 2004 2363 aeterni
2022 2329 2146 2373 Patris,

1436 2378 1530 2423 Ergo
1549 2385 1598 2412 est
1617 2391 1681 2411 vox
1698 2391 1917 2415 evanescens,

1382 2439 1477 2482 Nego
1502 2439 1808 2483 consequentiam,
1837 2440 1917 2484 qnia
1943 2447 1992 2474 est
2010 2440 2264 2485 aequivocatio.

1281 2490 1438 2526 Verbum
1458 2490 1550 2523 enirn
1569 2502 1640 2522 non
1667 2490 1877 2533 intelligitur
1893 2492 1936 2524 de
1954 2502 2035 2523 voce
2052 2502 2263 2527 evanescen-

1280 2549 1331 2582 te,
1358 2553 1436 2575 cum
1453 2540 1566 2574 Filius
1584 2539 1649 2573 Dei
1669 2548 1812 2574 vocatur
1831 2542 1985 2575 verbnm.
2041 2541 2109 2575 Sed
2129 2543 2267 2577 intelli-

1280 2593 1373 2637 gitur
1387 2593 1429 2625 de
1447 2592 1598 2634 imagine
1616 2592 1782 2632 durabili,
1804 2603 1909 2636 quam
1926 2592 2135 2635 cogitatione
2150 2601 2263 2628 aeter-

1280 2655 1346 2677 nns
1364 2643 1469 2677 Pater
1484 2643 1615 2685 genuit,
1644 2655 1732 2687 quae
1749 2643 1862 2685 imago
1881 2654 2030 2686 persona
2046 2651 2114 2682 est,
2141 2651 2180 2679 ut
2196 2658 2261 2679 suo

1280 2696 1356 2729 loco
1373 2694 1547 2739 copiosius
1564 2693 1751 2727 dicendum
1769 2698 1829 2726 est.

2358 2843 2373 2948 m„
