2379 2948
204 128 270 161 131

202 262 294 293 iuter
313 259 450 298 leones,
478 264 508 289 et
533 262 724 299 martyrum
751 252 787 283 in
812 251 986 284 similibus
1012 249 1178 293 exemplis

203 308 439 344 confessionis.
490 305 578 338 Nam
605 305 682 336 ideo
709 301 840 344 colligit
865 300 958 334 Deus
976 299 1179 338 Ecclesiam,

204 367 241 393 ut
258 359 384 392 sanatis
401 356 531 389 morbis
547 353 691 392 nostris,
719 358 750 385 et
768 351 925 385 restituta
943 351 1013 384 vita
1030 356 1180 388 aeterna,

206 408 436 443 communicet
453 405 554 437 nobis
578 414 668 441 sese,
695 414 791 435 suam
812 402 941 441 lucem,
966 400 1182 444 sapientiam,

207 467 238 493 et
263 459 407 490 virtutes
431 466 509 487 suas
541 454 578 486 in
608 453 705 486 0111111
729 452 943 485 aeternitate.
1002 449 1049 483 Et
1077 447 1182 482 liuius

207 509 294 541 lucis
311 514 343 539 ct
362 504 486 538 harum
503 504 673 537 virtutum
697 502 796 535 initia
822 502 856 533 in
880 499 943 533 bac
967 501 1035 533 vita
1061 510 1183 531 accen-

208 560 258 590 dit
280 558 315 588 in
334 556 455 595 nobis,
481 555 553 598 ipse
572 551 733 586 babitans
756 552 791 583 in
816 551 1015 594 pectoribus
1044 548 1183 581 nostris,

205 606 250 641 Et
266 607 406 651 quidem
422 604 605 649 praecipit,
632 610 669 636 ut
692 609 847 645 petamus
872 612 935 633 nos
958 600 1001 632 ab
1025 600 1099 642 ipso
1122 609 1185 640 gu-

205 657 357 695 bernari,
384 662 422 688 ut
439 667 517 687 vera
535 655 655 693 virtus,
681 664 740 685 seu
757 650 840 683 haec
855 649 1070 692 gubernatio,
1097 659 1185 692 quae
1212 675 1214 681 s

207 714 256 740 est
283 705 511 739 consonantia
528 702 612 742 Dei,
645 702 771 734 mentis
791 708 948 739 nostrae,
982 698 1187 740 voluntatis,

207 757 322 790 cordis
356 763 388 788 et
430 761 653 788 externorum
692 751 930 783 membrorum
972 749 1187 782 restituatur.

208 806 260 840 De
281 804 343 838 hac
368 804 583 848 repressione
602 803 800 835 adfectuum
823 799 1006 844 praecipue
1030 798 1189 843 loquitur

208 856 329 889 concio
351 856 385 887 in
406 854 550 887 Genesi:
587 852 660 886 Sub
686 859 718 884 te
743 852 785 884 sit
809 850 976 893 adpetitio
995 856 1072 889 tua,
1100 855 1133 881 et
1152 855 1189 880 tu

209 905 399 939 domineris
417 905 499 936 eius.
554 902 648 935 Haec
663 902 820 934 doctrina
837 900 921 932 alibi
939 900 1114 943 copiosius
1132 909 1189 930 ex-

208 956 365 999 ponitur.
415 953 483 988 Sed
503 965 580 986 cum
598 953 639 985 de
655 951 847 984 adfectibus
871 948 938 982 hoc
961 950 1037 982 loco
1055 949 1189 982 dicere-

209 1013 284 1045 tur,
311 1004 443 1049 aliquid
463 1004 565 1036 etiam
583 1003 624 1035 de
643 1002 789 1034 diversis
809 1000 944 1040 modis,
971 1000 1099 1043 quibus
1120 999 1191 1030 fre-

210 1062 359 1095 nantur,
387 1054 574 1086 dicendum
594 1052 670 1085 fuit.

310 1121 412 1154 'Nunc
428 1121 554 1153 addam
571 1120 691 1151 breves
707 1124 738 1150 et
754 1117 951 1160 perspicuas
968 1115 1193 1148 refutationes

211 1172 421 1205 Stoicorum.
477 1169 562 1202 'Nam
585 1175 617 1201 et
640 1166 703 1200 hac
724 1166 1059 1199 commonefactione
1076 1165 1194 1198 iunio-

212 1223 310 1254 ribus
326 1232 413 1264 opus
430 1226 496 1259 est,
524 1218 725 1262 praesertim
744 1217 780 1248 in
796 1214 950 1249 Ecclesia
962 1242 970 1256 ,
995 1227 1037 1247 ne
1059 1222 1193 1259 putent,

215 1282 405 1314 congruere
435 1270 540 1302 stoica
564 1270 724 1311 dogmata
752 1279 830 1299 cum
854 1264 1066 1308 Evangelio,
1107 1265 1195 1298 sicut

212 1322 313 1354 inulti
329 1320 559 1354 somniarunt.

244 1432 310 1470 Qui
338 1432 425 1462 sunt
453 1436 592 1461 errores
620 1428 829 1460 Stoicorum
859 1422 905 1457 de
930 1420 1169 1467 adfectibus?

320 1502 502 1545 Praecipui
533 1511 668 1533 errores
700 1499 897 1533 Stoicorum
931 1499 974 1531 de
1005 1497 1197 1530 adfectibus

219 1562 287 1588 tres
308 1561 401 1586 sunt.

318 1611 470 1644 Primus.

221 1662 354 1694 niones.

525 1609 630 1651 Quod
655 1607 840 1640 adfirmant
863 1607 1015 1639 adfectus
1033 1617 1103 1639 esse
1121 1605 1197 1649 opi-

322 1719 513 1754 Secundus.
549 1716 652 1759 Quod
674 1717 772 1750 aiunt
788 1723 909 1747 omnes
925 1725 987 1746 suo
1005 1724 1129 1756 genere
1147 1713 1197 1745 vi-

223 1770 332 1803 ciosos
352 1781 433 1803 esse.

325 1827 477 1862 Tei-tius.
517 1825 621 1868 Quod
637 1824 737 1858 aiunt
754 1833 873 1856 omnes
888 1834 927 1854 ex
946 1826 1069 1854 natura
1084 1819 1202 1854 homi-

225 1889 309 1909 num
328 1878 501 1910 tollendos
517 1887 599 1910 esse.

327 1934 505 1973 Primum,
532 1932 699 1965 Adfectus
714 1942 784 1963 non
804 1940 875 1961 esse
892 1928 1096 1972 opiniones,
1127 1939 1202 1959 ma-

227 1986 352 2018 nifesta
366 1983 614 2017 demonstratio
633 1988 692 2013 est.
732 1980 831 2021 Quae
847 1978 1008 2011 subiectis
1024 1977 1203 2015 differunt,

438 118 643 157 SCRIPTA
670 119 745 154 PII.
772 117 887 152 MEL.
912 114 978 150 AD
1005 113 1131 150 HIST.
1160 110 1305 148 PROF.
1331 107 1397 144 ET
1424 106 1615 144 PHILOS.
1642 107 1959 146 SPECTANTIA.

202 209 303 242 nielis
321 207 503 241 retinentis
518 205 624 239 animi
641 202 868 237 constantiam
886 207 920 234 et
936 199 1176 233 celsitudinem
1201 198 1206 248 1

1214 828 1217 881 i,
1241 855 1319 886 erga
1338 843 1506 876 sobolem.

1215 946 1218 953 ι

228 2036 384 2067 diversae
400 2045 453 2066 res
470 2039 561 2066 sunt.
596 2029 731 2073 Opinio
748 2036 796 2062 est
813 2029 849 2060 in
868 2028 1021 2065 cerebro,
1049 2027 1203 2059 adfectus
1229 2038 1231 2041 ’

233 2087 268 2117 111
288 2085 400 2118 corde.
435 2082 483 2117 Ut
505 2093 621 2121 amor,
651 2080 720 2119 ira,
746 2079 866 2111 odium
884 2084 916 2110 et
933 2076 1062 2109 similes
1080 2083 1204 2116 motus,

229 2147 316 2178 quos
333 2146 435 2177 supra
453 2133 490 2165 in
506 2132 610 2166 corde
625 2128 883 2163 collocavimus.
925 2129 1017 2160 Sunt
1033 2126 1137 2168 igitur
1152 2138 1205 2158 res

230 2186 395 2218 diversae.

331 2243 368 2276 Si
385 2241 445 2287 qui
462 2252 544 2273 vero
562 2239 802 2277 somniarunt,
822 2236 947 2269 famem
967 2242 999 2268 et
1017 2235 1109 2268 sitim
1133 2246 1204 2267 esse

233 2293 426 2337 opiniones,
449 2302 589 2335 prorsus
607 2288 693 2322 satui
710 2288 864 2326 fuerunt,
887 2298 964 2319 cum
984 2285 1204 2317 manifestum

234 2345 297 2382 sit,
337 2344 462 2375 famem
489 2349 520 2374 et
544 2341 636 2373 sitim
663 2338 736 2371 fieri
760 2337 917 2369 suctione
940 2347 1125 2374 venarum,
1167 2342 1205 2368 ut

234 2405 336 2436 supra
359 2393 518 2425 diximus.
571 2389 615 2423 Et
633 2388 803 2422 divinitus
826 2384 890 2419 hae
915 2386 1147 2429 adpetitiones
1167 2385 1204 2416 in

232 2443 396 2475 omnibus
410 2441 645 2474 animantibus
663 2439 842 2471 ordinatae
859 2443 955 2476 sunt,
981 2443 1020 2468 ut
1036 2441 1205 2479 quaerant
1230 2436 1232 2467 3
1256 2440 1310 2472 nis
1327 2440 1429 2473 mfllg„

232 2494 366 2529 cibum,
394 2499 425 2524 et
444 2497 535 2523 certo
547 2491 650 2522 modo
670 2490 819 2522 alantur.

332 2549 511 2582 Praeterea
532 2548 667 2579 dolores
689 2546 809 2578 sentiri
834 2546 871 2577 in
892 2543 1102 2576 laceratione
1122 2553 1204 2574 ner-
1229 2537 1230 2542 ¹

230 2612 353 2633 vorum
371 2599 592 2631 manifestum
612 2603 670 2636 est,
686 2596 765 2639 quia
783 2596 831 2628 sic
847 2601 927 2627 sunt
944 2593 1076 2626 conditi
1094 2591 1203 2631 nervi,
1226 2592 1230 2639 f
1255 2599 1335 2624 runt
1348 2617 1355 2626 ,
1391 2597 1422 2622 et
1441 2588 1541 2621 multi
1561 2587 1722 2622 infatuati
1746 2586 1861 2620 stoicis
1878 2586 2116 2619 deliramentis
2132 2586 2229 2618 simi-

229 2658 265 2684 ut
286 2651 356 2683 sint
378 2650 609 2681 instrumenta
633 2657 752 2678 sensus
778 2652 809 2678 et
833 2651 965 2684 motus,
993 2651 1025 2677 et
1046 2644 1134 2676 bene
1157 2641 1202 2675 sit
1226 2647 1229 2674 Ι
1254 2641 1298 2672 lia
1319 2641 1451 2672 dicunt.

2131 113 2204 145 132

1231 196 1299 237 eis,
1332 207 1411 229 cum
1440 194 1640 238 percipiunt
1669 194 1841 227 motiones
1870 196 2137 240 convenientes,
2176 203 2208 229 et

1231 246 1430 279 crucientur
1445 257 1483 277 ac
1500 246 1724 277 destruantur
1741 244 1777 276 in
1795 244 2015 281 laceratione.

1331 295 1426 328 Haec
1443 294 1561 327 omnia
1577 300 1669 327 certo
1685 294 1831 326 consilio
1852 294 1901 326 sic
1918 296 2078 329 ordinata
2093 303 2174 329 sunt
2192 307 2211 328 a

1233 345 1426 379 conditore.
1463 344 1575 377 Dolor
1591 344 1696 387 igitur
1714 344 1844 388 ubique
1862 344 1898 376 in
1917 345 2034 377 nervis
2051 346 2107 385 fit,
2134 358 2212 379 cum

1234 394 1370 428 obiecto
1388 395 1563 427 contrario
1580 400 1785 436 tanguntur.
1837 393 1918 427 Non
1937 401 1986 427 est
2005 395 2112 437 igitur
2135 397 2214 438 opi-

1235 445 1294 477 nio
1312 445 1348 476 in
1367 450 1482 476 mente
1499 450 1558 477 aut
1576 445 1729 478 cerebro.
1782 443 1901 486 Quare
1921 456 1993 477 non
2016 445 2094 476 ideo
2113 444 2215 477 Posi-

1236 494 1362 527 donius
1379 494 1507 527 stoicus
1525 494 1562 525 in
1579 494 1703 526 morbo
1723 494 1951 527 articulorum
1972 507 2043 527 non
2062 495 2215 534 dolebat,

1237 544 1318 588 quia
1344 555 1542 586 repugnans
1572 543 1758 577 clamabat:
1813 542 1847 577 O
1881 545 1983 577 dolor
2012 543 2103 577 nihil
2133 546 2216 587 agis.

1237 593 1426 626 Fatebatur
1452 594 1565 633 enim,
1599 604 1634 625 se
1657 593 1829 626 cruciatus
1850 595 1990 627 sentire.

1339 642 1520 675 Postremo
1545 649 1578 675 et
1601 639 1668 674 hoc
1691 651 1935 685 argumentum
1956 645 2128 684 ostendit,
2155 646 2218 677 ad-

1239 694 1347 726 sectus
1363 704 1435 725 non
1453 703 1532 734 „esse
1559 691 1761 735 opiniones,
1795 693 1874 738 quia
1898 695 2040 738 quidam
2066 695 2220 728 adfectus

1239 755 1300 776 seu
1323 742 1570 776 inclinationes
1593 748 1718 774 natura
1741 742 1862 776 insunt
1883 745 2121 777 animantibus
2145 745 2220 776 sine

1241 793 1512 833 deliberatione,
1537 799 1575 825 ut
1601 789 1753 838 στοργαὶ
1777 791 1930 838 φυσικαὶ
1954 795 1991 826 in
2017 794 2221 838 parentibus

1558 842 1788 886 Explodenda
1807 851 1888 878 sunt
1904 844 2010 887 igitur
2021 844 2220 877 Stoicorum

1243 894 1471 926 deliramenta
1489 893 1525 924 in
1543 890 1608 925 hac
1623 892 1837 936 quaestione.

1345 942 1413 976 Sed
1435 943 1608 975 obiiciunt
1632 941 1740 975 Stoici
1766 940 1832 975 hoc
1856 949 2110 986 argumentum.

1245 1005 1322 1026 cero
1348 993 1511 1036 expulsus
1535 1005 1574 1025 ex
1597 992 1707 1035 patria
1741 993 1841 1025 valde
1872 993 1977 1028 dolet.
2039 992 2224 1032 Aristides,

1244 1042 1414 1076 Camillus
1431 1054 1502 1075 non
1521 1043 1652 1076 dolent.
1704 1040 1768 1075 Est
1783 1043 1890 1085 igitur
1905 1043 2006 1076 dolor
2022 1043 2154 1086 opinio.

1346 1091 1532 1136 Perspicua
1551 1099 1584 1125 et
1604 1104 1682 1124 vera
1701 1093 1881 1136 responsio
1897 1100 1958 1126 est.
2011 1093 2091 1126 Non
2108 1092 2225 1137 sequi-

1247 1150 1303 1176 tur
1324 1142 1426 1182 inde,
1461 1143 1618 1175 dolorem
1641 1153 1712 1174 esse
1733 1143 1956 1186 opinionem,
1991 1143 2073 1186 quia
2096 1143 2131 1175 in
2159 1142 2226 1175 alia

1247 1199 1344 1236 parte
1371 1190 1518 1225 humani
1544 1192 1700 1234 corporis
1723 1193 1825 1225 dolor
1849 1199 1916 1232 est,
1955 1193 1992 1224 in
2026 1193 2093 1224 alia
2132 1199 2225 1235 parte

1248 1243 1381 1286 opinio.
1434 1242 1501 1276 Sed
1522 1240 1587 1274 hoc
1603 1241 1777 1285 sequitur,
1802 1242 1934 1275 obiecta
1951 1252 2012 1274 seu
2028 1253 2146 1274 causas
2162 1243 2227 1274 do-

1248 1293 1331 1325 loris
1353 1292 1506 1327 differre.
1566 1291 1663 1323 Alias
1689 1303 1749 1324 cor
1773 1292 1865 1324 veris
1889 1291 2033 1324 obiectis
2056 1297 2227 1329 movetur,

1248 1343 1332 1375 alias
1354 1343 1460 1377 falsis.
1513 1341 1624 1375 Solon
1651 1347 1776 1382 putans
1802 1340 1913 1373 filium
1939 1347 2115 1374 mortuum
2143 1353 2226 1378 esse,

1249 1393 1362 1431 dolet,
1405 1392 1485 1434 quia
1509 1390 1683 1422 obiectum
1708 1390 1805 1422 triste
1829 1391 2042 1431 ostenditur,
2091 1391 2226 1423 etiamsi

1248 1442 1335 1474 falso
1361 1440 1578 1484 propositum
1607 1446 1666 1472 est.
1731 1438 1852 1472 Cicero
1883 1440 2030 1479 iudicat,
2063 1451 2227 1483 magnum

1249 1491 1380 1524 malum
1397 1502 1468 1522 esse
1487 1501 1602 1522 carere
1619 1489 1820 1532 splendore,
1851 1489 1888 1522 in
1913 1502 1981 1534 quo
2006 1489 2094 1523 vixit
2117 1497 2228 1524 antea.

1250 1541 1317 1575 Sed
1330 1539 1502 1573 Aristides
1517 1547 1550 1573 et
1560 1538 1729 1572 Camillus
1745 1538 1901 1572 iudicant
1917 1540 2139 1572 serviendum
2159 1551 2231 1572 esse

1250 1590 1398 1635 patriae,
1432 1602 1504 1623 non
1530 1589 1639 1622 fucosi
1666 1589 1863 1631 splendoris
1884 1601 2002 1629 causa,
2031 1591 2089 1623 sed
2118 1591 2229 1623 donec

1250 1647 1397 1684 possunt
1415 1646 1555 1683 propter
1570 1639 1692 1682 populi
1715 1639 1912 1674 utilitatem.
1966 1639 2011 1672 Ut
2036 1639 2064 1672 si
2091 1640 2169 1684 quis
2191 1640 2229 1672 in

1252 1690 1333 1723 navi
1357 1701 1471 1722 remos
1493 1689 1616 1732 agitet,
1645 1700 1723 1720 cum
1746 1700 1828 1721 vero
1850 1697 2093 1728 removentur,
2120 1690 2154 1722 id
2173 1690 2228 1722 in-

1251 1739 1435 1774 tervallum
1452 1751 1511 1772 seu
1531 1738 1682 1782 quietem
1695 1764 1703 1777 ,
1728 1750 1800 1770 non
1817 1750 1888 1771 esse
1907 1750 1978 1771 rem
1995 1739 2122 1771 malam
2138 1739 2230 1772 iudi-

1253 1796 1341 1823 cant.
1417 1788 1498 1822 Non
1521 1795 1601 1821 sunt
1627 1788 1734 1830 igitur
1755 1788 1889 1829 tristes,
1940 1789 2020 1833 quia
2043 1790 2231 1827 obiectum,

1253 1840 1347 1885 quod
1366 1839 1432 1871 sibi
1458 1844 1679 1883 proponunt,
1712 1849 1787 1870 non
1811 1845 1861 1871 est
1883 1849 1937 1871 res
1959 1839 2067 1878 mala,
2101 1839 2231 1871 scilicet

1254 1889 1388 1922 vacatio
1404 1889 1463 1921 illa
1479 1896 1509 1922 et
1529 1888 1644 1932 quies,
1671 1894 1709 1920 ut
1725 1888 1752 1919 si
1776 1899 1794 1920 a
1819 1888 1924 1920 remis
1944 1888 2083 1921 liberati
2108 1896 2231 1921 essent.

1256 1940 1353 1973 Sicut
1383 1936 1574 1971 Aeschines
1605 1938 1642 1969 in
1672 1936 1775 1969 exilio
1806 1938 1961 1978 dicebat,
2003 1949 2037 1970 se
2069 1939 2233 1982 gaudere,

1255 1991 1440 2023 liberatum
1459 2000 1493 2021 se
1510 1999 1582 2020 esse
1596 1999 1614 2020 a
1631 1987 1901 2029 gubernatione,
1933 1988 2029 2021 velut
2051 2000 2068 2021 a
2095 1988 2231 2021 rabiosa

1257 2051 1351 2074 cane.
1417 2037 1469 2071 Ex
1492 2036 1547 2070 his
1572 2037 1737 2080 exemplis
1760 2037 1826 2070 alia
1853 2038 1962 2071 multa
1982 2038 2129 2071 iudicari
2153 2050 2231 2081 pos-

1257 2096 1346 2123 sunt.
1399 2089 1450 2120 Ac
1472 2087 1619 2120 ridicule
1635 2086 1744 2120 Stoici
1766 2094 2063 2130 argumentantur.
2113 2085 2231 2120 Etiam

1257 2141 1284 2172 si
1301 2139 1490 2183 aliquando
1506 2138 1601 2170 falsis
1617 2137 1844 2181 opinionibus
1861 2144 2022 2170 movetur
2039 2138 2154 2177 dolor,
2181 2145 2233 2170 ta-

1258 2201 1336 2223 men
1355 2200 1427 2221 non
1451 2199 1584 2231 semper
1608 2188 1643 2220 id
1667 2187 1716 2220 fit.
1775 2187 1841 2221 Sed
1869 2198 1968 2230 saepe
1991 2198 2092 2220 verae
2112 2199 2232 2221 causae

1258 2245 1517 2278 monstrantur,
1544 2245 1583 2271 ut
1599 2250 1676 2271 cum
1697 2237 1802 2270 nimis
1819 2236 1908 2269 veris
1924 2237 2034 2269 causis
2051 2237 2144 2271 dolet
2159 2236 2232 2271 Da-

1258 2291 1315 2321 vid
1328 2317 1336 2329 ,
1364 2290 1519 2331 cogitans
1535 2300 1650 2321 veram
1663 2287 1727 2321 Dei
1743 2288 1829 2319 iram
1846 2287 2010 2319 adversus
2026 2287 2173 2330 lapsum,
2199 2295 2231 2321 et

1258 2350 1403 2373 cernens
1423 2349 1569 2382 poenas,
1596 2339 1749 2370 furorem
1766 2336 1842 2379 filii,
1870 2338 1988 2370 caedes
2005 2337 2152 2375 civium,
2175 2338 2229 2370 in-

1257 2396 1363 2423 cestas
1381 2388 1692 2422 contaminationes
1711 2385 1917 2429 coniugum,
1945 2393 1978 2420 et
1999 2386 2065 2419 alia
2089 2387 2231 2420 seditio-

2162 941 2223 975 Ci-

1357 2489 1459 2522 Nnnc
1483 2489 1526 2521 de
1550 2488 1656 2521 altera
1681 2487 1884 2530 quaestione
1903 2487 2026 2519 dicam.
2079 2486 2134 2518 An
2159 2487 2229 2520 sint

1255 2552 1375 2573 omnes
1391 2540 1543 2572 adfectus
1560 2549 1623 2570 suo
1640 2548 1764 2580 genere
1780 2537 1917 2577 viciosi,
1945 2542 1983 2569 ut
1993 2535 2101 2569 Stoici
2119 2536 2230 2569 finxe-
