2379 2948
67 123 117 158 89
794 118 840 155 Il.
893 116 1044 154 LIBER
1070 116 1139 153 DE
1167 117 1342 154 ANlMA.
2036 120 2084 154 90

65 207 231 246 lustrior,
259 213 292 241 et
315 207 478 241 adsensio
503 205 658 246 firmior,
693 211 727 239 et
751 210 869 238 motus
897 203 969 237 sint
994 214 1053 236 ar-
1207 202 1392 245 Quaerunt
1424 205 1505 246 alii,
1539 206 1716 250 quomodo
1748 202 1834 238 haec
1858 205 1901 237 ad
1929 205 2083 238 medico-

67 258 247 292 dentiores
266 269 345 301 erga
362 257 489 291 Deum.
1105 265 1183 285 rum
1219 253 1506 287 distributionem
1539 256 1795 289 accommodari
1828 255 1979 300 possint,
2021 256 2082 300 qui

169 315 324 350 Ecomra
356 316 419 350 ubi
449 314 582 348 diaboli
620 320 795 358 occupant
826 314 948 354 corda,
989 324 1052 347 suo
1106 303 1278 347 potentias
1295 310 1363 336 tres
1389 313 1592 338 numerant:
1642 307 1857 345 naturalem,
1885 306 2084 345 animalem,

67 368 200 401 adflatu
219 368 362 401 [urbam
377 365 521 410 spiritus
538 364 576 397 in
596 365 699 398 corde
717 364 798 398 etin
815 365 968 405 cerebro,
985 364 1053 396 im„
1104 361 1138 387 et
1163 354 1317 388 vitalem.
1378 352 1418 386 Iu
1445 352 1505 387 has
1531 356 1710 391 distribuit
1734 364 1886 390 coeteras
1910 357 2083 401 potentias

66 419 213 463 Pedium
230 417 376 457 iudicia,
399 422 433 449 et
448 415 652 449 manifestos
670 416 806 449 furores
822 415 989 453 efficiunt,
1018 421 1052 448 et
1105 404 1264 438 Galenus
1285 405 1321 436 in
1339 404 1430 437 libro
1451 405 1493 437 de
1509 406 1619 461 causis
1635 408 1853 443 morborum.
1905 407 2085 441 Naturalis

67 469 257 513 impellunt
273 468 376 500 corda
394 472 427 499 et
446 465 514 498 alia
541 468 699 500 membra
723 467 767 499 ad
789 466 1051 499 crudelissimos
1104 457 1224 489 eadem
1244 462 1314 495 ‘³⁵1’
1341 467 1431 500 quae
1446 462 1651 488 n0m¹¹¹²¹ffl¹⁸
1669 459 1869 498 γ(ἔὲθῑῆῐῖνέὶ-
1909 458 2084 491 ΑΠῙῐΠδῙίΒ

66 526 202 559 motus,
235 523 292 556 ut,
325 515 452 550 Medea
492 517 657 551 interficit
690 524 811 558 natos,
846 515 951 550 ludas
981 516 1049 550 sibi

65 570 132 614 ipsi
151 567 335 603 consciscit
360 574 523 601 mortem.

1104 503 1371 551 comprehendit
1396 517 1518 538 sensus
1541 506 1729 540 exteriores
1757 515 1789 540 et
1818 509 2023 548 interiores,
2050 515 2084 542 et

1103 557 1181 591 loco
1205 557 1389 591 motivam.
1443 555 1571 589 Vitatis
1597 564 1647 590 est
1674 558 1830 600 potentia
1850 560 1965 592 cordis
1990 558 2083 591 vivi-

1102 609 1206 642 ficum
1225 609 1376 641 calorem
1388 614 1421 640 et
1438 607 1581 651 spiritus
1599 608 1828 652 suppeditans
1846 610 2000 649 coeteris,
2022 609 2084 654 qui

1103 666 1133 692 et
1150 660 1270 693 fovent
1287 660 1401 693 calore
1421 659 1506 691 alias
1527 666 1660 702 partes,
1688 665 1720 691 et
1744 658 1833 691 fiunt
1852 658 2084 692 instrumenta

163 634 388 679 Aspiciamus
405 634 514 678 igitur
530 641 695 668 naturam
713 641 871 669 nostram
884 661 892 675 ‚
915 640 949 668 et
966 634 1049 666 dili-
1071 448 1079 721 Ι

1101 711 1293 746 actionum.
1345 708 1409 743 Est
1427 717 1460 742 et
1477 722 1536 742 cor
1553 711 1650 742 sedes
1667 709 1868 742 adfectuum
1881 735 1889 749 ‚
1917 710 1977 753 qui
2003 721 2084 753 pro-

66 691 186 730 genter
202 697 276 718 eam
298 697 480 729 regamus,
508 693 541 719 et
568 686 735 726 sciamus,
760 693 922 730 oportere
945 685 1050 728 spiri-

65 744 121 770 tus
154 744 292 770 nostros
320 748 392 769 esse
419 736 640 770 domicilium
664 736 819 780 Spiritus
852 736 982 776 sancti,
1016 742 1050 769 et

64 798 206 820 oremus
226 787 337 820 filium
367 785 454 826 Dei,
481 794 521 821 ut
540 787 614 831 ipse
642 788 794 831 depellat
810 800 828 821 a
846 788 949 819 nobis
973 786 1049 819 dia-

64 838 181 878 bolos,
209 844 243 870 et
269 838 432 881 spiritum
466 838 630 871 divinum
661 838 697 870 in
729 847 869 872 nostros
902 837 1047 882 spiritus

62 889 298 924 transfundat.

1101 761 1176 805 prie
1191 761 1239 795 sic
1257 761 1505 801 nominantur,
1533 768 1571 794 ut
1587 760 1745 802 suoloco
1765 759 1934 794 dicemus.

1202 829 1271 863 Sed
1305 839 1604 872 supervacaneum
1638 835 1689 861 est
1722 828 1868 861 recitare
1898 826 2087 861 dissimiles

1101 880 1404 919 enumerationes,
1445 879 1650 923 praesertim
1678 891 1759 912 cum
1791 879 1895 911 rebus
1929 877 2088 921 cognitis,

1102 944 1173 964 non
1193 931 1335 964 difficile
1354 930 1398 963 sit
1416 930 1590 970 iudicare,
1616 942 1704 975 quae
1727 929 1980 973 adpellationes
2007 939 2086 961 curn

1101 983 1229 1027 quibus
1257 987 1473 1025 congruant,
1507 988 1540 1014 et
1569 992 1658 1026 quae
1672 980 1802 1025 species
1825 979 1956 1014 alicubi
1980 978 2088 1012 omis-

317 999 377 1033 De
407 1001 587 1043 potentiis
610 1000 781 1034 Animae.
1200 1033 1206 1039 ,

1101 1045 1156 1066 sae
1180 1040 1262 1068 sint.

163 1071 395 1107 Ostendimus
422 1081 603 1120 utcunque
626 1075 780 1119 picturas
805 1075 1046 1108 membrorum

62 1125 219 1169 corporis
237 1123 395 1160 humaui.
447 1124 537 1158 Cum
556 1125 648 1158 enim
674 1137 812 1159 necesse
835 1126 879 1159 sit
896 1126 1047 1159 discerni

61 1176 216 1209 actiones
232 1175 370 1209 animae
398 1182 432 1209 et
458 1176 636 1209 actionum
652 1177 779 1217 fontes,
805 1177 967 1210 videlicet
984 1189 1047 1221 po-

63 1226 207 1266 tentias,
237 1233 270 1258 et
288 1226 376 1258 aliae
393 1226 464 1259 sint
486 1228 583 1259 sedes
609 1233 641 1259 et
664 1239 794 1270 organa
812 1228 958 1260 aliarum
984 1239 1045 1270 po-

62 1277 255 1310 tentiarum
278 1276 316 1307 in
341 1288 505 1319 corpore,
532 1277 639 1310 simul
665 1289 802 1311 necesse
824 1285 874 1311 est
890 1278 1046 1310 membra

62 1326 220 1370 corporis
241 1325 369 1369 aspici,
406 1331 446 1359 ut
479 1328 577 1358 sedes
601 1328 852 1368 cogitationum
877 1335 928 1362 est
951 1340 1047 1361 cere-

61 1378 184 1417 brum,
218 1376 316 1409 sedes
340 1376 539 1409 adfectuum
566 1388 635 1411 cor.
703 1375 842 1410 Deinde
872 1379 943 1410 alia
964 1385 1047 1411 sunt

59 1427 294 1461 instrumenta
313 1426 557 1471 praeparantia
585 1433 618 1460 et
634 1428 822 1473 coquentia
844 1428 1046 1461 nutrimen—

59 1485 152 1519 tum,
186 1478 253 1510 alia
283 1477 440 1520 regentia
471 1484 608 1511 motum
633 1478 789 1513 localem.
856 1478 902 1513 Ut
927 1486 1044 1512 autem

60 1526 146 1562 baec
162 1528 310 1561 varietas
333 1528 454 1573 aliquo
477 1529 584 1562 modo
610 1529 848 1572 intelligatur,
883 1530 1046 1563 conside-

60 1580 171 1613 randa
193 1585 243 1612 est
259 1579 443 1613 fabricatio
461 1579 638 1623 corporis,
662 1579 698 1612 in
715 1592 785 1625 quo
806 1580 884 1613 ideo
905 1581 1044 1613 diversa

60 1631 218 1663 membra
233 1630 376 1664 condita
392 1637 494 1670 sunt,
522 1637 560 1664 ut
575 1630 646 1663 sint
668 1630 902 1664 instrumenta
926 1631 1046 1664 diver-

61 1693 177 1715 sarum
196 1681 386 1715 actionum.
440 1679 585 1714 Utinam
602 1693 684 1714 vero
710 1681 814 1715 etiam
840 1682 1046 1725 aspicientes

60 1738 170 1765 artem
186 1731 223 1764 in
241 1729 306 1764 hac
322 1731 484 1764 miranda
499 1731 731 1765 fabricatione
757 1739 791 1766 et
816 1733 908 1775 ipsas
934 1732 1045 1765 actio-

62 1794 124 1816 nes
152 1780 360 1822 hominum‚
386 1781 519 1814 scilicet
548 1781 716 1823 noticias,
743 1782 1047 1823 diiudicationem‚

61 1832 368 1867 ratiocinationem
393 1838 425 1865 et
449 1831 673 1873 electionem,
700 1844 928 1876 agnoscamus
954 1830 1046 1866 hanc

59 1895 177 1917 rerum
202 1890 366 1916 naturam
390 1894 464 1915 non
487 1894 569 1916 casu
595 1895 635 1916 ex
667 1884 792 1917 atomis
824 1883 1046 1924 confluxisse,

60 1935 122 1968 sed
146 1941 301 1968 mentem
330 1940 509 1967 aeternam
535 1934 727 1967 immensae
758 1935 956 1979 potentiae,
992 1945 1047 1967 sa-

60 1985 212 2030 pientiae
247 1990 281 2018 et
312 1984 482 2018 bonitatis
516 1982 813 2018 architectaricem
840 1997 931 2025 esse,
958 1997 1046 2030 quae

60 2036 139 2069 ideo
164 2035 324 2069 condidit
347 2034 548 2074 hominem,
576 2036 662 2069 etin
682 2048 761 2069 eum
785 2036 975 2071 transfudit
990 2048 1046 2068 ra-

60 2087 137 2120 dios
161 2098 243 2120 suae
275 2087 380 2126 tucis,
418 2093 456 2119 ut
482 2098 561 2119 eum
585 2098 815 2130 agnoscamus
840 2094 872 2120 et
896 2087 928 2120 ei
962 2087 1046 2119 obe-

59 2137 214 2178 diamus,
257 2144 289 2170 et
325 2137 597 2170 similitudinem
631 2138 830 2172 divinitatis
870 2138 907 2170 in
943 2137 1047 2171 nobis

1399 1131 1452 1155 DE
1490 1129 1789 1155 VEGETATlVA.

1203 1192 1288 1226 Tria
1306 1199 1387 1226 sunt
1414 1192 1527 1225 officia
1552 1192 1767 1234 vegetativae
1790 1191 1984 1236 potentiae:
2019 1201 2083 1222 nua

1100 1244 1204 1283 trire,
1231 1255 1376 1286 augere,
1404 1250 1434 1276 et
1452 1243 1606 1287 gignere.
1659 1239 1760 1275 Nihil
1778 1254 1953 1287 repugno,
1979 1240 2086 1285 siqui

1100 1294 1331 1336 vegetativam
1348 1294 1470 1338 partiri
1489 1293 1617 1326 volunt
1642 1293 1677 1325 in
1703 1300 1773 1325 tres
1797 1293 1988 1338 potentias:
2017 1303 2086 1324 nu-

1100 1346 1278 1383 tritivam,
1313 1351 1519 1387 augentem,
1550 1349 1582 1376 et
1607 1343 1856 1385 generativam.
1908 1343 1967 1377 Sic
1991 1342 2086 1374 enim

1099 1395 1211 1440 aliqui
1228 1395 1438 1439 loquuntur.

1392 1494 1491 1536 Quid
1524 1499 1580 1529 est
1612 1491 1808 1528 Νιιίνίτὶο.9

1201 1571 1358 1605 Nutritio
1369 1579 1420 1605 est
1438 1570 1621 1605 conversio
1639 1569 1846 1603 nutrimenti
1866 1569 1901 1601 in
1923 1569 2086 1602 substan-

1099 1623 1182 1656 tiam
1201 1623 1359 1664 animati‚
1386 1624 1475 1656 sacta
1486 1623 1520 1654 vi
1541 1622 1667 1654 caloris
1685 1620 1867 1661 naturalis,
1895 1627 1934 1654 ut
1952 1620 2088 1653 instau-

1099 1674 1188 1707 ratio
1206 1674 1263 1706 fiat
1282 1673 1319 1706 in
1336 1686 1395 1714 eo,
1425 1674 1518 1718 quod
1536 1672 1675 1706 absumi
1699 1677 1871 1716 coeperat.

1225 1790 1326 1830 Quae
1353 1792 1441 1823 sunt
1469 1798 1613 1834 organa
1641 1789 1681 1821 in
1709 1783 1964 1821 animalibus?

1201 1863 1417 1897 Nutritionis
1450 1873 1579 1906 organa
1614 1868 1788 1895 vocantur
1821 1861 1979 1894 membra
2006 1872 2088 1904 pro-

1101 1914 1175 1958 prie
1198 1915 1371 1948 destinata
1395 1915 1438 1947 ad
1473 1913 1741 1958 accipiendum,
1776 1913 2087 1946 transmutandum

1101 1973 1132 1998 et
1170 1963 1470 1998 transvehendum
1514 1964 1793 2003 nutrimentum,
1834 1962 1982 1996 scilicet:
2024 1960 2088 2003 Os,

1100 2014 1349 2060 Oesophagus‚
1377 2015 1626 2056 Ventriculus,
1654 2012 1769 2057 Epar‚
1796 2020 1829 2046 et
1846 2011 1967 2046 Venae
1992 2013 2088 2045 defe-

1101 2074 1217 2100 rentes
1243 2067 1462 2110 sanguinem.
1517 2065 1731 2111 Quanquam
1755 2064 1849 2097 enim
1874 2063 2024 2096 nutritio
2050 2064 2087 2095 fit

1102 2119 1232 2151 virtute
1256 2118 1416 2151 omnium
1443 2117 1596 2161 partium
1623 2115 1799 2159 corporis,
1827 2126 1916 2159 quae
1941 2125 2082 2147 conver-

1101 2176 1180 2202 tunt
1206 2169 1462 2202 nutrimentum
1485 2169 1522 2200 in
1547 2167 1780 2200 substantiam
1811 2177 1934 2206 suam,
1969 2170 2087 2197 tamen

58 2195 242 2278 ωθῦπὲζὲι
325 2252 334 2279 ι
360 2257 392 2277 m
434 2245 475 2278 ed
557 2246 577 2279 d
707 2246 731 2280 t.
884 2246 892 2254 .
1004 2247 1025 2280 d
1100 2220 1188 2253 aliae
1205 2226 1321 2264 partes
1338 2232 1411 2253 non
1429 2219 1663 2252 nominantur
1682 2215 1786 2249 huius
1812 2215 1918 2248 officii
1943 2226 2087 2257 organa,

108 2301 121 2329 t
172 2295 210 2328 t..
245 2257 262 2278 e
277 2257 320 2278 ³¹¹
339 2257 355 2278 e
413 2257 431 2278 r
479 2257 519 2278 ΘΟ
535 2257 552 2278 a
598 2257 704 2291 quaes
723 2258 823 2280 lones
839 2253 987 2281 us¹t³t³⁵
1030 2258 1047 2280 e
1100 2271 1182 2317 quia
1199 2268 1332 2305 habent
1346 2271 1430 2303 alias
1449 2269 1651 2303 functiones
1677 2265 1898 2312 principales.
1951 2264 1999 2298 At
2027 2277 2087 2299 oe-

60 2307 104 2340 po
124 2307 167 2328 en
187 2307 240 2329 ns.
1101 2319 1265 2366 soph3g;‚
1309 2321 1516 2361 ventriculi,
1564 2319 1691 2364 epatis,
1741 2328 1910 2349 venarum
1949 2321 2087 2349 tantum

1072 2389 1075 2419 ι
1102 2371 1186 2406 llaec
1216 2379 1298 2405 sunt
1328 2372 1462 2411 officia,
1498 2378 1536 2404 ut
1557 2367 1744 2403 nutritioni
1778 2366 1943 2401 serviant.
2005 2366 2088 2400 Ideo

1073 2422 1075 2429 ‘
1100 2425 1269 2458 usitatum
1294 2430 1344 2456 est
1367 2421 1428 2456 has
1455 2429 1569 2467 partes
1593 2419 1778 2455 nominare
1808 2428 1940 2461 organa
1964 2416 2088 2451 Nutri-

1101 2475 1216 2507 tionis.

1205 2532 1462 2567 Attribuuntur
1491 2534 1606 2561 autem
1633 2528 1782 2569 singulis
1814 2527 1981 2560 membris
2007 2527 2088 2560 uni·-

239 2407 333 2447 Quot
359 2410 446 2440 sunt
471 2410 666 2451 potentiae
695 2408 880 2443 Animae?

163 2480 332 2527 Quinque
350 2490 584 2515 numerantur
601 2483 787 2518 distinctae
811 2482 866 2517 his
889 2485 1047 2530 adpella-

61 2531 240 2566 tionibus:
278 2532 492 2575 Vegetativa,
518 2531 691 2575 sentiens,
719 2536 933 2580 Appetitiva‚
962 2535 1047 2568 Mo-

60 2582 131 2615 tiva
169 2584 361 2617 secundum
399 2584 535 2620 locum,
578 2589 612 2616 et
647 2584 875 2624 Intellectiva.
944 2585 1048 2619 Hanc
1101 2584 1283 2619 versaliter
1298 2589 1449 2627 quatuor
1465 2579 1648 2612 ministrae
1658 2579 1859 2612 facultates:
1878 2577 2086 2618 Attractiva,

60 2632 280 2677 perspicuam
307 2633 610 2670 enumerationem
643 2635 874 2678 retineamus,
909 2637 1047 2670 omissis
1101 2634 1308 2672 Retentiva‚
1337 2630 1550 2670 Alterativa‚
1574 2636 1607 2664 et
1624 2627 1827 2673 Expulsiva.
1880 2627 1956 2662 Hae
1973 2627 2087 2661 facul-

61 2682 155 2716 l'ixis·
1101 2691 1189 2719 tates
1205 2682 1365 2718 serviunt
1381 2680 1583 2716 nutritivae.
1645 2679 1911 2714 Nutrimentum
1935 2675 2086 2712 attrahi-

1071 2716 1075 2729 l
