2379 2948
204 151 279 187 627

213 234 291 271 Etsi
308 235 415 279 igitur
437 244 575 278 sparsae
598 236 680 264 sunt
699 228 838 272 regulae
861 227 898 259 in
922 225 1050 259 multas
1073 222 1192 257 Diale-

216 287 322 321 eticae
346 292 480 330 partes,
520 290 636 316 tamen
664 278 722 313 hic
746 289 967 312 communem
994 276 1043 309 eis
1068 274 1192 307 nidum

217 337 486 374 constituemus,
513 333 574 366 ubi
598 339 631 365 et
655 330 723 374 ipsi
745 329 879 374 aliquas
895 327 1138 364 recitabimus,
1161 328 1195 355 et

220 386 368 422 studiosi
384 385 470 418 alias
486 383 678 417 asscribe-nt
693 393 712 414 a
731 381 834 414 nobis
857 378 1021 418 omissas,
1053 387 1141 420 quae
1159 385 1195 406 se

221 440 259 471 in
284 435 584 481 disputationibus
610 432 830 466 eruditorum
850 429 1009 463 offerent.
1071 426 1196 468 Quan-

222 500 326 533 quam
342 494 455 520 autem
473 485 603 519 multae
617 483 757 526 regulae
775 491 916 526 prorsus
933 478 1083 523 pueriles
1105 482 1197 514 sunt,

221 545 304 572 sunt
321 537 415 571 enim
433 536 562 570 similes
578 531 873 568 communissimis
889 529 1087 567 sententiis,
1112 536 1197 571 quas

225 588 434 623 Geometrae
451 592 577 620 vocant
591 582 716 622 κοινὰς
730 579 888 623 ἐννοίας,
912 588 1027 613 tamen
1042 588 1198 610 commo-

224 639 430 673 nefacienda
452 645 501 671 est
526 637 639 681 prima
662 640 770 673 aetas,
796 639 836 665 ut
857 638 891 665 et
913 630 1123 664 Geometrae
1145 627 1198 659 sa-

225 691 343 729 ciunt‚
377 688 438 734 qui
468 689 562 721 bono
588 684 735 718 consilio
765 692 966 716 communes
1000 677 1199 716 sententias,

225 752 314 786 quae
327 738 480 773 naturali
502 738 579 771 luce
602 736 677 769 sine
701 736 843 767 doctore
867 730 1019 773 intelligi
1044 734 1200 774 possunt,

226 799 343 826 tamen
367 797 399 823 et
418 793 623 833 proponunt
643 792 675 819 et
698 785 895 821 declarant,
922 793 995 815 non
1023 781 1137 813 solum
1162 784 1201 810 ut

225 843 342 876 aditus
357 841 401 873 ad
418 846 527 872 artem
547 836 684 870 facilior
701 836 764 873 sit,
791 835 849 867 sed
873 832 975 866 etiam
993 838 1032 865 ut
1047 829 1102 864 bis
1119 830 1201 862 fun-

226 891 400 925 damentis
416 902 476 923 seu
492 887 644 922 exordiis
662 885 903 926 consideratis,
930 883 1101 916 certitudo
1117 879 1202 913 artis

226 942 474 986 conspiciatur,
494 951 583 984 quae
598 938 681 971 inde
699 937 882 971 extruitur.
918 934 1060 968 Dictum
1076 938 1125 965 est
1141 942 1203 963 au—

227 1001 295 1027 tem
313 1003 437 1036 supra,
462 990 547 1035 quid
565 990 609 1022 sit
631 990 722 1022 bona
746 985 1016 1031 consequentia,
1043 982 1204 1015 videlicet

227 1044 306 1077 talis
325 1042 497 1076 connexio
515 1039 808 1084 propositionum,
833 1049 921 1081 quae
940 1047 1013 1068 non
1032 1035 1205 1076 discrepat

227 1095 272 1127 ab
303 1094 421 1138 aliqua
453 1092 569 1134 regula
592 1089 814 1124 Dialectices.
867 1085 942 1119 Hae
970 1083 1205 1127 descriptione

228 1144 384 1178 contenti
407 1143 534 1181 simus,
560 1141 642 1185 quia
667 1151 789 1172 verum
812 1145 881 1178 est,
909 1137 946 1169 in
972 1142 1068 1169 tanta
1092 1133 1205 1166 varie-

229 1202 297 1228 tate
314 1192 644 1238 consequentiarum
657 1218 665 1229 ,
693 1196 800 1224 totam
819 1187 1034 1222 Dialecticen
1054 1186 1091 1217 in
1113 1184 1207 1216 iudi-

229 1246 360 1283 cando,
406 1245 442 1276 in
479 1249 667 1286 conspectu
703 1252 775 1274 esse
811 1245 982 1283 oportere.
1041 1234 1208 1274 Econtra,

230 1296 321 1329 mala
339 1293 588 1339 consequentia
605 1299 666 1333 est,
688 1303 777 1337 quae
795 1291 838 1324 ab
855 1289 972 1334 aliqua
988 1287 1106 1330 regula
1123 1284 1209 1319 Dia-

230 1346 366 1380 lectices
383 1346 566 1388 discrepat.

593 1448 707 1481 Prima
729 1447 850 1489 reque«.

334 1529 388 1565 Ex
405 1526 596 1564 universali
618 1532 710 1559 recte
734 1528 929 1569 sequuntur
953 1532 1034 1554 suae
1059 1520 1213 1565 particu-

232 1583 323 1616 lares
347 1588 380 1615 et
404 1591 485 1613 suae
509 1577 720 1620 singulares,
754 1575 813 1607 sed
837 1584 909 1605 non
927 1578 1081 1605 econtra.
1132 1570 1213 1603 Non

234 1633 330 1667 enim
356 1631 513 1676 sequitur
535 1626 746 1661 universalis
770 1622 984 1669 propositi0‚
1019 1634 1059 1654 ex
1080 1621 1215 1665 aliquot

236 1681 525 1728 particularibus,
552 1684 611 1712 aut
633 1677 768 1721 aliquot
791 1673 1048 1716 singularibus,
1080 1678 1119 1704 ut
1142 1683 1215 1705 non

235 1734 326 1768 valet
339 1730 607 1776 consequentia:

384 1789 577 1835 Dionysius
603 1785 780 1830 superior,
814 1789 846 1816 et
872 1781 1058 1822 Tiberius,
1083 1778 1216 1815 habue-

440 1846 523 1874 runt
541 1838 696 1883 placidos
714 1835 843 1874 exitus,

391 1890 485 1934 Ergo
504 1901 624 1923 omnes
634 1886 775 1932 tyranni
786 1882 915 1918 habent
929 1884 1083 1928 placidos
1094 1883 1215 1916 exitus.

339 1951 414 1984 Imo
431 1948 590 1992 regulare
607 1953 657 1979 est
670 1973 677 1986 ,
703 1954 935 1990 tyrannorum
951 1944 1064 1977 tristes
1091 1950 1124 1976 et
1146 1950 1218 1975 tra-

241 2004 335 2047 gicos
360 2013 432 2034 esse
455 1999 585 2036 exitus,
614 1996 749 2030 etiamsi
771 2006 877 2038 pauca
899 1994 1055 2038 exempla
1082 2000 1219 2038 praeter

242 2053 396 2096 regulam
415 2049 660 2094 reperiuntur,
685 2053 724 2079 ut
739 2046 917 2078 interdum
942 2045 1042 2088 pauci
1067 2042 1218 2089 hyberni

243 2105 318 2137 dies
342 2102 526 2136 calidiores
550 2104 632 2132 sunt
654 2096 832 2141 aliquibus
855 2096 1007 2129 aestivis.
1060 2094 1129 2128 Sed
1147 2095 1219 2127 col-

243 2155 341 2189 lectis
372 2151 538 2186 omnibus
565 2147 804 2191 singularibus
834 2154 923 2179 recte
958 2147 1116 2191 sequitur
1139 2145 1220 2179 uni-

246 2204 406 2245 versaliS,
429 2209 468 2236 ut
484 2202 527 2234 de
542 2198 750 2234 Inductione
772 2196 903 2230 dictum
923 2203 983 2232 est.

657 2303 812 2336 Secunda.

350 2387 529 2433 Quicquid
545 2385 703 2430 sequitur
718 2383 763 2416 ad
777 2392 996 2425 consequens
1013 2381 1124 2414 bonae
1139 2394 1224 2415 con-
1249 2389 1251 2399 ¹

244 2441 446 2486 sequentiae
459 2465 468 2480 ,
494 2436 651 2481 sequitur
670 2441 702 2467 et
722 2433 947 2472 antecedens,
973 2439 1027 2465 ut:

400 2496 532 2531 Omnia
549 2494 662 2527 officia
679 2492 822 2537 politica
840 2497 922 2525 sunt
941 2502 1103 2524 concessa
1120 2487 1225 2524 Chri-

453 2545 592 2584 stianis,

401 2595 494 2639 Ergo
510 2595 638 2628 iudicia
656 2598 738 2627 sunt
756 2604 928 2626 concessa.

348 2654 394 2690 Et
411 2664 472 2697 per
487 2663 716 2696 consequens:

398 2704 553 2746 Litigare
571 2702 608 2734 in
625 2703 700 2734 foro
717 2714 917 2737 concessum
933 2709 993 2736 est.

448 145 657 185 SCRIPTA
685 143 759 178 PH.
787 138 904 176 MEL.
930 137 997 174 AD
1023 136 1152 174 HIST.
1177 132 1321 172 PROF.
1348 131 1413 168 ET
1441 129 1631 167 PHILOS·
1658 130 1984 169 SPECTANTIA.

2147 132 2222 168 628

1676 212 1798 246 Tertia.

1347 284 1405 319 Ab
1422 297 1462 318 eo
1481 284 1578 330 quod
1593 283 1686 317 inest
1702 295 1763 328 per
1779 294 1832 324 se,
1859 283 1904 317 ad
1921 283 2019 318 aliud
2041 285 2138 330 quod
2161 297 2223 330 per

1219 353 1221 360 ⁴
1246 336 1406 370 accidens
1421 335 1554 369 accedit
1563 360 1575 377 ,
1603 346 1676 367 non
1694 341 1744 368 est
1758 335 1853 368 bona
1867 335 2132 380 consequentia,
2158 347 2222 369 nec

1247 394 1405 428 econtra,
1432 393 1486 420 ut:

1400 444 1652 490 Temperantia
1668 451 1718 478 est
1739 445 1832 478 bona
1845 471 1854 485 ,

1400 495 1524 529 Febris
1539 495 1641 529 affert
1659 495 1944 540 temperantiam,

1401 544 1495 590 Ergo
1511 546 1617 580 febris
1633 553 1684 580 est
1699 547 1803 582 bona.

1684 636 1792 669 Aliud.

1405 695 1532 730 Odisse
1551 697 1662 730 civem
1680 704 1730 731 est
1747 704 1924 740 peccatum
1937 723 1946 738 ,

1405 747 1565 791 Litigans
1583 748 1620 780 in
1638 748 1714 781 foro
1731 749 1806 782 odit
1820 750 2078 792 adversarium,

1406 797 1500 842 Ergo
1518 799 1657 841 litigare
1672 805 1721 831 est
1741 805 1933 842 peccatum.

1356 864 1452 898 Haec
1469 877 1550 898 vere
1564 871 1598 898 et
1613 865 1730 898 dextre
1748 865 1947 899 refutantur
1967 863 2032 899 hac
2057 865 2155 899 brevi
2175 877 2232 898 re-

1255 916 1461 961 sponsione:
1488 915 1585 958 Nego
1603 916 1886 961 consequentiam
1898 943 1907 957 ,
1934 916 2016 961 quia
2032 923 2082 950 est
2096 916 2234 950 fallacia

1256 967 1463 1007 accidentis,
1489 967 1552 999 ubi
1570 963 1653 999 haec
1669 966 1788 1009 regula
1804 967 1967 1007 traditur,
1994 979 2099 1012 quam
2114 978 2236 1001 recen-

1256 1018 1328 1052 sui:
1362 1016 1419 1051 Ab
1440 1029 1480 1050 eo
1505 1018 1601 1062 quod
1624 1029 1686 1060 per
1706 1017 1866 1050 accidens
1890 1017 2013 1056 irruit,
2048 1029 2121 1051 non
2146 1017 2237 1051 valet

1257 1068 1505 1113 consequentia
1526 1068 1570 1100 ad
1590 1079 1663 1100 rem
1681 1080 1743 1111 per
1761 1079 1833 1102 sese
1851 1069 2117 1102 consideratam.
2167 1066 2239 1101 Ac-

1258 1119 1345 1153 cidit
1358 1118 1512 1161 litiganti
1526 1118 1641 1151 odisse
1658 1119 1908 1153 adversarium.
1944 1117 1991 1153 Et
2012 1125 2122 1162 potest
2139 1130 2238 1152 mens

1258 1172 1353 1204 bona
1371 1170 1507 1213 litigare
1527 1169 1602 1202 sine
1619 1168 1714 1204 odio.
1766 1167 1832 1203 Est
1849 1170 1943 1202 enim
1966 1169 2103 1212 litigare
2126 1166 2239 1203 hone-

1260 1229 1310 1254 sta
1330 1220 1521 1264 disputatio
1539 1226 1572 1253 et
1590 1219 1773 1264 inquisitio
1788 1219 1944 1254 veritatis
1959 1220 1996 1253 in
2019 1220 2161 1254 iudiciis
2184 1220 2240 1253 di-

1262 1272 1394 1306 vinitus
1412 1271 1592 1311 instituta,
1619 1282 1692 1303 non
1717 1271 1831 1303 solum
1853 1271 1897 1303 ad
1923 1283 2042 1314 pacem
2063 1271 2242 1312 tuendam,

1263 1324 1321 1356 sed
1339 1322 1442 1356 etiam
1460 1327 1603 1365 propter
1618 1321 1862 1365 disciplinam,
1888 1328 1920 1354 et
1935 1321 1973 1354 in
1988 1323 2076 1355 bene
2098 1322 2242 1356 moratis

1263 1374 1391 1406 multas
1407 1372 1552 1406 virtutes
1571 1372 1825 1413 complectitur.
1858 1370 1957 1404 Bona
1976 1383 2074 1405 mens
2089 1372 2242 1416 litigans,

1265 1423 1405 1457 subiicit
1422 1434 1456 1454 se
1474 1422 1626 1464 legibus,
1654 1421 1814 1460 iudiciis,
1840 1422 2069 1465 magistratib.
2104 1421 2243 1457 Horum

1265 1486 1385 1507 vocem
1403 1472 1553 1506 antefert
1568 1483 1650 1505 suae
1671 1472 1876 1516 cupiditati,
1902 1473 2057 1515 agnoscit
2079 1474 2243 1508 ordinem

1266 1525 1448 1569 politicum
1469 1535 1541 1556 esse
1561 1523 1631 1555 Dei
1655 1534 1759 1565 opus:
1789 1534 1853 1555 nec
1876 1524 1951 1556 vult
1974 1524 2244 1558 conturbatione

1266 1575 1402 1609 ordinis
1426 1573 1560 1618 politici
1576 1573 1689 1606 Deum
1713 1573 1903 1606 offendere,
1954 1572 2049 1606 Haec
2074 1575 2244 1608 obedien—

1267 1627 1314 1659 tia
1340 1626 1451 1658 virtus
1474 1631 1523 1656 est
1544 1623 1690 1666 egregia.
1740 1622 1887 1657 Accedit
1910 1623 1946 1656 in
1969 1624 2073 1658 bonis
2095 1625 2246 1670 ingeniis

1267 1684 1301 1711 et
1317 1688 1415 1709 amor
1433 1675 1598 1707 veritatis.
1649 1673 1718 1707 Sed
1735 1674 1772 1706 in
1790 1675 1880 1707 male
1903 1675 2046 1708 moratis
2071 1687 2131 1720 per
2155 1678 2246 1710 acci-

1269 1729 1355 1761 dens
1385 1731 1602 1759 concurrunt
1636 1723 1744 1758 multa
1776 1725 1878 1766 vitia,
1917 1726 2086 1767 avaricia,
2123 1727 2245 1761 odium

1268 1776 1472 1815 adversarii,
1490 1776 1644 1808 studium
1661 1776 1928 1817 calumniarum,
1948 1777 2122 1820 superbia,
2151 1779 2246 1812 nolle

1271 1828 1410 1862 veritati
1431 1828 1568 1865 cedere,
1595 1832 1658 1861 etc.

1704 1916 1813 1948 Aliud.

1423 1979 1606 2013 Peccatum
1628 1989 1697 2011 non
1715 1978 1824 2021 gignit
1848 1976 2045 2020 huminem,

1426 2028 1528 2073 Opus
1545 2029 1845 2072 concupiscentiae
1862 2029 1973 2072 gignit
1992 2027 2183 2073 hominem,

1424 2078 1518 2123 Ergo
1536 2080 1818 2123 concupiscentia
1838 2092 1910 2113 non
1925 2087 1975 2114 est
1992 2088 2181 2125 peccatum.

1238 1621 1249 2204 i
1377 2138 1595 2181 Augustinus
1627 2145 1748 2171 contra
1779 2136 1956 2171 Iulianum
1993 2142 2249 2184 propemodum

1271 2198 1312 2225 ut
1336 2202 1412 2224 mus
1436 2190 1472 2222 in
1495 2189 1569 2233 pice
1586 2186 1706 2222 haeret
1725 2189 1762 2221 in
1780 2186 1885 2221 huius
1901 2191 2097 2232 argumenti
2119 2192 2250 2226 refuta-

1246 2256 1250 2312 .
1275 2243 1387 2282 tione,
1414 2253 1492 2274 cum
1507 2239 1696 2273 Dialectico
1714 2239 1880 2272 facillima
1898 2240 1942 2273 sit
1957 2241 2156 2285 explicatio:
2180 2242 2251 2276 Ne-

1247 2294 1388 2351 ¹*ganda
1423 2298 1473 2325 est
1507 2290 1640 2330 minor,
1683 2290 1765 2335 quia
1798 2291 2081 2334 concupiscentia
2114 2293 2251 2334 vitiosa,

1248 2367 1251 2385 ι
1276 2356 1380 2389 quam
1399 2343 1447 2375 sic
1462 2341 1586 2375 usitate
1602 2347 1746 2381 vocant,
1771 2348 1821 2374 est
1834 2338 1979 2382 ἀταξία,
2007 2354 2096 2387 quae
2110 2343 2252 2378 accessit

1248 2420 1252 2451 1
1276 2396 1320 2428 ad
1338 2400 1499 2426 naturam
1517 2392 1688 2426 divinitus
1705 2392 1898 2433 conditam,
1927 2399 1960 2425 et
1977 2404 2052 2425 eam
2069 2392 2252 2435 deformat,

1276 2457 1339 2478 nec
1356 2451 1405 2477 est
1426 2455 1479 2476 res
1498 2443 1643 2486 gignens
1667 2443 1918 2483 substantiam,
1943 2443 2002 2476 sed
2026 2454 2079 2475 res
2105 2443 2250 2487 gignens

1249 2522 1252 2537 ,
1275 2495 1506 2529 substantiam
1524 2501 1574 2527 est
1593 2494 1665 2537 ipsa
1684 2501 1808 2527 natura
1825 2505 1843 2526 a
1859 2494 1938 2526 Deo
1956 2493 2117 2535 condita,
2144 2507 2251 2540 quam

1249 2544 1252 2602 i
1277 2548 1321 2580 ab
1345 2542 1475 2590 ἀταξίᾳ
1501 2545 1691 2587 prudenter
1721 2544 1875 2577 discerni
1902 2554 2038 2577 necesse
2060 2551 2121 2578 est.
2181 2545 2251 2580 Hic

1248 2622 1252 2644 ¹
1277 2598 1414 2631 discant
1443 2596 1600 2629 iuniores
1624 2595 1745 2628 utilem
1773 2593 1967 2628 doctrinam
1993 2595 2036 2627 ab
2062 2593 2251 2630 Aristotele

1249 2673 1252 2695 ,
1278 2648 1442 2682 traditan.
1460 2648 1503 2680 de
1522 2646 1635 2679 modis
1652 2645 1791 2679 dicendi
1807 2656 1867 2687 per
1883 2656 1928 2677 se.
1976 2643 2177 2680 Necessaria
2201 2654 2252 2682 est

1245 2723 1253 2741 ,
1277 2699 1370 2732 euim
1386 2698 1568 2741 diligentia
1585 2697 1622 2730 in
1642 2695 1742 2730 omni
1765 2695 1853 2735 vita,
1881 2695 2077 2729 discernere
2101 2708 2138 2731 ea
2163 2709 2252 2743 quae
