2379 2948
129 125 216 159 777-
539 120 544 124 ⁴
808 123 835 160 I.

127 209 319 243 adiuvandi
346 220 448 242 causa
474 206 581 243 homo
610 209 774 243 conditus
799 209 983 250 scribitur,
1017 216 1114 243 ortus

127 267 265 301 noster,
293 260 468 301 nutricio,
496 261 676 301 educatio,
704 261 859 294 breviter
882 271 1005 292 omnes
1024 261 1113 294 vitae

125 311 346 345 necessitates
363 312 406 344 ab
424 311 538 345 alieno
558 311 730 355 praesidio
750 311 914 353 pendent.
956 308 1002 344 Et
1024 309 1113 345 hauc

125 363 325 396 societatem
353 360 537 395 hominum
563 361 765 404 magnisecit
796 360 1112 396 Salomon·Ecc1‹›,-

126 413 218 449 siast.
238 420 379 458 quarto:
416 412 454 447 Si
476 423 568 446 unus
591 412 773 450 ceciderit,
801 413 846 445 ab
861 412 971 446 altero
986 413 1111 447 fulcie-

125 472 198 498 tur:
226 477 288 498 vae
303 465 387 505 soli,
414 463 494 508 quia
511 475 589 495 cum
610 463 785 502 ceciderit,
813 475 885 496 non
905 461 1011 498 habet
1028 465 1110 497 sul)-

125 516 298 549 levantem
316 527 350 548 se
368 522 429 548 etc.
484 512 530 546 Et
547 513 584 545 in
602 514 846 556 corporalibus
863 515 1006 559 quidem
1029 517 1111 549 satis

124 575 267 611 apparet
281 594 288 606 ,
315 565 392 610 quis
409 564 453 597 sit
469 571 614 597 mutuus
632 576 716 597 usus
732 562 917 598 hominum
939 567 1033 600 inter
1049 579 1094 600 se.

230 617 270 651 ln
285 615 526 661 spiritualibus
541 615 635 648 idem
646 614 810 649 Christus
828 618 1006 660 expressit,
1031 630 1110 652 cum

124 669 221 702 dedit
238 673 442 712 potestatem
461 666 663 699 remittendi
679 674 828 711 peccata.
870 667 974 710 Item,
1003 668 1108 712 Quod
1136 695 1137 698 η

122 720 250 752 fecistis
274 717 336 751 uni
354 729 393 750 ex
410 717 568 750 minimis
587 718 688 757 meis,
715 716 804 751 mihi
820 718 951 753 fecistis
969 727 1053 759 etc„
1077 728 1110 754 et

123 781 211 815 quae
227 768 282 802 hic
305 774 450 801 naturae
475 765 632 801 hominis
655 769 881 810 tribuuntur,
906 782 943 803 ea
968 771 1109 814 potissi-

122 832 217 854 mum
232 832 270 853 ac
287 819 440 864 primum
458 826 541 852 sunt
560 819 596 852 in
613 817 757 853 Christo
774 820 999 865 requirenda,
1025 823 1108 867 quia

121 873 158 904 in
175 868 309 904 Christi
325 869 563 913 cognitionem
581 868 666 903 haec
684 871 803 904 omnia
822 872 994 905 destinata
1014 880 1108 911 suut,
1134 898 1136 906 ,

120 922 214 968 quod
232 920 339 955 homo
358 921 522 955 conditus
539 928 600 962 est,
628 928 667 955 ut
682 919 821 955 homini
837 923 880 956 sit
898 923 1041 964 auxilio,
1072 925 1106 957 id

118 974 167 1007 ita
196 973 380 1017 proprium
413 979 462 1006 est
497 979 645 1006 naturae
670 971 823 1015 Christi,
859 981 898 1007 ut
931 981 1107 1018 praeterea

119 1024 222 1058 nulli.
275 1023 322 1058 Et
346 1023 415 1056 nisi
443 1021 509 1057 hoc
535 1024 570 1056 in
597 1022 739 1058 Christo
763 1025 912 1066 videris,
946 1027 1107 1059 nondum

118 1075 251 1109 novisti
275 1072 476 1115 Christum,
505 1075 579 1119 ipse
601 1087 665 1120 pro
691 1076 794 1109 nobis
817 1083 996 1117 mortuus,
1028 1078 1107 1111 ideo

118 1126 342 1160 resuscitatus
365 1132 433 1167 est,
466 1133 506 1159 ut
528 1126 730 1167 adiuvaret,
757 1133 796 1160 ut
826 1127 1045 1169 sublevaret,
1070 1136 1109 1162 ut

118 1184 276 1211 tueretur
301 1177 426 1210 fratres
444 1188 536 1212 suOS.
590 1176 774 1210 Praeterea
795 1189 860 1211 nos
878 1189 998 1212 sumus
1014 1187 1107 1213 costa

118 1241 158 1261 ex
176 1229 250 1262 eius
271 1228 378 1261 latere
395 1235 529 1268 execta‚
556 1234 590 1261 et
609 1239 674 1272 pro
693 1235 787 1262 costa
813 1230 914 1263 lateri
934 1230 1008 1263 eius
1027 1243 1106 1264 caro

118 1280 248 1313 inserta
266 1285 335 1319 est,
362 1285 401 1313 ut
416 1279 490 1323 ipse
507 1280 550 1312 sit
570 1279 751 1320 infirmus,
779 1291 844 1313 nos
856 1281 966 1313 validi
983 1289 1047 1315 etc.

292 1366 368 1398 Hoc
395 1374 495 1397 nunc
523 1375 563 1397 os
588 1374 636 1397 ex
664 1363 805 1399 ossibus
832 1368 936 1400 meis.

218 1429 295 1464 Hoc
322 1442 463 1475 quoque
488 1437 735 1472 argumentum
754 1438 804 1464 est
825 1432 944 1465 omnia
969 1430 1107 1465 homini

117 1483 270 1517 subiecta
289 1493 361 1515 esse
380 1488 442 1514 etc.

315 1568 409 1601 Erat
435 1571 561 1601 autem
587 1570 747 1612 uterque
775 1566 909 1602 nudus.

218 1632 340 1666 Pudor
365 1645 405 1666 ex
428 1634 559 1678 peccati
591 1634 806 1668 conscientia
834 1635 887 1676 fit,
922 1642 1106 1680 propterea

117 1696 254 1718 vacasse
268 1692 407 1728 peccato
423 1697 481 1718 eos
499 1685 683 1728 significat,
700 1698 778 1718 cum
796 1693 897 1729 negat
915 1687 1105 1719 erubuisse.

495 1803 629 1853 Caput
660 1804 732 1844 ΙΙΙ.

220 1886 313 1930 Quia
344 1887 387 1920 de
411 1885 613 1934 Spirituum
645 1888 850 1921 conditione
876 1886 968 1920 nihil
1000 1900 1104 1932 supra

118 1938 220 1972 dixit:
254 1938 333 1971 ideo
351 1937 517 1971 Satanam
535 1950 607 1971 non
627 1950 690 1972 suo
710 1939 830 1984 aliquo
854 1939 1018 1980 nomine,
1045 1941 1103 1972 sed

118 1989 291 2032 serpentis
320 1995 437 2030 vocat,
473 1994 507 2022 et
531 1989 568 2022 in
593 1997 753 2034 serpente
778 1997 1032 2034 repraesentat,
1067 1998 1106 2024 ut

119 2040 328 2081 versutiam,
364 2040 530 2080 insidias,
566 2041 749 2084 ingenium
780 2040 930 2075 Satanae
964 2053 1004 2074 ex
1032 2053 1103 2074 ser-

118 2097 222 2134 pente
243 2091 480 2124 aestimemus:
516 2098 555 2125 ut
579 2092 689 2133 infra,
715 2091 830 2136 Super
860 2099 980 2136 pectus
1003 2099 1102 2126 tuum

119 2141 328 2185 ingredieris
344 2149 406 2176 etc.
460 2141 552 2176 Sunt
569 2144 663 2176 enim
682 2155 804 2176 omnes
827 2150 1005 2176 creaturae
1023 2156 1102 2177 cor-

119 2192 257 2237 porales
272 2204 388 2226 rerum
406 2199 440 2227 et
456 2201 644 2228 eventuum
662 2194 737 2240 typi
755 2201 789 2228 et
802 2195 944 2238 figurae.

221 2243 308 2277 Dixi
325 2254 446 2287 supra,
472 2245 510 2277 in
527 2245 625 2278 omni
643 2245 718 2288 lege
736 2257 809 2279 non
829 2257 934 2289 opus,
961 2246 1020 2278 sed
1040 2258 1103 2278 vo-

120 2296 290 2329 luntatem
307 2294 464 2327 divinam
488 2297 710 2339 spectandam
737 2309 822 2332 esse.
874 2295 965 2330 Caro
982 2297 1024 2329 de
1041 2309 1103 2330 vo-

120 2347 256 2380 luntate
277 2345 345 2380 Dei
366 2357 440 2379 non
462 2346 612 2388 iudicat,
638 2348 696 2381 sed
721 2359 841 2392 opere:
870 2355 904 2381 et
930 2349 973 2381 de
998 2359 1104 2392 opere

119 2397 276 2431 iudicare
296 2396 432 2441 incipit,
458 2409 524 2430 nec
542 2398 666 2432 tribuit
684 2396 758 2432 Deo
777 2399 984 2443 sapientiam
1001 2406 1034 2432 et
1048 2399 1104 2432 iu-

119 2449 276 2487 sticiam,
304 2448 393 2482 sicut
419 2455 468 2482 est
494 2449 642 2492 experiri
659 2449 696 2482 in
712 2450 878 2483 omnibus
896 2450 1104 2484 tentationi-

119 2500 205 2541 bUS‚
232 2500 269 2532 in
294 2500 424 2544 quibus
448 2499 533 2532 alias
559 2499 683 2540 stulte,
712 2501 798 2534 alias
823 2501 946 2546 inique
971 2501 1104 2534 consti-

119 2551 226 2585 tuisse
250 2549 386 2589 Deum,
420 2550 627 2584 iudicamus.
689 2549 768 2584 Hoc
797 2559 1004 2595 argumento
1031 2552 1104 2596 pri-

119 2614 216 2636 mum
246 2602 410 2636 sollicitat
436 2601 650 2634 imbecillem
678 2602 849 2635 rationem
876 2604 1104 2636 mulierculae

121 2652 239 2688 Satan.
292 2651 339 2686 Et
357 2665 447 2698 quae
463 2650 520 2685 hic
537 2652 750 2685 extrinsecus
767 2660 956 2695 geruntur,
982 2655 1102 2687 omnia

121 2704 194 2746 geri
210 2704 323 2738 solent
344 2704 381 2737 in
407 2704 572 2738 cordibus
596 2700 795 2736 hominurn.
850 2704 908 2737 Sic
924 2705 1018 2737 enim
1039 2704 1102 2738 Sa-

890 121 1156 159 COMMENT.
1184 123 1234 159 IN
1262 122 1488 163 GENESlN.

2083 130 2155 165 778

1139 213 1142 225 “
1167 216 1226 243 tan
1248 209 1334 242 alios
1358 210 1426 243 alio
1452 211 1619 255 impellit,
1646 212 1747 246 illum
1769 214 1810 246 ad
1837 214 2004 248 libidines
2028 216 2152 256 carnis,

1167 258 1263 293 hunc
1277 261 1320 293 ad
1339 262 1459 294 caedes
1470 269 1544 300 etc„
1563 263 1644 307 quia
1656 264 1865 308 cogitatione
1882 265 1997 310 aliqua
2016 277 2076 298 cor
2093 278 2151 299 oc-

1167 318 1269 355 cupat
1288 317 1363 349 etc„
1380 313 1542 356 princeps
1559 314 1652 346 euim
1676 316 1800 349 mundi
1819 322 1879 351 est.
1932 315 1978 349 Et
1996 316 2150 360 Aposto-

1165 362 1220 396 lus
1245 362 1330 396 dicit
1355 374 1433 395 eum
1461 375 1640 397 excaecare
1671 368 1775 399 corda
1803 367 2086 408 incredulorum,
2113 374 2151 400 ut

1165 425 1237 446 non
1256 413 1432 446 illucescat
1452 414 1499 446 eis
1518 414 1731 449 illuminatio
1750 415 1946 460 Evangelii.

1269 463 1375 497 Vides
1406 464 1649 498 infidelitatem
1676 468 1828 509 primum
1856 476 2035 511 peccatum
2068 480 2152 510 esse,

1164 515 1274 548 credit
1291 516 1420 549 mulier
1437 515 1596 557 Satanae,
1625 523 1658 550 et
1673 529 1793 550 vocem
1811 517 1877 551 Dei
1893 532 1955 563 pro
1974 531 2062 554 vano
2081 526 2151 553 ter-

1164 566 1396 600 riculamento
1408 592 1416 605 ,
1446 579 1509 611 pro
1526 567 1635 600 irritis
1650 568 1756 601 minis
1774 566 1889 602 hahet.
1931 569 1975 603 Et
1992 569 2048 603 hic
2065 583 2151 603 con-

1164 618 1276 650 sidera
1297 616 1492 662 blasphemi
1511 618 1654 662 spiritus
1672 619 1898 663 impietatem,
1927 621 1986 665 qui
2005 623 2149 654 menda—

1165 668 1210 701 cii
1236 669 1393 702 divinam
1413 681 1533 702 vocem
1553 676 1705 703 accusat:
1734 677 1766 703 et
1789 671 1856 703 hoc
1876 677 1926 703 est
1950 673 2044 716 quod
2070 684 2149 704 eum

1164 717 1323 753 Christus
1355 722 1448 764 apud
1476 719 1644 753 Ioannem
1670 728 1804 765 patrem
1837 722 2011 754 mendacii
2037 729 2149 762 vocat,

1163 777 1195 803 et
1221 771 1303 803 satis
1325 772 1478 805 declarat
1498 771 1564 804 hoc
1590 772 1806 816 exemplum,
1833 784 1921 816 quae
1939 773 1982 806 sit
2001 772 2150 806 Satanae

1162 822 1343 863 voluntas,
1379 824 1509 856 scilicet
1541 823 1690 865 gloriam
1718 822 1792 856 Deo
1825 824 1914 855 velle
1949 825 2151 863 detractam,

1163 878 1193 905 et
1213 873 1301 906 velle
1318 874 1437 906 omnia
1456 874 1631 917 perditum
1657 874 1711 909 iri.
1766 873 1839 906 lam
1858 874 2062 919 ubicunque
2083 874 2149 907 tale

1163 935 1223 956 cor
1247 932 1315 965 est,
1350 927 1443 970 quod
1470 926 1613 958 verbum
1639 924 1703 958 Dei
1733 926 1776 957 ad
1802 937 1882 958 eum
1908 926 2052 958 modum
2085 937 2149 968 pro

1162 975 1317 1010 vanitate
1333 974 1455 1016 habet,
1483 976 1529 1009 ita
1546 983 1639 1009 certo
1666 976 1772 1017 scias,
1800 976 1976 1020 captivum
2000 976 2111 1009 teneri
2131 987 2148 1007 a

1163 1026 1317 1059 diabolo.

1263 1076 1511 1111 Calumniatur
1535 1085 1650 1111 autem
1677 1076 1734 1111 llic
1762 1078 1888 1119 Satan,
1915 1090 1994 1111 cum
2022 1078 2059 1110 in
2086 1078 2149 1110 bo-

1162 1140 1242 1161 nam
1275 1136 1409 1173 partem
1438 1129 1557 1169 vertit,
1590 1130 1683 1173 quod
1716 1136 1869 1163 extrema
1895 1129 2035 1162 miseria
2066 1134 2150 1167 erat,

1162 1180 1294 1213 scilicet
1311 1180 1399 1213 scire
1419 1180 1552 1213 bonum
1571 1188 1603 1212 et
1623 1180 1767 1213 malum.
1803 1180 1890 1213 Nam
1909 1180 1995 1213 scire
2015 1181 2147 1212 bonum

1162 1238 1195 1264 et
1213 1232 1344 1264 malum
1369 1238 1419 1264 est
1437 1231 1586 1274 experiri
1613 1231 1786 1264 iusticiam
1811 1239 1842 1265 et
1862 1237 2060 1275 peccatum,
2088 1241 2149 1273 pa-

1163 1294 1235 1315 cem
1254 1289 1285 1314 et
1302 1289 1451 1314 mortem
1473 1289 1536 1317 etc.
1579 1281 1636 1314 Sic
1655 1283 1801 1315 observa
1822 1281 1986 1315 Satanam
2008 1292 2149 1325 perver-

1163 1340 1235 1366 tere
1252 1334 1357 1365 verba
1377 1331 1453 1368 Dei.

1427 1436 1591 1479 Cumque
1619 1436 1884 1481 cognovissent.

1262 1510 1443 1545 Hactenus
1461 1517 1651 1554 peccatum,
1674 1522 1768 1543 nunc
1786 1510 1922 1542 fructus
1938 1507 2068 1552 peccati
2087 1507 2148 1541 de-

1161 1563 1382 1603 scribuntur,
1406 1562 1619 1595 conscientia
1638 1568 1671 1595 et
1684 1573 1789 1596 mors.
1825 1560 1955 1593 Videre
1972 1570 2006 1591 se
2022 1559 2150 1599 nudos,

1161 1621 1211 1647 est
1237 1615 1372 1658 pudore
1396 1613 1510 1656 tangi,
1538 1614 1654 1656 pudor
1677 1612 1788 1645 malae
1813 1610 2046 1644 conscientiae
2060 1621 2149 1654 opus

1161 1671 1228 1698 est:
1264 1664 1515 1697 conscientiam
1543 1675 1626 1696 vero
1659 1675 1757 1703 caro,
1792 1663 1900 1695 verbo
1924 1660 1989 1694 Dei
2016 1671 2149 1700 carens,

1161 1715 1292 1759 erigere
1308 1722 1455 1748 conatur
1471 1714 1657 1758 operibus,
1685 1721 1717 1747 et
1741 1712 2040 1746 satisfactionibus
2064 1711 2147 1746 suis.

1160 1766 1233 1799 Has
1258 1766 1512 1799 satisfactiones
1547 1765 1629 1797 folia
1658 1765 1713 1797 fici
1739 1764 1959 1807 significant,
1996 1759 2062 1795 hoc
2086 1768 2148 1802 est,

1160 1817 1333 1863 quidquid
1352 1815 1505 1850 humana
1524 1815 1699 1849 industria
1716 1822 1812 1859 parat
1829 1827 1899 1860 quo
1918 1820 2054 1857 tegatur
2067 1824 2147 1856 pec—

1159 1875 1286 1902 catum.
1329 1867 1398 1901 Sed
1417 1868 1453 1899 id
1470 1879 1574 1911 quam
1592 1864 1684 1899 nihil
1703 1867 1832 1910 prosit,
1859 1865 2039 1898 declarant
2056 1875 2147 1908 quae

1159 1925 1376 1964 sequuntur,
1404 1918 1463 1951 ubi
1482 1929 1566 1950 voce
1586 1917 1650 1950 Dei
1668 1917 1842 1950 occiditur
1856 1917 1984 1956 Adam,
2011 1922 2043 1948 et
2066 1926 2146 1947 rur-

1159 1982 1234 2003 sum
1260 1969 1477 2008 vivificatur,
1511 1980 1584 2001 non
1606 1968 1727 2012 aliquo
1755 1965 1912 2000 humano
1936 1977 2060 2009 opere,
2086 1965 2144 1997 sed

1159 2020 1331 2065 promisso
1348 2020 1497 2059 semiue,
1522 2020 1616 2064 quod
1635 2025 1794 2052 conterat
1817 2025 1921 2062 caput
1937 2016 2120 2060 serpentis.

1382 2122 1429 2154 Et
1455 2131 1539 2155 cum
1562 2119 1759 2154 audissent
1785 2130 1923 2154 vocem.

1258 2194 1427 2240 Sequitur
1443 2195 1681 2240 poenitentiae
1697 2195 1896 2238 descripti0‚
1924 2200 1958 2226 et
1973 2193 2071 2226 Adae
2090 2192 2146 2225 iu-

1157 2246 1331 2280 stificatio.
1383 2246 1542 2280 Primum
1568 2254 1684 2280 autem
1716 2253 1764 2279 est
1791 2244 2026 2289 poenitentia,
2060 2255 2145 2277 con-

1156 2298 1258 2330 fundi
1274 2297 1538 2339 conscientiam,
1565 2298 1599 2330 id
1618 2298 1712 2342 quod
1731 2297 1778 2337 fit,
1807 2308 1885 2329 cum
1901 2295 2063 2328 audimus
2081 2306 2144 2327 vo-

1157 2361 1231 2381 cem
1247 2347 1314 2381 Dei
1331 2355 1568 2389 accusantem,
1597 2355 1630 2381 et
1654 2354 1899 2390 coarguentem
1917 2357 1981 2378 nos
2000 2345 2143 2390 peccati.

1156 2399 1225 2433 Hic
1252 2400 1322 2432 iam
1347 2397 1438 2432 nihil
1464 2406 1612 2443 prosunt
1637 2395 1894 2443 mpt‘guiltcocroc,
1929 2409 1999 2442 quo
2025 2396 2144 2429 minus

1156 2451 1369 2492 moriamur,
1409 2451 1528 2484 nullae
1565 2449 1816 2483 satisfactiones
1852 2456 2009 2489 nostrae,
2045 2448 2143 2480 nulla

1157 2509 1315 2535 creatura
1339 2508 1452 2546 potest
1477 2513 1540 2533 nos
1557 2511 1762 2533 conservare
1780 2500 1958 2533 iudicante
1975 2498 2144 2540 Domino,

1157 2553 1252 2587 iuxta
1272 2553 1378 2586 illud:
1406 2552 1514 2585 Sileat
1532 2563 1549 2584 a
1564 2551 1651 2584 facie
1662 2551 1811 2583 Domini
1829 2551 1944 2584 omnis
1962 2557 2064 2584 terra.
2097 2549 2142 2582 Et

1157 2602 1225 2637 hoc
1241 2610 1291 2636 est
1308 2604 1402 2647 quod
1420 2600 1677 2635 dicitCliristus
1697 2601 1939 2646 i11Evangelio
1958 2601 2143 2634 aedificare

1157 2666 1261 2698 supra
1287 2665 1448 2693 arenam,
1482 2652 1542 2697 qui
1574 2653 1724 2685 audiunt
1755 2666 1874 2686 vocem
1900 2660 2017 2685 suam?
2070 2650 2142 2684 lam

1158 2705 1378 2738 moriebatur
1400 2704 1515 2737 Adam
1537 2704 1629 2737 iuxta
1655 2704 1739 2747 legis
1769 2704 1997 2744 sententiam,
2025 2703 2142 2736 inten-
