2379 2948
154 107 231 145 593

160 194 275 227 Estne
306 189 530 238 futurorum
564 195 864 240 contingentium
890 192 1144 228 determinata

567 242 734 278 veritas?

260 291 492 338 Respondeo:
534 292 822 338 propositionum
846 293 889 326 de
912 292 1033 326 futuro
1058 304 1143 326 con-

158 344 327 387 tingenti,
356 345 451 389 quod
475 345 604 388 pendet
620 345 664 377 ab
680 341 834 377 humana
852 343 1054 385 voluntate,
1082 350 1143 377 aut

158 394 305 428 materia
325 395 507 434 elementi,
533 406 622 439 quae
637 394 789 438 agitatur
807 394 951 427 incertis
975 395 1142 435 motibus,

159 457 233 478 non
266 451 316 478 est
348 444 580 478 determinata
612 445 740 479 veritas
766 445 804 477 in
830 451 948 478 mente
972 442 1139 479 humana.

159 494 251 530 Cum
277 495 371 528 enim
397 494 523 528 veritas
544 494 587 528 sit
617 495 866 529 convenientia
887 496 1141 539 propositionis

158 558 238 579 cum
262 557 318 586 re,
351 556 455 590 quam
477 545 668 588 significat,
702 546 792 579 sicut
815 558 851 579 se
876 546 927 580 ibi
952 558 1007 580 res
1023 544 1140 585 babet,

158 596 206 629 sic
224 595 413 640 propositio
431 607 512 628 vera
529 596 670 630 dicitur.
710 595 782 631 Res
798 604 914 631 autem
929 595 1045 631 adhuc
1061 609 1141 630 mu-

157 647 277 681 tabilis
303 651 368 679 est:
397 647 558 680 nondum
575 647 683 690 igitur
698 648 894 692 propositio
910 648 1140 682 determinate

156 708 238 730 vera
254 702 314 731 est.
365 694 413 730 Et
430 709 632 742 quanquam
653 697 748 732 Deus
766 699 848 732 talia
867 699 1060 743 praevidet,
1088 705 1140 731 ta-

157 758 238 781 men
256 758 319 779 nec
338 747 510 791 praevisio
527 749 628 782 affert
645 749 786 783 eventui
806 750 1059 790 necessitatem,
1077 761 1140 782 nec

156 808 255 831 mens
270 794 423 831 humana
441 799 552 832 cernit
569 799 727 832 divinam
746 800 1015 843 praevisionem.
1059 799 1139 833 Non

156 859 295 881 necesse
318 854 368 881 est
392 847 523 882 lulium
550 849 710 885 interfici.
762 851 815 883 Ita
840 862 953 895 neque
977 848 1140 883 homines

155 898 395 943 pronuncient
425 906 507 932 ante
539 907 704 933 eventum
738 897 829 934 hanc
860 901 1140 945 propositionem

154 960 274 982 veram
297 960 387 982 esse:
429 948 543 983 Iulius
570 951 811 985 interficietur.
872 951 946 985 lmo
977 951 1141 985 Ieremias

155 1000 242 1033 adeo
260 1011 332 1032 non
349 1001 532 1034 constituit
545 1001 685 1035 fatalem
699 1001 938 1036 necessitatem
950 1014 1029 1036 cum
1041 1013 1141 1046 prae-

154 1050 297 1084 dixisset
314 1049 548 1097 Ierosolymae
572 1052 767 1092 excidium,
794 1059 833 1086 ut
859 1054 967 1087 dicat:
998 1052 1035 1086 Si
1062 1063 1142 1096 ages

154 1100 428 1145 poenitentiam,
455 1114 529 1135 non
555 1103 717 1137 evenient
739 1115 798 1144 ea,
825 1116 915 1148 quae
938 1104 981 1136 de
1005 1103 1140 1136 excidio

153 1151 329 1195 praedixi.

153 1200 328 1242 Niniven‚
363 1214 468 1247 quam
501 1204 711 1238 sententiam
745 1211 861 1238 tamen
895 1212 1010 1239 mutat
1032 1202 1141 1244 Deus,

155 1263 234 1285 cum
261 1264 320 1285 rex
344 1260 377 1288 et
399 1265 480 1297 pars
505 1255 629 1299 populi
649 1256 933 1290 emendarentur.
984 1255 1053 1290 Sed
1073 1254 1140 1288 alia

782 107 827 146 V.
878 104 1201 143 EROTEMATA
1226 104 1562 143 DIALECTICES.

2101 109 2177 146 594

1194 191 1312 225 futura
1339 198 1439 234 sunt,
1473 204 1561 238 quae
1589 193 1745 238 pendent
1772 202 1792 226 a
1817 192 2000 227 voluntate
2024 191 2110 236 Dei,
2141 203 2175 230 et

1194 252 1355 286 expresso
1382 243 1521 276 decreto
1542 255 1613 277 una
1642 255 1721 289 pars
1751 244 1982 277 determinata
2015 252 2084 286 est,
2117 253 2174 280 ut:

1193 293 1288 327 Deus
1320 292 1493 326 iudicabit
1526 306 1648 327 omnes
1682 292 1844 328 homines
1877 294 2098 329 resuscitatos
2132 308 2174 330 ex

1192 349 1319 378 morte.
1371 341 1515 376 Talium
1532 350 1581 377 est
1606 345 1835 378 determinata
1858 346 2001 386 veritas,
2029 353 2174 390 propter

1193 394 1410 427 voluntatem
1445 393 1532 434 Dei,
1571 395 1774 438 patefactam
1817 407 1977 439 expresso
2018 396 2171 432 decreto.

1193 443 1316 478 Tertio
1335 445 1413 477 loco
1432 450 1514 478 sunt
1528 444 1657 485 futura,
1678 457 1767 490 quae
1786 447 1848 479 etsi
1863 454 1945 480 sunt
1961 446 2172 490 contingen-

1192 495 1250 536 tia,
1276 502 1393 529 tamen
1412 495 1493 540 quia
1511 501 1636 528 natura
1652 495 1702 527 sic
1717 496 1876 528 ordinata
1895 504 1956 536 est,
1979 509 2051 529 non
2069 508 2171 542 saepe

1191 552 1392 586 mutantur,
1418 553 1451 579 et
1468 546 1636 579 dicuntur
1652 547 1842 578 necessaria
1863 547 2064 581 necessitate
2080 546 2170 593 phy-

1191 597 1280 637 sica,
1315 603 1370 630 ut:
1401 594 1487 630 Cras
1511 595 1573 629 Sol
1599 608 1719 630 rursus
1743 597 1904 629 ascendet
1936 597 1972 628 in
2010 606 2170 631 nostrum

1190 645 1488 692 hemispherium,
1521 645 1587 680 Die
1605 646 1795 680 undecimo
1814 646 1936 679 Martii
1962 646 2027 680 erit
2049 649 2170 692 aequi-

1191 699 1362 733 noctium.
1416 697 1521 731 Tales
1548 697 1807 741 propositiones
1830 704 1910 730 sunt
1935 704 2029 730 certo
2058 710 2169 739 verae,

1192 749 1273 794 quia
1292 748 1465 783 certitudo
1483 748 1531 781 sic
1548 748 1777 791 intelligitur,
1799 745 1883 780 haec
1901 753 2067 780 eventura
2087 759 2171 787 esse,

1192 807 1229 833 ut
1247 806 1329 833 sunt
1345 800 1526 840 ordinata,
1553 805 1719 832 ettamen
1738 799 1793 842 pia
1811 810 1907 830 mens
1924 798 1988 832 scit
2003 795 2097 831 hunc
2113 811 2171 831 or-

1191 851 1310 883 dinem
1327 862 1345 883 a
1362 848 1436 883 Deo
1455 849 1585 883 mutari
1601 861 1710 894 posse.
1763 849 1815 883 Ac
1841 849 2089 881 discernantur
2114 861 2172 882 or-

1191 901 1310 934 dinata
1329 901 1373 933 ab
1390 900 1486 941 aliis,
1513 912 1602 946 quae
1619 911 1762 943 prorsus
1787 900 1941 944 pendent
1964 911 1982 932 a
2008 899 2172 933 volunta-

1191 952 1287 985 tibus
1304 949 1488 992 humanis,
1516 957 1571 984 ut:
1599 949 1684 984 Cras
1703 951 1832 983 ibimus
1851 957 2027 983 venatum.
2069 949 2173 983 Hanc

1191 1002 1387 1035 doctrinam
1405 1003 1449 1035 de
1472 1001 1672 1034 modalibus
1697 1001 1814 1034 iudico
1838 1012 1955 1033 veram
1979 1006 2013 1033 et
2037 1001 2172 1045 perspi-

1191 1065 1291 1085 cuam
1311 1063 1402 1092 esse,
1429 1059 1462 1085 et
1482 1052 1703 1096 profuturam
1721 1051 1887 1085 studiosis
1911 1052 1953 1084 ad
1980 1052 2173 1084 multarum

1191 1103 1391 1136 difficilium
1416 1102 1661 1147 quaestionum
1686 1102 1989 1137 diiudicationem.
2042 1101 2175 1135 Volens

379 1150 427 1185 Et
443 1151 548 1186 lonas
572 1154 792 1197 praedixerat
817 1154 1041 1188 interituram
1068 1165 1140 1187 esse
1191 1160 1307 1187 autem
1333 1153 1461 1186 multas
1491 1153 1625 1185 ieiunas
1654 1152 1897 1186 cavillationes
1927 1152 2108 1198 relinquo,
2136 1159 2175 1186 ut

1189 1203 1349 1249 conspici
1366 1204 1528 1238 doctrina
1546 1203 1668 1237 utilior
1687 1203 1808 1248 possit.

955 1495 1103 1526 LIBER
1145 1494 1377 1527 TERTIUS

640 1572 1137 1618 EROTEMATUM

403 1677 472 1719 De
506 1679 899 1734 Argumentatione.

157 1753 260 1794 Haec
287 1769 386 1803 pars,
421 1770 510 1804 quae
534 1760 755 1805 syllogismos
780 1768 965 1795 contexere
990 1768 1023 1796 et
1049 1761 1146 1795 iudi-

157 1822 235 1844 care
263 1810 501 1843 connexiones
533 1811 652 1853 docet,
685 1812 880 1856 plurimum
911 1812 997 1847 artis
1025 1809 1144 1851 habet,

157 1867 192 1895 et
209 1860 318 1904 magis
334 1867 383 1893 est
400 1859 636 1909 τεχνολογικὴ
654 1874 759 1907 quam
776 1863 944 1908 pleraque
961 1863 1142 1908 superiora

156 1918 217 1945 aut
233 1911 426 1956 sequentia.
478 1910 614 1958 Estque
631 1913 815 1956 diligentia
835 1914 940 1957 digna
959 1914 1063 1947 bonis
1087 1914 1142 1946 in-

157 1962 286 2006 geniis,
318 1963 557 2001 considerare,
586 1975 649 1997 cur
671 1964 758 2009 quid
787 1961 992 2006 cohaereat,
1019 1964 1055 1997 id
1082 1971 1143 2005 est,

158 2024 247 2057 quae
270 2012 314 2046 sit
337 2014 427 2047 ratio
454 2015 746 2060 consequentiae,
773 2027 836 2049 cur
858 2027 997 2049 necesse
1020 2015 1065 2049 sit
1086 2027 1142 2048 as—

158 2063 282 2096 sentiri
304 2061 430 2097 harum
454 2065 645 2108 figurarum
670 2072 703 2099 et
728 2067 918 2100 modorum
947 2066 1138 2099 connexio-

160 2113 277 2148 nibus.
304 2112 523 2157 Hebetiores,
551 2122 584 2149 et
601 2123 719 2150 tamen
735 2129 807 2150 nou
826 2117 1036 2161 petulantes,
1059 2129 1138 2150 cum

159 2163 309 2197 andiunt
331 2165 571 2209 syllogismum
599 2168 773 2211 quadrare
799 2169 843 2202 ad
869 2167 1045 2209 Barbara,
1078 2174 1138 2201 aut

159 2212 341 2255 Celarent,
361 2217 598 2258 perterrefacti
621 2216 676 2251 his
699 2219 833 2260 titulis,
866 2225 1034 2264 tanquam
1061 2230 1136 2252 ma-

158 2264 243 2322 gicis
253 2264 551 2301 incantationibus
560 2269 733 2314 recipiunt
743 2270 998 2316 syllogismum,
1011 2270 1136 2303 etiam-

158 2327 189 2349 st
205 2326 344 2348 causam
360 2319 587 2352 connexmnis
605 2332 664 2353 seu
677 2321 851 2355 rationem
863 2321 1135 2365 consequentiae

157 2365 334 2409 ignorant.
386 2365 484 2400 Talis
507 2375 556 2403 est
578 2382 703 2414 magna
726 2373 830 2406 turba
848 2370 1135 2406 Dialecticorum.

158 2415 228 2450 Sed
244 2416 418 2460 ingeniosi
434 2422 699 2456 commonefacti
716 2423 849 2464 vident,
872 2436 934 2457 cur
948 2423 1056 2468 recipi
1072 2422 1136 2457 has

158 2467 283 2510 figuras
299 2474 333 2501 et
352 2469 475 2502 modos
488 2476 658 2513 oporteat.
708 2473 804 2507 Haec
828 2486 908 2519 pars
928 2475 1136 2519 plurimum,

159 2525 197 2551 ut
213 2517 305 2559 dixi,
334 2519 418 2552 artis
444 2520 612 2554 continet.
665 2522 783 2565 Quare
800 2525 973 2568 ingeniosi
993 2525 1063 2559 sint
1084 2532 1136 2559 at-

159 2568 264 2608 tenti,
291 2580 330 2602 ae
343 2581 416 2602 non
433 2570 547 2603 solum
562 2572 708 2606 recitare
725 2574 850 2617 figuras
877 2583 910 2610 et
933 2577 1057 2609 modos
1081 2576 1137 2610 di-

159 2625 268 2660 scant,
294 2620 354 2653 sed
369 2620 473 2654 etiam
491 2633 610 2655 causas
629 2625 886 2659 connexionum
904 2627 1138 2667 considerent,

159 2675 199 2702 ut
215 2675 384 2715 tanquam
400 2672 548 2705 artifices
572 2673 702 2715 sciant,
734 2686 796 2709 cur
822 2676 921 2711 iustis
947 2678 1136 2711 connexio-

208 2720 382 2755 ΜηΑΝ-Γιι,
403 2724 506 2756 Ormi.
529 2725 610 2757 Vol..
627 2726 721 2760 XIII.

1196 1569 1695 1617 DIALECTICES.

1199 1683 1306 1718 nibus
1322 1681 1569 1716 assentiantur.
1621 1677 1724 1711 Hanc
1741 1689 1860 1712 curam
1881 1677 1943 1724 qui
1959 1675 2181 1713 adhibebunt

1197 1734 1235 1768 in
1262 1733 1526 1772 ratiocinando,
1553 1741 1608 1763 res
1635 1730 1728 1773 ipsas
1753 1730 1856 1762 etiam
1883 1729 1988 1763 altius
2011 1730 2181 1773 introspi-

1197 1785 1310 1827 cient,
1339 1791 1372 1818 et
1386 1783 1490 1817 falsas
1514 1780 1751 1814 connexiones
1774 1779 1879 1813 citius
1900 1777 2180 1823 deprehendent.

1197 1834 1244 1869 Ut
1262 1842 1377 1869 autem
1395 1834 1431 1866 in
1448 1833 1540 1865 libro
1558 1831 1719 1875 proximo
1737 1831 1783 1863 de
1803 1830 2023 1874 simplicibus
2048 1842 2179 1874 propo-

1195 1886 1385 1919 sitionibus
1404 1885 1538 1917 dictum
1554 1888 1623 1922 est,
1649 1881 1698 1914 ita
1714 1892 1809 1913 nunc
1828 1882 1870 1913 de
1893 1881 2178 1925 propositionum

1195 1937 1415 1970 connexione
1446 1933 1594 1972 dicitur,
1627 1942 1715 1976 quae
1743 1931 1943 1965 instituitur
1967 1932 2010 1964 ad
2033 1932 2178 1965 conclu-

1195 1988 1329 2020 sionem
1355 1985 1509 2030 aliquam
1541 1982 1819 2015 confirmandam
1853 1988 1912 2015 aut
1941 1982 2176 2023 refutandam,

1194 2045 1226 2072 et
1242 2034 1499 2081 argumentatio
1521 2032 1670 2071 dicitur,
1697 2038 1730 2066 et
1756 2043 1931 2065 summum
1955 2045 2044 2077 opus
2065 2040 2117 2067 est
2138 2033 2175 2065 in

1193 2087 1462 2130 investigatione
1485 2083 1652 2119 veritatis,
1711 2081 1803 2115 Nam
1826 2083 1864 2115 in
1886 2084 1986 2116 omni
2016 2084 2176 2128 disputa-

1191 2140 1287 2174 tione
1305 2150 1344 2172 ac
1361 2135 1621 2171 deliberatione
1638 2131 1696 2167 hic
1714 2133 1794 2166 finis
1810 2140 1879 2174 est,
1905 2140 1944 2167 ut
1961 2145 2024 2178 per
2046 2133 2174 2167 confir-

1191 2191 1382 2224 mationem
1401 2194 1433 2221 et
1451 2186 1701 2220 refutationem
1718 2184 1861 2218 inventa
1882 2184 2045 2223 veritate,
2072 2196 2175 2217 men-

1189 2248 1240 2276 tes
1256 2239 1491 2286 acquiescant.

1417 2340 1514 2385 Quid
1542 2343 1600 2376 est
1624 2334 1945 2386 Argumentatio?

1289 2416 1562 2464 Argumentatio
1586 2421 1636 2448 est
1659 2413 1793 2451 oratio,
1825 2412 1863 2445 in
1891 2422 1959 2457 qua
1992 2411 2171 2445 conclusio

1189 2472 1308 2518 aliqua
1326 2471 1573 2507 confirmatur,
1600 2470 1661 2498 aut
1676 2464 1849 2497 refutatur
1863 2474 1926 2507 per
1949 2461 2035 2496 alias
2054 2463 2173 2497 notio-

1190 2536 1245 2558 res
1261 2521 1538 2568 propositiones,
1567 2515 1788 2549 continentes
1813 2525 1951 2547 causam
1975 2513 2174 2547 conclusio-

1191 2575 1264 2615 nis,
1291 2580 1323 2606 et
1338 2578 1430 2605 recte
1444 2570 1487 2603 ad
1504 2580 1578 2601 eam
1594 2565 1882 2600 accommodatas.
1922 2563 1994 2597 Nec
2011 2564 2173 2598 discerno

1192 2626 1261 2659 iam
1278 2619 1616 2665 argumentationem
1634 2623 1666 2650 et
1680 2621 1936 2659 argumentum.
1967 2613 2062 2647 Idem
2078 2615 2172 2647 enim

1193 2676 1285 2710 valet
1302 2673 1428 2707 usitata
1453 2668 1628 2705 definitio:
1655 2665 1914 2712 Argumentum
1935 2672 1985 2699 est
2007 2665 2096 2700 ratio
2123 2665 2173 2697 rei

1610 2718 1659 2753 38
