2379 2948
160 102 230 137 359
397 96 602 133 sentem
638 93 710 128 PH.
743 89 855 126 MEL.
884 88 950 124 AD
975 88 1100 124 HIST.
1129 87 1271 125 PROF.
1300 88 1366 123 ET
1393 87 1587 123 PHtLOS.
1616 85 1937 123 SPECTANTIA.
2106 88 2182 123 360

161 184 363 229 praesertim
388 182 585 222 durabiles,
612 185 650 211 ut
674 186 852 215 amorem,
879 175 1018 215 odium,
1055 186 1141 219 qua-
1169 176 1173 214 1
1196 174 1282 214 cali,
1317 186 1394 207 cnm
1422 185 1484 217 per
1507 184 1541 205 se
1564 178 1726 205 movetur
1751 179 1884 213 totum,
1917 184 1998 217 pars
2021 178 2184 206 movetur

162 238 271 269 litatus
291 246 372 268 esse.

1169 216 1174 258 l
1197 237 1258 268 per
1286 225 1446 257 accidens
1474 225 1517 256 ad
1542 230 1679 256 motum
1695 223 1813 256 totius,

1866 222 2082 256 Contentum
2106 235 2183 255 mo-

264 286 346 318 l.oci
366 281 511 315 mutatio
540 285 589 310 est
614 284 748 315 motus,
786 289 855 320 quo
872 277 1020 309 subinde
1048 276 1145 308 aliud
1170 261 1174 323 1
1199 282 1299 307 vetur
1318 287 1379 318 per
1395 275 1556 307 accidens
1582 275 1623 305 ad
1651 280 1786 306 motum
1816 274 2050 312 continentis,
2078 281 2117 306 ut
2132 285 2186 306 se-

162 338 315 380 spacium
333 331 526 375 acquiritur
543 329 579 360 iu
599 328 801 361 continente
821 339 967 371 corpus,
996 333 1053 359 aut
1069 339 1146 359 cor·
1171 326 1174 349 ⁸

164 387 256 430 poris
277 391 399 428 partes.

268 481 448 524 Quomodo
478 481 722 513 nominantur
753 481 864 513 initia
897 483 933 512 et
958 476 1049 524 fines

560 528 750 563 tuomum?

264 598 455 631 Terminus
473 609 489 628 a
503 596 723 640 qnodicitur,
742 596 836 627 unde
852 596 889 627 fit
908 601 1034 628 motus.
1062 593 1150 626 Ter-

163 651 279 683 minus
298 651 339 682 ad
359 660 462 693 quem
483 653 531 679 est
549 647 582 679 id
595 672 605 686 ‚
635 647 729 690 quod
750 646 943 690 acquiritur
958 652 1067 678 motu.

380 751 481 789 Quae
497 753 552 782 est
566 750 779 791 proprietas
793 744 936 781 motus?

266 814 468 857 Proprietas
493 818 608 845 motus
626 818 694 851 est,
721 811 911 845 successive
928 810 1014 842 fieri.
1069 808 1152 841 Ideo

168 864 374 898 Aristoteles
401 863 532 907 inquit:
588 861 717 895 Omnis
734 869 848 894 motns
873 861 909 893 fit
932 861 1153 902 intempore,

166 917 199 947 id
220 923 283 957 est,
311 915 514 955 successive,
540 926 611 946 nou
631 913 667 944 in
687 912 843 946 instanti.
871 910 935 944 Est
952 911 1045 943 enim
1063 917 1152 942 tem—

167 977 230 1008 pus
260 965 420 1007 duratio,
462 965 515 996 vel
545 975 706 996 mensura
733 962 949 1002 durationis,
984 958 1050 993 hoc
1084 967 1153 1000 est,

166 1027 327 1048 mensura
347 1023 459 1047 motus
475 1016 667 1046 secuudum
686 1014 781 1057 prins
798 1020 830 1046 et
849 1012 1030 1056 posterius.

270 1065 338 1099 Sed
364 1069 406 1097 de
435 1064 660 1106 generatione
687 1071 719 1095 et
746 1063 971 1106 corruptione
1002 1060 1153 1105 quadam

166 1116 346 1148 dialectica
363 1115 555 1147 subtilitate
571 1114 672 1145 aliter
682 1114 873 1155 disputant.
899 1111 1034 1146 Dicunt
1049 1122 1154 1155 gene·
1178 1137 1184 1143 .

166 1167 335 1198 rationem
354 1172 384 1197 et
404 1164 668 1206 corruptionem
687 1163 761 1195 fieri
785 1163 821 1194 in
841 1162 1006 1203 instanti,
1034 1170 1074 1195 ut
1093 1175 1155 1195 vo-

165 1223 263 1254 cant,
292 1228 362 1247 non
382 1215 586 1247 successive.
642 1212 794 1258 Ideoque
812 1225 867 1246 eas
884 1215 1020 1246 malunt
1039 1214 1157 1245 nomi-

165 1278 250 1297 nare
266 1266 488 1304 mutationes,
506 1276 609 1308 quain
627 1271 751 1298 motus,
787 1263 904 1297 Huius
919 1264 1156 1298 cavillationis

166 1315 222 1348 bie
242 1316 320 1348 fons
335 1323 396 1351 est,
448 1313 629 1347 Dialectici
650 1314 773 1347 dicunt
790 1315 921 1349 formas
944 1315 1156 1348 substantia-

165 1367 214 1398 les
241 1378 313 1399 non
339 1366 492 1407 recipere
516 1365 624 1407 magis
649 1371 683 1397 et
706 1365 844 1405 minus,
872 1379 936 1399 nee
962 1365 1156 1398 divisibiles

167 1428 258 1454 esse,
287 1416 375 1448 sicut
393 1415 598 1459 qualitates,
628 1415 740 1456 calor,
766 1417 876 1459 frigus
906 1423 938 1449 et
959 1416 1047 1448 aliae
1069 1414 1156 1446 reci-

166 1467 269 1508 piunt
289 1466 396 1508 magis
413 1472 445 1498 ct
463 1465 599 1504 minim,
627 1471 661 1499 et
681 1474 762 1499 sunt
780 1467 993 1505 divisibiles,
1021 1472 1054 1498 et
1070 1476 1156 1508 pau-

168 1517 265 1549 latim
285 1516 400 1559 plnres
420 1517 548 1556 gradus
573 1518 818 1562 acquiruntur.
874 1516 956 1549 Ideo
976 1528 1054 1548 cnm
1080 1515 1157 1547 ani-

167 1567 237 1599 mal
255 1573 462 1608 generatur,
494 1575 623 1609 negant
646 1569 793 1600 formam
812 1566 1076 1600 substantialem
1097 1577 1158 1608 per

167 1625 280 1660 partes
296 1618 441 1661 acquiri.
497 1618 564 1652 Sed
583 1624 768 1662 postquam
783 1617 1052 1650 alterationibus
1075 1616 1158 1648 satis

169 1667 338 1710 disposita
363 1674 415 1702 est,
441 1669 604 1707 materia,
639 1675 712 1700 tum
739 1669 879 1700 demum
906 1667 1028 1700 dicunt
1053 1665 1158 1698 simul

170 1717 348 1750 introduci
368 1717 515 1752 iol-mam
534 1718 799 1751 substantialem
821 1718 858 1749 in
876 1717 1031 1750 instanti.

271 1766 368 1802 Haec
400 1769 536 1802 somnia
562 1768 671 1813 aliqui
705 1779 832 1810 magno
858 1768 1011 1801 tumultu
1037 1767 1158 1799 desen-

169 1819 280 1857 dunt,
309 1832 385 1853 cum
405 1826 518 1852 autem
538 1819 672 1852 vanitas
687 1818 869 1851 manifesta
886 1818 948 1855 sit,
978 1817 1157 1861 relinqua-

170 1882 249 1903 mus
281 1882 340 1908 ea,
373 1882 435 1902 nec
462 1881 548 1912 opus
582 1876 629 1901 est
662 1868 886 1903 refutatione.
947 1868 1080 1901 Verum
1109 1873 1159 1900 est

173 1920 265 1952 enim
283 1921 385 1953 etiam
403 1921 533 1952 formas
552 1919 794 1951 substantiales
814 1916 942 1951 babere
963 1925 1076 1962 partes
1099 1929 1158 1949 sen

173 1971 319 2011 gradus,
348 1977 379 2003 et
404 1970 571 2013 paulatim
595 1969 713 2012 plures
737 1970 865 2010 gradus
884 1969 1035 2013 acquiri,
1065 1975 1103 2001 ut
1123 1968 1158 1999 in
1184 1977 1186 1982 ⁸

174 2020 397 2062 generatione
420 2020 573 2055 arboris,
603 2025 662 2051 aut
685 2019 796 2050 bovis.
848 2017 986 2051 Horum
1013 2030 1153 2060 genera-

174 2072 286 2102 tiones
301 2071 404 2102 etiam
423 2069 634 2102 successivae
651 2075 742 2107 sunt,
768 2075 806 2101 ut
821 2069 970 2102 aliorum
988 2075 1158 2103 motuum.

176 2120 284 2165 ldqne
303 2121 457 2154 defendit
478 2119 657 2153 Averrois.

417 2223 491 2255 Dic
513 2221 713 2255 divisiones
739 2224 915 2254 motuum.

279 2285 357 2318 Alia
377 2297 486 2328 perse
505 2292 704 2325 moventur,
725 2285 790 2317 alia
808 2297 869 2328 per
884 2284 1057 2317 accidens.
1093 2282 1160 2316 Per

178 2349 210 2369 se
228 2343 433 2375 moventur,
461 2348 548 2380 quae
564 2336 705 2379 proprie
724 2342 757 2368 et
781 2335 1023 2379 principaliter
1038 2334 1159 2378 acqui—

179 2394 260 2419 runt
277 2386 464 2420 terminum
484 2393 608 2419 motus.
645 2384 691 2419 Ut
710 2392 874 2427 generato
890 2383 1047 2425 homine,
1075 2385 1158 2417 sub-

178 2437 302 2469 stantia
321 2443 505 2477 generatur
520 2448 580 2479 per
595 2448 640 2469 se.
688 2436 891 2469 Accidentia
911 2447 971 2478 per
987 2435 1158 2474 accidens,

178 2488 211 2518 id
233 2493 301 2525 est,
329 2484 471 2517 haerent
496 2486 531 2517 in
557 2498 616 2524 eo,
643 2487 737 2530 quod
764 2492 966 2529 generatur,
991 2497 1054 2518 nec
1076 2493 1159 2518 snut

178 2535 380 2580 principalis
396 2536 566 2568 terminus
580 2537 825 2578 generationis.

279 2584 463 2619 Caeterum
490 2597 562 2617 non
585 2597 656 2618 uno
677 2589 800 2626 modo,
828 2587 886 2619 sed
914 2584 1157 2628 multipliciter

178 2638 344 2671 dicuntur
367 2646 419 2668 res
442 2635 575 2668 moveri
593 2647 654 2678 per
673 2637 848 2678 accidens,
876 2643 913 2672 ut
929 2637 964 2670 in
987 2642 1084 2670 motu
1103 2635 1157 2668 lo-

1199 328 1285 357 dens
1303 326 1339 357 in
1358 326 1451 363 navi,
1470 336 1558 369 quae
1576 324 1726 367 impulsa
1744 324 1781 355 in
1799 323 1899 367 aquis
1916 321 2067 357 vehitur.
2096 322 2187 357 Cum

1201 377 1345 409 morbus
1363 383 1526 415 curatur,
1553 381 1592 407 ut
1609 374 1764 407 cruditas
1781 374 1818 406 in
1838 373 2033 406 ventriculo
2046 400 2055 413 ‚
2083 374 2187 405 simul

1201 433 1343 458 curatur
1360 438 1420 469 per
1436 426 1596 458 accidens
1612 432 1818 470 symptoma,
1845 431 1885 457 ut
1900 423 2050 466 vigiliae.
2084 422 2188 456 Facta

1202 477 1407 509 alteratione
1426 477 1461 508 in
1482 475 1698 514 ventriculo,
1725 482 1764 508 ut
1779 487 1900 507 rursus
1918 480 2131 518 concoquat,
2157 480 2190 506 et

1204 527 1339 559 emittat
1357 539 1480 559 suaves
1498 524 1645 565 balitus,
1673 523 1710 558 hi
1727 526 1763 558 in
1782 526 1926 558 cerebro
1945 530 2064 569 postea
2088 523 2190 558 etiam

1203 589 1366 609 somnum
1387 578 1523 609 efficere
1538 582 1697 620 possunt.

1574 683 1661 716 Alia
1680 682 1824 719 divisim

1308 746 1419 780 Valde
1447 747 1545 780 utilis
1569 754 1620 780 est
1641 748 1768 781 divisio
1783 775 1792 789 ‚
1827 761 1895 793 qua
1918 757 2053 784 motum
2076 749 2196 782 distri-

1207 797 1348 831 bnimus
1366 798 1401 830 in
1423 798 1631 839 naturalem,
1661 799 1869 840 violentum,
1896 806 1929 832 et
1946 801 2147 834 animalem.

1307 856 1486 892 Naturalis
1503 863 1570 900 cst,
1606 861 1705 892 culus
1721 871 1822 892 causa
1840 865 1889 891 est
1906 860 2120 902 principium
2140 859 2195 890 in-

1207 914 1366 948 ternum,
1394 909 1575 950 videlicet,
1604 911 1676 953 ipsa
1703 917 1828 943 natura
1851 910 2027 942 inclinans
2050 910 2093 942 ad
2117 921 2196 942 eum

1207 965 1353 992 motum.
1408 959 1465 992 Sic
1494 967 1528 994 ct
1550 961 1676 994 usitate
1700 961 1847 995 dicitur:
1884 960 2005 993 Motus
2024 958 2197 993 naturalis

1207 1015 1274 1047 est,
1310 1009 1371 1052 qui
1394 1010 1433 1044 fit
1458 1024 1476 1044 a
1503 1012 1678 1055 principio
1704 1012 1873 1045 interiore
1900 1011 2100 1044 conserente
2123 1010 2196 1041 vim

1208 1069 1328 1101 passo,
1361 1062 1396 1094 id
1421 1068 1489 1100 est,
1525 1063 1725 1095 conferente
1759 1062 2026 1095 inclinationem
2059 1060 2196 1094 mobili.

1208 1108 1324 1155 Supra
1345 1108 1439 1144 enim
1457 1112 1589 1144 dictum
1605 1119 1665 1150 est,
1693 1113 1860 1146 omnibus
1879 1112 2086 1155 corporibus
2100 1123 2196 1144 com—

1210 1170 1324 1204 petere
1342 1174 1422 1194 suos
1440 1169 1575 1201 motus,
1603 1169 1638 1195 et
1655 1169 1816 1195 naturam
1834 1163 1953 1195 vocari
1972 1163 2068 1194 illam
2086 1162 2197 1205 ipsam

1210 1213 1477 1245 inclinationem
1498 1213 1540 1244 ad
1559 1219 1671 1245 certos
1688 1220 1815 1246 motus.
1861 1211 1914 1245 De
1933 1210 1997 1245 hac
2013 1212 2126 1255 specie
2142 1223 2197 1244 re-

1209 1263 1288 1305 gula
1315 1270 1380 1295 est:
1441 1263 1556 1295 lotum
1582 1263 1777 1295 naturalem
1804 1275 1876 1296 esse
1893 1263 2126 1303 uniformem,
2150 1262 2199 1295 si—

1210 1320 1267 1345 cut
1291 1324 1395 1354 grave
1420 1325 1558 1356 semper
1584 1314 1746 1345 deorsum
1770 1313 1891 1347 fertur.
1946 1312 2042 1355 Ignis
2063 1324 2198 1356 semper

1210 1363 1378 1396 calefacit.
1858 1366 1879 1389 ὗ

1313 1412 1417 1454 Quod
1436 1412 1712 1446 autemdicitur:
1744 1412 1863 1446 Motus
1882 1413 2053 1446 naturalis
2064 1419 2113 1446 est
2128 1413 2198 1445 ini-

1211 1464 1258 1496 tio
1285 1464 1463 1495 remissior
1497 1470 1529 1496 et
1554 1463 1590 1495 in
1616 1462 1684 1494 fine
1706 1464 1878 1504 velocior,
1916 1463 2068 1505 intelligi
2094 1464 2197 1497 debet

1211 1515 1254 1545 de
1279 1520 1377 1546 motu
1411 1513 1533 1551 locali,
1566 1519 1605 1545 ut
1634 1513 1753 1554 gravia
1782 1514 1818 1545 in
1850 1517 1947 1553 aere,
1981 1514 2063 1558 qnia
2088 1514 2197 1556 magis

1210 1564 1389 1608 magisque
1419 1564 1556 1607 pellunt
1582 1564 1719 1603 aerem,
1753 1565 1790 1596 in
1817 1564 1885 1596 fine
1920 1570 2110 1597 moventur
2137 1576 2196 1596 ve-

1210 1614 1333 1647 locius,

1314 1663 1501 1696 Violentus
1525 1669 1640 1695 motus
1657 1670 1726 1701 est,
1754 1663 1814 1706 qui
1835 1670 1885 1696 est
1903 1676 1922 1695 a
1945 1664 2120 1708 principio
2140 1677 2196 1697 ex-

1211 1720 1324 1753 terno,
1349 1726 1421 1746 non
1439 1714 1639 1746 conserente
1657 1714 1727 1746 vim
1746 1725 1860 1756 passo,
1881 1713 1917 1746 id
1935 1721 1996 1753 est,
2021 1727 2095 1747 non
2112 1726 2197 1747 con-

1211 1765 1345 1797 ferente
1377 1764 1574 1796 naturalem
1608 1764 1875 1797 inclinationem
1906 1765 2044 1798 mobili.
2097 1765 2196 1798 Adeo

1212 1815 1305 1847 enim
1332 1815 1462 1847 mobile
1489 1827 1561 1847 non
1587 1811 1692 1848 habet
1715 1814 1982 1847 inclinationem
2001 1816 2196 1848 naturalem

1212 1866 1253 1897 ad
1283 1877 1362 1897 eum
1388 1872 1543 1904 motum,
1572 1871 1610 1898 ut
1634 1865 1770 1898 resistat
1787 1865 1891 1898 etiam
1916 1865 2129 1909 impellenti:
2158 1872 2195 1898 nt

1212 1927 1290 1948 cum
1311 1915 1399 1958 lapis
1421 1927 1559 1948 sursum
1582 1915 1779 1958 proiicitur.

1313 1973 1368 2006 De
1393 1971 1456 2005 hac
1481 1973 1595 2015 specie
1620 1973 1767 2010 dicitur,
1795 1972 1942 2006 violenti
1965 1980 2081 2007 motus
2105 1974 2195 2007 acci-

1212 2025 1293 2056 dere
1313 2024 1373 2055 uni
1399 2023 1538 2066 corpori
1557 2023 1768 2066 multiplices
1786 2030 1941 2065 possunt.
1999 2023 2047 2057 Ut
2062 2025 2196 2068 lapides

1212 2085 1349 2106 sursum
1371 2074 1514 2117 profici,
1541 2073 1649 2106 autin
1668 2085 1770 2118 gyros
1792 2073 1998 2115 circumagi,
2025 2082 2084 2108 aut
2102 2076 2195 2108 varie

1213 2125 1249 2156 in
1277 2124 1380 2167 plano
1407 2124 1503 2155 volvi
1528 2131 1685 2167 possunt.
1741 2122 1844 2156 Item:
1879 2122 2001 2157 Motus
2018 2125 2194 2158 violentus

1214 2174 1315 2207 initio
1336 2174 1490 2207 velocior
1507 2180 1569 2214 est,
1595 2174 1722 2206 deinde
1741 2173 1910 2218 paulatim
1928 2175 1964 2207 fit
1984 2175 2194 2218 languidior.

1312 2232 1488 2265 Animalis
1512 2238 1628 2265 motus
1651 2237 1720 2269 est,
1755 2232 1815 2275 qni
1840 2233 1955 2265 oritur
1978 2245 1996 2266 a
2020 2234 2194 2278 principio

1214 2284 1375 2323 interno,
1408 2283 1466 2315 sed
1498 2294 1571 2315 non
1595 2282 1795 2314 conserente
1822 2283 1891 2315 vim
1919 2295 2035 2325 passo,
2071 2284 2106 2317 id
2133 2292 2194 2321 est,

1212 2346 1285 2367 non
1315 2333 1516 2366 conferente
1546 2332 1742 2365 naturalem
1770 2333 2033 2366 inclinationem
2060 2335 2193 2369 mobili.

1211 2383 1300 2417 Nam
1325 2384 1362 2415 in
1387 2383 1600 2415 animalibus
1625 2383 1757 2425 regitur
1777 2390 1891 2416 motus
1908 2396 1925 2416 a
1943 2384 2115 2428 principio
2134 2397 2192 2417 co·-

1211 2440 1416 2476 gnoscente,
1443 2434 1536 2475 qnod
1557 2433 1705 2477 imperat
1719 2440 1854 2466 motum
1873 2434 2000 2473 nervis,
2024 2445 2087 2466 suo
2106 2446 2192 2478 quo-

1212 2486 1290 2517 dam
1309 2485 1424 2516 modo.
1454 2483 1525 2516 Nec
1542 2483 1659 2516 nervis
1676 2484 1844 2517 inseritur
1859 2483 1975 2527 aliqua
1993 2484 2044 2515 vis
2059 2496 2076 2516 a
2094 2485 2192 2528 prin-

1211 2535 1301 2577 cipio
1329 2541 1567 2576 cognoscente.
1620 2532 1673 2566 De
1696 2531 1760 2566 hac
1783 2533 1898 2577 specie
1929 2534 2069 2576 regulae
2094 2542 2190 2568 sunt:

1211 2583 1332 2618 Motus
1350 2585 1512 2617 animalis
1532 2596 1604 2617 non
1621 2591 1671 2618 est
1689 2583 1886 2617 uniformis.
1938 2582 2041 2617 Item:
2071 2584 2191 2619 Motus

1209 2635 1372 2669 animalis
1389 2635 1492 2669 initio
1509 2634 1688 2668 remissior
1704 2640 1764 2675 est,
1791 2633 1829 2666 in
1845 2634 1960 2667 medio
1976 2635 2114 2676 fortior,
2135 2648 2190 2668 ca-
