2379 2948
242 66 336 102 1095

240 164 312 184 ram
326 178 334 191 ,
352 152 578 184 necessariam
597 157 630 183 et
645 149 828 182 salutarem
847 149 1043 182 doctrinam
1059 161 1132 182 non
1151 159 1221 181 esse

242 202 485 235 abiiciendain.
545 201 643 233 Hanc
674 200 779 242 igitur
812 199 961 232 fideliter
990 199 1164 233 retineant
1191 204 1224 231 et

244 265 317 285 non
336 260 480 286 mutent.
534 250 657 283 Postea
674 250 702 282 si
720 261 786 294 qna
805 250 857 282 vis
874 251 1041 283 adversus
1067 262 1124 282 eos
1149 260 1224 281 sus-

243 303 391 347 cipitur,
420 302 571 345 primum
590 307 709 344 petant
729 307 761 333 et
779 307 958 344 expectent
975 313 993 333 a
1011 298 1093 332 Deo
1109 299 1225 332 consi—

246 354 290 385 lia
308 360 340 386 et
358 352 614 385 defensionem:
644 351 772 384 deinde
789 351 941 393 cogitent
958 351 1086 395 quibus
1101 348 1226 383 huma-

246 404 299 435 nis
326 402 506 446 praesidiis
530 402 581 435 nti
605 408 736 434 rectum
756 401 818 439 sit,
846 413 997 446 quorum
1025 400 1226 434 coniunctio

246 454 411 495 fugienda
435 453 488 486 sit.
542 451 696 485 Utantur
719 452 954 484 mediocribus
980 452 1088 496 copiis
1112 449 1227 483 homi-

247 516 332 536 num
357 505 398 536 de
425 515 505 536 vera
527 503 688 536 doctrina
713 502 1026 540 consentientium,
1056 508 1089 535 et
1112 499 1228 534 Deum

248 566 326 586 curn
354 554 436 597 ipsis
452 559 542 587 recte
561 552 821 593 invocantium,
850 564 921 585 non
947 553 1113 585 misceant
1137 552 1230 585 blas-

249 601 411 647 phemos,
449 616 520 637 non
543 602 722 637 attrahant
746 603 883 636 Turcos
903 610 962 636 aut
987 603 1135 643 similes,
1171 604 1230 635 sed

249 655 360 687 sciant
384 656 502 687 adesse
526 654 638 688 Deum
669 655 704 686 in
730 654 821 694 acie,
858 660 889 686 et
914 653 1139 697 praecipuum
1166 654 1231 686 du-

251 716 323 737 cem
342 712 373 738 et
391 712 684 748 propugnatorem
706 715 788 738 esse.

351 755 426 788 Hac
444 756 509 788 fide
525 756 693 787 dimicent
710 767 787 787 cum
804 765 892 798 opus
912 761 979 795 est,
1007 755 1086 788 freti
1103 755 1232 787 auxilio

250 803 347 844 Dei,
376 812 407 839 et
423 818 494 838 non
519 806 588 838 sint
612 806 727 848 ignavi
751 811 783 837 et
799 816 937 847 segnes,
964 806 1093 839 faciant
1117 817 1234 838 neces-

252 856 361 895 saria,
388 863 422 889 et
444 868 517 888 non
535 863 698 888 moveant
720 867 791 887 non
817 856 1026 896 necessaria,
1052 856 1149 889 inani
1169 868 1234 890 710-

252 904 560 952 tvnpayiaeoov'vqy:
590 906 717 938 multas
738 905 886 937 iniurias
909 907 1059 940 tolerent
1076 919 1114 940 ac
1133 907 1235 939 dissi-

253 957 407 997 mulent,
436 969 524 1001 quae
540 957 615 989 sine
632 956 811 998 impietate
833 955 1048 989 dissimulari
1068 964 1224 1001 possunt.

356 1006 407 1040 De
431 1005 496 1040 hac
522 1007 589 1039 fide
615 1013 646 1038 et
669 1004 732 1038 hac
756 1017 881 1039 arcana
906 1007 1074 1050 sapientia
1097 1008 1236 1051 piorum

255 1058 484 1090 concionatur
502 1055 557 1090 hic
573 1056 749 1095 Psalmus,
777 1068 865 1100 quae
888 1056 924 1088 in
943 1058 1160 1101 quotidianis
1178 1070 1237 1101 pe-

255 1108 376 1141 riculis
400 1107 564 1140 discenda
589 1114 657 1147 est,
686 1114 718 1140 et
745 1107 817 1149 ipsa
841 1107 921 1139 fidei
947 1109 1109 1141 exercitia
1136 1121 1238 1141 mon-

256 1160 417 1191 strabunt
448 1158 636 1191 discrimen
662 1154 836 1190 humanae
865 1155 1238 1206 πολυπραγμοσύνης,
1262 1171 1264 1182 ¹

256 1216 288 1241 et
305 1209 391 1242 lucis
411 1209 502 1242 fidei.

356 1259 555 1303 Propositio
573 1266 639 1292 est:
666 1256 771 1291 Deus
789 1263 955 1292 noslrum
980 1259 1164 1307 refugium
1189 1264 1238 1293 εει

258 1315 287 1342 et
303 1307 511 1357 fortitude,
540 1313 570 1342 el
585 1308 796 1342 auxiliator
815 1309 852 1341 in
871 1309 1122 1345 tribulatione.
1164 1310 1239 1343 Hac

257 1360 512 1393 asseveratione
539 1360 688 1393 celebrat
713 1360 919 1392 beneficium
945 1360 1031 1400 Dei,
1071 1368 1103 1394 et
1134 1361 1238 1393 simul

259 1411 328 1453 agit
343 1411 487 1453 gratias,
506 1417 538 1443 et
553 1410 820 1453 promissionem
838 1411 940 1443 nobis
956 1412 1140 1455 proponit,
1162 1412 1240 1455 pol-

258 1462 420 1494 licentem
438 1460 606 1494 auxilium
627 1472 837 1504 quocunque
854 1467 1021 1504 tempore.

361 1511 545 1546 Secundus
566 1522 682 1543 versus
707 1517 757 1543 est
773 1521 1007 1555 consequens,
1037 1518 1069 1544 et
1085 1512 1239 1555 adplica-

259 1563 307 1595 tio
335 1561 597 1606 propositionis.

259 1613 413 1645 ficiamus
438 1624 455 1644 a
473 1611 567 1651 Deo,
592 1611 690 1644 fracti
709 1617 802 1643 metu
823 1608 986 1643 hostium.

360 1662 497 1696 Deinde
514 1668 710 1706 sequuntur
732 1661 1037 1704 amplificationes,
1058 1661 1095 1693 in
1112 1663 1240 1706 quibus

260 1713 492 1747 similitudine
518 1713 669 1757 quadam
697 1711 892 1755 pinguntur
922 1711 1151 1755 imperiorum
1184 1720 1240 1746 tu-

260 1765 403 1799 multus.
457 1762 662 1797 Similitudo
685 1761 836 1795 sumitur
861 1773 878 1794 a
901 1769 1046 1795 naturae
1070 1763 1239 1806 partibus,

262 1816 320 1848 sed
336 1814 507 1857 significat
527 1813 684 1857 imperia.
736 1810 886 1845 Etiamsi
913 1818 1003 1844 terra
1022 1821 1181 1858 quassata
1208 1822 1239 1847 et

262 1878 357 1899 mare
392 1865 628 1897 intumescens
664 1863 929 1896 confundantur
969 1863 1062 1896 inter
1094 1875 1166 1896 sese
1203 1865 1239 1897 in

261 1928 373 1950 unum
389 1913 513 1954 chaos,
541 1914 574 1946 id
595 1920 661 1952 est,
687 1913 821 1947 etiamsi
846 1913 963 1946 omnia
987 1914 1132 1957 imperia
1156 1912 1239 1948 hor-

261 1967 426 2000 ribilibus
441 1964 650 1999 tumultibus
668 1964 760 1996 iuter
773 1974 845 1996 sese
861 1963 1094 2003 collidantur,
1123 1972 1239 1999 tamen

262 2028 424 2050 mansura
442 2022 491 2048 est
508 2014 663 2048 Ecclesia
681 2012 757 2047 Dei.

362 2067 479 2101 Huius
495 2064 776 2108 amplificationis
793 2063 942 2097 illustria
968 2066 1121 2109 exempla
1145 2074 1240 2111 sunt,

261 2118 352 2152 bella
369 2114 610 2156 Sennaherib,
634 2114 819 2148 Persarum
837 2121 869 2147 et
886 2115 1079 2148 Alexandri
1095 2117 1240 2156 bellum,

263 2168 405 2214 Syriaca
422 2174 455 2201 et
471 2166 633 2201 Romana
658 2165 766 2202 bella,
796 2164 830 2196 in
847 2165 975 2209 quibus
1001 2177 1079 2198 cnm
1106 2167 1239 2200 vicina-

262 2231 342 2253 rum
366 2219 523 2262 gentium
548 2216 690 2260 politiae
710 2222 742 2248 et
756 2215 942 2257 religiones
959 2216 1059 2248 valde
1088 2225 1240 2252 mutatae

261 2270 350 2310 sint,
376 2275 494 2302 tamen
510 2267 605 2302 Deus
620 2266 830 2299 mirabiliter
851 2266 934 2300 texit
957 2277 1038 2299 suae
1061 2268 1240 2302 doctrinae

262 2322 377 2354 sedem
395 2327 428 2353 et
443 2318 647 2353 Ecclesiam.

364 2369 445 2404 Ideo
464 2370 621 2414 sequitur
641 2369 676 2400 in
696 2374 819 2412 quarto
836 2379 936 2400 versu
955 2367 1101 2400 alterum
1130 2380 1240 2400 mem-

261 2422 363 2455 brum
389 2421 605 2460 collationis,
631 2415 824 2451 Fluminis
849 2415 963 2450 rivuli
989 2416 1164 2462 rigabunt
1190 2418 1240 2450 ci-

263 2470 407 2504 vilatem
430 2469 522 2511 Dei,
560 2471 658 2515 quasi
685 2469 791 2502 dicat:
823 2466 970 2501 Etiamsi
988 2469 1072 2501 alibi
1090 2476 1179 2502 terra
1206 2477 1239 2502 et

260 2533 354 2554 mare
381 2529 537 2565 quassata
561 2521 802 2553 miscebuntur
832 2519 869 2551 in
893 2531 1002 2552 unum
1028 2516 1153 2562 chaos,
1186 2526 1237 2552 ta-
1262 2542 1263 2547 ,

259 2583 339 2604 men
362 2583 434 2603 non
458 2572 694 2604 turbabuntur
717 2571 831 2603 fontes
856 2576 887 2603 et
906 2570 1032 2609 rivuli,
1060 2570 1119 2615 qui
1145 2568 1235 2603 hanc

258 2623 450 2661 civitatem,
478 2633 565 2665 quae
584 2629 630 2654 est
645 2622 742 2653 sedes
758 2620 941 2663 praecipua
959 2621 1139 2654 doctrinae
1155 2620 1233 2658 Dei,

828 63 952 99 PHlL.
980 61 1095 98 MEL.
1120 61 1328 98 SCRIPTA
1355 60 1653 97 EXEGETICA.

651 1560 732 1593 Ideo
759 1572 831 1592 non
849 1561 1051 1602 timeamus,
1079 1574 1152 1594 non
1179 1563 1239 1594 de-
1264 1567 1266 1571 '

2154 65 2252 101 1096

1272 148 1459 182 constituta
1475 148 1640 180 mandato
1659 146 1745 187 Dei,
1772 154 1863 180 recte
1880 148 2038 191 fungitur
2055 151 2250 185 ministerio

1273 197 1498 243 prophetico,
1526 195 1629 231 habet
1652 195 1848 242 Prophetas
1874 206 1966 232 recte
1990 199 2152 234 docentes
2175 214 2252 235 ver-

1275 251 1358 282 bum
1377 248 1462 289 Dei,
1490 248 1650 290 irrigant.

1378 299 1531 333 Usitatae
1551 305 1631 331 sunt
1655 298 1842 341 allegoriae
1868 298 1981 332 dicere
2002 299 2134 340 fontes,
2160 300 2257 334 rivu-

1279 350 1351 391 los,
1379 361 1442 394 pro
1460 349 1619 382 doctrina
1638 356 1670 382 et
1689 361 1835 381 munere
1853 350 2017 385 docendi.

1378 398 1440 433 Est
1465 407 1498 434 et
1524 398 1589 432 hoc
1614 401 1782 432 usitatum
1807 400 1844 432 in
1861 399 2029 438 Psalmis,
2058 412 2135 432 cum
2162 400 2260 443 prius

1278 450 1413 495 aliquid
1438 451 1583 493 figurate
1600 451 1732 484 dictum
1756 457 1827 491 est,
1859 456 1980 494 postea
2009 461 2151 494 prorsus
2169 451 2260 483 idem

1278 501 1354 534 sine
1389 501 1497 544 figura
1530 502 1683 544 apertius
1713 501 1847 541 dicere,
1882 507 1920 534 ut
1947 501 1985 534 fit
2009 501 2046 534 iu
2072 500 2196 544 quinto
2229 507 2262 534 et

1280 557 1374 584 sexto
1397 562 1517 589 versu,
1545 551 1595 584 ibi
1622 552 1713 584 clare
1739 551 1868 584 dicitur
1895 552 2027 584 servari
2054 549 2261 589 Ecclesiam,

1281 601 1363 646 quia
1383 600 1478 634 Deus
1507 601 1544 633 in
1563 613 1601 633 ea
1628 599 1760 634 habitet
1784 609 1815 635 et
1832 613 1907 634 eam
1925 602 2083 635 adiuvet:
2113 609 2263 635 caeteras

1282 664 1363 684 vero
1381 659 1498 695 gentes
1524 659 1556 684 et
1572 652 1759 694 religiones
1777 652 1903 692 deleri,
1931 652 2020 686 sicut
2044 650 2264 685 horribiliter

1282 703 1414 736 deletae
1436 709 1518 735 sunt
1542 701 1694 735 subinde
1721 702 1850 736 multae
1884 709 2001 745 gentes
2026 709 2059 735 et
2078 709 2152 736 toto
2179 704 2263 735 orbe

1283 760 1473 793 terrarum,
1506 750 1687 798 Aegyptii,
1713 752 1868 797 Syriaci,
1895 751 2083 794 Chaldaei,
2108 752 2266 793 Asiatici,

1285 802 1431 844 Graeci,
1458 802 1626 838 Romani.
1686 801 1824 836 Horum
1860 803 2019 837 omnium
2055 803 2199 848 politiae
2234 811 2266 837 et

1284 855 1472 898 religiones
1498 866 1576 887 cum
1602 853 1686 898 ipsis
1703 853 1865 896 gentibus
1882 854 2105 887 interierunt.

1387 904 1565 948 Septimus
1598 915 1717 937 versus
1744 904 1871 947 repetit
1899 904 2194 948 propositionem,
2227 911 2267 937 ut

1286 967 1427 998 agamus
1445 955 1591 998 gratias,
1620 962 1653 987 et
1671 954 1843 988 fateamur
1871 967 1943 987 non
1960 955 2089 988 nostris
2109 955 2266 988 consiliis

1288 1013 1319 1039 et
1346 1006 1499 1045 viribus,
1525 1006 1583 1038 sed
1609 1003 1717 1038 aDeo
1743 1005 1875 1038 servari
1893 1004 2097 1040 Ecclesiam.
2150 1004 2188 1038 Si
2208 1005 2267 1038 fiat

1288 1056 1428 1089 collatio
1447 1053 1680 1089 humanarum
1698 1055 1846 1096 virium,
1865 1061 1936 1088 tam
1954 1056 2055 1088 facile
2078 1061 2151 1088 erat
2160 1054 2268 1089 Alex-

1288 1107 1400 1150 andro
1431 1106 1600 1150 dissipare
1627 1105 1809 1145 Iudaeam,
1841 1113 1901 1139 aut
1924 1113 2059 1140 mutare
2083 1105 2158 1139 eius
2175 1106 2268 1150 poli-

1288 1158 1390 1197 tiam,
1418 1169 1522 1202 quam
1545 1157 1645 1189 facile
1670 1157 1738 1190 fuit
1762 1168 1932 1200 occupare
1951 1163 1983 1190 et
2001 1163 2135 1191 mutare
2151 1155 2268 1202 Aegy-

1263 1232 1265 1249 ,
1291 1215 1402 1252 ptum,
1431 1208 1489 1239 sed
1509 1206 1636 1240 Iudaea
1652 1207 1832 1250 tegebatur
1848 1208 1966 1240 dextra
1984 1205 2062 1241 Dei.

1390 1255 1547 1291 Octavus
1580 1269 1699 1290 versus
1729 1264 1779 1290 est
1810 1255 2077 1301 Epsphonema,
2114 1257 2269 1291 invitans

1290 1308 1450 1342 omnium
1477 1315 1676 1351 temporum
1697 1306 1909 1347 Ecclesiam,
1937 1314 1976 1341 ut
2000 1304 2085 1341 haec
2109 1309 2268 1341 miranda

1264 1380 1265 1392 t
1290 1360 1377 1392 facta
1394 1357 1459 1391 Dei
1478 1358 1685 1399 consideret,
1711 1365 1744 1391 et
1759 1357 1858 1391 firma
1873 1358 1940 1390 fide
1956 1364 2049 1402 petat
2064 1365 2097 1392 et
2115 1366 2269 1403 expectet

1291 1409 1543 1441 defensionem.

1394 1458 1463 1492 Sed
1478 1456 1535 1491 hic
1552 1458 1707 1502 quaestio
1725 1465 1793 1498 est,
1821 1459 1998 1503 quomodo
2009 1457 2169 1492 Psalmus
2185 1471 2270 1492 con-

1290 1515 1390 1552 gruat
1405 1510 1447 1541 ad
1467 1507 1554 1542 nos?
1595 1507 1713 1542 Potest
1729 1509 1823 1541 enim
1839 1508 1962 1548 obiici,
1987 1507 2270 1554 Hierosolymam

1291 1559 1476 1596 mansisse,
1522 1559 1604 1604 quia
1638 1559 1849 1592 nominatim
1879 1560 1923 1592 de
1951 1570 1989 1591 ea
2021 1559 2270 1602 promissiones

1292 1610 1404 1643 editae
1419 1616 1518 1647 sunt,
1546 1620 1746 1642 mansuram
1771 1621 1843 1642 esse
1859 1621 1969 1654 usque
1981 1610 2024 1642 ad
2044 1608 2192 1643 Messiae
2207 1612 2269 1643 ad-

1292 1667 1447 1693 ventum.
1501 1657 1548 1692 At
1571 1660 1614 1692 de
1639 1660 1768 1693 nostris
1792 1659 1993 1693 civitatibus
2010 1672 2082 1693 non
2098 1667 2179 1694 sunt
2195 1662 2270 1694 edi-

1294 1718 1346 1744 tae
1368 1710 1634 1753 promissiones,
1661 1717 1699 1744 ut
1724 1707 1886 1754 Ephesus
1911 1711 2032 1753 periit,
2059 1711 2194 1744 etiamsi
2220 1712 2269 1745 ibi

1292 1762 1489 1794 docuerunt
1512 1759 1678 1799 loannes,
1706 1758 1931 1799 Timotheus,
1960 1768 1992 1794 et
2018 1759 2145 1795 horum
2168 1763 2271 1796 audi-

1292 1818 1395 1845 tores.

1393 1860 1616 1905 Respondeo.
1669 1861 1828 1895 Psalmus
1853 1869 1885 1896 et
1909 1861 2158 1906 promissiones
2179 1873 2269 1895 sem-

1292 1924 1354 1956 per
1377 1912 1620 1956 principaliter
1642 1914 1684 1945 de
1709 1911 1864 1946 Ecclesia
1890 1913 2103 1958 loquuntur,
2143 1913 2179 1945 id
2207 1920 2269 1952 est,

1292 1964 1335 1996 de
1354 1970 1453 1996 coetu
1475 1975 1598 2007 puram
1615 1961 1799 2005 Evangelii
1821 1975 1940 1996 vocem
1964 1969 2129 2002 sonante,
2157 1970 2190 1997 et
2213 1976 2270 1997 re-

1293 2020 1345 2046 cte
1362 2012 1477 2047 Deum
1501 2014 1696 2047 invocante.
1749 2012 1853 2046 Hunc
1873 2014 2002 2046 servari
2028 2024 2171 2056 prorsus
2195 2026 2270 2047 non

1292 2064 1442 2097 dubium
1461 2071 1529 2104 est,
1556 2064 1691 2096 etiamsi
1708 2064 1862 2097 membra
1881 2063 1997 2108 aliqua
2012 2064 2246 2101 trucidantur.

1394 2113 1576 2148 Praeterea
1595 2126 1672 2147 cum
1695 2113 1730 2146 in
1750 2111 1813 2146 hac
1830 2114 1899 2147 vita
1916 2126 2003 2158 opus
2021 2114 2065 2147 sit
2080 2115 2270 2157 domicilio,

1293 2166 1391 2198 Deus
1410 2165 1512 2198 etiam
1528 2165 1664 2209 aliquos
1680 2164 1782 2197 nidos
1804 2171 1837 2198 et
1859 2165 1993 2209 aliquas
2017 2165 2157 2208 politias
2179 2176 2270 2200 sem-

1293 2228 1355 2260 per
1371 2217 1429 2249 dat
1445 2213 1526 2248 huic
1544 2215 1690 2257 agmini:
1708 2216 1766 2247 sed
1784 2212 1849 2248 hoc
1867 2215 2056 2249 discrimen
2073 2222 2136 2257 est,
2161 2215 2270 2259 Tem-7

1293 2278 1377 2310 pore
1401 2266 1484 2309 legis
1508 2265 1684 2299 Mosaicae
1709 2266 1910 2299 nominatus
1933 2266 1999 2299 fuit
2023 2273 2136 2300 certus
2159 2267 2269 2306 locus,

1293 2330 1386 2350 nunc
1411 2329 1484 2349 non
1507 2316 1711 2349 nominatus
1737 2323 1786 2349 est
1811 2323 1924 2350 certus
1947 2317 2060 2356 locus,
2094 2323 2126 2350 et
2150 2323 2267 2351 tamen

1293 2369 1351 2402 dat
1366 2365 1471 2400 Deus·
1496 2366 1612 2411 aliqua
1637 2367 1833 2407 domicilia,
1860 2366 2058 2400 sicutenim
2082 2367 2119 2400 in
2136 2369 2267 2412 populo

1292 2417 1401 2451 Israel
1426 2417 1696 2461 promissionem
1723 2418 1839 2461 potius
1861 2418 1905 2450 de
1921 2415 2074 2450 Ecclesia
2094 2429 2199 2462 quam
2224 2419 2267 2452 de

1263 2479 1265 2498 ῑ
1291 2469 1368 2502 loco
1384 2468 1532 2510 intelligi
1551 2467 1672 2502 voluit.
1728 2467 1810 2501 Ideo
1829 2467 1992 2511 dispersit
2010 2468 2128 2500 decem
2145 2468 2266 2508 tribus,

1290 2526 1323 2553 et
1344 2526 1463 2563 postea
1480 2518 1625 2552 abduxit
1641 2518 1771 2552 tribum
1791 2518 1876 2552 Iuda
1893 2519 1930 2551 in
1945 2517 2180 2563 Babylonem,
2206 2520 2266 2554 de-

1289 2570 1356 2603 leta
1380 2568 1644 2614 Hierosolyma,
1672 2576 1711 2602 ut
1734 2569 1861 2602 scirent
1878 2567 2052 2602 Ecclesiae
2075 2570 2191 2602 sedem
2214 2569 2264 2603 ibi

1261 2611 1262 2625 ¹
1287 2621 1380 2661 fore,
1415 2620 1618 2664 ubieunque
1642 2631 1722 2653 vera
1747 2620 1905 2653 doctrina
1929 2626 2085 2658 sonaret,
2120 2631 2183 2653 nec
2205 2631 2263 2653 su-
