2379 2948
127 102 202 140 605

467 187 753 223 Duodecimn.

229 253 272 287 In
290 254 441 288 secunda
464 255 573 299 figura
592 262 728 289 tantum
752 255 841 291 fiunt
863 254 1016 297 negativi
1040 255 1110 299 syl-

124 303 286 349 logismi,
323 306 404 350 quia
437 313 488 340 est
514 304 697 339 antithesis
723 306 874 338 duarum
903 305 1110 348 specierum,

123 368 188 389 nec
210 355 250 390 fit
273 356 453 390 conclusio
478 356 605 400 speciei
629 356 666 388 in
693 367 838 398 genere,
871 362 910 389 ut
935 356 973 388 in
997 356 1108 399 prima

122 407 244 450 figura.
284 407 337 440 Ac
355 408 505 441 duarum
522 406 717 450 specierum
734 407 971 440 diversitatem
988 413 1107 439 osten-

123 458 177 491 dit
194 458 331 491 minore
346 464 380 491 et
397 457 623 490 conclusione
639 456 736 490 illata
752 469 814 501 per
836 457 1107 501 contrapositio-

123 521 223 548 nem,
251 516 290 543 ut
309 508 399 541 infra
416 507 542 540 dicam.
593 506 749 541 Tantum
767 507 876 551 igitur
895 508 983 541 fiunt
1001 519 1106 552 nega-

120 559 186 594 tivi
201 557 404 604 syllogismi.
439 556 529 590 Nam
548 557 577 590 si
595 557 719 592 fierent
735 559 956 599 affirmativi,
983 571 1106 603 proce-

121 611 264 643 deretur
285 621 325 642 ex
349 607 446 652 puris
463 608 756 651 particularibus,
781 621 841 643 seu
858 622 878 643 a
895 622 967 643 uon
984 610 1105 643 distri-

117 661 205 694 buto
222 661 265 693 ad
281 658 520 701 distributum,
546 671 609 692 nec
624 661 780 693 medium
797 673 899 694 causa
919 667 1018 702 esset,
1042 673 1105 695 cur

119 711 157 745 in
176 710 399 744 conclusione
415 709 572 742 diversae
589 711 720 754 species
737 710 989 755 iungerentur,
1016 719 1070 747 ut:

268 758 399 794 Omnis
417 757 524 793 homo
543 768 592 794 est
609 761 727 805 bipes,

268 809 399 844 Omnis
415 810 546 854 gallina
565 818 615 845 est
631 812 748 856 bipes,

265 860 361 905 Ergo
380 861 495 894 omnis
513 862 643 905 gallina
660 869 711 896 est
729 860 848 897 homo.

216 912 380 946 Subiecta
405 913 443 945 in
467 912 602 946 maiore
625 920 657 947 et
680 913 817 946 minore
840 917 923 945 sunt
940 912 1029 946 duae
1046 913 1101 946 di-

114 974 234 997 versae
251 963 395 1007 species,
421 975 485 996 nec
501 963 650 997 alterum
666 964 704 997 in
720 964 831 997 altero
847 963 1022 996 inclusum
1040 971 1101 999 est.

112 1014 153 1049 Si
175 1015 227 1047 vis
249 1014 457 1047 affirmative
479 1014 739 1057 argumentari,
771 1024 911 1047 neccsse
941 1021 992 1047 est
1027 1027 1101 1048 me-

110 1065 210 1098 dium
234 1077 306 1099 esse
325 1065 543 1106 universale,
567 1067 661 1110 quod
689 1065 735 1099 sit
759 1076 883 1105 causa,
911 1076 1020 1109 quare
1044 1077 1100 1098 re-

110 1117 229 1161 liquae
246 1117 336 1149 duae
354 1127 455 1148 voces
471 1116 509 1148 in
533 1115 761 1149 conclusione
784 1115 992 1149 affirmativa
1018 1116 1097 1149 iun-

111 1174 250 1211 gantur.
301 1165 449 1200 Constat
475 1173 591 1200 autem
616 1167 795 1207 medium,
824 1166 957 1199 scilicet
982 1165 1099 1211 Bipes,

109 1218 321 1262 particulare
339 1228 430 1256 esse,
458 1224 497 1250 ut
515 1224 639 1251 natura
656 1217 858 1250 affirmativi
883 1217 975 1260 signi
998 1230 1098 1261 prae-

109 1269 264 1302 dicatum
282 1268 494 1312 particulare
521 1268 621 1309 facit,
647 1268 743 1313 quod
769 1268 923 1301 ostendit
947 1280 1097 1301 conver-

108 1320 180 1362 sio,
208 1326 263 1352 ut:
293 1318 482 1361 Quoddam
499 1318 598 1362 bipes
622 1325 673 1352 est
699 1316 822 1353 homo.
874 1318 958 1351 Non
980 1326 1098 1353 autem

107 1371 200 1404 valet
218 1368 488 1413 consequentia:

259 1419 451 1462 Quoddam
470 1418 568 1462 bipes
584 1425 634 1452 est
653 1415 784 1458 bomo,

261 1469 391 1504 Omnis
408 1470 538 1513 gallina
557 1476 607 1503 est
628 1470 727 1514 bipes
739 1495 749 1514 ‚

260 1519 357 1563 Ergo
373 1521 504 1564 gallina
523 1527 574 1554 est
590 1518 709 1556 homo.

208 1571 440 1606 Manifestum
474 1578 523 1605 est
549 1569 606 1604 hie
630 1572 766 1605 nullam
800 1582 873 1605 esse
903 1571 1094 1605 connexio-

104 1636 200 1664 nem,
227 1635 305 1656 cum
322 1623 366 1656 de
386 1622 465 1655 aliis
482 1622 606 1662 maior,
628 1622 671 1655 de
687 1622 765 1656 aliis
784 1623 902 1656 minor
918 1623 1094 1667 loquatur.

103 1675 216 1719 Saepe
232 1680 349 1707 autem
373 1673 506 1706 incauti
530 1672 759 1716 decipiuntur
781 1673 1000 1707 affirmativis
1023 1674 1093 1719 syl-

105 1725 264 1769 logismis
300 1725 473 1758 secundae
509 1724 656 1767 figurae,
687 1736 768 1759 curn
796 1736 816 1758 a
843 1725 1094 1759 communibus

103 1777 213 1821 signis
229 1781 540 1819 argumentantur,
568 1781 623 1808 ut:

256 1825 388 1859 Omnis
405 1825 504 1859 stella
520 1826 611 1857 lucet
622 1851 632 1865 ‚

254 1875 386 1910 Omnis
406 1875 552 1909 Cometa
571 1876 684 1915 lucet,

254 1926 350 1970 Ergo
369 1926 484 1960 omnis
501 1925 647 1960 Cometa
665 1931 717 1959 est
733 1925 844 1961 stella.

201 1986 440 2032 Decipiuntur
458 1986 552 2019 enim
575 1983 640 2019 hac
665 1985 910 2029 propositione
935 1987 1091 2031 particu-

101 2037 184 2073 lari:
211 2037 359 2083 Aliquid
375 2038 496 2071 lucens
523 2043 573 2070 est
597 2037 708 2071 stella.
767 2036 905 2071 Deinde
931 2044 1090 2073 attexunt

101 2096 246 2124 caetera.
297 2086 344 2123 Et
361 2086 419 2121 hic
438 2088 555 2131 regula
579 2087 746 2121 discenda
766 2094 833 2126 est,
860 2100 933 2121 non
952 2101 1090 2134 semper

100 2140 221 2174 eadem
247 2150 338 2180 esse,
364 2139 504 2184 quaein
522 2139 640 2183 aliquo
657 2138 760 2172 tertio
781 2139 1018 2179 conveniunt,
1050 2146 1089 2174 ut

100 2192 259 2225 diversae
286 2190 415 2233 species
442 2189 660 2223 conveniunt
688 2189 725 2222 in
757 2201 900 2233 genere,
942 2197 976 2225 et
1010 2191 1088 2225 aliis

100 2240 223 2275 multis
246 2240 540 2284 proprietatibus,
567 2247 623 2274 ut:
649 2238 775 2285 Equus
799 2248 832 2274 et
855 2241 976 2275 asinus
1001 2254 1087 2275 con-

100 2293 249 2326 veniunt
266 2291 303 2323 in
320 2291 500 2323 communi
516 2303 666 2334 genere,
690 2291 773 2326 item
797 2291 835 2324 in
860 2293 1086 2337 proprietate,

100 2343 195 2389 quod
216 2348 366 2387 uterque
380 2347 430 2375 est
447 2343 665 2387 quadrupes,
686 2349 852 2386 gestator.

460 2440 734 2480 Tredecima.

201 2520 245 2554 ln
260 2519 362 2555 tertia
380 2519 489 2563 figura
508 2530 583 2552 non
607 2518 653 2553 sit
669 2520 849 2555 conclusio
865 2521 1087 2559 universalis.

101 2570 288 2616 Perspicua
306 2571 396 2604 ratio
416 2577 486 2611 est,
513 2570 595 2615 quia
609 2596 620 2610 ,
639 2576 677 2603 ut
694 2571 808 2614 prima
830 2573 940 2615 figura
962 2586 1086 2618 proce-

99 2623 154 2657 dit
170 2622 418 2657 universaliter
434 2633 451 2654 a
462 2633 588 2665 genere
604 2621 647 2653 ad
660 2621 825 2666 speciem,
841 2635 919 2656 cum
939 2626 1086 2659 conclu-

99 2673 196 2707 sione
212 2673 421 2715 universali,
448 2673 497 2708 ita
515 2673 617 2708 tertia
633 2672 742 2716 figura
759 2674 918 2717 procedit
934 2687 953 2709 a
971 2677 1085 2721 specie

740 104 787 141 V.
839 101 1161 139 EROTEMATA
1189 102 1527 145 DIALECTICES.

1115 1008 1128 1816 s

2075 116 2148 151 606

1165 192 1207 225 ad
1227 202 1346 234 genus.
1400 191 1518 226 Posita
1546 194 1638 227 enim
1664 196 1796 240 specie,
1824 208 1962 230 necesse
1987 205 2037 232 est
2061 201 2146 243 poni

1163 253 1280 284 genus.
1314 241 1382 275 Sed
1402 244 1582 278 conclusio
1600 252 1735 280 tantum
1756 248 1793 281 fit
1812 248 2043 291 particularis,
2061 252 2144 294 quia

1161 292 1295 337 aliquid
1323 293 1493 327 tribuitur
1521 297 1640 337 generi
1671 305 1813 342 propter
1843 311 1950 332 unam
1985 301 2145 344 speciem,

1161 344 1256 388 quod
1271 354 1344 375 non
1362 350 1474 386 potest
1490 345 1738 381 universaliter
1755 350 1872 392 generi
1888 350 2019 392 tribui,
2046 357 2105 385 ut:

1315 393 1546 427 Malvaticum
1563 402 1612 429 est
1628 398 1747 439 dulce,

1312 443 1544 478 Malvaticum
1564 454 1612 479 est
1630 447 1772 488 vinum,

1312 492 1406 537 Ergo
1424 496 1595 540 quaedam
1613 497 1693 530 vina
1709 499 1824 531 dulcia
1845 507 1938 536 sunt.

1260 543 1397 578 Harum
1414 547 1613 589 regularum
1630 549 1790 581 omnium
1809 561 1930 584 causae
1950 553 2041 586 sumi
2060 564 2141 597 pos-

1157 600 1240 628 sunt
1263 607 1302 628 ex
1325 597 1625 630 demonstratione
1653 600 1695 632 de
1719 600 1858 642 figuris,
1892 613 1996 646 quam
2021 610 2141 647 postea

1156 646 1324 687 recitabo,
1349 648 1412 680 etsi
1429 659 1524 681 nunc
1541 648 1578 680 in
1595 649 1678 692 ipsis
1694 651 1823 692 regulis
1840 652 1974 685 semina
1993 655 2140 686 demon-

1156 697 1336 732 strationis
1356 698 1450 732 illius
1465 698 1595 742 sparsi,
1620 707 1659 733 ut
1683 701 1831 734 studiosi
1855 703 2074 738 deducantur
2097 705 2140 735 ad

1154 747 1287 789 fontes,
1315 755 1348 782 et
1365 760 1484 784 causas
1500 749 1675 784 bonarum
1700 754 2031 798 consequentiarum
2057 765 2142 787 con-

1154 799 1323 833 siderent.

1280 886 1374 925 Quot
1399 890 1490 920 sunt
1515 885 1660 934 figurae
1686 889 2018 935 Sylloyz’smorwn?

1261 950 1350 984 Tres
1366 959 1449 986 sunt
1466 953 1615 996 figurae,
1640 956 1793 989 variatae
1813 956 2042 989 collocatione
2067 967 2141 988 me-

1153 999 1221 1040 dii,
1250 1013 1340 1046 quae
1354 1003 1435 1036 ideo
1454 1004 1623 1046 variatur,
1651 1007 1732 1051 quia
1749 1018 1822 1039 non
1840 1014 1953 1051 potest
1970 1007 2007 1039 in
2024 1007 2140 1039 omni-

1151 1050 1218 1083 bus
1240 1053 1397 1086 materiis
1422 1055 1544 1087 eodem
1570 1057 1674 1088 modo
1701 1058 1855 1100 procedi.
1909 1057 2008 1091 Alias
2032 1058 2139 1090 itura

1151 1112 1278 1143 genere
1294 1104 1335 1135 ad
1354 1104 1520 1147 speciem,
1546 1106 1581 1138 id
1600 1106 1637 1139 fit
1659 1107 1697 1138 in
1713 1108 1825 1150 prima
1848 1109 1957 1151 figura
1970 1135 1979 1147 ,
2002 1106 2102 1141 Alias
2120 1120 2138 1140 a

1151 1152 1265 1195 specie
1281 1154 1324 1186 ad
1342 1165 1462 1197 genus,
1483 1155 1519 1187 id
1534 1156 1569 1188 fit
1587 1156 1624 1188 in
1641 1158 1742 1191 tertia
1760 1158 1881 1201 figura,
1908 1157 2007 1191 Alias
2021 1159 2139 1191 diver-

1150 1214 1206 1235 sae
1224 1204 1355 1246 species
1372 1205 1640 1248 discernuntur,
1665 1208 1700 1240 id
1725 1209 1762 1242 fit
1780 1209 1816 1241 in
1838 1210 1990 1242 secunda
2014 1207 2140 1251 figura,

1149 1260 1189 1286 ut
1205 1253 1297 1287 infra
1316 1266 1439 1288 rursus
1456 1256 1581 1290 dicam.
1616 1256 1680 1291 Est
1699 1266 1814 1292 autem
1833 1260 1942 1303 figura
1961 1260 2048 1293 ordo
2068 1267 2138 1293 ter-

1150 1304 1349 1346 minorum,
1376 1306 1438 1350 qui
1455 1307 1613 1341 variatur
1628 1309 1860 1343 collocatione
1879 1311 2002 1344 medii.

1387 1391 1491 1431 Quae
1517 1395 1572 1425 est
1597 1394 1724 1437 prima
1751 1391 1903 1440 figura?

1250 1453 1373 1490 Prima
1401 1458 1510 1500 figura
1536 1466 1586 1493 est
1613 1460 1694 1493 talis
1725 1461 1815 1494 ordo
1850 1461 2136 1505 propositionum

1146 1505 1362 1550 syllogismi,
1389 1515 1428 1542 ut
1451 1510 1589 1543 medius
1613 1511 1786 1545 terminus
1808 1512 1852 1545 sit
1878 1512 2073 1546 subiectum
2099 1513 2137 1545 in

1146 1556 1298 1598 maiore,
1325 1564 1358 1591 et
1375 1561 1617 1602 praedicatum
1636 1562 1673 1594 in
1691 1563 1850 1603 minore,
1875 1564 1971 1596 unde
1991 1564 2136 1597 conclu-

1146 1607 1198 1639 sio
1216 1609 1410 1642 necessario
1434 1612 1606 1656 sequitur.
1659 1613 1753 1646 Haec
1777 1614 1923 1658 puerilis
1946 1615 2136 1659 descriptio

1146 1664 1217 1698 est,
1242 1659 1302 1691 sed
1320 1670 1422 1693 causa
1440 1662 1695 1698 consideretur.
1742 1663 1826 1698 Ideo
1844 1665 2041 1699 subiectum
2059 1677 2135 1698 ma-

1145 1708 1233 1741 iori⁵
1256 1709 1294 1741 in
1318 1710 1457 1745 minore
1481 1713 1519 1746 fit
1548 1715 1806 1757 praedicatum,
1834 1716 1916 1760 quia
1939 1728 2017 1749 cum
2040 1727 2059 1748 a
2076 1727 2134 1758 ge-

1145 1771 1230 1792 nere
1247 1760 1291 1793 ad
1308 1762 1460 1804 speciem
1482 1765 1704 1806 procedatur,
1732 1772 1765 1798 et
1783 1773 1928 1810 propter
1943 1778 2052 1810 genus
2067 1768 2134 1801 ali-

1146 1810 1233 1854 quid
1252 1811 1295 1843 de
1313 1813 1427 1855 specie
1451 1814 1609 1854 dicatur,
1637 1827 1776 1848 necesse
1803 1823 1853 1850 est
1878 1817 2024 1851 alteram
2049 1830 2134 1862 pro-

1145 1861 1358 1904 positionem
1379 1863 1425 1896 ita
1445 1864 1634 1905 constitui,
1660 1873 1697 1899 ut
1721 1867 1876 1910 conspici
1901 1868 2028 1912 possit,
2054 1881 2133 1914 spe-

1145 1911 1233 1944 ciem
1259 1911 1297 1944 in
1323 1923 1450 1955 genere
1476 1914 1649 1948 inclusam
1675 1927 1760 1952 esse.
1814 1916 1937 1952 Genus
1962 1919 2071 1963 igitur
2095 1921 2132 1953 in

1144 1962 1337 2005 praedicati
1353 1963 1431 1997 loco
1441 1965 1550 2009 repeti
1568 1978 1706 2000 necesse
1722 1974 1782 2001 est.
1835 1966 1881 2002 Et
1900 1966 1992 2004 hanc
2010 1971 2131 2015 dispo-

1143 2013 1306 2046 sitionem
1325 2014 1473 2049 minime
1490 2017 1732 2061 confragosam
1755 2030 1829 2053 esse
1853 2031 1951 2054 mens
1974 2022 2132 2056 naturali

1141 2063 1221 2098 luce
1239 2064 1350 2099 videt.

1285 2153 1379 2193 Quot
1404 2158 1494 2188 sunt
1521 2153 1623 2190 modi
1644 2158 1794 2201 primae
1818 2155 1988 2205 figurae?

1243 2217 1407 2262 Quatuor
1423 2221 1554 2255 directe
1571 2223 1833 2258 concludentes.
1851 2225 1939 2258 Nam
1958 2225 2046 2260 alios
2063 2229 2127 2262 vo-

1139 2269 1216 2302 lens
1231 2271 1356 2305 omitto
1368 2298 1377 2311 ‚
1404 2285 1481 2305 cum
1499 2285 1604 2317 supra
1621 2276 1664 2307 de
1682 2276 1975 2309 conversionibus
1992 2278 2127 2312 dictum

1139 2319 1203 2361 sit,
1229 2323 1325 2355 unde
1353 2322 1507 2367 intelligi
1531 2331 1666 2368 potest⁷
1689 2338 1780 2369 quae
1802 2327 2062 2370 propositiones
2082 2330 2126 2363 ad

1139 2382 1226 2416 quas
1243 2372 1280 2404 in
1298 2374 1531 2407 conversione
1548 2383 1752 2419 sequantur.
1805 2376 1896 2411 Sunt
1919 2385 2036 2412 autem
2061 2381 2126 2415 do·

1138 2423 1242 2456 cendi
1258 2435 1364 2457 causa
1376 2425 1543 2459 attributa
1561 2426 1676 2458 modis
1693 2424 1780 2459 haec
1796 2429 1959 2463 nomina:

1265 2474 1422 2509 Barbara
1434 2502 1443 2516 ‚
1478 2474 1660 2515 celarent,
1695 2475 1816 2519 Darii,
1849 2477 1964 2514 Ferio.

1140 2523 1181 2557 In
1204 2522 1259 2559 his
1283 2526 1407 2560 literae
1423 2527 1634 2567 admonent,
1659 2527 1820 2572 qualium
1836 2533 2124 2576 propositionum

1139 2575 1312 2609 connexio
1333 2577 1397 2609 sit:

1137 2624 1172 2659 A
1223 2627 1397 2669 significat
1412 2626 1649 2661 universalem
1667 2628 1926 2669 affirmativam.

1135 2674 1170 2711 E
1221 2677 1393 2721 significat
1408 2678 1645 2715 universalem
1661 2681 1874 2725 negativam.
