2379 2948
148 121 215 155 161
871 115 923 153 11.

247 203 409 239 Secunda
424 216 525 238 causa
543 211 612 245 est,
639 209 678 237 ut
693 202 850 236 vitentur
867 213 1018 245 poenae,
1045 201 1128 247 quia

146 254 271 289 ordine
288 255 459 289 divinitus
478 255 629 295 sancito,
656 253 786 286 atrocia
810 252 935 285 delicta
953 259 1047 287 certo
1066 265 1127 286 co-

145 307 317 339 mitantur
337 313 470 340 atroces
494 315 646 349 poenae,
677 309 711 336 et
734 303 771 335 in
793 300 857 335 hac
881 302 952 336 vita
976 303 1129 344 mortali,

146 363 179 390 et
199 363 275 400 post
301 354 392 390 hanc
408 357 535 393 vitam,
563 354 632 386 nisi
651 353 709 386 fiat
730 353 914 386 conversio
937 354 982 387 ad
997 352 1127 393 Deum,

146 407 242 440 iuxta
262 404 328 440 hoc
343 407 492 439 dictum:
521 403 594 447 Qui
611 403 766 447 gladium
791 404 982 448 acceperit,
1009 404 1125 447 gladio

145 457 284 501 peribit.
336 457 442 490 Item:
472 454 693 488 Scortatores
710 461 743 488 et
760 454 939 488 adulteros
956 455 1127 489 iudicabit

143 506 251 543 Deus.
310 505 414 540 Item:
437 504 512 538 Vae
537 505 598 550 qui
622 505 771 549 spolias,
798 505 880 550 quia
907 506 1126 549 spoliaberis.

143 556 190 591 Et
206 556 427 591 Ecclesiastes
443 555 481 588 in
498 562 621 589 octavo
638 556 750 600 capite
769 555 902 600 inquit:
930 555 1011 589 Non
1037 557 1125 591 bene

145 609 210 642 erit
226 607 352 651 impio,
378 618 443 639 nec
458 606 557 649 longi
575 614 679 641 erunt
693 607 767 640 dies
791 607 866 639 eius
893 613 956 640 etc.

243 656 321 691 Hoc
358 657 530 690 iudicium
557 657 625 692 Dei
661 664 694 691 et
726 657 933 702 quotidiana
966 657 1124 700 exempla

143 709 351 749 ostendunt,
378 719 467 753 quae
487 714 519 740 et
537 714 631 741 extra
652 706 845 741 Ecclesiam
870 704 1031 740 homines
1051 719 1123 740 non

141 759 335 804 cyclopicos
377 765 582 799 moverunt,
618 765 657 792 ut
680 758 890 798 faterentur,
918 769 990 790 esse
1008 756 1123 790 Deum

140 816 294 844 mentem
313 809 440 843 iustam
457 815 491 842 et
508 808 684 842 vindicem
703 809 884 843 scelerum.
921 808 1014 842 Hinc
1031 808 1123 841 dicta

139 860 251 893 multa
282 867 377 894 sunt.
430 859 479 893 Ut
500 858 675 892 Pindarus
699 860 766 900 ait,
801 858 958 892 Ixionem
986 859 1022 891 in
1046 865 1123 892 rota

140 909 334 944 clamitare:
362 909 496 944 Discite
515 909 689 942 iusticiam
712 910 860 951 moniti,
885 916 918 943 et
935 921 1007 943 non
1023 921 1122 953 sper-

136 972 222 994 nere
243 961 354 994 divos.
407 960 494 994 Item
518 959 712 993 Homerus:

226 1017 272 1048 Ov‘
296 1018 354 1059 γὰρ
379 1017 500 1058 σχέτλια
523 1015 596 1058 ἔργα
619 1018 687 1048 θεοὶ
710 1016 848 1058 μάκαρες
879 1017 1023 1058 ([ιλέοτσι.

139 1069 243 1104 Item:

224 1121 350 1159 Τεῦχων
372 1116 414 1156 ὠς
436 1117 529 1162 ἑτέρῳ
552 1131 598 1157 τι,
623 1118 664 1149 ἐῶ
688 1117 783 1149 κακὸν
805 1116 900 1158 ἥπατι
929 1115 1035 1157 τείχει.

103 1172 111 1176 ’
141 1169 247 1205 Item:

227 1217 336 1254 Οὖδεὶς
358 1218 536 1259 ἀνθρώπων
559 1218 674 1250 ἀδικῶν
695 1217 774 1249 τίσιν
799 1216 855 1248 οὐκ
878 1216 1025 1248 ἀποτίσει.

240 1286 361 1320 Tertia
384 1299 486 1320 causa
513 1294 582 1327 est,
618 1293 656 1319 ut
680 1286 756 1329 paci
782 1286 963 1319 communi
989 1285 1122 1318 servia-

138 1348 236 1376 muS‚
263 1337 346 1381 quia
362 1348 435 1368 non
454 1343 591 1370 tantum
608 1337 712 1368 nobis
734 1337 923 1371 nascimur.
956 1335 1026 1370 Sed
1044 1336 1120 1369 vult

136 1385 232 1421 Deus
249 1398 313 1420 nos
330 1386 509 1419 communi
528 1385 684 1419 societati
703 1386 883 1429 prodesse,
911 1393 943 1418 et
966 1398 1042 1418 eam
1065 1387 1120 1419 fo—

135 1449 236 1478 vere,
263 1438 358 1471 iuxta
376 1434 461 1470 haec
485 1437 576 1470 dicta
595 1437 638 1469 de
662 1436 864 1469 dulcissima
890 1437 1119 1481 aequalitate:

134 1486 271 1531 Diligas
287 1487 504 1532 proximum,
531 1487 669 1520 sicutte
690 1487 817 1530 ipsum.
869 1485 975 1520 Item:
1012 1486 1117 1530 Quod

136 1539 202 1573 tibi
219 1551 292 1572 non
310 1538 362 1571 vis
378 1538 473 1579 fieri,
500 1538 601 1571 alteri
620 1549 664 1570 ne
686 1537 818 1570 feceris.

239 1604 372 1648 Quarta
398 1616 498 1638 causa
523 1611 589 1644 est,
617 1604 698 1649 quia
723 1601 808 1637 haec
832 1610 972 1637 externa
996 1603 1118 1636 mode-

136 1656 202 1690 stia
226 1663 277 1689 est
298 1655 510 1700 paedagogia
529 1655 567 1687 in
582 1653 782 1693 Christum,
810 1655 845 1687 id
869 1661 937 1695 est,
965 1653 1118 1698 Spiritus

138 1713 277 1740 sanctus
296 1718 367 1739 non
387 1713 435 1740 est
455 1706 574 1739 efficax
591 1706 628 1738 in
653 1703 706 1738 his
719 1730 727 1743 ,
754 1705 815 1750 qui
840 1712 1063 1748 perseverant
1082 1709 1117 1737 in

137 1757 327 1790 sceleribus
345 1763 465 1789 contra
487 1756 748 1796 conscientiam,
766 1756 848 1800 quia
866 1756 902 1788 in
921 1756 1117 1788 iuramento

137 1808 261 1841 divino
278 1804 591 1850 comprehenditur
607 1806 803 1840 conversio.
833 1805 922 1838 Vivo
940 1816 1014 1847 ego,
1033 1805 1118 1838 dicit

137 1857 333 1898 Dominus,
362 1857 446 1890 nolo
471 1863 620 1890 mortem
645 1856 854 1900 peccatoris,
881 1857 938 1888 sed
964 1862 1003 1888 ut
1029 1868 1118 1888 con-

136 1915 294 1942 vertatur
321 1915 354 1942 et
384 1908 490 1942 vivat.
540 1906 614 1940 Has
630 1919 748 1940 causas
764 1906 1036 1939 familiarissime
1052 1918 1118 1939 no-

138 1966 191 1994 tas
208 1971 297 2000 esse,
324 1965 359 1992 et
378 1970 480 2002 saepe
497 1958 642 2001 cogitari
661 1958 746 1990 utile
768 1964 837 1997 est,
864 1969 952 2002 quae
975 1957 1118 2001 quidem

139 2017 173 2044 et
190 2010 365 2054 copiosius
385 2009 470 2042 alibi
488 2009 724 2042 declarantur.
783 2006 872 2041 Cum
900 2014 1016 2041 autem
1033 2005 1118 2040 haec

137 2061 344 2104 gubernatio
359 2066 580 2094 externarum
601 2059 779 2092 actionum
803 2058 846 2091 sit
868 2059 988 2103 aliquo
1012 2059 1117 2091 modo

137 2111 176 2144 in
190 2118 309 2145 nostra
326 2117 514 2156 potestate,
540 2110 619 2144 vult
635 2109 730 2143 Deus
745 2120 809 2142 nos
825 2121 898 2142 non
926 2109 1071 2152 ignavos
1086 2115 1119 2143 et

136 2173 257 2205 segnes
272 2174 356 2203 esse,
382 2162 441 2195 sed
459 2173 519 2194 sua
536 2162 609 2204 lege
636 2167 668 2194 et
695 2167 790 2193 metu
807 2172 1013 2204 poenarum,
1039 2167 1117 2194 tan-

139 2224 245 2257 quam
278 2212 430 2246 vinculis
465 2212 592 2246 acriter
624 2209 808 2245 cohercere
837 2211 1008 2245 membra.
1070 2209 1118 2244 Et

138 2263 281 2308 quidem
299 2260 383 2296 haec
408 2263 591 2306 diligentia
614 2262 651 2295 in
679 2262 828 2302 renatis,
857 2269 890 2296 et
913 2262 1026 2294 filium
1051 2260 1119 2293 Dei

137 2325 220 2347 vera
239 2313 306 2347 fide
327 2314 614 2356 agnoscentibus,
640 2313 753 2357 placet
768 2313 859 2346 Deo.
917 2311 1013 2346 Haec
1037 2318 1119 2345 sunt

138 2364 321 2408 perspicua
339 2370 372 2397 et
388 2363 510 2407 plana,
533 2376 571 2398 ac
585 2371 734 2408 prosunt
758 2364 917 2397 moribus
941 2370 974 2397 et
997 2362 1119 2408 pietati

138 2422 229 2449 recte
247 2414 435 2448 intellecta.

242 2472 428 2507 Caeterum
443 2469 529 2505 haec
544 2472 618 2516 ipsa
641 2473 786 2506 libertas
807 2484 867 2506 seu
891 2472 1039 2506 facultas
1057 2484 1120 2505 vo-

140 2524 287 2558 luntatis
302 2522 476 2557 humanae
493 2534 592 2566 saepe
608 2523 762 2557 vincitur
773 2521 829 2557 his
847 2524 984 2556 duabus
1002 2524 1121 2562 rebus,

142 2575 273 2608 scilicet
287 2573 492 2607 infirmitate
510 2579 655 2605 naturae
678 2580 837 2615 nostrae,
865 2580 897 2607 et
913 2574 1047 2606 diaboli
1066 2573 1122 2605 in-

143 2626 252 2658 sidiis.
314 2623 396 2658 Ideo
421 2624 523 2657 multi
553 2621 717 2656 homines
742 2631 852 2657 ruunt
871 2625 909 2656 in
939 2624 1123 2657 manifesta

145 2676 287 2710 scelera,
340 2674 471 2709 Renati
496 2674 603 2717 igitur
624 2685 704 2706 cum
731 2680 763 2707 et
785 2675 827 2707 de
850 2672 906 2707 his
932 2675 1064 2715 causis,
1091 2680 1124 2707 et

197 2729 373 2758 Mrraxru.
403 2728 505 2759 Orrr..
532 2726 613 2756 Yon.
641 2724 735 2756 XIII.

977 114 1126 152 LIBER
1152 113 1218 151 DE
1246 114 1418 151 ANIMA.

1146 2705 1153 2719 t

2096 127 2168 164 162

1181 200 1224 233 de
1240 200 1370 233 auxilio
1394 203 1586 237 doceantur
1617 204 1658 237 in
1674 203 1888 249 Evangelio,
1915 209 2008 243 veris
2030 212 2167 254 gemiti-

1180 251 1245 283 bus
1261 257 1398 294 petant‚
1424 263 1459 285 se
1484 255 1674 295 gubernari
1699 256 1835 301 Spiritu
1859 266 1998 300 sanem,
2025 269 2064 295 ut
2089 262 2164 296 Do-

1179 301 1298 334 minus
1326 301 1457 345 inquit:
1511 302 1654 344 Quanto
1684 308 1794 350 magis
1816 315 1915 352 pater
1939 317 2052 344 vester
2085 324 2164 346 coe-

1179 351 1275 385 lestis
1294 351 1392 385 dabit
1411 351 1583 395 Spiritum
1600 363 1758 390 sanctum
1775 360 1986 402 petentibus.

1279 400 1383 434 Nunc
1401 402 1445 434 de
1459 403 1527 435 alio
1544 413 1668 444 genere
1685 408 1861 442 actionum
1878 411 2090 446 interiorum
2107 413 2161 445 di-

1178 463 1272 492 cam,
1300 463 1390 496 quae
1414 450 1528 486 Deum
1557 453 1752 489 intuentur.
1805 459 1979 494 Voluntas
2006 460 2161 497 humana

1177 514 1250 536 non
1268 509 1388 536 renata
1406 503 1483 536 luce
1498 502 1686 547 Evangelii
1711 514 1742 539 et
1761 506 1898 551 Spiritu
1925 519 2061 554 sancto,
2087 525 2161 546 non

1175 559 1291 597 potest
1315 553 1452 586 efficere
1478 565 1600 587 verum
1626 555 1789 589 timorem
1810 557 1896 597 Dei,
1933 561 2068 596 firmam
2096 565 2160 597 ad-

1177 604 1394 644 sensionem,
1420 604 1585 638 fiduciam
1609 617 1648 638 ac
1674 606 1898 641 dilectionem
1921 608 2006 652 Dei,
2040 626 2158 648 veram

1175 654 1380 698 patientiam
1399 662 1431 688 et
1448 656 1680 689 constantiam
1699 656 1735 689 in
1754 659 1891 700 magnis
1915 661 2096 703 periculis,
2123 671 2157 698 et

1179 705 1312 738 similes
1340 705 1537 749 spirituales
1571 713 1706 748 motus,
1745 709 1856 742 multo
1893 710 2011 744 minus
2046 721 2157 755 potest

1175 762 1349 799 praestare
1366 757 1552 799 perfectam
1571 757 1810 792 obedientiam
1827 759 1894 802 legi
1911 758 1988 796 Dei.
2041 761 2157 795 Testi-

1175 806 1294 838 monia
1314 812 1399 839 nota
1416 813 1509 840 sunt.
1557 806 1645 839 Nam
1663 806 1793 842 Paulus
1816 810 1949 854 inquit:
1985 810 2056 854 Qui
2077 812 2157 856 Spi-

1174 856 1247 889 ritu
1264 854 1331 889 Dei
1356 857 1554 900 ducuntur,
1583 854 1619 889 hi
1644 866 1727 893 sunt
1751 858 1815 893 filii
1840 859 1918 896 Dei.
1972 860 2019 895 Et
2033 861 2155 896 Domi-

1174 917 1241 940 nus
1263 906 1397 951 inquit:
1427 906 1512 941 Sine
1530 919 1586 940 me
1604 906 1695 941 nihil
1711 910 1854 953 potestis
1869 911 1994 946 facere.

1274 956 1364 990 Cum
1403 956 1530 1002 Ioseph
1560 967 1771 1002 repugnaret
1792 962 1968 996 voluntati
2000 964 2156 1007 coniugis

1173 1004 1250 1040 heri
1269 1008 1342 1048 sui,
1368 1019 1406 1041 ac
1422 1016 1600 1051 regeretur
1618 1010 1742 1043 timore
1758 1010 1825 1044 Dei
1843 1024 1880 1045 ac
1895 1013 1980 1054 fide,
2007 1026 2156 1048 concur-

1173 1058 1299 1091 rebant
1330 1055 1396 1091 hae
1425 1071 1564 1100 causae,
1601 1061 1746 1093 verbum
1773 1060 1858 1103 Dei,
1897 1063 1990 1096 filius
2012 1064 2078 1098 Dei
2111 1066 2156 1099 il-

1173 1108 1327 1141 lustrans
1344 1116 1497 1142 mentem
1515 1116 1547 1143 et
1564 1110 1651 1142 dans
1667 1110 1840 1154 Spiritum
1863 1121 2021 1147 sanctum
2035 1142 2043 1155 ‚
2070 1115 2152 1160 Spi-

1173 1158 1263 1191 ritus
1281 1165 1418 1192 sanctus
1437 1171 1584 1192 movens
1599 1160 1818 1195 voluntatem
1838 1170 1870 1197 et
1886 1175 1956 1199 cor.
2009 1163 2055 1198 Et
2079 1166 2153 1210 ipsa

1173 1208 1338 1241 voluntas
1368 1207 1506 1253 Ioseph.
1567 1208 1813 1245 Inchoandum
1835 1220 1885 1247 est
1909 1214 2001 1246 enim
2028 1216 2071 1248 ab
2095 1229 2154 1249 ex-

1173 1265 1273 1291 terno
1298 1259 1406 1291 verbo
1431 1258 1519 1303 Dei,
1552 1272 1651 1293 mens
1683 1262 1856 1304 cogitabat
1887 1265 2052 1298 mandata
2076 1265 2154 1308 Dei,

1173 1308 1425 1352 promissiones
1441 1317 1473 1343 et
1494 1322 1636 1353 poenas,
1691 1311 1732 1344 In
1758 1310 1822 1346 hac
1846 1314 1918 1357 ipsa
1942 1315 2153 1357 cogitatione

1172 1359 1313 1392 intuens
1343 1360 1614 1403 promissionem
1639 1362 1760 1394 auxilii
1784 1369 1816 1396 et
1840 1365 2043 1398 mediatoris
2067 1368 2152 1410 petit

1171 1420 1206 1441 se
1224 1409 1306 1451 regi.
1360 1409 1428 1442 Hic
1452 1409 1525 1453 ipse
1541 1410 1632 1443 filius
1648 1409 1726 1452 Dei,
1748 1408 1856 1458 λόγος
1876 1411 1939 1447 καὶ
1961 1413 2070 1450 εἰκών
2093 1428 2152 1450 ae-

1171 1459 1263 1492 terni
1281 1459 1403 1503 patris,
1431 1471 1492 1493 sua
1509 1460 1585 1493 luce
1600 1468 1753 1495 mentem
1772 1462 1935 1505 illustrat,
1962 1472 2002 1499 ut
2025 1465 2150 1511 Ioseph

1171 1517 1335 1552 agnoscat
1356 1517 1538 1544 aeternum
1565 1518 1717 1554 patrem,
1750 1519 1783 1546 et
1806 1514 1908 1558 sciat,
1937 1527 1973 1548 se
1997 1517 2027 1548 ei
2051 1529 2152 1551 curae

1171 1572 1241 1593 esse
1256 1568 1288 1594 et
1303 1561 1398 1604 fore,
1427 1567 1459 1594 et
1473 1561 1579 1594 simul
1598 1561 1734 1606 Spiritu
1752 1571 1870 1598 sancto
1889 1572 2005 1600 movet
2024 1568 2152 1601 volun-

1170 1618 1276 1644 tatem
1294 1619 1326 1645 et
1346 1623 1407 1644 cor
1423 1610 1566 1655 Ioseph,
1589 1618 1629 1646 ut
1645 1614 1729 1647 velit
1746 1614 1821 1648 Deo
1840 1616 2002 1655 obedire,
2030 1625 2063 1651 et
2087 1630 2151 1652 au-

1170 1669 1225 1704 get
1249 1661 1412 1695 timorem
1436 1660 1524 1702 Dei,
1559 1669 1592 1696 et
1616 1664 1780 1698 voluntas
1806 1666 1925 1699 adiuta
1957 1668 2151 1702 adsentitur

1170 1711 1321 1756 Spiritui
1346 1719 1484 1752 sancto,
1516 1711 1676 1748 cohercet
1706 1721 1845 1748 externa
1868 1718 2043 1758 membra,
2077 1731 2149 1751 non

1169 1762 1323 1796 admittit
1346 1763 1537 1796 illecebras.
1591 1762 1631 1795 ln
1658 1762 1724 1797 hoc
1747 1767 1937 1799 certamine
1959 1768 2063 1801 sentit
2087 1781 2150 1802 vo-

1169 1813 1340 1846 luntatem
1355 1825 1428 1845 non
1447 1824 1519 1846 esse
1539 1813 1704 1848 ociosam.
1757 1814 1838 1848 Non
1865 1817 1973 1859 igitur
1994 1819 2087 1852 tollit
2106 1820 2150 1851 li-

1170 1864 1339 1897 bertatem
1364 1863 1557 1896 voluntatis
1584 1862 1738 1907 Spiritus
1759 1873 1916 1907 sanctus,
1946 1869 2004 1900 sed
2029 1881 2150 1902 emen-

1170 1915 1229 1947 dat
1245 1921 1277 1947 et
1294 1914 1402 1947 flectit
1417 1915 1459 1947 ad
1476 1912 1610 1954 Deum,
1630 1915 1726 1948 iuxta
1745 1916 1896 1950 dictum:
1924 1915 1943 1951 ὁ
1960 1915 2000 1952 δὲ
2020 1917 2147 1960 ἕλκων,

1170 1961 1236 1998 τὸν
1267 1960 1500 2009 βουλόμενον
1524 1962 1625 2000 ἕλκει.
1682 1964 1823 2000 Poterat
1844 1967 2006 2002 voluntas
2028 1969 2065 2002 in
2092 1970 2149 2003 Io-

1170 2012 1255 2059 seph
1280 2022 1438 2048 excutere
1461 2014 1634 2059 Spiritum
1657 2022 1836 2058 sanctum,
1864 2020 1921 2051 sed
1950 2019 2068 2053 adiuta
2093 2033 2150 2053 re-

1169 2073 1269 2099 vocat
1286 2077 1322 2098 se
1350 2072 1383 2099 et
1405 2065 1612 2110 obsequitur
1634 2065 1783 2110 Spiritui
1809 2076 1938 2103 sancto.
1991 2069 2086 2103 Haec
2106 2072 2149 2104 de

1170 2116 1282 2149 causis
1305 2116 1542 2160 spiritualium
1567 2116 1743 2151 actionum
1770 2125 1887 2151 tenere
1917 2121 2075 2162 prodest,
2109 2128 2148 2154 ut

1170 2167 1251 2199 fidei
1275 2167 1437 2200 exercitia
1462 2166 1647 2202 discamus.
1708 2168 1813 2202 Mens
1835 2170 1962 2212 cogitet
1984 2172 2148 2205 mandata

1168 2215 1235 2251 Dei
1270 2224 1303 2251 et
1325 2216 1556 2260 Evangelium
1569 2244 1578 2258 ‚
1604 2229 1643 2251 ac
1659 2219 1725 2252 fide
1743 2226 1835 2263 petat
1851 2220 2019 2253 auxilium
2038 2232 2056 2253 a
2073 2233 2147 2254 me-

1170 2269 1316 2309 diatore,
1343 2268 1403 2313 qui
1418 2268 1527 2308 venit,
1545 2268 1753 2303 utdestruat
1771 2281 1874 2313 opera
1885 2269 2030 2305 diaboli.
2056 2270 2146 2305 Cum

1170 2319 1238 2352 fide
1254 2319 1423 2362 erigimur
1437 2318 1530 2352 filius
1545 2317 1612 2351 Dei
1629 2332 1709 2352 vere
1733 2320 1828 2353 adest
1847 2326 1879 2353 et
1900 2321 2059 2355 accendit
2083 2334 2148 2355 vo-

1171 2370 1342 2404 luntatem
1378 2377 1410 2404 et
1442 2381 1502 2402 cor
1531 2368 1666 2412 Spiritu
1699 2376 1827 2402 sancto.
1894 2369 1945 2403 Ita
1986 2372 2148 2405 voluntas

1172 2421 1291 2454 adiuta
1317 2426 1488 2464 repugnat
1502 2419 1620 2459 viciis,
1644 2426 1676 2452 et
1692 2417 1851 2454 cohercet
1875 2430 2015 2455 externa
2038 2434 2150 2455 mem-

1172 2472 1253 2510 bra,
1279 2483 1324 2504 ne
1340 2478 1446 2504 ruant
1467 2475 1587 2502 contra
1613 2476 1745 2502 rectum
1771 2470 1952 2505 iudicium.
2005 2472 2057 2505 Ac
2083 2473 2150 2506 sci-

1173 2533 1251 2555 mus
1267 2533 1331 2555 nos
1346 2533 1419 2553 non
1441 2519 1570 2552 nostris
1595 2519 1730 2553 viribus
1752 2521 1910 2563 vincere,
1937 2523 1995 2555 sed
2020 2523 2151 2556 auxilio

1174 2572 1311 2606 domini
1331 2571 1443 2604 nostri
1463 2569 1538 2602 lesu
1556 2566 1701 2604 Christi.

1276 2620 1330 2655 Ex
1358 2619 1423 2653 hac
1445 2619 1687 2662 distinctione,
1715 2633 1820 2667 quam
1851 2623 2013 2663 recitavi,
2041 2629 2153 2666 potest

1179 2679 1358 2716 utcunque
1385 2670 1553 2713 intelligi,
1580 2672 1693 2755 ψιῖῐίε
1719 2670 1834 2707 adhuc
1857 2672 1901 2707 sit
1925 2673 2068 2706 libertas
2091 2685 2154 2706 vo—

1607 2724 1623 2756 1
