2379 2948
181 131 253 166 327
424 127 632 163 SCRIPTA
655 119 734 161 PH.
762 123 879 160 MEL.
905 123 973 159 AD
999 119 1126 162 HIST.
1152 123 1296 161 PROF.
1322 121 1389 159 ΕΤ
1417 122 1606 160 PHILOS.
1633 123 1959 162 SPECTANTIA.
2123 126 2196 161 328

193 224 333 253 eorum,
367 211 450 257 quia
482 218 623 245 movent
655 210 789 250 Deum,
823 217 861 244 ut
888 210 1000 254 rapiat
1034 222 1091 244 eos
1121 212 1164 243 ad
1219 207 1343 253 Aliqui
1360 207 1520 242 homines
1539 215 1618 242 sunt
1635 209 1780 242 obnoxii
1797 211 1920 243 morbo
1937 210 2107 244 comitiali
2124 222 2198 244 non

203 274 332 296 menas.

190 277 200 308 k
292 311 368 346 Etsi
399 318 513 345 autem
547 321 619 342 non
650 321 787 343 necesse
809 317 858 343 est
881 308 1042 343 homines
1066 310 1167 343 malis

193 362 481 396 inclinationibus
506 361 764 404 obtemperare,
791 367 907 393 tamen
932 373 1032 404 saepe
1056 361 1103 392 ita
1120 361 1168 400 fit,

193 421 229 446 nt
256 417 449 454 congruant
482 410 661 442 stellarum
695 411 845 454 positus,
885 417 1168 454 temperamenta,

192 474 325 498 mores,
350 462 383 493 id
408 467 475 499 cst,
503 459 770 500 inclinationes,
797 461 885 493 sacta
905 468 937 493 et
960 461 1072 494 exitus
1094 461 1168 504 pla-

192 512 278 551 cidi,
312 518 371 543 aut
397 510 486 543 tetri.
530 509 578 544 Ut
603 511 639 542 in
668 511 781 552 genesi
816 511 1028 554 parricidae,
1065 523 1168 555 quam

194 562 314 595 recitat
329 560 529 599 Cardanus,
561 561 751 593 admodum
771 567 877 593 tetrae
900 561 1170 604 significationes

193 618 292 651 sunt,
326 610 527 644 coniunctio
552 609 644 643 Solis
677 617 708 643 et
732 610 869 650 Lunae,
913 611 949 643 in
973 611 1170 653 Sagittario.

192 661 330 695 Deinde
359 661 538 694 coniuncti
561 659 681 692 Venus
704 667 737 693 et
761 659 961 693 Mercurius
985 661 1021 693 in
1047 660 1171 704 Capri-

195 723 316 751 cornO,
341 711 545 754 aspicientes
564 722 603 743 ex
621 711 789 754 quadrato
808 711 1095 744 coniunctionem
1107 712 1171 744 Sa—

195 761 292 795 turni
309 768 341 794 et
358 761 484 794 Martis
503 760 539 792 in
557 760 672 792 Libra.
724 758 770 792 Et
791 759 948 804 luppiter
970 761 1036 794 snit
1060 761 1171 794 infoe-

195 812 243 844 lix
256 839 264 852 ,
292 823 369 844 cum
386 817 473 843 esset
488 808 666 856 ῧπαυγος.
717 809 766 842 Hi
783 812 918 854 positus
937 811 1068 844 malum
1083 819 1171 845 tem-

194 868 448 905 peramentum,
471 861 677 902 sauguinem
696 868 864 894 venenata
881 862 952 894 bile
968 862 1171 895 redundan-

194 918 283 952 tem,
317 918 349 944 et
379 910 487 943 malas
516 910 764 944 inclinationes
794 912 832 943 in
856 912 1035 953 moribus,
1066 910 1172 944 vehe—

195 961 361 994 mentiam
378 968 411 994 et
426 961 643 994 iracundiam
670 968 797 994 temere
815 969 991 1001 ruentem,
1019 963 1172 995 crudeli-

193 1018 299 1045 tatem
315 1018 347 1045 et
358 1010 583 1055 cupiditatem
600 1012 762 1050 nocendi,
781 1018 812 1044 et
828 1013 957 1045 exitum
974 1013 1171 1045 infoelicem

195 1062 400 1105 significant.
468 1061 536 1094 Sed
567 1068 662 1095 tanta
688 1068 737 1095 est
763 1062 899 1094 miseria
927 1068 959 1094 et
988 1063 1172 1096 infirmitas

194 1109 401 1151 hominum,
427 1117 466 1144 ut
489 1111 611 1154 multi,
639 1123 725 1155 quos
748 1123 812 1143 nec
837 1112 976 1151 stellae,
1002 1124 1065 1144 nec
1086 1119 1171 1144 tcm-

194 1168 393 1205 peramenta
417 1162 607 1194 admodum
640 1161 787 1194 incitent
809 1161 851 1193 ad
875 1161 1020 1201 scelera,
1056 1170 1170 1194 tamen

194 1219 254 1244 aut
267 1223 328 1244 sua
346 1211 544 1248 voluntate,
570 1218 628 1244 ant
646 1211 788 1254 impulsi
810 1223 828 1243 a
845 1210 996 1244 Diabolo
1014 1219 1117 1245 rnant
1135 1213 1171 1244 in

195 1262 382 1301 libidines,
410 1268 468 1294 aut
487 1261 615 1293 faciant
633 1263 764 1294 caedes.
792 1260 841 1293 Hi
859 1268 974 1294 tamen
992 1270 1171 1295 accersunt

195 1312 261 1344 sibi
278 1312 420 1345 exitium
440 1311 511 1343 suis
528 1311 643 1349 factis,
673 1312 754 1355 quia
778 1311 901 1343 divino
919 1312 1044 1344 ordine
1062 1313 1172 1344 comi-

195 1368 288 1394 tatur
305 1373 362 1393 eos
381 1360 556 1400 Nemesis,
583 1361 617 1392 id
641 1367 708 1400 est,
735 1361 890 1393 vindicta
907 1361 1039 1394 divina.

295 1410 377 1444 Non
403 1417 452 1443 est
478 1411 705 1443 tribuendum
744 1410 873 1447 stellis,
907 1417 966 1443 aut
998 1417 1170 1453 tempera·-

195 1467 314 1493 mento
347 1458 496 1503 Oedipi,
531 1461 624 1504 quod
659 1460 785 1492 occidit
823 1467 958 1502 patrem
1003 1467 1035 1493 ct
1072 1461 1172 1493 duxit

195 1517 352 1543 matrem.
404 1510 504 1542 Aliae
526 1521 669 1542 arcanae
686 1521 806 1542 causae
826 1511 985 1549 fuerunt,
1009 1510 1090 1554 quia
1110 1522 1170 1554 pa-

196 1568 247 1593 ter
264 1560 369 1593 Laius
392 1566 554 1603 rapuerat
579 1560 758 1592 cuiusdam
785 1560 896 1592 filium
921 1561 962 1592 ad
978 1561 1171 1603 turpitudi-

196 1623 287 1643 nem.
323 1609 361 1642 ld
382 1611 493 1642 scelus
510 1616 580 1642 tam
598 1610 712 1642 tristes
731 1621 880 1652 poenae,
909 1617 941 1642 et
959 1617 1025 1641 tam
1048 1611 1171 1652 procul

195 1667 377 1702 vagantes,
403 1667 540 1693 secutae
558 1667 638 1693 sunt
656 1660 691 1691 in
708 1659 841 1692 semine
857 1659 946 1694 Laii.
982 1659 1080 1693 Sicut
1096 1661 1170 1704 ple-

196 1722 334 1754 runque
352 1709 445 1743 Deus
462 1709 611 1742 Talione
629 1709 753 1752 punit,
781 1709 924 1742 seminis
941 1710 1087 1742 abusum
1106 1723 1171 1753 pu-

196 1760 248 1794 nit
266 1760 300 1792 in
322 1760 478 1804 posteris,
507 1761 626 1792 caedes
647 1759 830 1799 caedibus,
854 1758 1100 1792 sicutDavidis
1116 1758 1171 1792 hi-

195 1810 301 1843 storia
326 1810 508 1854 utriusque
532 1810 580 1841 rei
605 1807 791 1842 horribilia
816 1810 972 1853 exempla
1006 1811 1172 1843 continet.

195 1859 372 1893 Dimicant
396 1861 488 1892 inter
510 1871 544 1891 se
566 1859 648 1897 filii,
689 1860 781 1892 filius
806 1867 923 1892 movet
953 1861 1172 1901 seditionem,

194 1910 322 1953 polluit
343 1910 505 1951 coniuges
524 1909 630 1951 patris
648 1916 781 1942 sanctas
798 1916 986 1943 matronas.
1028 1909 1170 1943 Talium

195 1967 384 1992 eventuum
415 1971 552 1991 causam
586 1971 657 1991 non
688 1960 730 1991 ad
763 1967 873 1997 astra,
909 1967 968 1993 aut
1000 1967 1173 2003 tempera-

196 2016 312 2042 menta
331 2009 531 2042 referamus.
582 2007 866 2041 Consentaneum
884 2017 935 2043 est
952 2011 1044 2042 enim
1062 2009 1172 2043 Davi-

197 2060 251 2091 dis
267 2059 409 2102 genesin
428 2058 684 2091 foelicissimam
700 2059 823 2098 fuisse,
849 2061 908 2093 sed
928 2072 1059 2104 poenae
1076 2072 1172 2093 secu-

198 2116 252 2142 tae
276 2116 358 2142 sunt
381 2109 490 2152 ipsius
515 2109 644 2148 scelus,
682 2120 768 2152 quas
789 2107 884 2141 Deus
908 2117 1000 2142 certo
1025 2111 1172 2143 consilio

194 2166 362 2204 tanquam
390 2159 585 2201 exemplum
617 2158 802 2190 universae
825 2160 1019 2202 posteritati
1044 2173 1172 2203 propo-

197 2210 282 2249 suit,
309 2222 353 2242 ne
370 2221 428 2252 spe
445 2208 663 2251 impunitatis
687 2205 847 2242 homines
862 2210 977 2253 pravis
999 2211 1172 2254 cupidita—

197 2260 290 2293 tibus
305 2261 421 2292 srenos
446 2259 572 2292 laxent.

299 2309 432 2351 Quarta
449 2321 550 2342 causa
567 2321 629 2353 per
652 2321 706 2348 se,
735 2315 941 2349 eventuum,
968 2311 1028 2354 qui
1046 2311 1172 2343 dicun·

198 2366 256 2393 tur
279 2360 435 2400 fortuiti,
469 2367 527 2392 aut
553 2371 633 2393 casu
658 2360 832 2399 accidere,
858 2366 908 2393 est
929 2361 1093 2394 materiae
1115 2361 1170 2393 in-

197 2410 364 2442 feriorum
398 2421 584 2452 corporum
609 2410 730 2452 ingens
747 2411 895 2444 varietas
923 2416 955 2443 ct
972 2411 1169 2444 mobilitas:

197 2466 235 2492 ut
261 2459 350 2503 pluit
371 2459 545 2492 interdum
570 2460 688 2504 aliquo
715 2461 750 2492 in
771 2461 865 2498 loco,
891 2472 969 2493 cum
993 2460 1030 2493 in
1053 2461 1169 2494 vicino

197 2521 269 2541 non
294 2509 410 2552 pluat,
443 2509 524 2552 quia
547 2511 640 2543 venti
663 2511 710 2543 sic
733 2511 864 2553 agitant
885 2511 1010 2544 nubes.
1066 2511 1169 2544 Venti

198 2565 360 2592 avertunt
376 2558 481 2591 telum
495 2585 503 2598 ,
530 2561 623 2603 quod
641 2567 731 2594 recta
748 2573 872 2604 corpus
890 2561 1089 2604 oppositum
1108 2573 1169 2605 pe-

197 2609 299 2643 tebat.
354 2607 403 2641 Ita
421 2614 581 2648 eventus,
604 2610 665 2651 qni
684 2622 765 2644 casu
780 2611 942 2645 accidunt
966 2611 1088 2644 referri
1112 2612 1168 2644 in-

196 2659 334 2693 tendum
367 2659 411 2693 ad
441 2658 621 2692 materiam
653 2668 815 2704 possunt,
856 2662 903 2694 sic
935 2662 971 2695 in
1002 2661 1166 2699 fortuitis.

1219 265 1362 302 propter
1389 259 1568 292 stellarum
1595 260 1747 303 positus,
1773 265 1833 293 aut
1854 266 1998 303 propter
2020 272 2118 294 suam
2141 261 2198 293 in·

1220 310 1504 352 temperantiam,
1533 310 1593 342 sed
1613 310 1695 354 quia
1721 316 1836 353 patres
1859 321 1980 342 eorum
2005 311 2198 343 comitiales

1220 359 1373 391 fuerunt.
1435 359 1604 392 Mirabile
1634 367 1683 392 est
1708 360 1801 392 enim
1839 371 1918 392 cum
1937 360 2069 392 semine
2096 361 2198 393 etiam

1220 408 1357 452 aliquos
1381 417 1565 452 parentum
1590 411 1752 448 morbos,
1792 416 1831 443 ut
1853 409 2064 443 comitialem
2090 407 2198 442 liche-

1221 470 1283 491 nas
1299 456 1464 492 λιθίασιν
1487 460 1684 504 propagari.

1323 523 1402 557 Huc
1430 526 1606 568 pertinent
1631 533 1663 559 et
1684 523 1768 559 haec
1793 526 1961 570 exempla.
2014 524 2121 558 Multi
2141 537 2201 569 pe·

1223 574 1396 607 stilentiae
1425 581 1580 618 tempore
1613 582 1778 618 pereunt,
1814 577 1941 620 quibus
1975 587 2038 608 nec
2070 575 2201 616 stellae,

1224 636 1286 656 nec
1304 631 1578 667 temperamenta
1595 625 1698 658 talem
1726 626 1908 659 interitum
1934 626 2202 659 minitabantur.

1225 674 1291 708 Sed
1311 674 1422 707 vincit
1436 675 1600 707 materiae
1618 675 1826 708 universalis
1841 676 2028 719 corruptio.
2082 673 2128 709 Et
2145 687 2201 708 re-

1225 725 1304 767 gula
1323 731 1372 757 est
1389 724 1594 763 Ptolemaei,
1619 725 1834 758 universales
1853 737 1971 758 causas
1988 726 2201 769 potentiores

1225 785 1296 807 esse
1314 775 1601 818 particularibus,
1627 775 1715 808 sIcut
1731 782 1872 818 propter
1887 776 2100 809 universales
2118 788 2200 808 cau—

1225 835 1279 856 sas
1311 825 1413 858 multi
1438 825 1475 857 in
1493 825 1604 863 bellis,
1637 833 1695 858 aut
1712 825 1748 858 in
1768 825 1910 858 diluviis
1928 832 2086 870 pereunt,
2113 837 2202 869 quo-

1225 886 1303 907 rum
1327 875 1461 908 naturis
1483 875 1646 919 privatim
1671 875 1738 910 tale
1769 876 1911 909 exitium
1935 888 2006 909 non
2030 876 2203 918 significa—

1225 925 1342 958 batur.

1328 990 1504 1025 Recensui
1521 1005 1640 1026 causas
1658 1006 1720 1037 per
1733 1005 1788 1034 se,
1815 994 1857 1027 ad
1883 1005 1968 1039 quas
1991 994 2132 1026 fortuna
2148 999 2204 1026 ut-

1226 1053 1364 1086 cunque
1381 1042 1503 1075 referri
1517 1051 1647 1086 potest,
1673 1056 1761 1088 quae
1776 1045 1936 1077 doctrina
1953 1050 2094 1088 propter
2117 1044 2203 1075 duas

1226 1092 1394 1125 utilitates
1410 1095 1648 1134 cognoscenda
1667 1102 1728 1133 est,
1755 1107 1904 1138 quarnm
1922 1095 2019 1138 prior
2036 1093 2103 1134 est,
2120 1092 2202 1137 quia

1226 1154 1303 1175 cum
1334 1142 1436 1175 multi
1466 1149 1610 1176 eventus
1636 1144 1673 1176 in
1702 1145 1772 1177 vita
1803 1145 2004 1177 tribuantur
2032 1144 2205 1182 fortunae,

1226 1193 1286 1236 qni
1312 1190 1406 1225 haud
1435 1193 1541 1225 dubie
1573 1205 1646 1226 non
1676 1194 1838 1227 accidunt
1868 1194 1942 1226 sine
1975 1194 2091 1238 aliqua
2122 1203 2203 1225 vera

1226 1254 1346 1280 cansa,
1374 1243 1605 1277 consideratio
1630 1244 1734 1286 digna
1761 1250 1809 1277 est
1833 1241 1995 1284 homine,
2021 1254 2204 1276 causarum

1226 1304 1285 1335 per
1303 1304 1338 1324 se
1356 1292 1479 1325 talium
1498 1301 1708 1333 eventuum,
1734 1301 1903 1337 quantum
1921 1294 1995 1325 fieri
2020 1299 2130 1336 potest
2147 1293 2205 1324 in-

1225 1342 1380 1385 quirere,
1408 1350 1446 1375 ut
1468 1343 1592 1375 seriem
1617 1355 1736 1376 earum
1760 1354 1895 1382 rerum,
1932 1354 2019 1387 quae
2043 1349 2203 1375 naturam

1226 1402 1258 1424 et
1286 1392 1392 1423 vitam
1419 1393 1634 1432 gubernant,
1663 1393 1890 1435 aspiciamus,
1924 1400 1955 1425 et
1979 1393 2103 1425 ordine
2126 1392 2204 1424 ani-

1225 1441 1408 1473 madverso
1425 1441 1558 1474 firmius
1577 1449 1785 1482 statuamus,
1811 1454 1883 1475 non
1902 1443 1976 1475 sine
1994 1449 2109 1475 mente
2124 1441 2202 1485 opi—

1224 1489 1286 1523 fice
1312 1488 1405 1523 hunc
1433 1497 1596 1524 muntum
1627 1499 1786 1525 exortum
1815 1504 1904 1531 esse,
1939 1500 1972 1526 et
1995 1498 2149 1526 mentem
2171 1492 2203 1524 ei

1224 1541 1502 1582 gubernatricem
1527 1553 1693 1584 praeesse.

1327 1607 1447 1640 Altera
1468 1608 1602 1641 utilitas
1619 1615 1687 1649 est,
1713 1616 1751 1642 ut
1777 1620 1854 1642 cum
1872 1608 2104 1652 prospicimus
2120 1619 2202 1641 cau-

1225 1667 1278 1689 sas
1294 1668 1355 1699 per
1369 1669 1422 1696 se,
1450 1659 1616 1701 quasdam
1634 1659 1882 1692 inclinationes
1896 1659 2072 1692 moderari
2091 1659 2202 1702 possi-

1225 1718 1313 1741 mus.
1366 1705 1443 1740 Etsi
1462 1709 1555 1740 enirn
1572 1716 1705 1742 mentes
1723 1706 1897 1742 humanae
1920 1721 1983 1741 nec
1999 1709 2203 1751 praevidere

1226 1767 1348 1789 omnes
1365 1764 1524 1797 eventuS,
1553 1770 1615 1790 nec
1631 1765 1784 1797 mutare,
1812 1759 1947 1792 etiamsi
1962 1758 2201 1802 praevideant,

1226 1813 1391 1850 possunt,
1417 1814 1454 1840 ut
1476 1809 1519 1840 de
1544 1809 1755 1852 quibusdam
1777 1809 1960 1842 eventibus
1994 1820 2033 1842 ac
2067 1808 2202 1852 praeci-

1226 1869 1293 1900 pue
1318 1858 1361 1889 de
1384 1858 1641 1892 universalibus
1667 1871 1745 1891 vere
1770 1860 1898 1893 dicitur
1926 1859 2014 1891 illud
2039 1857 2199 1890 Pindari:

1226 1906 1351 1940 Fatum
1377 1920 1440 1940 nec
1468 1909 1577 1951 ignis,
1611 1921 1674 1941 nec
1697 1909 1829 1942 ferreus
1854 1920 1975 1941 murus
1995 1919 2112 1941 arcere
2138 1920 2200 1951 po-

1225 1964 1300 1991 test.
1363 1957 1410 1991 Ut
1433 1957 1723 2001 Carthaginenses
1753 1971 1824 1991 non
1850 1963 1995 2002 possunt
2018 1958 2201 2002 impedire,

1226 2020 1295 2053 qno
1322 2009 1437 2040 minus
1461 2008 1609 2052 imperIO
1633 2009 1790 2052 potiatur
1815 2009 1899 2041 urbs
1922 2007 2055 2048 Roma,
2081 2014 2198 2041 tamen

1226 2059 1450 2102 particulares
1475 2066 1618 2091 eventus
1647 2059 1749 2091 multi
1772 2066 1804 2091 et
1834 2058 2003 2102 prospici,
2033 2065 2065 2092 et
2087 2059 2200 2091 bonae

1226 2109 1471 2141 inclinationes
1505 2109 1638 2149 iuvari,
1673 2115 1705 2142 et
1729 2109 1839 2141 malae
1870 2108 2015 2151 reprimi
2042 2117 2200 2151 possunt,

1226 2166 1263 2193 ut
1280 2170 1379 2201 sagax
1398 2158 1560 2192 Medicus
1582 2171 1727 2202 corpora
1746 2159 1968 2203 praemunire
1984 2165 2096 2202 potest
2113 2171 2198 2192 con-

1226 2217 1277 2242 tra
1308 2217 1420 2242 certos
1444 2210 1603 2249 morbos,
1631 2210 1691 2254 qni
1717 2221 1754 2242 ea
1778 2209 1935 2242 invasuri
1965 2215 2097 2248 essent,
2130 2210 2199 2242 nisi

1225 2266 1435 2293 arcerentur.
1489 2259 1539 2292 lta
1556 2271 1634 2292 cum
1653 2259 1811 2292 videmus
1826 2261 1869 2292 ad
1886 2271 1975 2305 quae
1989 2258 2077 2293 vicia
2095 2260 2199 2304 proni

1225 2321 1355 2347 sumus,
1383 2316 1526 2353 propter
1548 2310 1664 2342 stellas
1679 2316 1738 2342 aut
1756 2316 2040 2353 temperamenta,
2065 2309 2197 2343 maiore

1225 2360 1404 2403 vigilantia
1420 2360 1562 2402 regendi
1578 2366 1660 2393 sunt
1682 2371 1816 2399 mores,
1843 2372 1887 2393 ne
1912 2360 2021 2393 malae
2045 2359 2195 2392 inclina-

1224 2411 1335 2443 tiones
1349 2410 1501 2442 vincant.
1526 2408 1573 2443 Et
1589 2422 1666 2442 cum
1683 2422 1722 2442 ex
1738 2408 1802 2443 hac
1818 2410 1890 2454 ipsa
1908 2410 2066 2443 doctrina
2084 2409 2196 2442 disca-

1223 2472 1318 2500 mus,
1347 2459 1462 2493 Deum
1493 2471 1631 2492 causam
1664 2472 1736 2493 esse
1764 2460 1992 2504 >praecipuam
2018 2459 2196 2493 liberrime

1223 2518 1373 2544 caeteras
1395 2510 1653 2550 moderantem,
1680 2511 1724 2543 ab
1748 2511 1823 2554 ipso
1842 2510 1943 2543 etiam
1961 2509 2033 2551 regi
2056 2521 2121 2543 nos
2135 2521 2195 2554 pe-

1221 2569 1344 2596 tamus.
1395 2559 1532 2594 Rursus
1554 2561 1615 2593 ubi
1639 2561 1883 2594 inclinationes
1899 2559 2039 2592 foelices
2060 2560 2103 2593 ad
2125 2559 2196 2592 vir-

1219 2618 1348 2651 tutem,
1381 2617 1440 2644 aut
1463 2617 1554 2644 artes
1581 2610 1912 2650 animadverti-nus,
1945 2607 2007 2642 has
2033 2610 2193 2643 doctrina

1220 2668 1252 2696 et
1275 2661 1392 2696 studio
1415 2661 1638 2703 adiuvemus,
1663 2662 1752 2695 sicut
1776 2661 1909 2694 dictum
1932 2666 2000 2694 est:
2036 2659 2193 2694 Fortuna
