2379 2948
72 100 168 136 1097

67 185 262 230 perstitiose
291 184 334 217 ad
365 185 481 218 locum
512 184 724 227 alligandam
750 195 821 217 esse
846 183 1051 228 promissio-

68 248 160 270 nem.

171 293 415 327 Concionatur
430 305 512 337 ergo
532 293 692 327 Psalmus
716 293 753 326 in
780 304 906 337 genere
923 293 965 326 de
985 291 1054 327 Ec-

68 345 190 378 clesia:
228 343 310 378 huic
334 345 489 377 defensio
522 345 743 388 promittitur
767 345 970 388 ubicunque
993 352 1052 378 est.

68 395 114 430 Et
137 403 255 429 tamen
271 396 424 440 aliquam
451 395 567 427 sedem
592 395 772 428 doctrinae
805 402 837 429 et
866 395 1053 429 ministerii

67 446 164 480 Deus
192 447 296 480 etiam
322 451 456 485 servat,
493 451 525 478 et
556 445 712 479 defendit
745 446 932 490 tantisper,
968 447 1053 479 dum

68 497 117 529 ibi
159 497 409 539 gubernatores
453 501 543 528 recte
592 496 791 539 funguntur
841 496 1052 530 ministerio.

68 546 171 580 Hanc
196 546 472 579 consolationem
498 552 695 588 teneamus,
732 554 770 581 ut
796 559 878 581 cura
903 548 1054 581 docendi

68 604 100 631 et
117 597 273 630 discendi
290 597 327 629 in
345 596 449 629 nobis
466 603 622 630 acuatur.

169 655 392 689 penultimus
409 667 529 689 versus
550 663 599 690 est
617 656 816 700 obiurgatio
841 665 962 692 taxans
985 657 1054 690 dif-

67 706 268 747 fidentiam,
319 707 572 750 trepidationes
613 714 647 741 et
687 704 1055 756 nokvnoayflcootizstjv

68 755 278 798 humanam,
306 755 470 791 utAchas
487 764 624 792 taxatur
639 759 682 792 ab
692 757 814 797 Esaia,
841 761 936 804 quod
956 759 1055 791 auxi-

67 808 156 841 lium
173 806 397 854 Assyriorum
416 815 578 853 quaerat,
605 821 683 843 cum
701 810 845 857 quidem
859 809 954 843 Deus
971 821 1054 854 pro—

68 856 206 893 hiberet
222 866 362 892 externa
381 860 510 892 auxilia
527 858 668 896 attrahi.
721 859 797 894 Etsi
816 860 1056 903 igiturludaei

68 909 164 943 varie
181 917 361 953 exponunt
385 908 479 943 hunc
504 918 722 956 postremum
741 912 976 952 versiculum,
999 918 1052 944 ta-

68 972 151 993 men
180 961 332 994 sciamus
362 969 584 1005 praeceptum
615 974 703 1001 esse,
748 962 951 1006 oppositum
985 962 1056 994 illis

69 1011 366 1055 trepidationibus
393 1019 426 1045 et
459 1013 614 1045 consiliis
645 1011 819 1047 humanae
853 1013 1057 1057 sapientiae,

69 1062 270 1107 quaerentis
296 1063 391 1096 varia
415 1063 565 1106 auxilia,
602 1071 784 1107 propterea
811 1064 893 1108 quia
920 1063 1058 1106 ignorat

69 1111 184 1147 Deum
210 1120 270 1146 aut
291 1113 419 1147 diffidit
436 1113 522 1147 Deo.
580 1112 739 1153 Vacate,
767 1115 802 1147 id
826 1121 894 1155 est,
921 1126 965 1147 ne
989 1121 1058 1148 tre-

69 1164 205 1207 pidate,
233 1176 277 1197 ne
302 1164 487 1198 discurrite
515 1166 557 1198 ad
580 1166 677 1198 varia
696 1166 868 1209 praesidia
887 1177 1060 1210 quaeren-

70 1216 134 1255 da,
160 1226 220 1247 seu
240 1227 419 1256 concessa,
448 1227 508 1248 seu
526 1216 739 1257 inconcessa,
766 1217 827 1249 sed
845 1216 1058 1260 acquiescite

70 1265 107 1298 in
126 1264 218 1307 Deo,
247 1278 351 1310 quem
368 1266 432 1299 etsi
453 1279 525 1299 non
545 1267 705 1304 cernitiS‚
735 1274 852 1299 tamen
870 1266 965 1299 scitis
988 1273 1058 1299 tra-

70 1316 200 1349 didisse
232 1316 501 1360 promissiones,
535 1324 568 1350 et
595 1317 683 1349 velle
714 1324 752 1350 ut
784 1318 832 1350 sic
865 1317 1060 1356 invocetur,

71 1367 179 1410 petito
204 1367 336 1400 auxilio
364 1367 460 1401 iuxta
492 1368 783 1411 promissionem,
815 1367 952 1401 etiamsi
985 1367 1059 1411 ipse

71 1429 143 1451 non
161 1416 329 1453 cernitur.

172 1484 268 1519 Haec
291 1486 452 1520 doctrina
476 1487 520 1520 de
544 1487 625 1520 fidei
647 1486 822 1521 exercitiis
840 1497 941 1530 saepe
959 1497 1061 1533 repe-

72 1537 134 1571 tita
154 1543 223 1577 est,
249 1543 289 1570 ut
304 1535 429 1570 Esaiae
446 1538 524 1573 30.:
554 1537 596 1571 In
613 1538 755 1571 silentio
774 1545 806 1572 et
825 1549 886 1582 spe
903 1537 970 1570 erit
987 1537 1061 1569 for-

73 1588 185 1622 titudo
211 1594 336 1623 vestra.
397 1587 465 1622 Hic
490 1601 632 1633 quoque
654 1589 834 1623 silentium
864 1587 1062 1632 opponitur

72 1639 143 1672 illis
159 1638 472 1681 trepidationibus,
501 1646 534 1673 et
552 1639 605 1672 illi
622 1635 968 1686 πολυπραγμοσύνῃ
980 1665 988 1679 ,
1018 1639 1061 1671 de

72 1702 139 1735 qua
157 1689 250 1729 dixi,
277 1697 310 1722 et
333 1690 504 1732 significat
521 1690 764 1734 reprimendas
779 1701 851 1722 esse
869 1686 931 1722 has
953 1689 1061 1733 trepi-

73 1741 250 1781 dationes,
280 1747 312 1774 et
331 1740 625 1785 acquiescendum
643 1752 715 1774 esse
730 1740 767 1773 in
784 1739 872 1774 Deo.

173 1805 365 1852 Postquam
389 1814 505 1841 autem
529 1807 630 1842 iussit
655 1819 720 1841 nos
743 1807 882 1840 frenare
904 1811 1060 1839 nostram

73 1857 333 1898 curiositatem,
361 1858 509 1902 opponit
529 1865 671 1892 econtra
695 1858 866 1892 auxilium
889 1857 1063 1896 divinum,

73 1915 246 1943 monstrat
269 1909 445 1942 obiectum
473 1910 574 1950 fidei,
602 1916 636 1944 et
665 1909 762 1944 iubet
783 1921 848 1942 nos
872 1920 952 1941 vera
970 1908 1063 1940 fidu—

75 1961 126 1994 cia
151 1960 366 2005 praesentiae
381 1959 447 1993 Dei
472 1960 578 2003 erigi,
607 1968 639 1994 et
664 1961 807 2006 quidem
832 1958 1002 2004 praecipit
1023 1964 1062 1991 ut

75 2023 197 2044 verum
220 2009 333 2043 Deum
365 2022 594 2054 agnoscamus
620 2019 652 2045 et
679 2011 901 2052 invocemus,
937 2009 999 2054 qui
1027 2020 1062 2042 se

74 2061 238 2106 patefecit
254 2061 289 2093 in
307 2060 415 2095 Israel
439 2063 520 2096 dato
542 2075 604 2097 suo
623 2063 747 2102 verbo,
775 2074 839 2095 nec
856 2061 1063 2094 delabamur

75 2113 120 2146 ad
136 2112 375 2146 commentitia
397 2112 557 2149 numina.
608 2114 691 2147 Ideo
716 2113 819 2147 dicit:
844 2106 1063 2157 Cognoscite

77 2158 179 2210 quod
199 2172 261 2207 ego
288 2161 358 2195 sim
378 2161 504 2206 Deus,
530 2162 730 2198 exaltabor
751 2163 790 2197 in
812 2161 1004 2209 gentibus,
1032 2165 1062 2194 et

78 2211 277 2248 exaltabor
301 2211 339 2246 in
362 2217 479 2258 terra,
503 2215 542 2248 id
568 2222 636 2257 est,
665 2228 745 2249 cum
764 2215 845 2248 estis
863 2215 900 2247 in
924 2213 1063 2258 pericu-

77 2265 139 2303 lis,
165 2276 238 2298 non
258 2265 447 2308 trepidate,
474 2278 547 2300 non
564 2267 722 2312 quaerite
742 2266 941 2299 inconcessa
961 2276 1063 2309 prae·

79 2315 190 2354 sidia,
224 2315 325 2360 quasi
351 2313 444 2348 nihil
475 2317 522 2351 sit
541 2317 654 2359 Deus,
687 2324 747 2352 aut
770 2329 843 2350 non
869 2322 966 2350 curet
989 2326 1062 2349 vos.

77 2366 148 2401 Sed
168 2367 322 2410 primum
354 2367 514 2400 omnium
545 2376 678 2402 mentes
710 2375 844 2402 vestrae
867 2368 984 2401 Deum
1007 2366 1064 2399 in-

77 2424 265 2458 tueantur,
302 2417 364 2461 qui
387 2429 423 2450 se
449 2418 485 2450 in
512 2416 577 2451 boc
600 2420 730 2464 populo
757 2418 867 2452 Israe’l
891 2417 1064 2462 patefecit,

79 2475 112 2502 et
125 2469 169 2501 ab
184 2481 223 2502 eo
240 2468 410 2502 auxilinm
429 2469 535 2512 petite
552 2475 584 2502 et
603 2477 777 2514 expectate
802 2470 896 2503 iuxta
915 2468 1065 2513 promis-

656 97 720 133 lx.
778 95 1143 133 COMMENTARII
1176 95 1227 131 IN
1259 94 1501 132 PSALMOS.

1999 95 2095 131 1098

1106 194 1180 216 ram
1200 179 1372 217 hostibus.
1427 181 1510 214 Ideo
1527 181 1627 214 dicit:
1655 177 1848 213 Exaltabor
1864 178 1900 211 in
1920 180 2093 222 gentibus,

1107 241 1141 267 et
1166 233 1344 266 exaltabor
1371 234 1406 265 in
1434 239 1539 266 terra.
1598 231 1678 265 Non
1702 230 1783 263 volo
1808 237 1945 264 tantum
1971 231 2008 262 in
2032 231 2093 263 illa

1106 296 1182 317 mea
1206 283 1283 316 luce
1300 283 1419 326 ignota
1437 282 1605 316 creaturis
1622 282 1746 320 latere,
1764 281 1823 314 sed
1842 281 1974 324 prodeo
1986 305 1994 318 ‚
2012 281 2093 313 volo

1106 334 1266 379 agnosci,
1302 333 1477 377 conspici,
1510 333 1632 376 diligi,
1668 331 1842 372 invocari,
1870 331 1951 363 volo
1979 332 2051 375 peti
2075 342 2094 364 a

1106 398 1162 419 me
1186 392 1219 418 et
1243 385 1416 428 expectari
1438 384 1628 422 auxilium,
1655 383 1736 415 volo
1761 381 1931 415 celebrari
1957 394 1974 414 a
1997 382 2094 421 meis,

1107 444 1140 471 et
1156 435 1340 470 formidari
1356 435 1399 468 ab
1418 435 1460 467 iis
1479 434 1539 479 qui
1557 434 1703 466 verbum
1729 445 1846 466 meum
1865 432 1994 466 nolunt
2018 445 2094 465 am-

1107 487 1223 532 plecti.

1207 536 1330 570 Dulcis
1353 535 1547 569 consolatio
1582 535 1619 567 in
1642 532 1696 567 his
1722 533 1837 566 verbis
1860 533 2093 577 proponitur:

1107 587 1298 622 Exaltabor
1321 588 1357 620 in
1384 587 1566 630 gentibus,
1590 585 1769 618 exaltabor
1794 584 1830 615 in
1849 591 1951 617 terra.
2007 583 2094 616 Pro-

1108 639 1215 673 mittit
1232 639 1326 672 enim
1344 637 1440 672 Deus
1456 649 1491 671 se
1507 636 1685 669 editurum
1702 636 1744 667 de
1762 645 1796 667 se
1815 634 2033 673 testimonia,
2057 640 2096 666 ut

1108 691 1310 730 invocetur,
1339 695 1372 722 et
1393 695 1432 722 ut
1458 688 1533 721 eius
1558 686 1723 720 beneficia
1745 685 1783 717 in
1806 691 1898 717 terra
1916 685 2008 717 inter
2033 695 2096 716 nos

1108 741 1252 774 miseros
1269 738 1432 773 homines
1450 738 1686 773 celebrentur.

1248 842 1584 889 Argumentum
1614 850 1669 874 ac
1698 838 1956 883 dispositio

1423 900 1582 940 Psalmi
1612 897 1796 938 XLVII.

1161 976 1291 1009 Omnes
1305 974 1436 1019 populi
1451 972 1621 1018 plaudite
1635 969 1823 1014 manibus,
1851 968 2004 1005 iubilate
2016 967 2095 1001 Deo

1163 1028 1201 1059 ἱη
1219 1036 1306 1060 voce
1323 1026 1586 1059 exultationis.

1212 1091 1418 1126 Gratiarum
1440 1091 1530 1125 actio
1552 1096 1602 1123 est
1617 1085 1832 1132 triumphale
1850 1097 2011 1126 carmen,
2039 1095 2099 1117 seu

1113 1140 1308 1184 ἐπινίκιον,
1336 1143 1472 1186 generis
1489 1139 1777 1179 demonstrativi,
1806 1138 1994 1172 testificans
2020 1146 2100 1179 per-

1113 1202 1215 1238 petua
1241 1194 1467 1233 narratione,
1495 1191 1608 1226 Deum
1637 1190 1849 1223 constituere
1879 1188 1915 1220 id
1938 1197 2099 1230 regnum,

1113 1246 1206 1290 quod
1227 1244 1377 1277 Messiae
1400 1243 1582 1287 promisit,
1608 1242 1645 1274 id
1672 1248 1739 1280 est,
1767 1246 1860 1273 certo
1888 1238 1980 1270 mitti
2003 1235 2100 1270 Mes-

1113 1297 1216 1333 siam‚
1245 1303 1278 1329 et
1295 1308 1356 1339 per
1373 1307 1453 1328 eum
1474 1293 1590 1336 colligi
1609 1291 1804 1325 Ecclesiam
1831 1296 2028 1328 aeternam,
2056 1287 2100 1319 li-

1113 1347 1305 1380 berandam
1341 1359 1359 1379 a
1385 1352 1546 1390 peccato,
1574 1349 1706 1382 morte,
1738 1340 1927 1386 tyrannide
1953 1338 2099 1377 diaboli,

1115 1404 1147 1430 et
1168 1398 1212 1429 ab
1236 1397 1403 1430 omnibus
1428 1393 1695 1429 calamitatibus.
1750 1389 1796 1424 Et
1813 1390 1982 1433 siguificat
2005 1387 2099 1420 hunc

1115 1445 1281 1480 Messiam
1293 1459 1364 1480 esse
1374 1447 1499 1486 Deum,
1515 1455 1664 1489 eumque
1675 1443 1772 1476 iubet
1784 1440 1935 1484 agnosci,
1947 1447 1978 1472 et
1989 1438 2100 1482 excipi

1114 1510 1132 1531 a
1161 1497 1382 1542 principibus
1407 1504 1439 1530 et
1462 1496 1644 1540 gentibus,
1672 1500 1705 1527 et
1726 1492 1869 1537 quidem
1894 1496 2014 1522 mouet
2039 1488 2100 1533 qui

1115 1549 1230 1582 cultus
1246 1549 1291 1583 sit
1311 1549 1518 1593 praecipuus
1535 1558 1612 1579 cum
1631 1545 1696 1578 ait:
1724 1540 1884 1576 Psallite
1905 1539 2100 1583 sapienter.

1218 1599 1332 1633 Totus
1358 1600 1466 1643 igitur
1481 1597 1643 1631 Psalmus
1665 1594 1871 1628 vaticinium
1897 1599 1964 1632 est,
1993 1589 2101 1623 adfir-

1115 1661 1234 1691 manS,
1279 1657 1374 1683 certo
1409 1647 1578 1683 constitui
1611 1657 1758 1689 regnum
1795 1643 1964 1682 Messiae‚
2006 1642 2101 1686 quod

1115 1701 1218 1745 quale
1235 1701 1296 1741 sit,
1323 1707 1356 1734 et
1370 1712 1460 1746 quae
1477 1700 1570 1732 bona
1597 1697 1749 1733 adferat,
1777 1702 1810 1728 et
1831 1707 1848 1727 a
1873 1693 2002 1739 quibus
2027 1704 2101 1724 ma-

1115 1752 1158 1785 lis
1176 1752 1320 1792 liberet,
1347 1764 1387 1785 ex
1407 1748 1703 1796 promissionibus
1723 1754 1754 1780 et
1771 1745 1891 1779 multis
1917 1742 2101 1776 concioni-

1115 1804 1181 1836 bus
1203 1800 1463 1846 Prophetarum
1489 1799 1697 1834 discendum
1722 1804 1783 1832 est.
1837 1795 1904 1828 Hic
1926 1793 2100 1837 generali-

1115 1855 1181 1887 bus
1200 1853 1317 1887 verbis
1332 1853 1478 1886 victoria
1498 1850 1715 1888 celebratur,
1744 1846 1958 1891 praecipitur
1975 1845 2101 1883 cultus,

1115 1911 1147 1938 et
1165 1904 1378 1938 nominatim
1396 1902 1611 1948 praedicitur
1638 1899 1871 1941 colligendam
1897 1907 1969 1929 esse
1997 1895 2100 1927 etiam

1115 1968 1154 1989 ex
1178 1955 1360 1998 gentibus,
1387 1961 1419 1988 et
1440 1954 1477 1986 fit
1499 1951 1631 1985 mentio
1655 1948 1874 1993 principum,
1903 1946 1985 1992 quia
2007 1944 2102 1978 Deus

1115 2018 1155 2040 ex
1172 2006 1338 2040 omnibus
1365 2003 1611 2039 vocationibus
1640 2012 1659 2034 a
1692 2011 1726 2033 se
1758 1998 1929 2033 ordinatis
1964 1997 2102 2041 aliquos

1115 2056 1260 2100 colligit.

1217 2105 1376 2141 Victoria
1414 2106 1613 2140 celebratur
1645 2101 1701 2136 his
1731 2101 1861 2135 verbis:
1916 2094 2100 2151 Excelsa-s

1115 2157 1304 2192 Dominus
1319 2154 1484 2190 subiiciet
1512 2154 1615 2189 nobis
1636 2155 1790 2200 populos
1819 2155 1849 2184 et
1874 2160 2006 2195 regna,
2034 2145 2101 2202 elz,-

1113 2214 1171 2256 gel
1198 2221 1264 2243 nos
1289 2212 1326 2242 ul
1349 2206 1466 2241 simus
1491 2203 1702 2239 haereditas
1718 2208 1875 2237 aeterna.
1931 2194 2100 2232 Ascendit

1115 2259 1240 2300 Dens,
1276 2261 1310 2293 id
1339 2266 1410 2300 est,
1443 2258 1594 2301 gloriose
1619 2268 1654 2289 se
1678 2254 1858 2299 patefecit,
1894 2258 1930 2284 ut
1957 2249 2099 2294 quando

1115 2312 1300 2346 nobiscum
1321 2311 1358 2343 in
1376 2311 1512 2343 deserto
1536 2306 1710 2346 ascendit,
1736 2304 1870 2349 prodiit
1884 2309 1921 2335 ut
1940 2302 2050 2333 victor
2068 2305 2101 2331 et

1116 2360 1365 2407 triumphator.
1417 2359 1487 2393 Hic
1509 2368 1686 2393 sumamus
1710 2368 1750 2388 ex
1774 2354 1852 2388 aliis
1875 2352 1961 2385 locis
1981 2350 2101 2395 quales

1115 2415 1186 2448 sint
1197 2414 1362 2447 victoriae
1372 2410 1531 2444 Messiae.
1558 2407 1697 2442 Delevit
1710 2411 1888 2450 peccatum
1897 2409 1927 2436 et
1940 2408 2100 2437 mortem,

1118 2474 1150 2500 et
1177 2464 1340 2498 liberavit
1365 2474 1429 2495 nos
1451 2474 1468 2494 a
1496 2459 1682 2506 tyrannide
1707 2455 1852 2490 diaboli.
1903 2453 1989 2486 Plus
2005 2451 2099 2484 enim
2147 2479 2150 2481 Α

80 2519 206 2555 siones.
245 2517 291 2553 Et
308 2519 430 2553 scitote
450 2518 544 2553 hunc
561 2520 692 2554 cultum
711 2521 740 2554 ei
759 2521 895 2565 placere
912 2526 945 2554 et
964 2530 1065 2563 prae·
1118 2521 1268 2560 praestat
1285 2512 1343 2546 hic
1356 2512 1504 2546 Messias
1521 2521 1626 2555 quam
1645 2508 1704 2541 alii
1722 2519 1818 2550 reges
1836 2512 1868 2538 et
1884 2504 2101 2537 liberatores.

80 2570 221 2613 cipuum
243 2581 333 2608 esse,
360 2571 441 2615 quia
468 2582 540 2604 non
565 2571 694 2604 frustra
718 2583 754 2604 se
779 2571 961 2615 patefecit,
992 2582 1066 2603 non
1118 2567 1248 2613 Cyrus,
1277 2564 1479 2598 Alexander
1496 2562 1600 2595 etiam
1618 2566 1700 2592 sunt
1714 2557 1859 2601 gloriosl
1875 2567 1983 2599 reges,

2013 2553 2103 2586 libe-

79 2621 207 2654 frustra
233 2621 380 2655 tradidit
412 2621 683 2666 promissiones,
718 2623 776 2654 sed
807 2622 882 2655 vult
913 2621 1067 2664 agnosci,
1091 2649 1093 2669 ¹.
1118 2625 1198 2652 rant
1216 2627 1297 2650 suos
1311 2614 1439 2647 amicos
1458 2625 1476 2646 a
1501 2611 1684 2657 periculis,
1714 2610 1801 2666 dant
1827 2607 1875 2640 eis
1893 2614 2103 2662 prox-‘mcum

80 2671 153 2706 vult
179 2672 380 2706 testimonia
406 2674 448 2706 de
470 2684 505 2706 se
523 2672 678 2718 conspici
698 2672 734 2705 in
752 2670 906 2706 Ecclesia
919 2698 928 2712 ,
954 2679 986 2705 et
1008 2683 1066 2705 co·
1091 2671 1094 2712 ξ
1119 2670 1177 2703 sed
1198 2679 1302 2713 quam
1321 2665 1437 2699 brevis
1454 2670 1503 2698 est
1522 2660 1648 2697 horum
1665 2666 1820 2706 potenna
1837 2665 1870 2692 et
1887 2655 2021 2702 glorla?
