2379 2948
184 110 278 146 1147

283 189 349 226 Est
379 190 487 234 igitur
516 187 639 232 politia
668 184 804 224 Attica,
843 183 898 216 vel
927 181 1171 222 Massiliensis,

185 245 306 290 pulcra
320 250 352 276 et
367 239 574 283 disciplinae
591 243 706 270 custos
722 235 800 273 fuit,
827 240 945 267 tamen
959 234 1071 267 defuit
1085 232 1173 283 ulti-

186 306 263 329 mus
286 294 385 335 finis,
412 290 543 324 scilicet
565 287 725 321 doctrina
747 297 829 318 vera
853 286 895 318 de
913 284 1006 326 Deo,
1036 291 1068 318 et
1090 295 1171 316 vera

187 345 319 390 agnitio
346 351 378 377 et
401 339 576 374 invocatio
594 338 678 378 Dei,
704 348 793 381 quae
813 335 878 369 iter
895 343 981 369 esset
999 336 1040 368 ad
1059 340 1172 368 aeter-

187 408 270 430 nam
287 391 577 428 consuetudinem
594 388 671 423 Dei.
725 387 870 421 Necesse
888 394 937 420 est
954 386 1062 429 igitur
1075 391 1174 418 ante-

187 446 269 480 ferri
303 444 462 489 politiam
485 441 615 481 lsrael,
649 446 682 473 et
712 438 941 472 iustissimum
973 443 1022 470 est
1051 434 1174 469 laetari

189 503 288 532 tauto
311 495 378 529 Dei
400 492 589 530 beneficio,
622 497 654 523 et
679 489 709 522 ei
733 489 859 532 gratias
879 499 989 531 agere.
1051 485 1176 529 Quan-

190 558 294 593 quam
320 553 435 579 autem
462 550 495 577 et
517 543 584 576 alia
607 552 732 586 regna,
759 552 838 572 cum
862 541 898 572 in
923 539 972 572 eis
993 544 1093 570 sonat
1109 548 1176 569 vox

191 597 397 640 Evangelii,
424 601 506 628 sunt
528 594 614 627 tales
638 603 736 625 rosae
756 591 950 634 fragrantes
975 589 1082 621 odore
1098 599 1177 620 coe-

192 649 286 681 lestis
307 646 504 686 doctrinae,
531 651 570 678 ut
588 643 653 676 suit
671 643 849 687 Aegyptus
868 648 1024 683 tempore
1042 636 1179 682 Ioseph,

192 699 356 743 Babylon
382 704 539 740 tempore
564 694 743 731 Danielis,
776 700 892 726 tamen
919 701 1084 733 magnum
1107 689 1179 722 dis-

194 752 328 784 crimen
368 754 419 781 est
460 747 553 779 inter
591 744 751 788 politiam
792 742 916 781 lsrael,
958 748 992 774 et
1030 747 1181 773 caeteras

193 811 326 834 omnes.
390 797 560 841 Expressa
585 807 668 828 voce
696 793 867 837 promisit·
883 791 978 825 Deus
1003 803 1038 824 se
1063 801 1181 823 serva-

195 860 313 885 turum
337 860 409 882 esse
430 847 588 892 politiam
608 846 738 884 Israel,
762 851 801 877 ut
825 844 921 876 sedes
945 849 1034 876 esset
1051 841 1182 875 doctri-

196 913 276 935 nae:
306 907 337 933 et
356 899 393 931 in
411 910 449 930 ea
467 894 661 940 Prophetas
679 894 856 933 excitavit,
883 900 917 926 et
932 893 1090 926 defendit
1106 903 1181 925 eam

195 950 388 985 manifestis
409 948 587 981 miraculis
610 953 683 980 toto
708 946 768 978 illo
786 952 942 988 tempore
958 945 1000 976 de
1017 956 1086 988 quo
1103 955 1185 987 pro-

197 1002 317 1035 missio
342 1000 470 1035 tradita
497 1004 557 1032 est.
628 996 774 1029 Necesse
799 1002 848 1028 est
872 1001 986 1028 autem
1010 1001 1127 1037 postea
1153 999 1186 1026 et

199 1052 286 1086 alibi
312 1052 445 1095 aliquas
467 1048 607 1094 politias
625 1059 695 1080 esse
715 1045 866 1089 hospitia
885 1057 987 1078 verae
1004 1044 1186 1078 doctrinae

199 1112 231 1138 et
249 1101 444 1140 Ecclesiae'‚
471 1100 529 1132 sed
556 1099 652 1131 nulla
677 1109 760 1140 gens
777 1104 835 1130 aut
854 1096 974 1129 civitas
992 1107 1087 1128 nunc
1104 1107 1187 1139 pro-

198 1154 400 1187 missionem
417 1149 541 1190 hahet,
569 1161 657 1194 quae
675 1149 823 1181 affirmet
839 1147 901 1180 diu
918 1147 967 1179 ibi
984 1157 1186 1179 mansuram

199 1217 271 1238 esse
297 1214 398 1236 verae
422 1201 603 1234 doctrinae
628 1206 661 1232 et
686 1198 860 1231 Ecclesiae
885 1198 1012 1231 sedem.
1065 1195 1189 1230 Genus

199 1260 317 1289 manet
332 1253 427 1298 quod
438 1250 532 1285 Deus
549 1250 679 1284 alicubi
696 1251 755 1282 dat
770 1247 922 1292 hospitia
937 1259 1037 1281 verae
1053 1248 1189 1281 doctri-

200 1318 265 1339 nae
291 1312 321 1338 et
339 1303 533 1342 Ecclesiae,
558 1301 644 1334 alibi
668 1300 927 1340 commodiora,
955 1299 1039 1332 alibi
1057 1298 1190 1343 squali-

201 1358 321 1393 diora,
357 1355 415 1387 sed
441 1352 571 1396 species
593 1351 732 1385 definiri
756 1362 828 1383 non
854 1357 978 1393 potest.
1031 1348 1191 1382 Fuerunt

204 1404 365 1440 Athenae
396 1402 590 1446 hospitium
622 1413 723 1434 verae
748 1401 928 1434 doctrinae
955 1407 988 1433 et
1014 1398 1191 1432 Ecclesiae

204 1457 290 1497 Dei,
318 1458 406 1488 cum*
421 1454 471 1486 ibi
489 1452 619 1485 Paulus
636 1450 870 1493 Evangelium
890 1452 1047 1490 doceret,
1075 1456 1108 1482 et
1126 1449 1191 1481 ali-

205 1506 365 1554 quandiu
388 1511 524 1549 postea‚
560 1515 655 1535 nunc
679 1501 838 1535 funditus
865 1502 997 1534 deletae
1024 1506 1125 1542 sunt,
1160 1506 1193 1532 et

206 1558 290 1592 alibi
310 1555 404 1589 Deus
427 1555 542 1587 sedem
569 1553 729 1585 concedit
752 1564 851 1584 verae
877 1552 1057 1584 doctrinae
1076 1556 1109 1583 et
1125 1549 1193 1582 Ec-

207 1608 340 1642 clesiae.
395 1604 586 1647 Tantisper
607 1603 714 1645 igitur
732 1601 847 1635 Rosae
871 1608 953 1634 sunt
979 1601 1137 1633 civitates
1162 1606 1194 1633 et

207 1657 370 1702 imperia,
396 1656 507 1688 donec
531 1654 579 1686 ibi
603 1666 669 1686 vox
684 1650 869 1695 Evangelii
892 1658 1009 1689 sonat,
1036 1657 1067 1683 et
1089 1650 1194 1682 disci—

207 1711 305 1755 plina
324 1705 510 1739 mediocris
528 1711 597 1744 est,
623 1711 662 1737 ut
681 1715 774 1736 nunc
792 1709 872 1736 sunt
889 1703 1021 1735 multae
1039 1701 1195 1734 civitates
1220 1711 1222 1717 ⁴

209 1758 439 1797 Germaniae,
465 1755 679 1797 Noriberga‚
707 1754 917 1795 Argentina:
946 1753 981 1784 in
1008 1751 1195 1785 Pannonia

208 1811 368 1845 Corona,
397 1814 428 1840 et
453 1806 541 1839 aliae
563 1805 752 1850 quaedam:
780 1805 816 1836 in
840 1804 956 1837 Dania
981 1802 1128 1836 Hafnia:
1157 1802 1196 1834 in

209 1859 396 1895 Britannia
411 1857 636 1896 Londinum,
666 1862 698 1888 et
713 1855 841 1898 passim
858 1855 946 1886 aliae
967 1853 1109 1888 multae.

312 1910 418 1943 Hunc
439 1908 547 1949 igitur
564 1906 691 1940 Psalm.
712 1907 861 1947 legentes
879 1905 1007 1948 gratias
1024 1904 1098 1938 Deo
1116 1915 1196 1947 aga-

211 1973 307 2000 mus,
335 1959 430 2004 quod
447 1957 576 1990 alicubi
592 1957 748 1989 accendit
766 1963 797 1989 et
814 1962 928 1989 servat
947 1967 1048 1987 verae
1065 1954 1198 1988 doctri-

212 2024 276 2045 nae
294 2010 407 2043 studia
421 2036 430 2049 ,
457 2014 491 2040 et
508 2007 641 2050 colligit
660 2014 837 2039 aeternam
854 2004 1044 2039 Ecclesiam
1056 2030 1064 2043 ,
1093 2012 1126 2038 et
1142 2017 1197 2037 ar-
1224 2010 1226 2016 '

213 2063 378 2096 dentibus
402 2058 492 2091 votis
515 2069 673 2095 oremu5‚
701 2064 739 2089 ut
759 2055 820 2089 has
839 2057 928 2100 ipsas
947 2068 1046 2089 verae
1065 2056 1198 2089 doctri-

214 2126 278 2146 nae
297 2119 329 2145 et
344 2109 518 2144 Ecclesiae
536 2109 632 2140 sedes
650 2108 709 2139 diu
730 2114 852 2142 servet.

317 2162 501 2194 Discamus
519 2166 633 2191 autem
650 2170 689 2190 ex
706 2155 919 2191 hocPsalmo
938 2155 1028 2190 lianc
1043 2169 1200 2190 necessa·
1226 2154 1228 2186 ἶ

216 2216 302 2248 riam
324 2211 518 2245 doctrinam
534 2216 566 2242 et
580 2209 865 2243 consolationem.
899 2207 1056 2241 Primum
1070 2208 1202 2241 servari

215 2265 409 2298 Ecclesiam
427 2262 530 2295 etiam
548 2261 583 2292 in
604 2258 667 2293 hac
685 2260 825 2292 mortali
844 2259 931 2299 vita,
960 2266 991 2291 et
1007 2259 1151 2291 concedi
1171 2259 1201 2292 ei

217 2314 368 2359 hospitia
380 2326 397 2345 a
407 2311 493 2355 Deo,
508 2323 571 2344 nec
581 2322 699 2353 regum
712 2317 771 2344 aut
781 2311 1054 2352 gubernatorum
1064 2309 1203 2353 sapien-
1228 2322 1230 2329 ¹

217 2368 300 2399 tiam
318 2373 352 2398 et-
366 2363 583 2406 diligentiam
601 2362 757 2395 sufficere
773 2362 813 2393 ad
832 2359 1023 2393 Ecclesiam
1039 2360 1094 2393 vel
1112 2361 1203 2403 poli-

218 2418 300 2449 tiam
326 2414 514 2449 scrvandas
537 2419 597 2445 aut
621 2413 869 2445 defendendas.
923 2410 1017 2444 Haec
1043 2411 1202 2444 doctrina

221 2479 320 2509 saepe
334 2465 476 2509 repetita
488 2464 584 2497 estin
594 2461 791 2506 Prophetis.
821 2461 1036 2504 Utnegativa
1048 2473 1203 2505 expressa

221 2524 270 2549 est
296 2515 348 2548 his
375 2515 489 2548 verbis
516 2514 656 2547 Psalmo
672 2513 747 2548 33.:
777 2513 857 2546 Non
883 2514 1037 2546 salvatur
1060 2525 1119 2545 rex
1143 2525 1204 2557 per

221 2579 364 2607 magnos
390 2566 566 2600 exercitus,

222 2615 313 2650 nihil
346 2616 489 2661 potestis
515 2617 644 2653 facere,
680 2616 715 2647 id
742 2622 810 2656 est,
843 2615 988 2648 consilia
1013 2615 1146 2658 privata
1173 2622 1205 2647 et

221 2668 361 2712 publica
388 2673 468 2699 sunt
495 2666 609 2705 irrita,
636 2666 701 2698 nisi
730 2668 972 2709 gubernentur
991 2672 1023 2699 et
1041 2665 1205 2699 iuventur

774 97 899 134 PHlL.
926 95 1045 133 MEL.
1072 94 1282 132 SCRIPTA
1309 93 1612 131 EXEGETICA.

621 2562 667 2597 Et
692 2565 727 2596 in
753 2565 845 2597 dicto
864 2562 1011 2598 Christi:
1040 2563 1126 2597 Sine
1150 2576 1205 2596 me
1230 2579 1232 2599 !

2109 97 2206 133 1148

1194 182 1197 220 ¹,
1223 182 1407 218 divinitus.
1459 180 1565 216 Item:
1593 180 1671 215 Nisi
1689 180 1866 215 Dominus
1890 182 2095 217 custodierit
2120 183 2209 217 civi-

1196 262 1197 267 ,
1222 239 1327 267 tatem
1350 240 1414 267 etc.

1325 290 1417 326 Sunt
1441 297 1474 325 et
1497 290 1725 325 affirmativae
1748 290 1998 335 promissiones
2022 302 2211 335 expressae,

1196 331 1200 420 ἱ
1225 340 1350 376 Esaiae
1372 341 1448 377 46.:
1481 339 1557 385 Ego
1585 348 1819 375 senescentem
1841 339 2034 376 Ecclesiam
2059 343 2211 385 gestabo.

1199 429 1201 435 χ
1225 391 1273 426 Et
1297 392 1410 426 Filius
1433 392 1500 425 Dei
1524 392 1656 438 inquit:
1685 391 1772 426 Sum
1797 392 1979 426 vobiscum
2006 392 2102 425 omni
2124 399 2212 425 tem-

1200 446 1201 462 *
1228 455 1314 488 pore
1338 455 1450 489 usque
1474 444 1516 476 ad
1541 443 1880 477 consummationem
1903 443 2041 479 mundi.
2111 441 2214 476 Item:

1229 492 1364 527 Omnes
1381 494 1499 539 capilli
1516 495 1637 539 capitis
1652 495 1757 528 vestri
1774 494 1947 528 numerati
1964 500 2055 529 sunt.
2108 492 2216 527 Com-

1229 545 1419 578 monefacit
1442 552 1557 578 autem
1580 557 1644 579 nos
1668 543 1753 579 haec
1773 545 1953 586 doctrina,
1980 556 2025 577 ne
2042 544 2216 578 existime-

1230 607 1308 629 mus
1337 596 1509 639 praesidia
1539 596 1638 629 firma
1671 607 1744 629 esse
1774 594 1960 629 hominum
1988 595 2135 628 consilia
2161 595 2217 628 vel

1232 646 1380 687 auxilia,
1409 647 1468 679 sed
1490 652 1530 679 ut
1551 646 1793 689 confugiamus
1811 648 1853 680 ad
1870 646 2003 685 Deum,
2032 653 2063 680 et
2081 646 2124 679 ab
2140 646 2215 689 ipso

1233 704 1391 742 petamus
1419 704 1452 730 et
1483 703 1702 740 expectemus
1724 698 2016 740 gubernationem
2040 703 2073 731 et
2095 697 2218 729 defen·

1234 749 1381 782 sionem.
1435 746 1573 781 Deinde
1602 745 1656 780 his
1687 748 1981 791 promissionibus
2005 755 2037 782 et
2060 747 2219 781 consola-

1236 799 1391 833 tionibus
1421 810 1486 832 nos
1509 804 1761 838 sustentemus,
1794 810 1838 831 ne
1860 799 2104 843 desperatione
2129 797 2220 831 abii-

1235 850 1367 883 ciamus
1399 849 1514 883 studia
1544 856 1577 882 et
1609 848 1862 882 confessionem
1896 862 1997 882 verae
2027 849 2220 888 doctrinae,
2251 879 2257 885 ,

1236 901 1295 934 sed
1327 912 1405 933 cum
1434 900 1582 934 sciamus
1607 911 1809 933 mansuram
1833 912 1903 933 esse
1927 900 1996 933 Dei
2019 898 2222 939 Ecclesiam,

1237 952 1453 996 perferamus
1471 950 1622 985 docendi
1637 951 1786 989 labores,
1814 962 1852 984 ac
1869 962 2045 995 speremus
2060 963 2133 984 non
2149 951 2224 983 fore

1238 1003 1369 1036 irritos.

1341 1052 1417 1086 Hac
1438 1063 1501 1085 nos
1519 1053 1757 1086 consolatione
1772 1059 1804 1086 et
1820 1051 1951 1085 Paulus
1968 1052 2150 1085 confirmat
2170 1051 2225 1084 in-

1241 1104 1383 1149 quiens:
1413 1102 1494 1136 Non
1517 1103 1582 1137 erit
1606 1104 1707 1136 labor
1731 1110 1844 1137 vester
1869 1103 1985 1136 inanis
2006 1103 2042 1135 iu
2060 1101 2225 1135 Domino.

1240 1154 1342 1188 Hanc
1365 1155 1476 1198 ipsam
1500 1155 1777 1187 consolationem
1804 1154 1971 1198 proponit
1989 1151 2048 1186 hic
2062 1152 2152 1186 Psal.
2171 1153 2227 1185 in-

1242 1206 1381 1251 quiens:
1410 1203 1460 1238 In
1477 1202 1560 1238 Deo
1579 1204 1766 1252 faciemus
1785 1204 1970 1247 virtutem,
1998 1204 2033 1237 id
2052 1211 2121 1244 est,
2148 1203 2227 1237 Deo

1243 1257 1385 1290 iuvante
1419 1256 1616 1289 vincemus:
1657 1254 1750 1302 Ipse
1800 1253 2022 1289 conculcabit
2061 1252 2227 1288 inimicos

1243 1311 1399 1341 nostros.
1451 1306 1624 1350 Proponit
1648 1314 1679 1340 et
1696 1307 1892 1350 exemplum
1911 1306 2164 1346 invocationis,
2192 1305 2228 1337 in

1243 1370 1311 1403 qua
1328 1358 1459 1401 petitur
1476 1357 1661 1390 auxilium:
1690 1354 1837 1389 Adiuro
1850 1369 1915 1390 nos
1927 1355 1965 1389 in
1979 1354 2228 1393 tribulatione,

1245 1408 1331 1454 quia
1350 1419 1446 1440 vana
1463 1405 1569 1440 salus
1586 1404 1760 1442 homini&

1347 1466 1440 1501 Usus
1464 1467 1571 1509 igitur
1596 1465 1652 1500 hic
1674 1475 1723 1500 est
1740 1466 1889 1504 Psalmi,
1917 1473 1956 1499 ut
1978 1466 2130 1509 primum
2148 1478 2231 1510 pro-

1246 1517 1411 1551 missione
1443 1529 1508 1550 nos
1539 1524 1790 1554 sustentemus,
1824 1528 1913 1561 quae
1939 1517 2089 1549 affirmat
2108 1514 2231 1550 Eccle-

1247 1569 1333 1601 siam
1352 1579 1553 1600 mansuram
1573 1579 1663 1607 esse,
1691 1574 1723 1600 et
1741 1567 1900 1600 vitricem
1918 1567 2013 1607 fore,
2041 1573 2075 1600 et
2091 1564 2156 1600 hac
2173 1578 2232 1611 spe

1247 1618 1465 1662 perferamus
1490 1617 1627 1650 labores
1648 1617 1811 1650 docendi.
1865 1616 2002 1650 Deinde
2018 1624 2056 1651 ut
2073 1615 2139 1650 hoc
2157 1617 2231 1661 ipso

1248 1669 1405 1712 exemplo
1432 1674 1590 1712 petamus
1616 1675 1648 1701 et
1671 1675 1889 1711 expectemus
1912 1668 2082 1701 auxilium
2106 1680 2124 1701 a
2141 1668 2233 1707 Deo,

1247 1731 1312 1752 nec
1336 1719 1548 1761 pendeamus
1572 1730 1589 1751 a
1616 1718 1772 1751 consiliis
1797 1725 1831 1752 et
1853 1719 2035 1762 praesidiis
2059 1716 2233 1757 humanis,

1222 1799 1223 1802 ,
1249 1771 1307 1804 sed
1341 1769 1379 1801 in
1407 1769 1498 1802 veris
1522 1769 1689 1813 periculis
1712 1770 1779 1802 fide
1801 1775 1933 1803 erectae
1956 1775 2089 1803 mentes
2115 1769 2232 1803 nitan-

1248 1828 1306 1854 tur
1322 1818 1408 1855 Deo.

1351 1877 1447 1911 Haec
1478 1879 1521 1911 de
1554 1885 1760 1921 argumento
1788 1885 1819 1912 et
1843 1891 1908 1912 usu
1932 1878 2062 1912 Psalmi
2087 1878 2167 1911 satis
2192 1878 2235 1912 sit

1252 1929 1446 1969 monuisse,
1475 1929 1556 1973 quia
1573 1930 1728 1962 narratio
1746 1936 1777 1962 et
1796 1929 1981 1972 gratulatio
1998 1935 2047 1962 est
2062 1929 2141 1962 satis
2157 1941 2236 1973 per-

1251 1981 1383 2025 spicua.
1439 1979 1541 2013 Nunc
1561 1980 1685 2013 ordine
1704 1992 1822 2013 versus
1841 1992 2052 2023 percurram.

1355 2039 1395 2072 ln
1421 2039 1535 2083 primo
1560 2051 1661 2072 versu
1681 2039 1820 2082 querela
1841 2045 1891 2072 est
1907 2039 2032 2071 usitata
2052 2036 2237 2079 Ecclesiae,

1253 2091 1308 2124 cui
1340 2090 1533 2133 opponitur
1559 2090 1722 2133 precatio.
1791 2089 1937 2133 Semper
1960 2087 2151 2122 Ecclesiam
2177 2090 2238 2122 de-

1253 2142 1325 2174 lere
1358 2141 1459 2184 impii
1485 2147 1676 2177 conantur,
1719 2147 1751 2173 et
1777 2152 1876 2184 saepe
1902 2140 2038 2173 duriter
2061 2151 2135 2172 eam
2158 2152 2238 2184 pre-

1227 2213 1229 2255 Ι
1254 2198 1372 2226 munt:
1400 2203 1500 2236 saepe
1526 2191 1628 2224 etiam
1653 2189 1806 2224 Ecclesia
1833 2202 1962 2235 poenas
1987 2197 2129 2235 propter
2153 2190 2238 2223 insi·

1228 2269 1229 2291 ζ
1254 2243 1334 2286 gnia
1358 2249 1494 2287 peccata
1518 2242 1682 2283 sustinet,
1708 2249 1748 2275 ut
1774 2254 1852 2275 cum
1875 2243 2025 2275 abducta
2048 2248 2098 2274 est
2114 2241 2150 2274 in
2167 2242 2239 2274 exi-

1228 2295 1343 2336 'lium
1375 2293 1645 2339 Babylonicum.
1729 2292 1797 2326 Sed
1830 2293 1922 2326 inter
1955 2290 2018 2325 has
2047 2303 2239 2331 aerumnas,

1228 2338 1230 2378 ἶ,
1255 2344 1351 2378 Deus
1378 2351 1493 2378 tamen
1518 2343 1728 2376 mirabiliter
1753 2350 1865 2376 servat
1888 2356 1980 2383 eam,
2019 2349 2051 2376 et
2074 2342 2239 2386 repressis

1228 2383 1231 2442 l
1255 2393 1417 2429 hostibus
1441 2406 1540 2437 saepe
1566 2394 1750 2429 eluctatur.
1809 2393 1881 2427 Has
1904 2405 2087 2427 aerumnas
2104 2390 2161 2425 hic
2179 2393 2238 2426 de-

1256 2447 1390 2490 plorat,
1417 2452 1449 2479 et
1466 2445 1570 2477 simul
1589 2445 1675 2488 petit
1695 2458 1733 2478 ac
1751 2445 1903 2478 celebrat
1920 2444 2153 2478 liberationes.

1359 2503 1491 2538 Eadem
1512 2511 1561 2537 est
1577 2503 1748 2537 sententia
1766 2503 1803 2536 in
1821 2506 1854 2538 2.
1873 2510 1905 2537 et
1923 2503 1956 2538 3.
1972 2513 2083 2536 versu.

1362 2563 1403 2596 ln
1428 2570 1552 2608 quarto
1579 2574 1681 2596 versu
1707 2569 1841 2596 tantum
1867 2568 1916 2595 est
1939 2561 2092 2593 narratio
2113 2561 2241 2595 libera-

1259 2615 1416 2651 tionum,
1455 2621 1486 2647 et
1515 2614 1643 2646 inserta
1677 2625 1777 2646 causa
1808 2611 2042 2645 liberationis:
2078 2609 2166 2644 Das
2195 2611 2242 2644 ti-

1231 2664 1234 2700 l
1261 2664 1440 2698 mentibus
1454 2670 1485 2698 ie
1501 2663 1667 2709 signum,
1695 2674 1756 2697 seu
1775 2660 1969 2700 cea-illam,
1998 2659 2097 2708 quod
2115 2664 2242 2697 elevent
