2379 2948
170 117 263 152 1383

271 199 382 235 llaec,
409 202 445 228 nt
462 193 552 234 dixi,

171 256 210 284 d«-
230 265 299 284 nno
316 250 434 293 aliquo
452 253 622 286 tempore,

172 303 355 336 manifeste
380 304 460 331 sunt
486 290 663 335 idolatrff'2
1074 329 1080 335 .

174 355 257 398 put„
275 352 358 388 Dei,
386 349 474 380 sicui
494 342 623 377 ‚i·;1¹··¹⁰¹
643 335 725 368 vm>
752 329 810 360 Sed
831 339 969 371 semper
984 329 1151 361 ommlms

178 420 182 424 .
208 420 214 427 ι
236 405 291 435 ,Μ
308 414 347 435 us
374 398 516 432 mund„-
541 380 665 423 plenus
692 385 742 412 est
768 379 961 412 idolatricis
988 380 1153 419 cultibus,

176 421 204 438 Ἠ
220 414 249 462 if*
293 419 303 472 .'
336 451 397 483 'ric
419 450 425 475 ς
445 444 485 463 ,ιο
504 431 675 467 existunt,
704 431 797 474 quod
818 430 893 462 sine
910 431 1017 463 verbo
1038 428 1153 463 homi-

177 469 236 529 wli
259 466 340 528 'mil
361 490 416 516 .›.it
435 482 545 514 Deum
560 508 568 520 ,
596 488 626 514 vt
643 481 709 513 sibi
729 481 863 523 fingunt
880 481 994 514 cultus
1011 493 1074 525 pro
1091 493 1154 513 suo

181 517 325 576 iuffliii.
381 533 482 567 [inde
504 533 607 564 etiam
633 539 708 565 orta
733 539 778 564 est
801 532 967 565 omnibus
985 532 1154 576 tempori-

169 572 231 615 i'iiis
256 596 365 616 crassa
392 583 449 616 illa
471 583 706 623 idolomania,
735 595 823 627 quae
844 583 958 624 alligat
981 582 1093 615 Deum
1111 583 1153 615 ad

169 641 258 667 certa
287 634 378 673 loca,
412 646 471 667 sen
497 641 606 667 certas
630 641 779 674 statuas,
815 646 852 666 ac
876 640 972 677 putat
1000 634 1070 667 illis
1094 635 1157 666 ad-

169 697 239 717 esse
273 686 406 729 aliquid
440 685 616 725 numinis,
661 697 720 717 sen
751 685 969 730 praesentiae
1002 685 1156 719 divinae.

169 736 266 768 Sicut
290 736 393 769 etiain
420 736 453 767 in
480 735 542 769 illo
569 735 699 779 populo
723 743 797 769 erat
820 736 933 767 cultus
950 735 1156 776 vitulorum,

185 787 251 819 'mal
272 793 300 819 et
318 786 468 827 simileS,
498 793 619 819 contra
638 787 842 819 mandatum
859 784 922 819 Dei
942 786 1105 820 instituti.

650 250 699 271 a...
715 238 839 268 genere
855 223 1040 259 hominum
1052 252 1061 265 ,
1088 226 1150 271 qui

273 863 366 896 ilinc
385 864 490 905 igitur
507 862 606 895 facilc
624 869 677 895 est
695 862 862 903 iudicare,
887 863 933 895 (le
947 864 1056 896 nostri
1072 870 1158 897 tem-

171 914 264 957 poris
296 914 478 954 idolatria,
514 925 602 957 quae
632 914 666 945 in
692 912 882 946 Ecclesiam
912 914 1061 955 invasit,
1095 928 1159 958 op—

170 977 286 1008 presso
321 965 427 997 verbo
452 964 541 1004 Dei,
575 970 607 996 et
638 964 858 1006 ignoratione
889 977 1054 998 verorum
1085 966 1159 998 cul-

170 1024 289 1056 tuum,
317 1028 421 1060 quam
447 1015 604 1058 oportuit
628 1015 744 1059 sequi,
773 1023 957 1060 postquam
975 1017 1160 1049 obscurata

170 1074 219 1099 est
256 1079 342 1110 pura
373 1066 532 1099 doctrina
565 1063 771 1107 Evangelii,
806 1064 963 1100 Ecclesia
997 1079 1162 1111 oppressa

171 1118 236 1150 suit
254 1130 325 1149 non
343 1124 479 1150 tantum
493 1117 715 1149 crassissimis
728 1117 1050 1160 superstitionibus,
1075 1131 1163 1163 quae

170 1180 187 1201 a
208 1168 333 1212 quovis
350 1168 450 1200 facile
472 1174 616 1211 possunt
636 1168 782 1201 iudicari
796 1193 804 1207 ‚
832 1169 921 1201 sicut
937 1175 988 1202 est
1008 1169 1066 1202 illa
1086 1170 1163 1202 ido-

173 1218 326 1253 lomania
352 1218 524 1251 adorandi
550 1220 591 1250 ad
620 1225 731 1252 certas
755 1226 904 1260 statuas,
941 1220 1022 1252 item
1048 1221 1164 1253 idola—

172 1271 257 1303 trica
289 1270 466 1303 invocatio
493 1268 716 1303 Sanctorum.
785 1270 853 1303 Sed
889 1278 1107 1306 accesserunt
1133 1279 1165 1305 et

172 1322 279 1361 aliae,
305 1333 394 1365 quae
412 1327 492 1354 sunt
511 1321 751 1361 obscuriores,
779 1321 894 1365 qualis
914 1329 963 1355 est
981 1329 1074 1355 totus
1090 1323 1165 1355 cul-

174 1381 227 1405 tus
246 1371 436 1404 Missarum
463 1372 681 1415 privatarum
695 1399 702 1413 ,
730 1372 790 1405 ubi
811 1380 1067 1406 sacramentnm
1088 1386 1165 1406 cor-

174 1423 269 1466 poris
287 1430 319 1455 et
336 1422 518 1465 sanguinis
534 1420 697 1455 Domini
713 1423 921 1456 collocatum
940 1424 1006 1457 suit
1021 1425 1063 1456 ad
1083 1421 1166 1457 hor-

175 1474 315 1506 ribilem
340 1475 489 1507 abusum
515 1480 548 1507 et
572 1474 875 1516 profanationem,
903 1475 1060 1517 neglecto
1084 1487 1166 1508 vero

174 1537 258 1565 usu,
292 1524 353 1569 qui
384 1530 432 1557 est
466 1524 691 1557 manducatio
724 1524 759 1556 in
793 1525 879 1565 fide,
914 1537 1003 1569 quae
1036 1526 1167 1566 statuit,

177 1576 270 1620 quod
294 1575 329 1606 in
350 1572 414 1607 hac
432 1575 551 1607 Coena
572 1572 807 1607 exhibeantur
828 1582 857 1607 et
879 1575 1086 1618 contingant
1102 1589 1168 1609 no-

176 1627 230 1659 bis
248 1625 415 1659 beneliria
431 1623 579 1665 Christi,
608 1626 701 1670 quod
721 1637 800 1658 vere
818 1625 1169 1669 adiungamurChri-

177 1685 249 1718 sto,
277 1683 444 1721 tanquam
462 1677 639 1716 membra,
667 1688 756 1721 qnae
771 1676 855 1709 fides
870 1677 1016 1711 excitata
1034 1685 1067 1711 et
1083 1690 1168 1711 con—

175 1730 308 1761 firmata
326 1739 392 1761 usu
409 1728 634 1769 sacramenti,
663 1727 784 1771 erigit,
814 1734 844 1760 et
864 1729 1067 1762 consolatur
1082 1741 1169 1762 con-

177 1779 369 1813 scientiam.

281 1855 349 1889 Pro
374 1854 440 1889 hoc
463 1868 545 1889 vero
571 1868 635 1889 usu
661 1856 796 1889 invecta
820 1863 870 1889 est
887 1857 1073 1900 multiplex
1091 1857 1169 1891 ido-

180 1909 299 1947 latria,
325 1906 593 1941 Sacramentum
620 1908 734 1950 ipsum
762 1907 838 1939 sine
861 1908 1134 1941 manducatione
1152 1922 1169 1942 a

180 1957 322 1992 Christo
346 1958 526 1999 instituta,
555 1965 588 1992 et
615 1959 690 1991 sine
717 1959 784 1991 fide
811 1959 846 1990 in
866 1957 986 1991 Missis
1009 1960 1171 2003 proposi—

179 2018 251 2043 tum
277 2015 327 2042 est
351 2015 487 2042 tantum
514 2022 576 2052 pro
594 2010 792 2052 spectaculo
810 2011 1043 2045 adorandum.
1100 2009 1169 2044 De-

181 2062 261 2093 inde
275 2060 311 2092 in
325 2061 476 2093 eundem
489 2060 592 2093 finem
605 2060 747 2092 solitum
760 2060 1034 2101 circumgestari.
1082 2062 1170 2096 Item

181 2111 289 2144 Missa
311 2110 487 2154 proposita
506 2117 557 2144 est
575 2118 742 2155 tanquam
763 2111 878 2144 cultus
892 2138 900 2151 ,
929 2112 988 2156 qui
1009 2124 1048 2144 ex
1066 2125 1171 2157 opere

180 2169 323 2206 operato
348 2162 527 2206 prodesset
552 2162 693 2195 facienti
713 2168 773 2195 aut
791 2163 978 2205 spectanti,
1006 2170 1039 2196 et
1056 2165 1171 2208 appli-

180 2221 274 2247 catus
307 2225 368 2256 pro
393 2212 488 2253 aliis,
525 2220 719 2247 mereretur
743 2213 986 2246 remissionem
1013 2222 1171 2257 peccato-

182 2276 259 2297 rum
293 2264 382 2297 vivis
415 2270 447 2296 et
473 2264 640 2302 mortuis,
675 2271 737 2299 etc.
808 2262 970 2309 Denique
997 2262 1053 2298 hic
1077 2272 1171 2300 totus

180 2316 292 2348 cultus
325 2314 516 2347 Missarum
557 2316 592 2347 in
629 2315 834 2348 universum
870 2322 919 2348 est
955 2315 1172 2358 idolatricus,

181 2373 323 2409 propter
345 2363 406 2398 has
430 2367 516 2398 duas
535 2377 665 2399 causas.
721 2365 901 2405 Primum,
930 2367 1010 2411 quja
1028 2375 1077 2401 est
1096 2368 1171 2401 cul—

182 2425 235 2449 tus
254 2417 433 2449 institutus
452 2415 652 2450 inEcclesia
671 2415 823 2449 humana
841 2419 1067 2457 auctoritate,
1095 2419 1170 2452 sine
1197 2418 1198 2435 ³

492 2466 631 2500 Deinde
655 2469 737 2513 quia
758 2480 830 2500 non
849 2476 1008 2502 servatur
1027 2470 1169 2504 institu-
1197 2474 1198 2479 ’

182 2469 345 2501 mandato
362 2467 438 2500 Dei.

181 2519 229 2551 tio
256 2515 406 2558 Christi,
441 2531 529 2563 quae
555 2526 603 2553 est
630 2526 669 2553 ut
693 2519 926 2553 distribuatur
950 2522 1170 2555 manducan—

181 2570 265 2601 dum
284 2581 428 2611 corpuS,
456 2577 485 2603 et
506 2570 681 2603 bibendus
699 2571 840 2612 sangnis
859 2571 932 2603 eius
949 2572 984 2604 in
1002 2570 1170 2614 Ecclesia,

181 2632 251 2653 non
278 2627 315 2652 ut
334 2619 391 2651 fiat
409 2632 496 2662 opus
514 2629 717 2664 operatum,
746 2628 805 2654 aut
821 2628 859 2654 ut
877 2631 1098 2666 proponatur
1115 2636 1169 2657 sa—

179 2676 396 2703 cramentum
419 2671 461 2703 ad
485 2673 733 2714 spectaculum.
789 2672 868 2706 Mn
892 2682 940 2708 est
964 2681 1078 2708 autem
1102 2677 1168 2708 du-

763 96 880 131 Pllu„
911 87 1022 121 MEL.
1053 86 1259 122 SCRtP'rA
1292 85 1592 122 EXEGETtCA.

583 201 652 222 non
671 191 798 220 tantum
819 174 1047 217 intelligenda
1066 182 1149 209 sunt
1174 183 1176 209 ἒ

2096 87 2192 123 1384

1202 174 1298 206 bium
1317 180 1551 210 sacramenta,
1580 184 1659 206 cum
1676 170 1893 206 adhibentur
1909 173 1952 205 ad
1969 173 2076 206 alium
2093 185 2194 207 usum

1203 232 1416 268 pugnantem
1441 236 1519 257 cum
1542 223 1763 257 institutione
1778 221 1932 263 Christi,
1958 235 2031 256 non
2049 235 2122 258 esse
2140 235 2195 257 sa-

691 284 750 310 aut
767 288 910 321 prorsus
928 277 1034 310 alieni
1053 291 1069 310 a
1088 289 1150 320 po·
1177 276 1179 310 ἒ

1204 283 1392 314 eramenta,
1420 275 1508 308 sicut
1529 286 1622 307 nunc
1640 273 1790 308 ancica
1809 281 1869 308 aut
1881 273 2019 308 Iudaica
2030 272 2190 308 Circum-

1178 339 1180 364 :
1205 327 1289 359 cisio
1319 338 1390 359 non
1418 333 1467 359 est
1491 333 1764 358 sacramentum:
1802 326 1859 358 sed
1887 325 1992 358 inane
2016 332 2195 368 spectacu-

1206 378 1299 418 lum,
1328 377 1410 422 quia
1433 389 1504 410 non
1530 374 1635 409 habet
1652 377 1818 417 verbum,
1847 388 1911 409 nec
1928 376 2197 420 promissionem

1207 428 1375 462 divinam.
1450 427 1569 470 Quare
1596 428 1708 471 palam
1735 435 1803 468 est,
1846 427 1882 459 in
1907 427 1968 462 tali
1993 438 2058 460 usu
2085 438 2198 460 sacra-

1209 480 1336 519 menti,
1364 479 1480 512 alieno
1502 479 1544 511 ab
1564 479 1786 512 institutione
1804 475 1958 518 Christi,
1986 478 2106 511 multis
2123 489 2201 510 mo-

1208 531 1262 563 dis
1295 530 1467 563 committi
1500 530 1711 563 idolatriam.
1782 528 1877 562 llaec
1907 529 2027 563 addidi
2052 528 2202 572 exempli

1209 593 1322 616 cansa.
1378 580 1466 614 Nam
1487 581 1530 613 de
1549 578 1612 613 hac
1632 592 1668 613 re
1685 581 1770 613 alias
1788 580 1856 613 dici
1877 581 1974 615 solet.
2027 579 2130 613 Nunc
2148 590 2202 612 re-

1210 634 1275 665 deo
1293 633 1334 665 ad
1355 639 1501 666 textum.

1263 739 1409 775 Domus
1428 739 1557 775 Israel
1571 740 1731 788 speravit
1749 743 1788 774 in
1807 739 1992 779 Domino,
2021 745 2081 774 eie.

1313 818 1472 852 psalmus
1494 818 1668 858 institnit,
1706 825 1745 851 ut
1770 818 1861 859 dixi,
1892 816 2102 858 antithesin,
2137 827 2205 862 qua

1213 870 1378 903 discernit
1404 881 1506 902 veros
1531 877 1558 902 et
1586 870 1691 902 salsos
1718 869 1843 903 cultus.
1897 869 2000 902 Dixit
2023 869 2066 902 de
2091 868 2207 901 idola-

1213 921 1294 961 tris,
1323 921 1381 966 qui
1402 927 1482 954 sunt
1501 921 1576 953 sine
1593 919 1687 959 Deo,
1716 926 1749 953 et
1767 927 1929 954 exercent
1947 919 2061 953 cultus
2079 919 2207 963 impios

1214 979 1247 1006 et
1274 972 1403 1005 irritos.
1468 970 1571 1004 Nunc
1595 972 1694 1005 addit
1719 971 1864 1004 alteram
1891 977 2023 1015 partem
2047 971 2091 1003 de
2116 969 2208 1003 veris

1215 1024 1388 1063 cultibus,
1416 1034 1504 1067 qnos
1522 1029 1673 1066 praestat
1691 1021 1928 1066 populusDei.
1982 1019 2034 1054 Ac
2052 1020 2208 1065 primum

1215 1074 1382 1108 describit
1406 1074 1598 1117 populum,
1627 1073 1686 1118 qui
1706 1080 1755 1107 est
1774 1072 1927 1106 Ecclesia
1943 1100 1951 1113 ,
1979 1084 2038 1106 seu
2058 1071 2210 1116 populus

1215 1125 1301 1164 Dei,
1330 1125 1494 1158 videlicet
1519 1125 1564 1165 is,
1591 1125 1650 1169 qni
1673 1122 1777 1157 babet
1796 1124 2046 1168 promissiones
2066 1130 2099 1157 et
2118 1122 2210 1166 regi-

1218 1184 1274 1211 tur
1296 1177 1414 1210 verbo.

1320 1235 1408 1269 Nam
1437 1233 1798 1279 hae‘appellationes:
1828 1233 1964 1268 Domus
1985 1233 2109 1268 lsrael:
2138 1232 2212 1266 Do-

1216 1299 1295 1320 mus
1315 1285 1452 1320 Aaron:
1480 1287 1680 1332 significant
1705 1298 1784 1319 eum
1809 1286 2002 1330 populum,
2029 1284 2086 1319 cui
2105 1296 2139 1318 se
2156 1296 2213 1318 re-

1218 1338 1348 1371 velavit
1372 1336 1468 1370 Dens
1492 1338 1528 1370 in
1556 1338 1682 1378 verbo,
1718 1345 1751 1370 et
1776 1337 1921 1371 tradidit
1945 1336 2210 1380 promissiones,

1219 1390 1308 1423 sicut
1327 1396 1361 1422 et
1382 1389 1441 1421 illa
1462 1388 1665 1430 descriptio:
1696 1387 1767 1429 Qui
1787 1389 1909 1420 timent
1927 1386 2146 1425 Dominum,
2174 1387 2210 1419 id

1219 1447 1285 1479 est,
1321 1439 1380 1483 qui
1412 1439 1533 1471 colunt
1567 1438 1682 1471 Deum
1716 1439 1810 1471 iuxta
1846 1438 1993 1470 verbum
2029 1437 2212 1471 traditum.

1220 1490 1378 1523 Tametsi
1416 1489 1689 1534 appellationes,
1739 1490 1865 1521 domus
1909 1487 2039 1529 lsrael,
2085 1488 2212 1521 domus

1221 1539 1363 1579 Aaron,
1399 1541 1606 1573 discernunt
1638 1547 1825 1584 utramque
1856 1539 2214 1580 administrationem,

1221 1591 1383 1625 videlicet
1408 1591 1586 1635 politicam
1614 1602 1673 1624 seu
1701 1590 1799 1633 regni
1826 1597 1859 1624 et
1881 1589 2088 1631 sacerdotii,
2122 1601 2214 1635 quae

1220 1643 1269 1676 sic
1302 1649 1403 1676 erant
1438 1642 1622 1682 distincta,
1658 1648 1697 1675 nt
1728 1641 1988 1675 administratio
2016 1640 2215 1681 sacerdotii,

1222 1700 1358 1728 tantum
1381 1694 1548 1727 mandata
1575 1700 1664 1727 esset
1686 1694 1804 1736 generi
1825 1704 1886 1726 seu
1907 1692 2063 1725 familiae
2080 1691 2215 1725 Leviti-

1222 1757 1280 1778 cae
1306 1745 1351 1777 ab
1375 1745 1507 1779 Aaron.
1575 1743 1646 1778 Nec
1674 1744 1788 1777 voluit
1811 1742 1907 1777 Deus
1932 1743 2103 1778 confundi
2129 1739 2215 1776 haec

1222 1794 1428 1829 discrimina
1453 1796 1497 1828 ab
1515 1795 1591 1838 ipso
1609 1795 1791 1835 ordinata,
1817 1806 1862 1827 ne
1880 1794 2045 1828 videlicet
2061 1801 2215 1828 caeterae

1222 1847 1378 1880 familiae
1401 1847 1612 1880 invaderent
1634 1846 1671 1879 in
1691 1845 2032 1879 administrationem
2051 1845 2215 1879 sacerdo-

1225 1899 1282 1939 tii,
1319 1910 1408 1943 quae
1432 1898 1630 1941 pertinebat
1656 1898 1697 1930 ad
1725 1896 1893 1930 familiam
1920 1903 1952 1929 et
1976 1896 2214 1941 posteritatem

1223 1949 1388 1984 Aaronis.
1444 1948 1512 1982 Sed
1531 1955 1646 1982 tamen
1664 1955 1814 1993 utraque
1830 1947 2110 1990 administratio,
2143 1952 2215 1979 tam

1225 2001 1367 2043 politiae.
1395 2011 1499 2045 quam
1527 1999 1733 2039 sacerdotii,
1762 2005 1834 2032 erat
1858 1998 2029 2031 divinitus
2054 1997 2215 2031 instituta

1224 2058 1256 2085 et
1280 2051 1427 2090 tradita,
1463 2063 1501 2084 ac
1528 2051 1635 2084 verbo
1660 2049 1727 2083 Dei
1753 2049 2030 2093 gubernabatur.
2095 2047 2216 2091 Quare

1223 2102 1390 2136 describit
1406 2103 1509 2136 talem
1526 2102 1709 2146 populum,
1737 2100 1799 2146 qui
1815 2097 1920 2134 habet
1935 2100 2095 2142 verbum,
2119 2100 2215 2145 quod

1225 2161 1275 2187 est
1294 2154 1537 2187 testimonium
1558 2151 1654 2187 hunc
1672 2164 1743 2185 esse
1760 2151 1931 2196 populum
1950 2151 2033 2186 Dei.

1325 2213 1501 2254 Secundo,
1529 2214 1572 2246 de
1590 2212 1685 2246 cultu
1702 2209 1806 2244 huius
1823 2210 1945 2255 populi
1963 2210 2097 2256 inquit:
2126 2209 2215 2255 Spe-

1224 2271 1392 2298 raverunt
1413 2276 1472 2297 seu
1493 2264 1675 2297 confidunt
1694 2262 1729 2295 in
1747 2260 1922 2301 Domino,
1950 2268 2014 2297 etc.
2067 2260 2134 2295 Hic
2152 2262 2214 2295 ad-

1226 2317 1279 2350 dit
1309 2323 1446 2355 notam,
1476 2328 1565 2361 quae
1586 2313 1771 2352 describit,
1807 2313 1866 2358 qui
1891 2313 1961 2346 sint
1988 2312 2063 2345 veri
2089 2313 2215 2353 cultus,

1224 2379 1311 2413 quos
1337 2373 1488 2411 praestat
1506 2365 1682 2406 Ecclesia,
1709 2377 1768 2398 seu
1795 2365 1838 2404 ii,
1868 2364 1926 2409 qui
1953 2375 2033 2397 vere
2051 2371 2134 2396 sunt
2150 2375 2214 2408 po-

1225 2419 1328 2462 pulus
1353 2417 1429 2452 Dei.
1491 2416 1586 2450 Haec
1618 2423 1701 2449 nota
1731 2422 1800 2455 est,
1837 2427 1904 2460 qua
1934 2414 2074 2458 agnosci
2104 2420 2215 2458 potest

1224 2482 1311 2515 qnae
1334 2470 1378 2502 sit
1393 2469 1569 2508 Ecclesia,
1596 2467 1780 2507 videlicet,
1809 2478 1878 2511 qno
1901 2466 2048 2499 docetur
2071 2466 2114 2498 de
2133 2477 2213 2498 vera

1223 2519 1428 2554 noticiaDei
1442 2547 1449 2560 ‚
1477 2520 1538 2552 ubi
1558 2525 1764 2552 exercentur
1781 2517 1897 2550 cultus
1915 2515 2132 2561 spirituales,
2160 2516 2214 2548 vi-

1223 2572 1345 2605 delicet
1380 2571 1520 2608 timere,
1562 2570 1760 2612 confidere,
1796 2569 1980 2605 invocare,
2009 2573 2072 2600 etc.
2138 2565 2214 2600 llos

1223 2623 1371 2666 opponit
1397 2622 1547 2655 aliorum
1567 2621 1736 2661 cultibus,
1766 2620 1826 2665 qui
1843 2619 1924 2664 quia
1943 2624 2024 2652 sunt
2042 2617 2118 2650 sine
2136 2630 2215 2651 ver-

1223 2675 1286 2715 bo,
1316 2686 1376 2707 nec
1397 2681 1475 2707 snut
1494 2673 1578 2706 tales
1597 2672 1658 2705 ubi
1677 2682 1774 2705 mens
1792 2671 1860 2714 agit
1879 2669 2012 2714 aliquid
2030 2680 2109 2702 cum
2127 2667 2214 2710 Deo,
