2379 2948
122 86 194 120 921
519 82 563 119 V.

118 168 349 210 Callinicum,
392 175 424 202 et
450 166 690 210 Antiochum,
723 168 779 201 cui
814 167 882 201 fuit
915 177 1110 209 cognomen

117 218 226 266 ἱέραξ.

217 270 343 304 Postea
360 270 581 304 Ptolemaeus
595 266 873 313 Philadelphus,
895 274 934 301 ut
952 279 1014 311 per
1032 279 1107 300 earn

116 322 335 355 occasionem
352 331 571 365 recuperaret
596 321 754 353 civitates
772 321 809 352 in
827 319 929 365 Syria
953 319 1108 359 amissas,

116 372 215 406 dedit
237 370 418 406 Antiocho
438 372 518 417 θεῷ
540 372 647 404 filiam
673 370 882 406 Berenicen.
935 369 1020 403 Post
1044 367 1107 402 has

116 424 242 457 alteras
260 424 402 467 nuptias
421 435 492 456 non
511 423 573 455 diu
589 422 656 455 fuit
674 428 848 465 superstes
866 421 1023 454 maritus.
1060 419 1107 454 Et

116 472 183 507 hoc
201 475 404 516 coniugium
419 473 584 521 praebuit
603 472 817 505 occasionem
832 472 933 505 novis
950 471 1106 505 motibus

115 532 149 559 et
173 526 357 558 discordiis
383 535 516 566 regum.
577 522 731 556 Laodice
755 523 939 571 repudiata
966 520 1104 556 hortata

115 586 163 609 est
181 577 288 617 filios,
312 587 356 609 ne
371 575 440 608 sibi
460 585 607 617 regnum
627 574 716 621 eripi
734 580 949 622 paterentur.

424 655 503 680 Sele
510 663 528 680 u
536 662 551 680 c
561 663 578 680 ιι
587 662 600 680 s
619 655 791 680 Callinicus.

215 707 334 751 Quare
358 706 526 741 Seleucus
551 708 665 740 maior
690 714 776 741 natu
791 707 900 740 cinxit
916 706 1103 740 obsidione

114 760 255 799 urbem,
288 758 325 790 in
357 770 425 802 qua
458 765 531 791 erat
562 757 734 791 Berenice
765 770 843 790 cum
877 770 987 804 parvo
1019 757 1103 790 filio.

118 809 276 854 Cumque
300 809 331 841 ei
355 809 603 856 persuasisset,
638 817 678 843 ut
709 809 926 842 deditionem
961 809 1103 848 faceret,

111 861 263 893 deditam
279 859 454 893 interfecit
469 872 547 893 cum
569 860 654 895 filio.
706 858 802 893 Haec
820 860 966 892 suerunt
983 861 1102 907 auspi-

113 911 164 944 cia
195 911 296 954 regni
323 910 480 951 Seleuci,
515 910 576 955 qui
602 917 724 958 postea
757 911 940 958 parricidii
972 922 1102 955 poenas

109 961 219 996 dedit.
282 961 449 995 Seleucus
471 959 666 994 Callinicus
702 968 888 1009 postquam
915 973 1101 994 novercam

108 1012 305 1053 interfecit,
333 1010 399 1045 hoc
416 1012 544 1045 scelere
562 1013 628 1045 sibi
647 1013 770 1055 ingens
792 1012 926 1046 bellum
952 1012 1100 1045 accersi—

108 1063 169 1097 vit.
221 1062 312 1096 Nam
338 1063 560 1097 Ptolemaeus
582 1062 789 1107 Evergetes,
815 1071 853 1096 ut
881 1064 1013 1096 sororis
1038 1075 1101 1095 ne—

108 1126 182 1148 cem
205 1115 455 1155 ulcisceretur‚
491 1115 625 1148 bellum
656 1115 803 1148 Seleuco
832 1115 972 1155 intulit,
1001 1114 1102 1159 eique

107 1165 211 1213 pulso
229 1172 262 1199 et
279 1166 397 1210 fugato
414 1177 577 1209 maguam
594 1164 717 1211 Syriae
733 1172 869 1213 partein
889 1165 1032 1199 ademit.

418 1239 629 1265 Antiochus
647 1240 772 1265 Hieram.

209 1290 296 1325 Erat
322 1297 438 1324 autem
462 1291 499 1323 in
525 1291 633 1324 altera
658 1291 755 1333 regni
778 1296 898 1338 parte,
934 1290 1100 1324 videlicet

106 1344 144 1376 in
166 1340 269 1383 Asia,
303 1342 410 1375 frater
436 1340 636 1375 Antiochus
661 1340 779 1388 ἱέραξ,
814 1342 858 1374 ab
883 1340 949 1375 hoc
975 1341 1099 1375 Seleu-

105 1406 165 1428 cus
196 1393 366 1427 auxilium
398 1394 496 1440 petit.
550 1391 681 1426 Hierax
705 1393 833 1440 cupide
859 1392 1007 1440 suscipit
1039 1404 1097 1425 ex-

104 1445 340 1490 peditionem,
366 1455 509 1488 sperans
529 1455 564 1477 se
590 1456 702 1477 unum
726 1451 800 1477 toto
830 1455 938 1487 regno
965 1444 1098 1485 potitu-

105 1509 184 1530 rum
210 1507 296 1532 esse.
349 1493 507 1528 Adducit
536 1496 698 1528 mercede
726 1496 919 1528 conductas
951 1494 1098 1528 Galata-

106 1559 184 1581 rum
203 1547 343 1594 copias,
369 1558 459 1591 quae
481 1546 549 1578 iam
568 1546 753 1590 stipendiis
770 1546 806 1578 in
819 1543 945 1579 ¹Asiam
963 1553 1097 1589 pertra-

104 1606 177 1633 ctae
193 1605 304 1633 erant.
358 1597 543 1635 Seleucus,
569 1597 651 1642 quia
675 1597 794 1630 fratris
812 1597 987 1630 voluntati
1004 1598 1095 1629 disfi-

104 1650 226 1689 debat,
253 1661 331 1682 cum
355 1646 526 1691 Evergete
551 1659 670 1691 pacem
696 1648 789 1683 fecit.
842 1647 962 1690 Quare
987 1648 1097 1680 iratus

103 1699 208 1747 ἱέραξ
221 1700 320 1734 fratri
341 1699 474 1732 bellum
493 1699 618 1736 infert,
647 1710 749 1744 quem
777 1711 855 1731 cum
873 1699 945 1731 acie
964 1699 1095 1732 victum

104 1751 209 1798 Syria
226 1750 435 1794 expulisset,
464 1750 575 1783 exorti
599 1756 682 1783 sunt
706 1750 790 1783 novi
808 1756 924 1782 motus
943 1749 980 1781 in
998 1750 1095 1787 Asia,

104 1815 210 1848 quam
229 1814 373 1835 vacuam
391 1800 570 1834 Eumenes
589 1798 782 1846 Bithynius
801 1801 1007 1844 occupabat.
1050 1798 1097 1833 Et

102 1853 233 1902 passim
259 1853 297 1885 in
315 1865 352 1886 ea
373 1850 522 1885 Galatae
548 1852 780 1894 vagabantur.

101 1905 198 1953 ptius
215 1903 376 1938 Ciliciam
394 1904 580 1936 invaserat.

205 1954 270 1988 His
289 1955 444 1988 motibus
460 1966 539 1986 cum
558 1953 699 1986 rediens
718 1953 754 1985 in
774 1949 894 1985 Asiam
912 1951 1015 1998 ἱέραξ
1037 1965 1095 1986 oc-
1118 1970 1120 2000 ς
1170 1988 1194 2021 ,t
1219 1994 1230 2021 t
1497 1988 1520 2021 ‚t

1118 2002 1119 2008 ¹
1145 2001 1177 2020 ν]
1197 2000 1214 2020 a
1234 2000 1267 2020 es
1300 2000 1504 2032 recuperavi
1524 2011 1532 2020 .

104 2006 286 2045 currisset,
311 2005 448 2049 magnis
465 2004 614 2049 acceptis
632 2004 792 2037 cladibus
817 2003 907 2046 fugit
932 2006 973 2036 ad
998 2016 1093 2037 soce-

105 2107 213 2147 strui,
240 2107 339 2140 brevi
356 2114 434 2151 post
451 2107 537 2140 alias
561 2107 714 2140 latebras
731 2106 961 2151 quaesivivit,
989 2118 1093 2151 seque

104 2158 147 2191 ad
171 2156 306 2191 hostem
337 2158 375 2190 in
391 2156 590 2203 Aegyptum
616 2158 778 2191 contulit.
832 2155 926 2190 Huic
952 2170 1093 2202 quoque

104 2209 288 2249 diffidens,
315 2221 393 2242 cum
410 2209 547 2252 fugiens
572 2209 609 2242 in
629 2209 740 2242 deviis
759 2209 844 2241 locis
859 2216 1008 2249 erraret,
1037 2209 1092 2241 in—

102 2261 267 2294 terfectus
285 2266 345 2294 cst.
394 2259 562 2293 Seleucus
578 2261 685 2294 frater
702 2261 824 2293 eodem
844 2260 916 2292 fere
933 2266 1091 2303 tempore

104 2323 266 2345 excussus
294 2323 334 2344 ex
366 2322 455 2355 equo
480 2311 653 2345 extinctus
677 2317 738 2345 est.
800 2309 869 2343 Hic
893 2311 959 2344 fuit
980 2311 1091 2345 exitus

103 2363 255 2396 duorum
288 2361 480 2406 impiorum
513 2361 681 2407 fratrum,
735 2362 797 2407 qui
828 2373 902 2395 non
939 2362 1091 2407 amplius

102 2414 257 2447 triennio
273 2419 478 2457 regnarunt.

203 2506 342 2540 Horum
368 2506 542 2539 bellorum
568 2516 705 2538 causam
735 2507 858 2540 recitat
882 2505 1009 2540 Daniel
1034 2506 1090 2539 in-

103 2559 241 2604 quiens:
288 2554 398 2590 Filia
428 2556 524 2602 regis
551 2554 703 2595 Austri,
743 2557 876 2590 scilicet
906 2556 1089 2596 Berenice,

101 2610 173 2643 filia
194 2610 285 2652 regis
309 2606 492 2654 Aegyptii,
532 2606 642 2640 veniet
668 2604 723 2640 ad
743 2618 858 2652 regem
879 2606 1088 2655 Aquilonis,
1113 2627 1115 2631 ι

102 2660 138 2694 id
163 2667 214 2695 est
233 2659 439 2706 Syriacum,
466 2655 687 2694 Antiochum
710 2655 824 2700 θεὸν,
841 2658 968 2705 facere
992 2657 1088 2692 ami-

835 1849 882 1884 Εἴ
900 1863 959 1884 rex
979 1850 1093 1896 Aegy·
1119 1888 1120 1902 ³
1145 1898 1202 1918 sex
1220 1886 1330 1918 millia
1349 1886 1519 1931 equitum.

617 81 667 116 IN
694 79 955 116 DANIELEM
982 78 1299 115 PROPHETAM
1325 79 1746 117 COMMENTARIUS.

1118 1907 1121 1924 l

1117 2018 1120 2056 l

1116 2100 1119 2109 n

1117 2111 1119 2125 l

1116 2156 1118 2166 l

104 2068 182 2090 rum
203 2056 239 2089 in
261 2055 539 2101 Cappadociam,
564 2067 582 2088 a
602 2067 671 2101 quo
687 2056 840 2088 sentiens
860 2055 1007 2088 insidias
1026 2055 1093 2088 sibi
1117 2061 1119 2088 ἑ
1145 2045 1203 2073 ⁰⁵1·

2072 82 2146 118 922

1160 164 1297 200 citiam.
1351 163 1405 198 Et
1433 178 1506 199 non
1529 164 1757 212 eritfirmum
1782 163 1972 200 brachium
1994 166 2090 209 eins,
2115 174 2145 201 et

1158 229 1231 250 non
1248 214 1362 249 stabit
1378 229 1496 250 semen
1514 217 1590 251 eius
1603 246 1612 259 ,
1640 219 1674 252 id
1693 225 1756 259 est,
1778 217 1945 251 Berenice
1969 231 2046 252 cum
2073 220 2145 253 filio

1158 268 1396 301 interficietur.
1450 268 1589 302 Deinde
1603 270 1703 304 addit
1719 276 1908 302 venturum
1919 267 2072 313 Aegypti
2090 282 2147 302 re-

1157 331 1253 362 gem,
1285 318 1417 352 scilicet
1438 317 1656 363 Evergeten,
1693 327 1727 354 et
1757 328 2011 364 occupaturum
2044 321 2144 364 regni

1156 369 1292 415 Syriaci
1311 376 1462 413 partem.

1258 427 1309 461 Ita
1329 429 1484 461 breviter
1502 428 1625 472 positis
1642 429 1773 469 causis,
1801 436 1833 463 et
1849 430 1939 463 facta
1961 431 2143 464 mentione

1155 480 1330 514 bellorum
1343 506 1352 519 ,
1380 479 1553 522 significat
1571 491 1714 522 magnas
1736 481 1810 512 sore
1828 481 2040 515 calamitates
2063 482 2144 514 illa-

1157 543 1232 564 rum
1250 530 1453 573 regionum,
1482 530 1518 561 in
1546 531 1675 574 quibus
1700 536 1733 563 et
1757 531 1871 563 vicina
1900 531 2028 566 Iudaea
2053 533 2144 565 male

1155 582 1282 615 afflicta
1300 588 1369 621 est,
1397 588 1435 615 ut
1451 581 1597 614 dicitur:
1626 580 1775 626 Aliquid
1799 582 1884 615 mali
1900 591 2042 627 propter
2056 584 2144 617 vici-

1154 646 1238 667 nuin
1256 632 1400 665 malum.

1286 723 1308 747 A
1319 730 1336 747 n
1345 725 1355 747 t
1365 724 1374 747 a·
1383 732 1397 747 υ
1407 724 1444 747 ch
1455 730 1473 747 u
1482 731 1495 747 s
1515 723 1642 754 Maynus
1651 741 1657 752 ‚
1677 725 1704 748 et
1723 725 1862 748 Seleucus
1883 724 1990 754 frater.

1254 781 1457 817 Antiochus
1468 782 1621 826 Magnus
1640 783 1784 817 fratrem
1802 781 1927 817 habuit
1944 784 2145 824 Seleucum,

1152 834 1320 867 maiorem
1339 841 1436 872 natu,
1456 834 1516 878 qui
1535 834 1672 873 statim,
1691 842 1875 880 postquam
1895 847 2040 879 regnare
2066 848 2145 868 coe—

1153 885 1257 928 pisset
1280 886 1318 918 in
1342 885 1493 919 transitu
1513 884 1626 918 Tauri
1648 885 1853 919 interfectus
1876 893 1925 919 est
1944 899 1962 919 a
1988 887 2077 927 suis,
2106 894 2145 920 ut

1153 943 1271 970 narrat
1288 936 1483 981 Polybius,
1511 937 1605 979 apud
1632 948 1735 980 quem
1762 944 1880 971 extant
1898 936 1998 970 initia
2025 949 2144 971 rerum

1151 994 1327 1029 gestarum
1341 985 1512 1021 Antiochi
1530 986 1664 1030 Magni.
1717 986 1861 1021 Caetera
1885 989 2144 1028 desiderantur,

1151 1051 1239 1082 quae
1267 1039 1297 1071 si
1326 1036 1555 1076 haberemus,
1583 1039 1735 1072 inultum
1762 1039 1850 1072 lucis
1873 1040 2055 1073 accederet
2071 1037 2143 1072 Da—

1151 1089 1252 1122 nielis
1270 1089 1458 1129 vaticinio,
1487 1096 1519 1122 et
1544 1090 1768 1132 supputatio,
1796 1091 1839 1124 de
1863 1103 1930 1135 qua
1956 1102 2061 1135 supra
2087 1090 2142 1123 di—

1149 1146 1243 1174 ctum
1273 1147 1340 1181 est,
1369 1140 1545 1174 illustrior
1565 1141 1673 1174 fieret.

1249 1206 1412 1241 Primum
1437 1207 1570 1240 bellum
1593 1207 1698 1250 gessit
1715 1205 1915 1242 Antiochus
1939 1209 2141 1243 adolescens

1149 1270 1228 1290 cum
1245 1257 1395 1291 Molone
1421 1259 1527 1299 (luce,
1555 1259 1617 1304 qui
1640 1258 1774 1302 abipso
1793 1260 1979 1294 defecerat.
2033 1259 2141 1294 Hunc

1149 1310 1291 1341 tandem
1333 1309 1406 1342 acie
1436 1310 1567 1342 victum
1601 1316 1635 1343 et
1666 1316 1805 1353 captum
1832 1311 1870 1342 in
1895 1323 2032 1344 crucem
2060 1312 2140 1354 egit.

1150 1359 1271 1393 Postea
1289 1359 1413 1405 Syriae
1431 1360 1610 1401 civitates,
1630 1372 1715 1405 quas
1726 1361 1890 1406 Aegyptii
1909 1362 2026 1404 priore
2044 1362 2138 1395 bello

1147 1418 1424 1454 occupaverant,
1451 1411 1582 1454 partim
1600 1411 1635 1443 vi
1662 1411 1803 1455 recipit,
1832 1412 1959 1455 partim
1976 1414 2019 1446 ad
2040 1413 2140 1446 dedi—

1149 1461 1278 1494 tionem
1296 1462 1398 1496 certis
1417 1462 1640 1506 pactionibus
1657 1462 1834 1498 invitavit.

1248 1529 1343 1562 Haec
1359 1529 1427 1563 fuit
1445 1542 1545 1563 causa
1566 1529 1650 1562 novi
1667 1536 1701 1563 et
1715 1530 1832 1573 magni
1850 1530 1935 1564 belli
1954 1531 2047 1564 inter
2062 1528 2139 1564 An-

1120 1604 1122 1612 .
1148 1578 1305 1614 tiochum
1334 1580 1509 1623 Magnum
1538 1588 1570 1614 et
1594 1580 1836 1614 Ptolemaeum
1862 1579 2140 1626 Philopatorem,

1147 1632 1239 1676 quod
1262 1630 1318 1664 hic
1339 1644 1357 1664 a
1373 1631 1524 1664 Daniele
1543 1632 1770 1676 praedIcitur.
1825 1631 2025 1676 Apparatus
2053 1645 2137 1666 vero

1147 1689 1180 1715 et
1197 1682 1370 1726 praelium
1389 1694 1510 1725 regum
1528 1695 1545 1715 a
1565 1682 1714 1727 Polybio
1733 1683 1996 1719 describuntur.
2049 1683 2136 1718 Pto-

1148 1734 1303 1766 lemaeus
1332 1735 1523 1767 exercitum
1548 1733 1647 1766 duxit
1671 1734 1708 1766 in
1727 1732 1883 1778 Syriam,
1918 1735 2138 1779 septuaginta

1146 1784 1257 1816 millia
1286 1784 1444 1828 peditum
1475 1791 1508 1817 et
1537 1785 1823 1829 quinquemillia
1842 1786 2013 1830 equitum.
2058 1785 2136 1819 An-

1146 1832 1255 1867 tiochi
1277 1835 1397 1879 copiae
1425 1836 1570 1869 fuerunt
1586 1835 1763 1878 sexaginta
1780 1836 1892 1869 millia
1918 1837 2077 1880 peditum
2103 1844 2137 1871 et
2176 1868 2181 1871 ,

1573 1885 1621 1918 Ηί
1647 1886 1817 1920 exercitus
1837 1887 1873 1920 in
1891 1887 1994 1933 Syria
2011 1888 2137 1921 confli-

1144 1943 1287 1977 xerunt,
1315 1937 1452 1982 fuitque
1471 1938 1585 1970 victor
1602 1936 1842 1978 Ptolemaeus,
1869 1945 1903 1972 et
1920 1937 2063 1972 amissas
2082 1938 2136 1972 ci-

1592 1986 1770 2022 Antiocho
1801 1990 1932 2032 petenti
1960 2002 2024 2034 pax
2055 1990 2136 2024 data

1267 2038 1355 2071 Nam
1391 2039 1614 2072 Ptolemaeus
1647 2040 1710 2073 etsi
1736 2040 1920 2083 progredi,
1954 2048 1987 2074 et
2018 2041 2135 2084 plures

1144 2090 1241 2132 regni
1258 2097 1371 2133 partes
1389 2087 1570 2123 Antiocho
1588 2090 1721 2134 eripere
1737 2097 1894 2138 poterat,
1916 2098 2033 2125 tamen
2051 2103 2135 2136 pro-

1145 2148 1219 2184 pter
1235 2141 1409 2183 ignaviam
1427 2141 1600 2184 gaudebat
1624 2153 1658 2174 se
1677 2141 1797 2174 labore
1813 2142 1960 2175 militiae
1977 2142 2132 2177 liberari.

1143 2192 1241 2226 Sicut
1266 2198 1299 2225 et
1325 2191 1494 2237 Polybius
1520 2199 1656 2225 narrat:
1694 2191 1941 2237 Evvezcdgttsoe
1969 2190 2134 2231 σπονδὰς

1116 2264 1118 2269 »
1143 2240 1350 2282 ἐνιαυσίους
1374 2242 1442 2277 οὐκ
1467 2240 1654 2288 ἀλλότριος
1679 2240 1732 2277 ὧν
1748 2245 1812 2288 τῆς
1834 2241 2011 2288 ἡσυχίας,
2040 2241 2132 2277 ἀλλὰ

1142 2291 1234 2340 ὑπέρ
1257 2292 1299 2328 τὸ
1331 2292 1417 2328 δέον
1443 2291 1584 2332 οἰκείως
1614 2293 1810 2338 ἑλκόμενος
1833 2292 1906 2328 ὑπὸ
1930 2296 1994 2339 τῆς
2018 2291 2132 2339 συνή-

1142 2344 1236 2384 θους
1252 2343 1443 2390 ῥαθυμίας
1461 2342 1523 2379 καὶ
1539 2342 1707 2388 καχεξίας
1723 2352 1786 2379 etc.

1242 2404 1332 2438 Cum
1351 2413 1466 2438 autem
1486 2411 1563 2447 post
1579 2416 1708 2447 paucos
1725 2416 1837 2437 annos
1853 2404 1950 2436 dorni
1971 2411 2133 2439 mortuus

1141 2455 1460 2490 essetPtolemaeus
1470 2453 1698 2498 Philopator,
1715 2455 1839 2488 relicto
1857 2455 1929 2488 filio
1948 2455 2133 2500 impubere

1113 2518 1116 2528 ·
1140 2506 1342 2541 Ptolemaeo
1370 2504 1575 2550 Epiphane,
1608 2517 1728 2538 rursus
1753 2506 1886 2539 bellum
1914 2513 2030 2541 movet
2053 2505 2131 2540 An-

1140 2556 1290 2592 tiochus.
1348 2557 1436 2590 Nam
1469 2563 1612 2600 propter
1639 2553 1749 2590 hostis
1777 2557 1963 2591 infantiam
1989 2557 2131 2593 videbat

1140 2621 1174 2642 se
1198 2609 1336 2642 facilius
1364 2608 1619 2642 inclinaturum
1647 2608 1846 2642 voluntates
1878 2608 2060 2643 civitatum
2086 2610 2129 2643 ad

1140 2659 1381 2695 defectionem.
