2379 2948
224 104 294 141 115

225 195 355 232 guntur
381 185 532 227 halitus,
557 191 589 219 et
613 183 669 216 via
696 186 777 215 sunt
799 176 954 212 collectis
978 172 1148 208 halitibus
1163 171 1208 206 ad

228 240 288 273 illa
305 237 490 272 foramina.

607 337 666 370 De
696 333 831 370 medio.

331 417 379 453 Ut
395 417 482 450 odor
498 409 664 446 exhalans
678 421 697 443 a
714 408 933 453 corporibus,
960 405 1074 451 spargi
1093 402 1211 448 possit,

232 469 347 503 medio
373 476 459 509 opus
474 469 551 504 sest,
578 473 639 506 per
662 461 756 506 quod
775 457 1033 493 transmittatur
1049 456 1092 488 ad
1109 465 1211 497 orga-

232 531 330 552 num.
383 514 492 550 Nobis
516 513 622 556 igitur
644 510 801 544 medium
826 515 875 542 est
897 519 966 541 aer.
1017 505 1132 539 Pisces
1150 514 1212 547 per

231 579 356 612 aquam
374 567 500 599 odores
516 562 723 608 percipiunt.
775 559 867 592 Nam
884 558 944 590 alii
962 556 1039 591 aliis
1055 554 1139 588 escis
1155 565 1212 610 εει-ι

230 618 389 662 piuntur.
447 613 495 648 Et
523 613 692 658 polypum
720 610 819 643 aiunt
840 607 953 651 fugari
982 619 1002 640 a
1023 617 1123 646 saxo,
1156 615 1213 637 cut

230 665 416 705 adhaeret,
444 665 590 707 origano
610 662 713 696 illito.

460 769 558 814 Quid
582 773 639 804 est
662 777 792 802 sensus
817 762 983 800 Gustus?

333 847 397 883 Est
413 857 532 882 sensus
553 845 591 878 iu
607 844 728 887 lingua
750 848 782 876 et
801 841 917 886 palato
940 838 1137 885 percipiens
1158 848 1214 871 sa-

231 911 342 945 pores.

523 1002 622 1046 Quod
644 1005 699 1036 est
723 997 929 1035 obiectum?

337 1078 470 1121 Sapor,
496 1075 557 1120 qui
575 1080 624 1107 est
640 1072 790 1118 qualitas
806 1071 844 1103 in
861 1081 975 1110 succo,
1004 1069 1040 1101 in
1059 1080 1129 1113 quo
1145 1065 1215 1101 hu-

235 1129 375 1164 miditas
391 1126 500 1160 vincit
511 1125 700 1157 siccitatem
717 1127 927 1160 terrestrem,
951 1119 1065 1152 calore
1081 1125 1215 1152 utram-

233 1192 301 1225 que
325 1179 516 1221 digerente.
568 1172 651 1206 Dixi
674 1172 768 1205 enim
792 1182 915 1214 supra,
942 1169 979 1201 in
1002 1180 1125 1212 sapore
1150 1169 1214 1201 do-

233 1229 363 1263 minari
394 1225 654 1260 humiditatem.
715 1220 834 1264 Quare
866 1216 1133 1262 Theophrastus
1166 1218 1215 1251 sic

234 1278 394 1313 definivit
411 1287 584 1320 saporem:
612 1272 725 1316 Sapor
742 1279 790 1305 est
808 1270 917 1314 partis
935 1270 1044 1303 siccae
1056 1269 1214 1313 percola-

234 1330 284 1364 tio
300 1341 361 1373 per
378 1325 561 1360 humorem
577 1335 595 1356 a
612 1323 727 1356 calore
743 1322 844 1354 facta.

337 1376 464 1411 Graeci
482 1385 561 1408 cum
572 1373 748 1406 obiectum
759 1377 878 1413 gustus
894 1368 1090 1409 nominant,
1107 1375 1215 1401 utun-

236 1438 294 1464 tur
319 1425 556 1471 adpellatione
573 1419 711 1467 χυμὸς,
746 1431 851 1465 quam
873 1430 993 1452 vocem
1017 1418 1214 1462 promiscue

235 1484 406 1522 usurpant
425 1487 488 1520 pro
515 1484 638 1517 sapore
666 1478 699 1504 et
724 1483 786 1514 pro
811 1467 969 1503 humore.
1022 1468 1132 1501 Aliud
1150 1480 1214 1501 no-

235 1541 317 1563 men
335 1523 517 1570 εεῑχυλὸς,
534 1525 662 1568 liquor.
703 1519 749 1554 Et
763 1519 921 1553 Galenus
937 1518 1064 1563 inquit,
1082 1525 1215 1552 veteres

238 1580 391 1614 Graecos
406 1588 477 1609 nou
490 1572 626 1619 χυλὸν,
656 1567 847 1615 εεάχυμὸν
863 1569 990 1602 dixisse
1006 1581 1069 1613 pro
1087 1567 1215 1603 humo·-

236 1642 291 1670 re,
317 1639 439 1671 sapore
460 1632 492 1658 et
510 1625 659 1669 liquore.

338 1678 510 1720 Saporum
534 1673 663 1718 species
687 1671 790 1704 aliter
808 1671 851 1703 ab
874 1669 953 1702 aliis
970 1675 1215 1709 numerantur,

237 1736 268 1762 et
293 1728 450 1761 Galenus
475 1724 608 1769 inquit,
641 1721 830 1755 difficulter
851 1731 907 1753 eas
928 1719 1079 1752 discerni
1105 1730 1215 1764 posse.

236 1777 442 1812 Aristoteles
465 1781 498 1809 et
522 1770 788 1817 Theophrastus
813 1776 995 1804 recensent
1018 1776 1096 1804 octo
1113 1770 1216 1803 diffe-

237 1829 383 1862 rentias:

442 1874 564 1909 Dulcis
574 1899 583 1914 ‚
678 1869 826 1918 γλυκὺς.

439 1923 585 1967 Pinguis
594 1949 603 1963 ,
679 1919 837 1967 λιπαρὸς.

444 1975 614 2009 Austerus
623 2000 631 2013 ‚
682 1969 874 2017 αὐστηρὸς.

441 2024 616 2064 Acerbus,
680 2019 878 2066 στρυφνὸς.

442 2074 544 2109 Acris
558 2099 567 2113 ,
678 2070 822 2116 δριμὺς.

441 2126 593 2158 Amarus
603 2149 613 2164 ,
676 2119 815 2166 πικρὸς.

439 2174 589 2214 Acidus,
672 2169 766 2210 ὀξὺς.

442 2225 561 2259 Salsus
571 2249 580 2263 ‚
672 2218 847 2266 ἁλμυρὸς.

338 2275 410 2308 Has
436 2273 688 2319 adpellationes
713 2273 854 2315 prodest
879 2272 992 2303 notas'
1009 2281 1099 2308 esse,
1134 2268 1214 2313 quia

240 2327 367 2371 passim
390 2326 514 2358 obviae
535 2330 615 2357 sunt
641 2323 678 2355 in
702 2320 996 2364 descriptionibus
1013 2320 1215 2363 plantarum

240 2385 272 2411 et
290 2377 479 2420 liquorum.
532 2372 578 2407 Et
600 2371 832 2406 consideratio
848 2368 973 2403 harum
998 2369 1215 2403 differentia-

240 2439 317 2460 rum
357 2425 514 2458 continet
545 2423 697 2457 eruditas
735 2420 1011 2465 disputationes,
1052 2420 1214 2464 qualibus

239 2475 522 2519 temperamentis
546 2474 606 2518 qui
631 2484 770 2516 sapores
785 2472 983 2515 gignantur.
1037 2469 1140 2502 Acria
1158 2481 1213 2502 ca-

239 2527 311 2559 lida
328 2532 425 2563 suut,
452 2532 489 2558 ut
505 2523 626 2566 Piper,
655 2523 802 2558 Allium.
853 2521 988 2554 Acerba
1004 2520 1150 2563 frigida,
1175 2526 1213 2552 ut

238 2577 371 2609 fructus
389 2574 594 2614 Glandium,
620 2572 815 2607 castaneae.
854 2571 991 2605 Addam
1009 2571 1115 2615 igitur
1133 2570 1212 2603 bre-

238 2638 295 2660 ves
310 2625 569 2669 descriptiones.

467 96 674 136 SCRIPTA
701 95 778 133 PH.
805 90 921 128 MEL.
949 87 1016 124 AD
1039 84 1166 123 HIST.
1191 81 1334 122 PROF.
1360 80 1427 119 ET
1453 78 1644 120 PHILOS.
1671 79 1990 120 SPECTANTIA.

2164 86 2234 122 116

1361 167 1484 203 Dulcis
1506 179 1609 212 sapor
1630 173 1698 209 est,
1723 167 1761 200 in
1781 180 1852 213 quo
1866 170 2030 203 exuberat
2054 171 2152 203 aerea
2169 167 2238 203 bu-

1260 219 1401 253 miditas
1432 219 1471 251 in
1498 219 1560 259 iis,
1594 229 1684 263 quae
1716 225 1797 252 sunt
1820 224 2009 262 temperate
2039 219 2172 257 calida,
2205 226 2239 252 et

1262 281 1384 315 quem,
1423 280 1502 302 cum
1530 275 1677 302 naturae
1706 267 1886 312 sanguinis
1917 270 2027 303 nostri
2059 276 2092 304 et
2124 269 2240 303 carnis

1261 319 1419 364 proxime
1440 324 1627 362 congruat,
1660 318 1781 362 lingua
1806 318 1908 352 avide
1938 319 2082 363 excipit,
2118 332 2157 353 ac
2176 332 2240 352 vo-

1262 370 1396 414 luptate
1415 381 1453 402 ac
1469 369 1675 402 dilatatione
1691 369 1863 410 adficitur,
1889 380 1928 402 eo
1947 370 2065 402 fruens
2077 381 2149 402 non
2167 370 2240 403 lae-

1263 420 1378 460 ditur,
1404 430 1477 452 non
1500 419 1717 453 exulceratur
1748 420 1791 452 ab
1812 431 1874 460 eo,
1906 431 1969 453 nec
1999 419 2127 461 refugit
2150 431 2243 461 enm,

1263 476 1303 503 ut
1325 480 1443 502 amara
1464 480 1526 502 seu
1547 468 1650 504 acria.
1702 467 1829 503 Dulcia
1844 475 1927 502 sunt
1942 469 2032 509 Lac,
2059 469 2150 510 Mel,
2177 468 2243 502 Vi-

1264 531 1361 554 num.
1412 516 1465 552 Ac
1493 518 1612 561 regula
1639 525 1723 552 nota
1753 519 1814 557 sit,
1842 520 2096 553 nutrimentum
2126 518 2242 552 homi-

1264 569 1321 602 nis
1350 575 1511 612 oportere
1541 579 1613 601 esse
1643 568 1763 609 dulce,
1802 575 1862 602 aut
1892 570 1988 603 dulci
2019 569 2243 609 permixtum.

1264 618 1354 652 Nam
1378 618 1495 650 dulcia
1515 624 1673 660 ungunt,
1699 618 1849 662 implent
1873 626 1906 653 et
1923 621 2112 653 restituunt
2128 630 2243 652 erosas

1265 668 1466 714 particulaS.
1516 666 1585 701 Sed
1608 667 1786 701 interdum
1810 669 2017 703 excellenter
2042 670 2159 703 dulcia
2176 681 2241 702 no-

1266 725 1362 760 cent,
1389 718 1471 763 quia
1489 729 1568 750 cum
1585 717 1655 750 sint
1671 718 1773 750 valde
1788 718 1899 751 calida
1918 726 1951 753 et
1968 723 2087 761 aerea,
2113 720 2182 753 cito
2204 719 2241 752 in

1266 769 1404 813 igneam
1420 768 1589 801 'naturam
1612 774 1815 806 vertuntur,
1848 775 1887 802 ut
1907 768 1982 802 Met
2005 777 2037 803 et
2054 769 2242 804 Saccarum

1267 819 1448 853 celerrime
1481 824 1666 851 vertuntur
1700 818 1737 850 in
1769 818 1912 852 rubram
1940 820 2059 855 bilem.
2124 818 2243 862 Quare

1266 869 1404 904 avidius
1419 868 1473 902 usi
1490 879 1628 902 saccaro
1644 879 1744 912 saepe
1760 869 1952 913 periculose
1967 870 2244 905 inflammantur.

1267 920 1324 953 Ad
1364 917 1448 952 haec
1488 919 1608 952 dulces
1646 919 1716 951 cibi
1751 919 2042 963 intemperantius
2076 920 2242 953 eduntur.

1268 969 1350 1003 Ideo
1373 975 1516 1014 propter
1543 966 1703 1002 humoris
1729 970 1865 1014 copiam
1902 977 2098 1015 sequuntur
2125 977 2246 1015 putre-

1266 1020 1447 1054 factiones.

1368 1069 1514 1113 Pinguis
1538 1081 1640 1113 sapor
1663 1069 1800 1103 vicinus
1830 1076 1881 1104 est
1903 1070 2009 1106 dulci.
2060 1069 2125 1104 Est
2149 1071 2245 1104 enim

1267 1120 1304 1152 in
1329 1119 1467 1164 liquore
1489 1120 1603 1160 dulci,
1636 1119 1674 1152 in
1696 1132 1765 1166 quo
1793 1127 1907 1154 tamen
1929 1124 2027 1154 aerea
2052 1118 2245 1155 humiditas

1267 1181 1383 1214 sparsa
1407 1177 1458 1203 est
1474 1169 1511 1201 in
1535 1181 1572 1202 re
1589 1170 1706 1202 minus
1723 1170 1883 1204 tenuium
1903 1171 2073 1214 partium,
2101 1177 2133 1204 et
2150 1171 2246 1203 calor

1268 1220 1419 1253 debilior
1445 1228 1515 1260 est,
1541 1226 1580 1252 ut
1602 1219 1639 1251 in
1658 1217 1768 1260 oleo,
1791 1219 1945 1264 Butyro‚
1972 1219 2098 1256 Carne.
2149 1219 2246 1253 Haec

1267 1282 1407 1315 quoque
1421 1270 1449 1302 si
1470 1269 1540 1303 sint
1558 1269 1766 1310 mediocria,
1793 1277 1940 1313 prosunt
1959 1270 1995 1302 in
2016 1270 2245 1305 nutrimento.

1267 1320 1336 1354 Sed
1353 1320 1459 1353 nimis
1476 1320 1618 1364 pinguia
1635 1325 1781 1356 nocent,
1806 1319 1887 1362 quia
1907 1319 2020 1352 solent
2042 1327 2245 1364 supernata-

1267 1382 1316 1409 re,
1342 1377 1375 1401 et
1392 1370 1562 1412 impedire
1581 1367 1787 1408 coctionem,
1813 1375 1845 1401 et
1857 1369 2090 1412 oppilationes
2101 1370 2246 1403 efficere.

1268 1418 1383 1462 Vulgo
1400 1416 1495 1452 hunc
1509 1429 1665 1462 saporem
1682 1418 1867 1452 nominant
1883 1426 2108 1455 unctuosum.

1366 1467 1439 1502 Nec
1462 1468 1623 1501 discerno
1646 1479 1663 1500 a
1694 1467 1789 1500 dulci
1813 1480 1953 1502 suavem
1978 1470 2144 1510 odorem,
2177 1469 2245 1503 nisi

1267 1519 1444 1562 gradibus.
1496 1516 1585 1552 Cum
1615 1517 1708 1551 enim
1733 1518 1882 1552 dulcedo
1906 1519 2094 1553 mediocris
2116 1527 2186 1561 est,
2213 1526 2247 1554 et

1267 1575 1358 1602 recte
1381 1574 1590 1613 temperata,
1624 1568 1662 1601 fit
1690 1568 1817 1604 suavis,
1876 1568 1924 1603 Ut
1949 1581 2073 1603 manus
2092 1582 2169 1603 cum
2188 1571 2246 1603 in-

1267 1619 1394 1652 seritur
1425 1631 1534 1663 aquae
1563 1618 1787 1651 mediocriter
1815 1619 1965 1660 calidae,
2000 1620 2160 1654 adficitur
2183 1633 2246 1653 vo-

1267 1670 1417 1713 luptate,
1440 1669 1487 1702 ita
1507 1668 1730 1702 mediocriter
1747 1668 1882 1710 dulcia,
1909 1670 1990 1714 quia
2010 1678 2089 1704 sunt
2112 1677 2246 1714 tempe—

1267 1726 1341 1753 rate
1358 1719 1481 1758 calida,
1508 1725 1539 1752 et
1550 1730 1629 1751 cum
1646 1718 1824 1760 sanguinis
1842 1725 1874 1752 et
1890 1719 2004 1753 carnis
2022 1727 2148 1754 natura
2159 1732 2245 1753 con·

1267 1776 1415 1812 gruunt,
1441 1769 1596 1802 efficiunt
1620 1769 1818 1804 suavitates.

1366 1818 1517 1862 Sapores
1532 1818 1700 1852 contrarii
1714 1825 1796 1852 sunt
1819 1818 1932 1859 dulci,
1958 1819 2080 1863 pingui
2107 1826 2140 1853 et
2164 1831 2245 1853 sua-

1268 1869 1321 1910 vi,
1363 1880 1522 1907 amarus,
1563 1869 1670 1909 acris,
1712 1869 1850 1909 acidus,
1893 1870 2053 1909 acerbus,
2088 1875 2244 1904 austerus

1269 1927 1302 1953 et
1322 1919 1440 1954 salsus.
1493 1918 1542 1951 Hi
1566 1931 1646 1951 vere
1672 1918 1858 1958 differunt,
1892 1925 1932 1953 ut
1954 1920 2110 1963 exempla
2135 1927 2169 1954 et
2195 1921 2245 1953 ef-

1268 1970 1434 2003 fectiones
1449 1970 1656 2009 ostendunt,
1683 1967 1817 2002 etiamsi
1835 1968 1987 2013 imperiti
2004 1981 2075 2002 non
2091 1970 2173 2003 satis
2190 1970 2245 2002 di-

1269 2020 1426 2053 iudicant
1451 2017 1512 2052 has
1544 2018 1772 2054 differentias.
1826 2017 1948 2053 Genus
1983 2019 2027 2053 sit
2058 2032 2244 2053 commune

1269 2070 1445 2110 omnium,
1479 2070 1573 2103 dulci
1602 2069 1797 2103 contrarios
1822 2080 1912 2110 esse,
1945 2076 1979 2102 et
2005 2070 2243 2104 astrictionem

1269 2121 1421 2157 efficere,
1456 2132 1544 2165 quae
1568 2119 1654 2152 alias
1679 2120 1807 2163 magis,
1842 2119 1927 2153 alias
1953 2119 2070 2154 minus
2094 2120 2243 2155 offendit

1269 2183 1328 2204 seu
1345 2177 1524 2214 exasperat
1540 2170 1708 2212 linguam.

1369 2219 1541 2262 Amarus,
1567 2217 1710 2266 πικρὸς,
1738 2230 1842 2263 sapor
1858 2225 1927 2260 est,
1960 2220 2019 2265 qui
2037 2220 2183 2264 detergit
2209 2228 2242 2255 et

1268 2272 1404 2305 mordet
1421 2271 1595 2314 linguam,
1623 2277 1741 2315 estque
1756 2269 1792 2301 in
1811 2276 1934 2303 natura
1952 2270 2107 2304 terrestri
2121 2282 2244 2312 crassa,

1268 2322 1305 2354 in
1322 2334 1388 2366 qua
1409 2323 1579 2355 excedunt
1601 2321 1695 2353 calor
1720 2326 1752 2353 et
1774 2319 1926 2361 siccitas,
1950 2328 1988 2355 ut
2004 2321 2040 2354 in
2058 2319 2152 2361 Bile,
2178 2319 2242 2354 Ni-

1267 2378 1342 2413 tro,
1367 2371 1552 2405 Marrubio
1565 2398 1573 2412 ,
1598 2367 1811 2415 Absynthio.

1366 2421 1487 2463 Acris,
1520 2418 1669 2467 δριμὺς,
1701 2432 1772 2453 non
1798 2421 1913 2454 solum
1935 2420 2072 2453 mordet
2095 2431 2133 2453 ac
2149 2422 2242 2456 rodit

1265 2471 1440 2515 linguam,
1467 2473 1525 2504 sed
1551 2472 1652 2504 etiam
1674 2470 1762 2511 urit,
1788 2478 1963 2514 penetrat,
1992 2476 2025 2503 et
2043 2470 2145 2504 valde
2170 2472 2241 2505 dis-

1265 2523 1385 2561 solvit,
1413 2529 1451 2555 ut
1476 2522 1606 2554 serrum
1625 2520 1785 2563 ignitum.
1838 2519 1970 2565 Estque
1992 2519 2029 2552 in
2048 2528 2171 2555 natura
2190 2529 2240 2554 te-

1265 2572 1347 2611 nui,
1383 2572 1418 2604 in
1452 2583 1519 2615 qua
1551 2571 1720 2604 excedunt
1748 2570 1904 2604 caliditas
1932 2576 1965 2603 et
1997 2570 2141 2604 siccitas.
2192 2570 2240 2605 Et

1265 2622 1355 2654 acria
1389 2628 1552 2666 superant
1584 2622 1698 2655 calore
1729 2632 1783 2654 res
1805 2631 1950 2654 amaras.
2002 2620 2094 2655 Sunt
2122 2627 2237 2655 autem
