2379 2948
125 106 200 142 281
722 104 788 142 111.

128 196 180 224 tes
196 190 448 234 sexagesimae,
473 190 635 236 aequales
657 196 770 224 essent
787 189 898 223 futuri
914 189 1017 223 orbes
1028 189 1111 230 duo,

127 241 322 287 epicyclus,
349 248 382 275 et
400 239 495 275 hunc
511 242 669 274 deferens
687 240 910 273 eccentricus.

230 290 393 325 Diximus
409 299 523 326 autem
540 302 663 334 supra,
690 296 847 322 centrum
869 289 1016 335 epicycli
1040 289 1111 323 Ve-

129 342 225 376 neris
242 342 380 376 ratione
398 342 527 387 perigei
544 340 726 373 eccentrici
744 340 889 384 propius
908 340 982 372 fieri
995 347 1109 373 terrae

130 393 177 426 17
193 393 463 426 semidiametris
482 399 606 431 terrae,
633 389 804 423 Mercurii
820 397 935 423 autem
955 392 1110 435 quadra-

128 443 224 486 ginta
244 444 327 477 fere.
385 442 453 476 Sed
478 439 535 473 hic
556 452 677 473 rursus
695 442 939 474 consideretur
960 442 1109 485 insignis

129 494 331 533 diversitas,
359 504 425 536 qua
443 489 480 524 111
496 492 566 524 (1110
578 490 744 524 Planetae
763 498 861 525 motu
878 503 1023 525 suorum
1034 493 1108 536 epi-

127 544 305 590 cyclorum
321 542 513 587 aliquando
531 542 573 574 ad
593 548 720 575 terram
739 542 898 586 proxime
915 544 1108 576 admoven-

124 601 203 636 tur,
229 594 419 638 aliquando
439 592 562 636 procul
579 592 623 625 ab
640 604 677 626 ea
704 593 741 625 in
766 593 877 627 altum
902 592 1108 627 subvehun-

125 652 196 680 tur.
254 643 344 676 Nam
375 644 511 675 ratione
545 643 691 688 epicycli
723 642 924 677 Mercurius
955 645 1107 688 amplius

125 695 176 730 50
191 693 370 727 diametris
392 693 539 726 terrenis
554 694 700 737 propior
721 701 771 727 est
788 694 910 735 nobis,
953 708 1031 728 cum
1057 702 1108 728 te-

123 751 185 778 net
201 744 306 776 imam
325 744 471 789 epicycli
497 744 674 788 apsidem,
712 757 815 788 quam
842 757 919 778 cnm
947 746 984 777 in
1011 745 1108 778 illius

121 806 257 828 summo
284 795 421 837 fastigio
446 802 617 828 versatur.
678 795 794 839 Atque
818 793 880 828 has
908 796 998 828 vices
1023 808 1106 840 pro-

121 845 330 890 pinquitatis
364 851 397 878 et
429 845 631 878 altitudinis
659 845 696 878 in
721 846 876 891 epicyclo
903 845 1105 880 Mercurius

120 902 200 940 post
217 895 321 928 binos
337 907 473 940 semper
490 908 625 929 menses
645 897 814 937 alternat,
847 904 886 931 ut
905 909 983 929 cum
1003 897 1105 930 initio

121 945 276 979 Ianuarii
293 947 359 980 fuit
376 947 410 979 in
429 957 563 979 summa
582 947 713 991 apside,
737 955 813 990 post
830 948 851 981 8
868 944 1105 981 hebdomades

119 997 210 1031 circa
234 997 376 1030 initium
395 996 517 1030 Martii
542 998 579 1031 fit
602 999 640 1030 in
657 998 725 1030 ima
745 1005 843 1041 parte
866 999 1030 1044 epicycli‚
1073 1006 1104 1032 et

119 1053 199 1091 post
215 1047 303 1080 alios
321 1048 410 1081 duos
432 1059 569 1081 menses
586 1048 677 1081 circa
702 1048 845 1082 initium
865 1047 954 1081 Maii
982 1061 1104 1082 rursus

118 1098 157 1130 in
182 1098 320 1141 fastigio
343 1099 510 1143 epicycli‚
550 1099 598 1132 ita
614 1106 652 1132 ut
669 1099 827 1143 quolibet
853 1111 946 1133 anno
967 1106 1018 1133 ter
1038 1112 1103 1133 no-

118 1148 173 1182 bis
189 1148 248 1182 fiat
264 1149 486 1194 propinquus
503 1150 640 1182 ratione
656 1150 815 1194 epicycli.

220 1198 340 1232 Venus
357 1206 472 1232 autem
490 1200 691 1244 quingentis
710 1207 744 1234 et
761 1201 980 1244 septuaginta
992 1208 1102 1234 terre-

119 1249 175 1282 nis
191 1250 234 1282 ad
259 1261 325 1282 nos
347 1250 489 1284 accessit
513 1251 678 1294 propius,
721 1252 862 1295 quando
889 1252 993 1284 imam
1020 1264 1101 1295 par-

117 1306 187 1333 tem
207 1299 262 1333 sui
276 1299 423 1344 epicycli
448 1306 560 1340 tenet,
593 1308 625 1334 et
643 1301 788 1334 totidem
808 1302 987 1334 diametris
1003 1303 1101 1336 abest

116 1350 256 1393 longius
273 1362 293 1382 a
309 1355 421 1389 terra,
449 1350 591 1394 quando
608 1351 650 1382 ad
674 1351 850 1392 fastigium
875 1353 929 1384 sui
954 1353 1102 1396 epicycli

115 1406 233 1433 evecta
266 1406 329 1434 est.
346 1395 361 1412 ⁸
382 1398 453 1433 Has
484 1406 600 1433 autem
637 1401 727 1433 vices
757 1408 932 1444 permutat
963 1403 1099 1435 decimo

115 1463 257 1496 quoque
280 1462 416 1490 mense,
450 1456 489 1483 ut
506 1462 583 1483 cum
602 1451 778 1495 principio
800 1450 957 1486 Ianuarii
979 1453 1044 1485 suit
1062 1454 1098 1485 in

114 1513 249 1535 summa
274 1501 394 1544 apside
416 1501 471 1533 sui
499 1502 667 1547 epicycli‚
707 1509 785 1546 post
808 1515 935 1535 novem
962 1515 1099 1536 menses

115 1553 205 1586 circa
224 1551 380 1584 medium
403 1549 571 1585 Octobris
595 1553 665 1586 imo
690 1553 845 1598 epicyclo
863 1554 1099 1597 conspiciatur

114 1616 133 1637 a
151 1602 257 1635 nobis
274 1608 307 1635 et
323 1602 436 1635 maior
453 1609 486 1635 et
502 1603 647 1644 clarior,
674 1610 796 1648 utpote
814 1616 851 1636 ex
870 1605 984 1638 multo
1013 1617 1097 1649 pro-

115 1654 220 1699 piore
236 1653 313 1685 loco
331 1665 513 1697 apparens.

216 1703 322 1745 Quod
339 1705 367 1736 si
384 1703 505 1736 Venus
521 1704 666 1748 epicycli
682 1704 735 1736 sui
754 1704 858 1736 imam
886 1712 1018 1748 partem
1046 1712 1098 1738 te-

111 1754 229 1788 nuerit
246 1754 335 1787 circa
346 1754 519 1794 brumam,
535 1766 605 1799 quo
621 1760 777 1798 tempore
794 1755 889 1787 illius
903 1755 1096 1800 epicyclnm

112 1817 191 1839 cum
209 1804 290 1838 Sole
310 1816 381 1837 esse
399 1810 510 1837 terrae
528 1804 726 1848 proximum
746 1817 850 1848 snpra
866 1805 1037 1845 diximus,
1061 1806 1097 1838 fit

113 1855 264 1889 Veneris
284 1855 444 1888 omnium
461 1855 611 1887 maxima
629 1856 875 1900 propinquitas
893 1857 935 1888 ad
956 1863 1096 1894 terram,

112 1907 159 1940 ita
176 1913 215 1939 ut
230 1906 319 1939 absit
337 1912 472 1938 tantum
486 1905 557 1938 106
579 1906 849 1939 semidiametris
866 1913 989 1947 terrae,
1016 1919 1094 1939 cum

112 1956 247 2002 alioqui
273 1957 416 2001 quando
442 1963 621 2001 utrunque
649 1962 743 1989 tenet
766 1968 941 2000 apogeon,
974 1969 1095 1990 eccen-

112 2007 191 2043 trici
211 2015 243 2041 et
260 2007 405 2053 epicycli
418 2034 427 2048 ‚
455 2019 473 2040 a
492 2014 583 2041 terra
601 2007 690 2040 absit
710 2007 1094 2043 13805emidiametriS.

214 2057 266 2091 lta
282 2059 309 2091 si
328 2057 528 2091 Mercurius
546 2058 582 2090 in
601 2058 740 2101 perigeo
759 2058 904 2104 epicycli
925 2059 1031 2092 suerit
1054 2072 1093 2091 eo
1120 2088 1121 2093 ,

111 2117 285 2153 tempore,
326 2110 468 2153 quando
497 2109 673 2154 epicyclus
704 2109 863 2152 proxime
891 2110 933 2142 ad
965 2116 1092 2142 terrain

112 2158 266 2199 accessit,
283 2160 377 2204 quod
396 2160 450 2193 bis
467 2160 503 2192 in
521 2172 614 2193 anno
631 2160 705 2192 fieri
721 2160 874 2193 diximus
893 2172 1010 2193 mense
1027 2159 1093 2192 Fe-

110 2210 256 2246 bruario
286 2217 319 2243 et
353 2209 475 2252 lunio,
516 2217 599 2244 tunc
644 2222 749 2255 qnam
785 2217 900 2254 potest
931 2211 1091 2244 omnium

110 2261 270 2307 proxime
291 2259 489 2295 Mercurius
514 2262 557 2294 ad
586 2269 714 2295 terram
744 2273 778 2294 se
802 2262 955 2305 demisit,
981 2262 1027 2295 ita
1054 2268 1093 2295 ut

110 2313 201 2348 absit
229 2323 248 2345 3
278 2317 370 2344 terra
392 2318 475 2345 tunc
497 2312 545 2348 65
571 2313 642 2345 fere
668 2313 938 2346 semidiametris
964 2319 1093 2353 terrae,
1118 2326 1119 2345 1

111 2376 189 2398 cum
215 2361 319 2400 alias,
354 2363 495 2406 quando
519 2369 552 2396 et
576 2364 760 2397 eccentrici
785 2370 818 2397 et
844 2363 988 2409 epicycli
1007 2375 1093 2408 apo-

112 2427 201 2459 geon
216 2419 328 2451 tenet,
356 2412 447 2445 absit
469 2424 486 2445 a
512 2420 602 2447 terra
620 2414 694 2449 206
711 2414 991 2448 semidiametris.

215 2463 280 2496 His
297 2470 366 2497 tam
391 2463 588 2505 insignibus
610 2465 866 2499 mutationibus
893 2465 1092 2498 altitudinis

113 2522 145 2549 et
162 2514 436 2559 propinqui'tatis
461 2511 587 2546 horum
610 2513 834 2549 Planetarum
863 2514 957 2549 haud
984 2517 1091 2549 dubie

112 2565 215 2599 etiam
235 2564 436 2598 effectiones
454 2564 489 2596 in
507 2564 687 2598 elementis
704 2572 737 2598 et
755 2566 872 2600 mixtis
884 2567 1091 2610 corporibus

113 2628 305 2659 congruere
320 2615 623 2660 conspicerentur,
659 2614 688 2647 si
714 2615 791 2659 quis
818 2617 1005 2660 diligenter
1026 2618 1091 2650 ob-

111 2667 254 2702 servatis
272 2663 328 2699 his
343 2666 544 2701 altitudinis
561 2671 593 2699 et
610 2661 819 2715 humilitatis
845 2667 1000 2709 vicibus,
1040 2668 1090 2700 ef-

839 103 995 140 INITIA
1021 101 1315 139 DOCTRINAE
1340 103 1595 142 PHYSICAE.

2081 115 2158 151 282

1163 188 1273 220 fectus
1303 185 1433 222 horum
1457 190 1682 227 Planetarum
1714 207 1792 229 cum
1821 195 1960 230 diverso
1988 199 2145 244 ipsorum

1167 238 1237 271 situ
1255 238 1297 270 ad
1317 245 1442 273 terram
1461 243 1641 278 conferret.
1988 240 1994 245 ‚

1268 287 1410 322 Dictum
1431 298 1480 324 est
1497 300 1610 326 autem
1629 307 1749 339 supra,
1772 295 1899 332 horum
1916 297 2145 333 Planetarum

1165 350 1302 383 semper
1318 340 1469 372 mediam
1489 353 1560 374 esse
1571 355 1647 377 cum
1659 346 1740 380 Sole
1756 349 2056 391 coniunctionem,
2082 348 2149 383 hoc

1164 397 1232 430 est,
1260 389 1401 431 Solem,
1430 390 1601 425 Venerem
1639 402 1672 428 et
1703 397 1924 433 Mercurium
1953 398 2081 433 habere
2105 401 2150 433 li-

1163 451 1246 473 neas
1264 441 1462 484 aequalium
1479 450 1638 476 motuum
1666 455 1834 490 perpetuo
1861 451 1897 483 in
1923 451 2044 483 eodem
2069 452 2146 484 loco

1162 491 1308 523 Zodiaci
1326 493 1518 525 secundum
1539 494 1808 536 longitudinem.
1851 498 1954 533 Unde
1977 502 2147 546 sequitur,

1164 539 1230 574 hos
1245 540 1409 575 Planetas
1432 555 1505 576 non
1528 556 1628 588 posse
1652 558 1669 578 a
1689 546 1770 580 Sole
1795 549 1932 590 longius
1957 551 2146 593 discedere,

1162 604 1267 636 quam
1286 599 1416 637 quanta
1433 600 1483 627 est
1494 595 1637 640 epicycli
1658 598 1926 640 semidiameter,
1954 603 2047 644 quod
2067 604 2146 647 qni-

1162 644 1243 675 dem
1262 643 1299 675 in
1317 642 1455 677 Venere
1474 652 1682 689 perpetuum
1700 656 1761 689 est,
1787 651 1886 683 cuius
1907 650 2052 695 epicycli
2065 665 2145 686 cen-

1162 700 1256 726 trum
1272 696 1528 738 propemodum
1548 708 1684 742 semper
1701 705 1750 732 est
1768 700 1804 732 in
1822 701 1914 734 linea
1931 701 2006 733 veri
2031 710 2145 736 motus

1160 743 1274 785 Solis,
1300 757 1389 790 quae
1408 747 1534 781 transit
1551 759 1612 792 per
1629 761 1755 793 corpus
1773 750 1878 786 Solis.
1933 749 2039 793 Quod
2052 753 2144 786 enim

1160 806 1233 827 non
1247 796 1360 829 adfert
1377 797 1612 832 differentiam
1629 800 1736 833 trium
1752 802 1993 845 minutorum,
2022 802 2057 835 id
2075 800 2141 836 hoc

1159 844 1237 879 loco
1254 858 1318 889 pro
1333 845 1447 881 nihilo
1465 850 1697 893 reputabitur.

1263 895 1309 930 Ut
1326 904 1441 930 autem
1459 899 1635 943 intelligas
1652 899 1740 935 hanc
1757 902 2013 944 digressionum
2034 903 2143 938 ratio-

1163 958 1256 985 nem,
1279 947 1471 990 imaginare
1486 952 1570 983 duas
1586 952 1696 985 lineas
1713 953 1755 985 ab
1769 956 1888 987 eodem
1906 961 2025 988 centro
2036 967 2142 987 mun-

1157 996 1193 1031 di
1212 998 1371 1039 eductas,
1408 1012 1515 1032 unam
1539 1002 1680 1046 quidem
1707 1015 1769 1046 per
1800 1010 1958 1036 centrum
1990 1004 2083 1038 Solis
2109 1012 2142 1039 et

1159 1050 1415 1091 propemodum
1431 1050 1535 1084 etiam
1555 1064 1616 1095 per
1632 1060 1791 1086 centrum
1818 1054 1963 1099 epicycli
1982 1054 2142 1096 Veneris,

1159 1098 1306 1131 alteram
1334 1111 1417 1133 vero
1434 1113 1495 1144 per
1510 1109 1667 1136 centrum
1686 1104 1804 1137 stellae
1821 1104 1969 1138 Veneris
1993 1106 2037 1138 ad
2062 1118 2139 1139 coe-

1162 1149 1237 1181 lum
1254 1161 1365 1194 usque
1383 1163 1582 1193 excurrere,
1616 1151 1677 1186 has
1701 1155 1812 1197 cogita
1835 1155 2041 1189 coniunctas
2068 1168 2139 1189 esse

1156 1205 1251 1239 tum,
1283 1211 1361 1232 cum
1375 1199 1494 1235 Venus
1511 1215 1680 1246 apogeum
1698 1205 1752 1237 sui
1772 1205 1918 1250 epicycli
1935 1213 2039 1240 tenet.
2078 1205 2138 1239 ln-

1155 1250 1198 1281 de
1221 1261 1299 1282 cum
1330 1249 1448 1284 Venus
1471 1264 1489 1285 a
1514 1253 1597 1286 Sole
1627 1255 1785 1296 discedit,
1809 1256 1911 1288 etiam
1933 1257 2046 1289 lineae
2071 1254 2137 1290 1130

1154 1299 1337 1333 distabunt
1353 1302 1504 1335 subinde
1529 1305 1699 1347 ampliore
1722 1305 1926 1347 intervallo,
1958 1307 2068 1340 donec
2092 1307 2137 1339 li-

1154 1362 1219 1382 nea
1239 1349 1388 1384 Veneris
1424 1364 1521 1384 oram
1545 1355 1691 1399 epicycli
1716 1356 1751 1387 in
1770 1356 1911 1388 sinistro
1929 1357 2034 1390 latere
2051 1369 2135 1390 con-

1153 1400 1261 1442 tinget
1278 1406 1432 1440 tantum,
1460 1409 1492 1436 et
1510 1415 1581 1436 non
1597 1405 1748 1446 secabit,
1773 1412 1811 1439 ut
1829 1406 1936 1449 prius.
1990 1405 2035 1440 Et
2052 1414 2136 1441 tunc

1154 1451 1219 1483 erit
1237 1450 1274 1482 in
1294 1452 1446 1485 termino
1475 1454 1698 1497 longissimae
1721 1456 1906 1489 distantiae
1932 1468 1951 1490 a
1975 1456 2075 1498 Sole,
2115 1469 2135 1491 a

1155 1513 1224 1545 quo
1243 1508 1372 1544 puncto
1389 1510 1567 1537 contactus
1585 1506 1783 1539 discedente
1800 1506 1938 1540 Venere
1961 1508 2004 1540 ad
2028 1509 2134 1541 imam

1153 1559 1283 1595 partem
1303 1553 1357 1585 sui
1375 1553 1540 1600 epicycli‚
1567 1553 1650 1590 haec
1675 1557 1767 1590 linea
1792 1557 1919 1590 iterum
1943 1559 1986 1591 ad
2015 1558 2133 1592 Solem

1152 1603 1368 1645 regreditur,
1402 1617 1551 1650 cumque
1568 1608 1703 1640 venerit
1717 1609 1758 1640 ad
1778 1608 1955 1652 perigeum
1975 1609 2132 1653 epicycli‚

1153 1664 1274 1686 rursus
1300 1665 1378 1686 cum
1402 1654 1484 1688 Sole
1507 1657 1744 1701 coniungitur.
1806 1658 1892 1691 Inde
1923 1660 2131 1693 ascendente

1122 1697 1125 1734 1
1151 1703 1294 1736 l‘laneta
1315 1716 1333 1737 a
1358 1706 1497 1748 perigco
1522 1708 1686 1753 epicycli‚
1712 1706 1795 1742 haec
1820 1710 1912 1742 linea
1936 1722 2058 1742 verum
2077 1710 2131 1742 lo-

1122 1769 1125 1812 1
1150 1766 1228 1787 cum
1248 1753 1395 1788 Veneris
1410 1764 1621 1797 monstrans,
1648 1759 1772 1791 iterum
1792 1758 1905 1792 aSole
1923 1759 1959 1791 in
1980 1760 2129 1792 alterum

1122 1814 1124 1818 ’
1150 1805 1240 1837 latus
1256 1805 1417 1839 abscedet
1434 1808 1567 1841 tamdiu
1579 1835 1587 1848 ,
1613 1809 1723 1842 donec
1739 1816 1925 1842 extremam
1942 1821 2039 1842 oram
2056 1810 2131 1852 epi-

1121 1874 1123 1900 1
1149 1855 1236 1899 cycli
1253 1855 1289 1886 in
1301 1855 1408 1888 latere
1425 1858 1547 1890 dextro
1563 1859 1724 1902 attinget,
1752 1860 1811 1893 ille
1837 1860 1905 1892 iam
1925 1871 2047 1893 rursus
2064 1861 2129 1893 erit

1120 1901 1123 1946 Ι
1149 1905 1320 1938 terminus
1335 1906 1557 1949 longissimae
1572 1910 1756 1943 distantiae
1773 1910 1899 1949 aSole,
1927 1922 1945 1943 a
1966 1923 2035 1955 quo
2052 1911 2130 1943 loco

1119 1950 1122 1996 1
1151 1954 1286 1988 Venere
1300 1959 1507 1991 ascendente
1524 1959 1628 1993 altius
1643 1961 1679 1993 in
1704 1961 1876 2006 epicyclo,
1910 1961 2007 2004 prins
2036 1961 2128 1994 dicta

1119 2000 1122 2048 1
1149 2006 1241 2039 111103
1260 2007 1304 2039 ad
1321 2007 1439 2041 Solem
1460 2009 1584 2043 iterum
1604 2011 1914 2056 adpropinquabit,
1941 2012 2053 2045 donec
2070 2023 2125 2044 as-

1147 2063 1262 2090 secuta
1288 2069 1446 2101 apogeon
1472 2060 1617 2105 epicycli
1640 2061 1715 2095 Soli
1742 2062 1867 2095 iterum
1886 2062 2124 2104 coniungitur.

1119 2111 1121 2161 1
1149 2107 1269 2152 Itaque
1284 2119 1422 2152 semper
1440 2110 1505 2144 erit
1521 2111 1671 2145 maxima
1688 2113 1855 2155 digressio
1872 2112 2018 2144 Veneris
2035 2112 2124 2144 illud

1118 2178 1120 2212 1
1147 2159 1182 2190 111
1202 2159 1298 2191 coelo
1322 2160 1495 2203 spacium,
1527 2163 1623 2206 quod
1650 2164 1837 2206 respondet
1865 2162 2124 2195 semidiametro

1117 2222 1120 2254 1
1146 2209 1310 2255 epicycli‚
1336 2222 1396 2243 seu
1415 2213 1509 2256 quod
1532 2213 1813 2257 complectuntur
1836 2213 1923 2245 duae
1947 2213 2059 2245 lineae
2083 2224 2123 2245 ex

1117 2257 1120 2312 1
1148 2261 1270 2293 eodem
1287 2268 1407 2294 centro
1423 2263 1547 2296 mundi
1566 2264 1726 2302 eductae,
1754 2275 1902 2308 quarum
1927 2274 1996 2295 una
2023 2269 2122 2296 tran-

1145 2311 1188 2344 sit
1206 2323 1268 2354 per
1284 2319 1442 2346 centrum
1461 2313 1555 2347 Solis
1571 2321 1604 2347 et
1618 2314 1778 2359 epicycli‚
1813 2314 1920 2346 altera
1947 2313 2122 2346 accumbit

1117 2350 1120 2399 1
1145 2362 1208 2395 11111
1232 2363 1382 2396 laterum
1412 2363 1578 2409 epicycli‚
1617 2365 1664 2398 ita
1699 2371 1738 2398 ut
1759 2364 1906 2406 attingat
1928 2363 2121 2409 epicyclum

1144 2419 1300 2454 tantum,
1327 2425 1400 2447 non
1418 2421 1519 2449 secet.

1246 2463 1315 2498 Sed
1335 2464 1415 2508 quia
1428 2462 1488 2497 has
1500 2465 1608 2496 lineas
1618 2463 1752 2498 diducit
1769 2475 1809 2496 eo
1826 2463 1998 2507 ampliore
2010 2463 2120 2496 inter-

1115 2514 1118 2559 1
1143 2515 1237 2547 vallo
1254 2515 1510 2548 semidiameter
1528 2514 1683 2559 epicycli‚
1710 2527 1782 2559 quo
1802 2513 1947 2558 propius
1963 2515 2004 2546 ad
2024 2527 2120 2547 com-

1142 2577 1249 2598 mune
1266 2571 1423 2598 centrum
1439 2565 1564 2597 mundi
1585 2565 1785 2604 accesserit,
1819 2571 1852 2598 et
1875 2565 2011 2597 easdem
2036 2575 2120 2608 pro-

1140 2616 1220 2660 pius
1237 2615 1404 2656 coniungi
1420 2614 1559 2658 patitur,
1586 2626 1654 2659 quo
1672 2616 1811 2659 longius
1826 2627 1844 2649 a
1863 2622 1983 2648 centro
1995 2614 2118 2647 mundi

1110 2672 1118 2713 1
1140 2666 1282 2706 recedit,
1296 2664 1396 2698 facile
1412 2664 1587 2699 aestimari
1600 2664 1683 2699 hinc
1696 2673 1821 2711 potest,
1838 2663 1901 2700 has
1913 2661 2120 2702 διαστάσεις
