2379 2948
153 89 223 122 741
766 83 809 118 V.

153 172 333 211 ordinata,
359 178 398 205 ut
422 177 539 204 motus
563 170 748 210 coelestes,
775 170 862 202 ordo
881 169 1148 208 elementorum,

151 222 304 256 noticiae
339 233 594 262 numerorum,
630 220 820 254 discrimen
851 218 1083 253 honestorum
1115 224 1148 251 et

151 273 324 318 turpium,
352 272 573 306 conservatio
589 271 797 315 specierum,
824 269 1017 313 generatio.

152 337 231 358 rum
258 324 418 357 omniurn
442 334 580 357 necesse
606 328 656 355 est
678 333 817 354 causam
837 327 871 353 et
887 317 1147 354 architectatri-

152 387 226 408 cem
244 386 335 417 esse,
363 374 520 420 aliquam
540 379 717 406 aeternam
737 378 904 407 mentem.

570 472 722 509 Aliud.

306 534 540 578 Evangelium
572 534 752 577 improbat
780 535 990 569 traditiones
1013 535 1049 568 in
1077 532 1147 569 Ec-

360 586 484 626 clesia,
525 585 685 618 conditas
717 585 762 618 ab
795 582 1021 627 hominibus,
1058 598 1147 631 quae

359 637 507 671 vitiosae
538 643 641 677 sunt,
679 643 711 670 et
739 637 918 681 improbat
943 638 1147 683 aliquarum

359 699 508 732 pravum
527 687 763 729 intellectum,

305 737 400 783 Ergo
421 750 544 772 omnes
561 738 774 772 traditiones
791 746 959 784 tanquam
978 740 1015 773 in
1033 752 1146 774 unum

359 787 465 824 chaos
482 789 685 824 miscendae
705 797 738 823 et
754 791 967 824 reiiciendae
985 798 1076 825 sunt.

254 846 308 882 Ex
340 846 408 882 hoc
434 860 554 882 errore
578 849 780 893 aliquorum
810 850 1056 891 indoctorum,
1091 850 1148 883 in-

153 900 278 946 primis
302 900 606 945 disputationibus
630 900 673 932 de
699 901 886 934 autoritate
912 901 1146 935 traditionum

152 951 284 985 multae
309 951 536 985 confusiones
559 958 657 984 ortae
683 958 775 985 sunt.
830 951 899 986 Sed
919 953 1080 995 neganda
1098 959 1148 985 est

155 1003 429 1048 consequentia,
458 1003 540 1047 quia
567 1008 617 1035 est
640 1002 777 1048 fallacia
802 1016 820 1037 a
839 1004 934 1037 dicto
953 1004 1147 1037 secundum

154 1054 238 1098 quid
256 1054 299 1087 ad
319 1054 452 1087 dictum
472 1053 691 1098 simpliciter.

580 1154 732 1192 Aliud.

310 1214 468 1250 Ecclesia
489 1226 562 1248 non
581 1222 693 1256 errat,

310 1265 493 1300 Pharisaei
512 1273 592 1300 sunt
609 1263 780 1307 Ecclesia,

308 1316 404 1360 Ergo
424 1329 497 1351 non
517 1324 648 1349 errant.

258 1376 426 1419 Neganda
453 1381 505 1408 est
530 1377 800 1419 consequentia,
832 1378 913 1420 quia
939 1384 989 1411 est
1013 1377 1151 1411 fallacia

155 1441 173 1462 a
192 1429 286 1462 dicto
305 1427 499 1460 secundum
518 1426 603 1470 quid
621 1427 661 1457 ad
683 1426 816 1459 dictum
836 1427 1058 1470 simpliciter.

309 1476 435 1523 Aliqui
462 1477 500 1510 in
524 1475 682 1510 Ecclesia
707 1489 780 1510 non
805 1485 943 1518 errant,
981 1480 1040 1512 sed
1069 1485 1152 1512 sunt

360 1529 522 1563 custodes
540 1540 643 1561 verae
663 1528 856 1570 doctrinae,

310 1579 405 1623 Ergo
424 1579 515 1613 nulli
536 1585 666 1614 errant.

19 1592 26 1621 ’ν

18 1628 31 1659 t

260 1640 381 1675 Maior
413 1639 507 1673 enim
539 1636 760 1683 synecdoche
792 1646 862 1680 est,
896 1638 1053 1673 Ecclesia
1078 1652 1152 1673 non

160 1700 269 1733 errat,
294 1692 330 1724 id
357 1697 426 1730 est,
454 1690 565 1733 aliqui
588 1689 625 1721 in
641 1687 798 1722 Ecclesia
826 1691 975 1727 eruditi,
1003 1698 1036 1724 et
1060 1691 1152 1723 veris

159 1742 332 1778 exercitiis
362 1740 498 1784 pietatis
530 1740 819 1780 commonefacti‚
852 1741 1007 1774 retinent
1034 1753 1151 1774 veram

160 1794 342 1828 doctrinae
368 1793 505 1829 lucem,
535 1791 576 1823 de
602 1790 731 1835 quibus
756 1792 904 1825 dicitur:
932 1789 980 1825 Et
1003 1799 1040 1825 tu
1067 1804 1153 1825 con-

160 1857 302 1884 verSUS‚
337 1843 506 1877 confirma
529 1842 654 1874 fratres
677 1849 767 1877 tuos.
828 1841 903 1875 Alii
928 1843 1064 1885 ignavi,
1100 1854 1153 1876 se-

160 1897 257 1937 curi,
285 1895 374 1929 ebrii
400 1893 595 1927 ambitione
616 1901 647 1927 et
664 1893 925 1938 voluptatibus,
954 1900 987 1927 et
1004 1901 1153 1937 possunt

163 1959 295 1987 errare,
323 1953 356 1979 et
380 1956 481 1988 saepe
502 1951 631 1977 errant.
686 1943 889 1978 Prudenter
906 1945 1014 1988 igitur
1030 1957 1154 1990 synec-

163 1996 274 2032 doche
289 1996 520 2039 intelligenda
538 2002 599 2029 est.

26 1958 31 1969 -
21 1792 35 1930 g--o-on
18 1665 32 1785 κεινὴ-’κδ’

584 2088 729 2121 Aliud.

320 2149 416 2184 Iusto
433 2162 506 2182 non
525 2156 574 2183 est
590 2149 644 2181 lex
662 2148 788 2192 posita,

320 2200 433 2234 Filius
475 2200 643 2244 prodigus
684 2207 762 2243 post
805 2201 1070 2234 conversionem
1107 2207 1157 2234 est

373 2251 496 2291 iustus,

321 2300 416 2345 Ergo
441 2314 513 2334 non
541 2302 661 2335 audiat
684 2302 794 2335 ullam
821 2315 942 2336 vocem
962 2302 1068 2346 legis,
1095 2315 1158 2336 nec

376 2350 601 2386 coherceatur
618 2353 704 2396 lege.

272 2412 439 2454 Neganda
464 2419 516 2445 est
540 2414 808 2457 consequentia,
837 2414 918 2459 quia
947 2421 998 2447 est
1021 2414 1158 2448 fallacia

170 2480 186 2500 a
227 2467 321 2500 dicto
357 2464 551 2498 secundum
584 2463 667 2507 quid
699 2465 742 2497 ad
774 2465 907 2498 dictum
941 2466 1159 2509 simpliciter,

168 2517 358 2552 Liberatus
389 2522 437 2548 est
463 2527 481 2547 a
507 2515 602 2557 lege,
637 2515 729 2559 quod
755 2517 798 2548 ad
824 2517 1159 2551 condemnationem

171 2570 313 2609 attinet,
346 2569 406 2600 sed
437 2578 510 2599 non
549 2566 643 2610 quod
677 2566 718 2598 ad
752 2567 910 2600 debitum
936 2568 1161 2602 obedientiae

171 2621 250 2655 Deo
267 2618 498 2664 praestandae
516 2617 653 2651 attinet.
688 2614 812 2650 Manet
829 2618 922 2651 enim
939 2619 1028 2652 ordo
1048 2628 1161 2654 aeter-
1187 2624 1189 2633 ¹

172 2683 256 2710 nus,
284 2678 323 2704 ut
347 2676 505 2703 creatura
522 2667 597 2702 Deo
621 2667 851 2712 obtemperet.
906 2668 1013 2712 Item,
1039 2678 1162 2716 quate-

870 80 1193 118 EROTEMATAV
1228 80 1566 120 DIALECTICES.

2116 86 2190 122 742

1172 168 1175 185 '
1201 180 1268 202 nus
1300 176 1419 202 manet
1453 171 1489 203 in
1526 182 1694 204 converso
1721 171 1832 215 prava
1851 169 2054 209 inclinatio7
2088 174 2190 207 etiam

1200 220 1294 263 lege,
1324 230 1384 253 seu
1404 221 1589 264 disciplina
1608 222 1780 255 frenanda
1800 231 1859 258 est.

1069 267 1146 301 Ho-
1172 263 1173 270 ἵ

1622 312 1773 351 Aliud,

1356 370 1488 405 Hector
1507 379 1555 405 est
1573 371 1679 407 homo
1699 375 1825 418 pictus,

1355 420 1450 466 Ergo
1470 430 1520 456 est
1539 421 1658 458 homo.

1303 472 1381 507 Hoc
1406 474 1541 517 puerile
1565 475 1764 519 exemplum
1785 486 1905 513 monet
1925 482 2118 523 prudenter
2136 482 2193 516 iu-

1201 526 1391 559 dicandum
1411 537 1483 558 esse
1502 526 1544 558 de
1562 525 1688 569 signis,
1715 533 1770 560 ut:

1354 575 1450 609 Haec
1470 583 1582 610 statua
1602 584 1652 611 est
1669 577 1809 621 signum
1827 578 1907 620 Dei,

1354 625 1451 671 Ergo
1483 634 1533 661 est
1563 639 1696 661 numen
1728 629 1892 674 aliquod,
1927 642 1986 665 seu
2013 634 2194 677 quiddam,

1409 679 1465 712 cui
1488 678 1584 712 Deus
1610 679 1775 723 alligatus
1791 687 1860 719 est,
1888 681 1935 715 ita
1953 689 1991 716 ut
2011 680 2067 717 hic
2085 686 2194 728 magis

1410 742 1515 774 quam
1533 730 1617 763 alibi
1635 730 1680 763 sit
1696 731 1828 765 efficax.

1307 780 1472 823 Neganda
1497 787 1549 815 cst
1565 782 1836 827 consequentia,
1863 783 1945 826 quia
1965 783 2103 827 signum
2122 797 2193 817 non

1202 839 1253 866 est
1275 843 1331 865 res
1353 832 1567 875 significata,
1601 845 1664 866 nec
1690 833 1789 867 Deus
1812 834 1855 866 ad
1881 834 1990 867 ullam
2015 846 2089 868 rem
2115 836 2196 868 alli-

1202 885 1338 927 gandus
1365 891 1433 923 est,
1460 884 1504 916 ad
1529 895 1633 928 quam
1657 895 1692 916 se
1716 896 1789 917 non
1814 885 1970 928 alligavit
1990 897 2052 919 suo
2073 887 2195 920 verbo.

1201 934 1298 968 Haec
1324 935 1443 977 regula
1470 935 1596 968 evertit
1620 935 1775 979 plurima
1802 936 1896 969 idola
1922 936 2084 971 omnium
2108 944 2195 971 tem-

1202 998 1342 1030 porum.

1321 1087 1540 1124 Secundum
1563 1100 1636 1123 non
1660 1100 1818 1124 causam
1841 1094 1882 1124 ut
1907 1101 2078 1126 causam.

1306 1147 1404 1182 Sicut
1426 1148 1468 1180 ad
1494 1160 1612 1180 veram
1637 1155 1669 1181 et
1687 1147 1862 1180 illustrem
1881 1149 1931 1181 rei
1950 1147 2116 1183 noticiam
2136 1162 2197 1183 ne-

1204 1199 1352 1233 cessaria
1385 1205 1434 1232 est
1457 1210 1537 1231 vera
1562 1210 1746 1231 causarum
1771 1200 1946 1242 cognitio,
1979 1201 2027 1234 ita
2051 1213 2197 1244 magnae

1204 1251 1372 1289 tenebrae
1404 1255 1504 1291 sunt,
1538 1250 1673 1282 nescire
1701 1261 1842 1291 causas,
1875 1257 1936 1284 aut
1958 1251 2074 1296 decipi
2097 1264 2198 1295 prae-

1206 1309 1300 1336 textu
1326 1301 1475 1334 alicuius
1498 1312 1639 1340 causae,
1668 1312 1758 1341 quae
1782 1307 1900 1333 tamen
1924 1302 2038 1345 reipsa
2056 1315 2130 1336 non
2149 1310 2200 1336 est

1205 1365 1319 1387 causa.
1372 1352 1474 1386 Sumi
1490 1351 1646 1394 exempla
1664 1358 1812 1394 possunt
1827 1363 1845 1384 a
1862 1353 2110 1394 medicatione,
2138 1354 2198 1387 uhi

1205 1405 1234 1437 si
1258 1414 1332 1436 non
1357 1398 1576 1444 deprehensa
1604 1401 1649 1434 sit
1673 1413 1793 1443 causa,
1819 1414 1944 1446 magna
1968 1411 2082 1437 errata
2107 1404 2199 1438 acci-

1205 1456 1307 1488 dunt.
1377 1452 1470 1486 Sunt
1499 1459 1533 1486 et
1559 1452 1711 1485 illustrIa
1738 1453 1897 1497 exempla
1923 1454 1960 1486 in
1985 1455 2200 1498 proditione.

1205 1505 1369 1550 Zopyrus
1394 1510 1536 1546 narrat,
1563 1515 1581 1536 a
1598 1503 1713 1537 Dario
1739 1503 1806 1537 sibi
1833 1516 1934 1538 aures
1953 1512 1986 1538 et
2002 1518 2104 1539 nares
2123 1519 2201 1540 mu-

1205 1556 1315 1590 tilitas
1339 1566 1430 1595 esse,
1463 1561 1495 1588 et
1518 1554 1619 1598 fingit
1641 1567 1676 1588 se
1700 1555 1851 1587 amicum
1875 1556 1951 1589 sore
1976 1555 2199 1602 Babyloniis.

1205 1607 1282 1641 Hac
1305 1607 1439 1651 specie,
1467 1617 1556 1650 quae
1576 1613 1647 1640 tota
1673 1606 1758 1638 falsa
1777 1613 1845 1646 est,
1873 1607 1963 1650 capit
1980 1606 2201 1653 Babylonio—

1205 1670 1284 1692 rum
1318 1658 1465 1689 animos.
1520 1655 1578 1689 Sic
1612 1657 1704 1699 apud
1737 1656 1928 1700 Virgilium
1961 1657 2074 1691 Sinon
2110 1660 2201 1693 fallit

1207 1708 1395 1742 Troianos.
1448 1706 1543 1740 Haec
1561 1714 1593 1740 et
1606 1707 1735 1740 similia
1752 1708 1840 1741 facta
1855 1709 2038 1742 reserenda
2057 1717 2139 1743 sunt
2157 1712 2200 1743 ad

1206 1758 1298 1793 hanc
1312 1758 1507 1796 fallaciam,
1537 1759 1730 1791 secundum
1749 1770 1821 1792 non
1840 1771 1978 1792 causam
1998 1766 2036 1792 ut
2051 1772 2201 1795 causam.

1207 1810 1322 1844 Multa
1341 1816 1425 1843 sunt
1443 1815 1477 1842 et
1493 1809 1718 1842 adulatorum
1731 1835 1738 1849 ,
1768 1807 2063 1854 sycophantarum
2084 1818 2116 1844 ct
2134 1812 2201 1844 im-

1207 1868 1391 1906 postorum
1432 1860 1607 1903 exempla,
1650 1871 1739 1905 quae
1773 1860 1877 1893 etiam
1912 1859 1982 1895 huc
2017 1863 2200 1895 referenda

1208 1919 1302 1947 sunt.
1357 1911 1425 1945 Sed
1451 1922 1514 1944 nos
1538 1923 1647 1955 pauca
1671 1908 1878 1944 scholastica
1897 1913 2054 1956 exempla
2077 1914 2201 1947 recita-

1207 1964 1337 1997 bimus.

1619 2044 1792 2084 Exempla.

1364 2106 1528 2142 Ebrietas
1547 2115 1597 2141 est
1612 2107 1716 2147 mala,

1366 2159 1476 2201 Igitur
1494 2159 1616 2192 vinum
1635 2166 1684 2192 est
1701 2158 1847 2192 malum.

1312 2209 1410 2253 Nego
1440 2209 1747 2255 consequentiam,
1776 2216 1808 2242 et
1832 2209 1920 2242 ratio
1948 2216 2014 2250 est,
2043 2210 2123 2254 quia
2149 2222 2203 2243 res

1211 2263 1303 2295 bona
1335 2274 1408 2295 non
1443 2262 1643 2294 damnanda
1675 2267 1725 2293 est
1759 2260 2025 2301 universaliter,
2065 2262 2202 2294 etiamsi

1212 2313 1355 2358 quidam
1375 2325 1411 2345 ea
1430 2313 1630 2356 petulanter
1647 2311 1853 2343 abutuntur.
1906 2309 2091 2345 Pertinent
2107 2312 2201 2345 enim

1212 2366 1254 2398 ad
1283 2362 1380 2397 hunc
1404 2364 1547 2397 titulum
1575 2361 1680 2396 huius
1704 2361 1842 2403 generis
1862 2369 2067 2403 argumenta
2086 2364 2204 2406 plera-

1213 2427 1300 2461 que,
1346 2415 1383 2447 in
1415 2415 1545 2460 quibus
1576 2425 1630 2446 res
1662 2413 1776 2446 bonae
1809 2412 2025 2445 damnantur
2061 2421 2205 2457 propter

1213 2466 1437 2501 abutentium
1469 2465 1657 2502 malitiam,
1694 2462 1776 2507 quia
1808 2474 1880 2495 non
1915 2463 2010 2506 ipsae
2036 2476 2107 2504 re5‚
2144 2467 2201 2498 sed

1186 2550 1188 2562 Ι
1213 2517 1304 2551 mala
1329 2518 1494 2550 voluntas
1517 2526 1617 2549 causa
1642 2521 1693 2547 est
1716 2513 1858 2548 abusus.
1912 2513 2047 2548 Vinum
2064 2527 2136 2549 non
2155 2524 2205 2550 est

1214 2580 1316 2603 causa
1344 2566 1567 2601 immoderati
1593 2577 1693 2606 usuS,
1721 2565 1780 2598 sed
1805 2565 1897 2598 mala
1923 2565 2086 2600 voluntas
2104 2575 2205 2611 pota-

1216 2620 1313 2654 toris.
1372 2617 1492 2661 Quare
1515 2629 1594 2651 cum
1617 2617 1741 2651 vinum
1768 2622 1972 2658 accusatur,
2006 2619 2206 2652 ostenditur

1216 2683 1290 2705 non
1309 2681 1409 2704 causa
1428 2675 1469 2703 ut
1486 2679 1600 2704 causa.
1654 2667 1756 2701 Talia
1775 2674 1857 2701 sunt
1876 2664 1977 2702 haec:

1711 2717 1795 2752 47*
