2379 2948
217 113 313 148 1419

215 201 258 231 de
273 198 352 231 fide.
395 194 467 229 Nec
484 195 574 229 levia
591 194 745 239 pericula
764 195 924 239 pariebat
943 196 992 230 eis
1009 194 1201 241 reprehen-

215 250 267 282 sio
287 247 419 293 publici
438 246 578 280 erroris.

322 297 366 333 Ut
387 304 503 331 autem
530 296 565 328 in
590 296 721 340 populo
742 294 852 330 Israe'l
876 295 1042 332 haerebat
1066 296 1123 332 hic
1149 310 1203 332 er-

218 362 295 389 ror,
322 350 368 381 ita
387 347 498 380 multo
517 348 626 390 magis
643 347 784 381 tenebat
805 349 961 391 gentium
991 357 1125 383 mentes
1153 350 1205 382 fa-

216 402 380 434 scinatas:
409 399 459 431 sic
481 404 514 431 et
525 396 721 431 Ecclesiam
737 398 1017 443 postApostolos
1038 401 1204 434 tenebrae

219 453 434 487 obruerunt,
471 446 712 482 Obscuratum
749 456 798 483 est
825 451 1031 486 sacrificium
1059 449 1205 490 Christi,

218 510 249 536 et
273 501 397 534 amissa
423 499 583 533 doctrina
612 501 654 532 de
673 500 759 541 fide,
787 511 946 546 receptae
970 509 1053 536 sunt
1078 503 1204 536 stultae

217 551 472 586 satisfactiones
498 563 562 595 pro
595 552 762 595 peccatis,
795 553 981 596 excogitati
1015 551 1208 586 monacha-

216 611 291 644 tus,
320 610 353 636 et
377 601 640 644 castigationes,
665 614 750 647 quas
776 604 981 638 iudicabant
1004 616 1075 638 esse
1099 604 1206 637 sacri-

216 654 296 689 ficia
327 665 391 698 pro
429 653 596 698 peccatiS‚
632 653 667 685 id
695 660 765 695 est,
799 656 926 688 mereri
962 655 1205 688 remissionem

216 711 451 751 peccatorum.
485 703 556 738 Sed
576 705 695 738 omnia
714 706 798 738 vicit
814 718 913 739 error
930 707 973 739 de
990 706 1099 739 Missa
1112 733 1120 747 ‚
1138 719 1205 750 qua

218 757 384 790 dicebant
408 767 448 788 ex
469 767 574 799 opere
601 763 746 799 operato
768 757 954 790 facientem
978 757 1047 791 sibi
1072 764 1105 790 et
1128 756 1207 791 aliis

216 807 343 841 mereri
362 806 615 839 remissionem.
668 805 739 839 Nec
756 807 873 839 minus
897 808 1101 842 tribuebant
1124 805 1207 842 huic

218 857 392 892 oblationi
412 857 618 896 sacerdotis,
645 869 750 901 quam
768 858 943 891 oblationi
959 857 1104 893 Christi.

319 907 420 940 Hanc
451 907 689 951 prodigiosam
713 908 927 952 impietatem
951 910 1063 943 taxari
1089 918 1119 944 et
1146 911 1207 943 da-

218 959 334 993 mnari
359 959 394 990 in
414 956 569 991 Ecclesia
593 969 732 991 necesse
751 966 818 998 est,
847 960 936 994 sicut
961 960 1123 995 Psalmus
1146 960 1205 995 49.

218 1017 333 1045 totum
362 1020 470 1052 genus
499 1006 696 1042 humanum
733 1010 771 1042 iu
807 1011 979 1044 iudicium
1015 1019 1136 1053 vocat,
1170 1021 1207 1047 ut

218 1060 315 1095 hunc
338 1059 572 1093 universalem
608 1072 762 1093 errorem
796 1063 957 1095 omnium
984 1063 1141 1106 gentium
1176 1072 1204 1097 et

219 1120 417 1156 temporum
442 1110 534 1143 clare
562 1117 594 1144 et
621 1124 700 1144 cuni
729 1124 853 1155 magna
872 1115 1054 1147 severitate
1074 1114 1206 1158 impro-

218 1165 294 1197 bet:
322 1161 418 1195 Deus
442 1162 588 1194 deorum
608 1160 784 1196 Dominus
807 1164 945 1198 locutus
962 1173 1027 1206 est,
1055 1173 1088 1200 et
1105 1178 1209 1199 voca-

220 1215 271 1247 vit
289 1221 428 1247 terram.
471 1211 502 1245 A
521 1212 615 1246 Solis
631 1220 710 1246 ortu
727 1226 838 1259 usque
855 1216 898 1248 ad
918 1228 1091 1251 occasum.
1132 1217 1203 1250 Ad-

220 1264 360 1298 vocavit
385 1263 519 1296 coelum
538 1265 741 1304 desursum,
767 1273 797 1298 et
816 1273 945 1299 terram
964 1268 1147 1308 deorsum,
1171 1276 1209 1301 ut

220 1316 355 1349 iudicet
386 1326 447 1347 seu
479 1321 615 1349 accuset
646 1317 818 1359 populum
849 1329 964 1352 suum.
1029 1317 1107 1352 Hoc
1138 1327 1207 1352 tam

221 1367 346 1410 grandi
371 1365 514 1398 exordio
539 1377 622 1399 usus
646 1373 695 1400 est
721 1366 915 1411 Propheta,
951 1376 988 1402 ut
1021 1371 1208 1403 admoneat

220 1418 417 1452 auditorem
430 1441 438 1455 ‚
465 1428 538 1449 non
557 1418 599 1449 de
615 1416 683 1450 levi
701 1429 802 1451 causa
821 1420 973 1462 proponi
991 1421 1210 1461 concionem,

222 1470 281 1502 sed
307 1464 518 1511 reprehendi
545 1478 711 1509 magnum
744 1475 778 1502 et
807 1467 1017 1503 horribilem
1041 1483 1206 1505 errorem.

223 1519 343 1562 Quare
369 1515 459 1550 hanc
483 1518 639 1560 regulam
662 1525 858 1558 teneamus,
891 1527 1027 1554 tantum
1064 1522 1208 1555 unicum

220 1570 327 1603 fuisse
361 1568 569 1601 sacrificium
609 1580 688 1601 vere
729 1571 1039 1613 propiciatorium,
1080 1573 1209 1607 scilicet

217 1627 368 1653 mortem
399 1627 432 1652 et
457 1619 666 1652 afflictiones
690 1618 774 1653 Filii
792 1619 870 1656 Dei.
928 1621 1003 1656 lam
1031 1624 1073 1656 de
1099 1624 1208 1657 altera

219 1671 333 1716 specie
355 1671 481 1705 dicam.

322 1720 441 1755 Altera
468 1721 598 1765 species
626 1722 833 1755 sacrificium
860 1721 1138 1769 εὖχαριστικόν,
1173 1726 1207 1759 id

220 1780 287 1813 est,
313 1785 400 1816 opus
426 1772 630 1806 mandatum
652 1784 670 1805 a
693 1772 787 1813 Deo,
811 1774 940 1807 factum
966 1787 983 1808 a
1012 1775 1103 1809 iusto
1128 1789 1207 1810 vera

219 1825 305 1862 fide,
340 1835 412 1856 non
441 1829 479 1857 ut
503 1830 678 1857 mereatur
701 1824 946 1858 remissionem
973 1834 1208 1869 peccatorum,

220 1887 278 1909 seu
301 1875 441 1918 culpae,
468 1874 526 1907 sed
554 1882 591 1908 ut
614 1881 765 1918 praestet
784 1874 859 1908 Deo
882 1877 1121 1910 obedientiam
1147 1880 1207 1912 de-

219 1926 329 1959 bitam
343 1953 350 1965 ,
368 1937 406 1958 ac
424 1931 570 1958 testetur
591 1937 655 1959 nos
674 1937 861 1969 agnoscere
878 1925 974 1961 hunc
996 1941 1075 1961 vere
1092 1929 1206 1963 Deum

220 1988 312 2015 esse,
339 1988 442 2020 quem
467 1976 673 2009 invocamus
698 1985 729 2010 et
754 1978 802 2010 sic
827 1978 991 2018 colimus,
1020 1992 1059 2012 ac
1081 1981 1208 2014 invitet

218 2028 323 2061 alios:
353 2027 445 2071 quod
465 2027 609 2071 quidem
633 2028 681 2060 ita
708 2028 836 2071 placet,
863 2041 942 2062 cum
961 2030 1058 2074 prius
1083 2032 1206 2065 statui-

218 2090 296 2111 mus
322 2090 385 2111 nos
412 2078 547 2121 placere
565 2076 639 2110 Deo
668 2086 810 2123 propter
827 2078 962 2113 Christi
987 2082 1207 2122 sacrificium,

219 2137 252 2163 et
277 2129 412 2173 placere
436 2125 527 2161 hanc
546 2140 749 2173 quanquam
773 2130 1011 2174 imperfectam
1038 2134 1206 2167 obedien-

218 2181 320 2219 tiam,
348 2186 490 2224 propter
514 2180 744 2213 mediatorem
768 2179 951 2215 Christum
976 2183 1205 2228 interpellan-

219 2238 288 2264 tem
306 2243 368 2275 pro
389 2230 510 2273 nobis,
539 2237 572 2264 et
593 2239 711 2265 nostra
726 2232 892 2266 sacrificia
909 2234 1115 2268 offerentem
1140 2248 1205 2280 pa-

218 2283 282 2320 tri,
310 2282 397 2314 sicut
420 2280 543 2314 Petrus
567 2283 688 2321 docet,
719 2284 750 2317 1.
771 2282 863 2319 Petr.
886 2286 938 2319 2:
974 2284 1068 2319 Estis
1092 2299 1203 2320 sacer-

217 2334 353 2365 dotium
383 2339 559 2373 sanctum,
595 2340 632 2366 ut
658 2334 814 2368 offeratis
840 2332 970 2369 hostias
996 2337 1205 2381 spirituales,

216 2391 372 2428 acceptas
390 2383 462 2417 Deo
484 2395 545 2426 per
564 2382 678 2418 lesum
694 2383 887 2420 Christum.

319 2435 416 2467 Haec
434 2434 593 2468 definitio
610 2436 800 2479 diligenter
818 2439 967 2471 tenenda
987 2446 1047 2479 est,
1075 2447 1148 2474 tum
1167 2448 1205 2474 ut

217 2485 321 2517 finem
347 2486 522 2518 bonorum
546 2498 710 2530 operum,
745 2495 820 2522 tum
850 2496 888 2523 ut
913 2490 1119 2532 dignitatem
1146 2505 1204 2525 eo-

218 2548 298 2568 rum
325 2536 433 2578 magis
462 2536 713 2579 intelligamus.
765 2538 846 2572 Non
870 2540 914 2574 sit
942 2542 1041 2581 finis,
1068 2552 1106 2576 ut
1131 2556 1204 2576 me-

217 2593 361 2618 reantur
377 2587 620 2621 remissionem
638 2597 879 2633 peccatorum,
908 2599 940 2625 et
966 2593 1106 2627 deleant
1129 2594 1204 2636 glo-

217 2637 303 2669 riam
323 2637 481 2669 sacrificii
500 2635 641 2674 Christi.
695 2640 764 2674 Sed
783 2649 821 2675 ut
839 2651 975 2687 accepta
996 2645 1203 2678 reconcilia-

216 2689 309 2720 tione
348 2694 491 2732 propter
531 2689 636 2723 aliam
680 2691 858 2726 victimam
900 2697 1201 2741 praestantiorem,

817 109 942 144 PHlL.
971 108 1086 144 MEL.
1117 109 1325 146 SCRIPTA
1354 111 1651 149 EXEGETICA.

2151 116 2249 153 1420

1258 205 1378 242 postea
1399 199 1616 233 celebremus
1639 198 1774 240 Deum,
1800 211 1865 233 nos
1889 199 1983 244 ipsos
2007 202 2248 241 exuscitemus‚

1258 256 1298 283 ut
1323 250 1360 282 in
1377 250 1506 283 talibus
1523 251 1695 284 exercitiis
1711 250 1796 283 fides
1814 251 1926 284 luceat
1943 258 1977 285 et
1994 259 2141 294 crescat,
2162 254 2246 287 item

1259 300 1450 335 invitemus
1468 301 1556 334 alios
1574 301 1703 335 nostris
1719 300 1786 346 piis
1804 302 1972 346 exemplis
1988 309 2020 336 et
2037 303 2172 338 officiis.

1361 367 1499 402 Deinde
1516 381 1642 413 magna
1655 369 1809 413 dignitas
1830 377 1880 404 est
1897 370 2074 404 bonorum
2091 383 2251 415 operum,

1259 420 1370 454 tribui
1387 420 1435 453 eis
1454 433 1471 453 a
1490 419 1564 454 Deo
1585 419 1675 454 hanc
1692 432 1865 454 summam
1882 420 2037 460 laudem,
2067 423 2162 467 quod
2178 422 2251 456 sint

1259 483 1336 512 res,
1361 483 1424 515 per
1453 484 1539 516 quas
1563 471 1656 505 Deus
1680 478 1828 505 testatur
1852 482 1886 504 se
1912 469 2050 506 honore
2075 473 2186 514 affici,
2213 485 2249 506 se

1260 522 1418 565 agnosci,
1454 522 1522 555 sibi
1551 523 1661 556 tribui
1686 521 1857 556 honorem
1882 522 2090 557 divinitatis.
2149 523 2250 563 Item,

1261 574 1355 618 quod
1372 580 1490 606 noster
1511 574 1667 617 pontifex
1690 571 1853 608 Christus
1875 574 2028 618 perferat
2052 585 2090 607 ea
2115 575 2159 607 ad
2186 586 2251 619 pa-

1260 631 1366 662 trem,
1394 631 1433 657 ut
1455 624 1525 656 sint
1551 625 1640 657 odor
1664 631 1782 667 gratus
1806 624 1916 669 patri,
1950 625 2039 659 sicut
2062 625 2100 657 in
2118 624 2250 659 Genesi

1260 675 1391 708 dicitur
1412 687 1485 718 cap.
1510 674 1559 709 8.:
1605 672 1786 708 Odoratus
1815 682 1865 709 est
1892 674 2070 709 Dominus
2104 677 2250 710 odorem

1262 726 1462 765 suavitatis,
1480 726 1516 758 id
1535 732 1597 766 est,
1614 726 1757 773 recepit,
1776 727 1986 770 adprobavit
1996 724 2119 760 Nohae
2136 734 2168 760 et
2178 726 2251 761 Ec·

1261 777 1401 810 clesiam
1435 789 1523 822 quae
1556 778 1649 821 apud
1685 789 1766 810 eum
1801 777 1887 818 fuit,
1921 790 2011 822 quae
2036 778 2252 822 praedicavit

1262 827 1533 872 promissionem
1555 829 1670 860 datam
1696 827 1877 868 Patribus,
1911 835 1944 861 et
1966 828 2121 872 ingentia
2143 830 2250 862 bene-

1261 879 1337 913 ficia
1364 891 1427 923 per
1449 879 1563 923 ipsum
1588 880 1688 917 data,
1716 891 1776 923 per
1801 890 1890 924 quae
1915 887 2182 914 conservaretur
2207 881 2251 913 ad

1263 936 1418 974 posteros
1432 928 1601 964 Ecclesia.

1364 988 1485 1034 ltaque
1509 989 1637 1032 singuli
1663 989 1713 1033 pii
1738 1001 1874 1033 semper
1899 987 2030 1023 habent
2051 991 2121 1024 duo
2145 991 2252 1024 sacri-

1235 1057 1237 1061 *
1262 1040 1353 1073 ficia:
1390 1041 1539 1073 alterum
1562 1041 1736 1081 alienum,
1760 1040 1910 1073 alterum
1935 1041 2129 1086 proprium.
2171 1040 2252 1074 Pri-

1263 1104 1359 1123 mum
1376 1099 1425 1125 est
1444 1092 1691 1136 praecipuum,
1720 1091 1851 1125 scilicet
1869 1090 2002 1125 Christi
2024 1092 2250 1125 sacrificium:

1263 1143 1297 1175 id
1322 1142 1359 1175 fit
1376 1149 1536 1175 nostrum
1553 1143 1619 1175 fide
1637 1143 1866 1190 adplicatum.
1909 1142 2050 1186 Singuli
2070 1143 2164 1176 enim
2183 1151 2253 1177 sta-

1264 1200 1361 1226 tuere
1388 1194 1572 1232 debemus,
1602 1205 1667 1226 nos
1693 1200 1835 1238 propter
1857 1192 1989 1227 Filium
2007 1194 2072 1228 Dei
2090 1194 2198 1238 recipi
2216 1195 2253 1227 in

1264 1244 1428 1287 gratiam,
1463 1245 1621 1278 exaudiri
1646 1251 1679 1278 et
1710 1245 1848 1277 salvari.
1909 1244 1955 1278 Et
1979 1245 2014 1278 id
2043 1245 2252 1278 sacrificium

1264 1307 1401 1338 semper
1423 1296 1459 1328 in
1483 1296 1582 1328 omni
1609 1295 1832 1329 invocatione
1858 1295 1933 1329 Deo
1962 1296 2114 1340 proponi
2137 1297 2252 1334 debet,

1264 1358 1325 1390 per
1344 1346 1475 1379 Filium
1501 1345 1586 1387 Dei,
1614 1354 1782 1391 tanquam
1808 1347 2058 1385 mediatorem,
2086 1348 2254 1380 acceden-

1264 1398 1349 1430 dum
1374 1398 1417 1429 ad
1443 1397 1580 1436 Deum,
1607 1398 1697 1430 sicut
1711 1396 1816 1431 Rom.
1832 1397 1867 1430 5.
1895 1397 2041 1430 dicitur:
2072 1396 2253 1431 Iustificati

1264 1447 1331 1480 fide
1355 1459 1474 1490 pacem
1499 1445 1670 1481 habemus
1696 1459 1758 1491 per
1780 1447 1979 1481 Dominum
2008 1455 2169 1481 nostrum
2199 1448 2253 1481 le-

1265 1510 1340 1531 sum
1357 1495 1538 1531 Christum
1550 1526 1558 1538 ,
1587 1510 1647 1542 per
1663 1510 1767 1543 quem
1786 1505 1819 1531 et
1836 1510 2009 1531 accessum
2026 1496 2198 1532 habemus
2216 1500 2254 1532 in

1264 1549 1410 1591 gratiam
1437 1546 1546 1589 hanc,
1580 1550 1617 1581 in
1641 1561 1708 1594 qua
1733 1556 1865 1582 stamus
1888 1556 1920 1582 et
1948 1549 2153 1592 gloriamur.
2206 1549 2254 1584 Et

1264 1598 1422 1632 Ebraeos
1432 1601 1480 1635 4.:
1500 1599 1719 1633 Accedamus
1737 1600 1845 1642 igitur
1860 1612 1939 1633 cum
1955 1601 2080 1633 fiducia
2099 1601 2140 1633 ad
2154 1598 2253 1634 thro-

1264 1662 1349 1682 num
1374 1651 1524 1693 gratiae,
1559 1657 1596 1684 ut
1618 1651 1828 1694 accipiamus
1852 1651 2153 1693 misericordiam,
2187 1650 2251 1685 ha-

1264 1701 1386 1734 bentes
1407 1702 1512 1734 talem
1528 1702 1741 1746 pontificem.

1367 1760 1487 1803 Quare
1505 1759 1570 1795 hoc
1586 1762 1795 1795 sacrificium
1807 1789 1814 1802 ‚
1840 1763 1903 1795 etsi
1925 1770 1974 1796 est
1992 1762 2099 1796 unius
2117 1759 2253 1795 Christi

1264 1823 1350 1855 opus
1363 1839 1372 1852 ,
1400 1820 1518 1845 tamen
1535 1813 1603 1846 fide
1620 1819 1813 1847 statuamus
1837 1814 1940 1846 nobis
1957 1814 2102 1854 donari,
2130 1820 2162 1847 et
2178 1813 2254 1846 fieri

1264 1871 1443 1901 nostrum,
1473 1864 1561 1897 sicut
1580 1862 1741 1897 Christus
1759 1871 1877 1897 nostra
1901 1876 2002 1898 causa
2022 1866 2132 1898 factus
2150 1864 2253 1898 victi·

1262 1927 1318 1947 ma
1330 1942 1338 1953 ,
1352 1926 1424 1947 sese
1443 1927 1505 1958 pro
1523 1915 1626 1948 nobis
1644 1914 1773 1948 obtulit
1790 1915 1890 1959 patri.
1926 1914 2138 1960 Quanquam
2158 1915 2252 1947 enim

1265 1964 1371 1998 huius
1396 1966 1557 1998 sacrificii
1582 1966 1735 2009 dignitas.
1766 1973 1797 1999 et
1824 1966 1989 1999 meritum
2013 1965 2081 1998 soli
2107 1963 2251 1999 Christo

1262 2016 1494 2049 tribuendum
1519 2024 1590 2055 est,
1618 2024 1733 2050 tamen
1758 2017 1830 2050 eius
1855 2017 1989 2050 utilitas
2007 2017 2049 2049 ad
2068 2028 2132 2049 nos
2148 2017 2252 2053 redit,

1262 2074 1295 2100 et
1312 2068 1504 2100 donatione
1521 2079 1602 2100 vere
1622 2068 1658 2102 fit
1677 2074 1853 2106 nostrum,
1881 2068 1909 2099 si
1926 2075 2044 2101 tamen
2071 2067 2138 2101 fide
2163 2067 2253 2101 acci-

1261 2130 1388 2162 pimus.

1363 2177 1430 2211 Sed
1458 2175 1589 2211 habent
1614 2177 1664 2220 pii
1686 2184 1718 2211 et
1743 2177 1927 2221 proprium
1952 2177 2180 2216 sacrificium,
2213 2184 2252 2211 ut

1232 2237 1234 2246 ¹
1261 2229 1350 2267 dixi,
1380 2225 1658 2273 εὐχαρισῑικὸν,
1693 2229 1785 2272 quod
1820 2229 1963 2273 quidem
1996 2235 2071 2262 tum
2096 2229 2251 2273 primum

1261 2293 1341 2313 vere
1365 2286 1582 2324 praestatur,
1611 2287 1642 2312 et
1659 2278 1733 2313 Deo
1754 2279 1886 2323 placet,
1915 2287 2100 2324 postquam
2115 2276 2250 2313 Christi

1260 2331 1469 2364 sacrificium
1500 2331 1567 2363 fide
1599 2327 1932 2378 apprehenderunt,
1968 2337 2001 2363 et
2027 2336 2187 2364 statuunt
2217 2342 2252 2363 se

1232 2377 1233 2383 ¹
1261 2389 1416 2426 receptos
1441 2393 1511 2414 esse
1535 2394 1552 2413 a
1579 2381 1657 2414 Deo
1685 2388 1828 2425 propter
1855 2382 2034 2415 victimam
2060 2379 2252 2421 Christum,

1260 2442 1291 2467 et
1309 2433 1444 2477 placere
1462 2432 1565 2465 etiam
1591 2433 1688 2465 illam
1715 2433 1974 2473 obedientiam,
2001 2439 2144 2476 propter
2158 2432 2253 2475 sseun-

1259 2486 1338 2517 dem
1358 2484 1588 2516 mediatorem
1607 2491 1639 2517 et
1656 2484 1857 2527 pontificem
1876 2484 2160 2528 interpellantem
2188 2494 2251 2526 pro

1258 2536 1372 2573 nobis,

1361 2592 1455 2627 Haec
1487 2595 1618 2639 species
1654 2594 1811 2628 sacrificii
1849 2594 2097 2638 complectitur
2133 2594 2251 2626 omnia

1259 2657 1364 2689 opera
1389 2652 1421 2678 et
1447 2646 1580 2685 cultus,
1620 2646 1680 2690 qui
1705 2643 1838 2679 habent
1862 2646 2068 2678 mandatum
2094 2642 2181 2683 Dei,
2219 2652 2252 2677 et

1260 2697 1350 2731 fiunt
1367 2708 1384 2729 a
1406 2697 1472 2740 piis
1490 2709 1547 2731 seu
1573 2697 1796 2731 credentibus
1808 2725 1816 2737 ,
1832 2694 1898 2729 hoc
1914 2695 1999 2736 fine,
2025 2702 2062 2728 ut
2079 2702 2251 2730 testentur
