2379 2948
28 186 37 235 ti

87 91 136 129 57
816 89 862 129 11.

189 177 352 213 Secunda
369 178 516 221 utilitas,
543 177 638 224 quod
656 176 800 221 spiritus
814 175 923 219 geniti
940 176 978 209 in
995 187 1075 210 cor-

87 230 148 270 de,
175 241 254 263 cum
273 237 392 274 postea
413 230 547 264 cerebri
564 229 598 261 vi
616 233 876 272 temperantur,
903 227 992 261 fiunt
1016 226 1073 259 in-

87 286 282 314 strumenta
299 281 458 325 proxima
473 279 653 313 actionum
669 278 707 310 in
724 278 868 312 cerebro
886 284 918 312 et
936 278 974 311 in
990 289 1072 311 ner-

34 335 35 338 ’
86 331 159 373 vis,
193 337 226 364 et
256 331 349 365 cient
382 330 646 374 cogitationem,
688 340 830 363 sensum
857 336 890 363 et
922 335 1072 363 motum.

85 380 176 415 Cum
203 389 320 417 autem
342 381 412 414 vita
437 381 511 413 sine
530 379 768 423 cogitatione,
795 391 899 414 sensu
924 386 957 414 et
973 385 1072 413 motu

85 432 212 466 similis
227 431 334 466 morti
350 437 455 471 esset,
486 430 636 474 intelligi
662 437 792 474 potest,
819 442 982 475 magnam
1000 441 1072 463 esse

84 483 201 517 cordis
215 483 422 522 utilitatem,
443 493 523 514 cum
540 481 620 515 sons
637 481 680 514 sit
696 482 903 526 spirituum,
927 481 989 527 qui
1008 479 1072 514 ha—

82 545 162 567 rum
192 543 408 571 summarum
443 531 624 566 actionum
663 532 824 576 proxima
854 532 1071 567 instrumen-

82 591 116 618 ta
140 590 233 619 sunt.

183 642 306 677 Tertia
331 642 468 677 utilitas
494 650 563 684 est,
589 644 685 689 quod
711 656 771 677 cor
794 656 866 677 non
884 643 997 677 solum
1018 654 1071 676 se-

81 695 141 728 des
156 694 206 728 est
220 693 434 735 adfectuum,
459 695 519 727 sed
537 695 616 727 fons
633 695 736 728 etiam
751 701 783 728 et
800 694 942 739 propria
959 705 1071 727 causa.

82 744 181 779 Talis
201 751 252 779 est
273 750 388 779 autem
407 751 533 779 natura
552 742 728 786 hominis,
754 752 793 778 ut
812 745 882 779 vita
909 745 953 778 sit
970 744 1070 777 laeti-

80 796 132 829 cia
149 796 333 841 quaedam.
376 794 562 829 Moesticia
581 808 663 829 vero
683 796 886 831 destructio.
938 795 985 830 Ut
1004 795 1069 838 igi-

79 852 138 881 tur
155 847 246 880 vitae
263 845 405 879 initium
423 858 484 879 cor
500 853 571 888 est,
597 846 644 880 ita
661 848 759 880 sedes
774 853 823 880 est
840 846 983 890 propria
999 846 1070 878 lae-

77 898 181 931 ticiae
200 904 234 932 et
248 896 459 932 moesticiae.
513 896 566 930 Ac
580 897 674 931 Deus
699 895 785 931 haec
803 897 967 930 mirando
985 909 1070 930 con-

78 949 176 997 silio,
202 955 242 982 ut
258 954 376 992 postea
395 948 529 988 dicam,
557 945 624 981 hoc
651 949 757 982 modo
782 948 961 989 condidit,
988 948 1068 993 quia

77 1000 154 1034 vult
169 999 204 1032 iu
223 999 328 1033 corde
351 999 475 1032 sentiri
497 999 667 1043 gaudium
699 999 812 1033 bonae
835 999 1069 1033 conscientiae

76 1057 110 1085 et
124 1062 255 1095 poenas
270 1049 451 1084 scelerum.

178 1108 393 1155 Quanquam
412 1115 528 1143 autem
546 1121 606 1143 cor
630 1110 737 1144 sentit
756 1121 879 1143 suaves
898 1116 931 1143 et
946 1109 1068 1142 insua-

75 1172 136 1194 ves
152 1160 327 1194 motiones
352 1172 415 1204 per
440 1172 587 1202 nervos,
614 1161 675 1206 qui
698 1173 717 1195 a
734 1168 828 1195 sexto
847 1161 923 1205 pari
940 1172 1067 1193 nervo-

76 1223 155 1245 rum
174 1211 308 1244 cerebri
327 1211 364 1243 in
385 1223 444 1244 cor
460 1211 601 1245 deducti
620 1219 716 1253 sunt,
744 1219 860 1245 tamen
881 1223 940 1244 sua
960 1223 1067 1256 quae-

76 1263 157 1295 dam
173 1268 223 1294 est
238 1268 363 1295 natura
380 1262 514 1302 cordis,
542 1274 610 1307 qua
635 1263 702 1296 ciet
726 1263 902 1303 adfectus,
930 1261 1066 1295 laeticia

74 1312 228 1351 fruitur,
250 1313 287 1344 et
305 1312 520 1344 contabescit
535 1313 673 1348 dolore.

176 1361 269 1396 Sunt
286 1367 403 1394 autem
420 1358 505 1393 haec
523 1360 560 1393 in
584 1360 656 1394 vita
678 1363 882 1405 praecipua:
924 1363 1067 1401 Sensus,

74 1412 270 1457 Cogitatio,
297 1410 441 1452 Motus,
475 1411 599 1444 laetari
624 1411 731 1444 rebus
759 1412 1066 1453 convenientibus,

73 1472 135 1500 aut
150 1464 270 1497 dolere
287 1462 454 1498 adversis,
507 1461 647 1495 Horum
674 1462 799 1496 ultima
819 1463 960 1507 propria
987 1475 1066 1496 cor-

73 1518 130 1551 dis
145 1526 217 1549 esse
233 1514 397 1548 fatemur.
451 1511 575 1558 Itaque
591 1514 633 1546 ad
651 1510 747 1547 hunc
764 1525 866 1546 usum
886 1513 1064 1558 principa-

72 1568 154 1601 liter
169 1565 353 1600 conditum
377 1570 428 1598 est
452 1576 528 1605 cor,
554 1570 593 1598 ut
611 1564 833 1597 domicilium
850 1562 917 1599 Dei
941 1565 1003 1604 sit,
1031 1571 1066 1599 et

73 1618 196 1652 divina
214 1615 351 1649 laeticia
369 1612 727 1659 refertumperpetuo
746 1614 850 1648 vivat.

173 1667 276 1701 Hanc
301 1666 485 1699 mirificam
518 1666 635 1710 operis
660 1666 886 1706 varietatem,
921 1673 955 1699 et
979 1663 1065 1699 haec

72 1717 141 1754 Dei
163 1717 330 1755 consilia,
357 1716 444 1750 foris
469 1723 503 1751 et
528 1728 590 1761 per
606 1718 751 1750 densam
768 1717 953 1760 caliginem
970 1717 1064 1760 aspi-

72 1770 221 1807 cientes,
249 1767 548 1811 obstupescimus,
575 1779 614 1801 ac
629 1768 804 1808 dolemus,
832 1779 896 1800 nos
913 1780 984 1800 non
1005 1780 1064 1812 pc-

71 1821 169 1855 nitus
185 1819 414 1862 introspicere
430 1824 605 1858 naturam,
632 1825 666 1852 et
683 1829 803 1851 causas
814 1819 934 1851 videre
953 1830 1063 1862 posse.

71 1871 141 1907 Sed
159 1878 244 1905 tunc
264 1870 427 1911 demum,
454 1881 533 1902 cum
557 1869 693 1902 idaeam
716 1875 863 1903 naturae
888 1870 925 1901 in
947 1877 1063 1904 mente

71 1921 193 1957 divina
211 1931 412 1961 cernemus,
439 1926 547 1954 totam
567 1917 659 1954 hanc
675 1917 876 1954 machinam
894 1919 990 1954 velut
1007 1921 1063 1953 in-

70 1980 127 2008 tus
171 1972 397 2017 aspiciemus,
439 1977 472 2004 et
509 1969 646 2015 opificis
683 1971 830 2005 consilia
872 1977 905 2005 et
942 1982 1063 2005 causas

71 2023 233 2058 omnium
251 2034 398 2067 operum
422 2021 628 2055 divinorum
655 2022 904 2066 intelligemus.
959 2021 1062 2056 Nunc

72 2072 239 2108 inchoata
271 2071 336 2107 hac
364 2073 648 2106 consideratione
683 2072 798 2106 Deum
831 2071 1060 2107 architectum

70 2136 318 2173 agnoscamus,
345 2131 379 2158 et
398 2124 495 2157 illius
513 2124 686 2169 perfectae
714 2124 906 2169 sapientiae
923 2125 1061 2159 deside-

68 2176 123 2210 rio
147 2177 391 2210 accendamur.

360 2284 421 2318 De
445 2281 606 2318 motibus
632 2281 766 2318 cordis.

164 2356 378 2391 Brevissime
396 2358 539 2393 recitavi
557 2358 738 2400 utilitates,
757 2369 906 2404 quarum
922 2357 1060 2401 magni-

70 2410 157 2445 tudo
190 2414 332 2452 superat
369 2409 529 2442 omnium
563 2407 751 2443 hominum
784 2409 992 2453 sapientiam
1027 2416 1059 2443 et

70 2460 321 2507 eloquentiam.
382 2458 496 2492 Pauca
526 2461 630 2494 etiam
664 2462 708 2495 de
737 2460 893 2495 motibus
924 2462 1059 2494 adden-

69 2513 114 2546 da
135 2517 230 2547 sunt.

171 2560 255 2596 Duo
279 2567 361 2595 sunt
384 2566 500 2593 autem
520 2570 647 2603 genera
671 2567 854 2601 motuum,
878 2562 938 2607 qui
958 2561 1057 2595 cordi

69 2613 262 2648 secundum
283 2619 446 2647 naturam
462 2617 679 2655 competunt,
706 2624 766 2646 seu
786 2613 942 2657 quisunt
958 2612 1057 2658 ἐνερ-

226 2662 355 2698 Pulsus
378 2661 563 2704 videlicet,
589 2667 622 2696 et
637 2662 818 2699 Adfectus,
871 2663 961 2698 Nam
985 2670 1055 2698 tre-

67 2661 175 2711 γείαι.

914 88 1066 126 LIBER
1097 88 1165 125 DE
1200 90 1375 131 ANIMA.

2064 98 2112 133 58

1126 187 1204 209 mor
1237 189 1310 210 non
1335 185 1385 212 est
1413 178 1595 228 ἐνέργεια,
1623 186 1656 214 et
1679 192 1824 224 prorsus
1847 182 2024 217 violentus
2052 191 2113 224 est,

1125 226 1287 261 incussus
1322 228 1483 270 aliunde,
1525 244 1589 266 nec
1625 232 1814 267 adiuvatur
1852 233 1969 267 cordis
2010 235 2114 268 incli-

1124 277 1282 312 natione.

1224 335 1289 371 Est
1312 344 1430 372 autem
1456 337 1584 373 Pulsus
1611 349 1728 376 motus
1758 343 1892 385 cordis,
1920 356 1990 390 quo
2016 345 2113 378 dila—'

1124 393 1246 421 tantur
1261 395 1293 421 et
1309 386 1569 423 contrahuntur
1585 393 1772 426 ventriculi
1789 395 1923 436 cordis,
1949 402 1988 429 ut
2005 402 2113 429 attra-

1124 435 1207 471 here
1225 446 1340 473 ae‘rem
1358 446 1390 472 et
1409 437 1571 473 exhalare
1587 442 1716 483 possit,
1744 444 1826 477 item
1851 452 1890 479 ut
1907 453 2048 488 generet
2073 457 2114 479 ac

1124 490 1338 524 transmittat
1372 490 1528 534 spiritus.
1589 490 1678 524 Nam
1716 495 1814 526 cordi
1848 496 2113 540 refrigeratione

1125 551 1214 584 opus
1238 547 1298 574 est.
1349 539 1396 574 Et
1419 541 1506 575 mira
1536 542 1714 585 copulatio
1741 550 1791 576 est
1817 546 1905 578 aeris
1935 559 2014 580 cum
2047 560 2112 580 no-

1124 591 1204 625 stris
1228 592 1448 636 corporibus.
1503 591 1549 626 Ut
1574 593 1668 626 enim
1695 594 1874 627 nutrimur
1898 598 2001 630 rebus
2020 598 2113 631 natis

1123 654 1163 675 ex
1181 649 1334 687 quatuor
1356 643 1557 682 elementis,
1586 644 1669 688 quia
1694 656 1734 676 ex
1761 642 1816 677 his
1838 652 1871 678 et
1897 654 2014 680 nostra
2033 661 2112 681 cor-

1123 705 1209 736 pora
1224 694 1374 727 conflata
1393 701 1487 735 sunt,
1511 694 1559 727 ita
1579 706 1658 728 cum
1676 694 1713 726 in
1730 696 1810 728 a'e're
1825 707 2016 737 versemur,
2034 698 2114 740 plu-

1124 744 1252 777 rimum
1275 742 1460 778 haurimus
1483 745 1592 786 aeris,
1621 751 1654 778 et
1673 743 1730 778 hie
1751 753 1922 790 temperat
1937 747 2115 782 lucidissi—

1124 806 1214 827 mam
1232 795 1409 828 ssammam
1422 822 1430 836 ‚
1459 808 1548 841 quae
1565 803 1614 830 est
1632 796 1778 840 spiritus
1794 797 1924 831 vitalis.

1225 853 1410 888 Praeterea
1437 867 1502 888 nec
1534 856 1703 901 percoqui
1735 856 1880 901 spiritus
1908 857 1983 890 sine
2015 864 2115 895 motu

1123 911 1253 948 potest,
1282 918 1344 939 nec
1362 906 1397 938 in
1417 907 1562 940 arterias
1580 907 1719 951 expelli.

1226 971 1282 1006 Fit
1301 980 1415 1006 autem
1433 971 1518 1006 haec
1537 973 1696 1007 dilatatio
1714 981 1747 1007 et
1764 976 1954 1008 contractio
1964 972 2114 1010 διεστο-

1123 1021 1162 1067 λι]
1186 1021 1247 1057 καὶ
1268 1021 1446 1069 συστολή,
1476 1035 1538 1058 sua
1563 1025 1715 1069 quadam
1742 1025 1857 1057 cordis
1881 1034 2025 1067 natura,
2051 1039 2114 1060 nec

1122 1075 1255 1117 regitur
1278 1087 1294 1107 a
1320 1076 1464 1107 cerebro
1488 1082 1548 1109 aut
1574 1075 1703 1108 nervis.
1758 1075 1826 1109 Sed
1850 1077 2013 1121 propriae
2032 1084 2114 1111 sunt

1122 1125 1238 1157 cordis
1264 1125 1390 1165 fibrae,
1427 1123 1532 1158 huius
1555 1133 1672 1159 motus
1693 1126 1866 1161 rectrices,
1920 1127 1991 1160 7Nec
2010 1128 2112 1172 plura

1121 1173 1178 1208 hic
1198 1176 1325 1208 addam
1344 1176 1386 1208 de
1406 1176 1636 1216 differentiis,
1664 1183 1803 1210 tantum
1822 1177 2028 1210 brevissime
2048 1179 2113 1211 ad-

1121 1238 1249 1259 moneo
1267 1226 1443 1267 iuniores,
1468 1234 1506 1259 ut
1531 1227 1703 1269 cogitent,
1730 1228 1947 1261 necessitatis
1972 1240 2032 1262 seu
2058 1228 2113 1261 xi-

1120 1284 1174 1310 tae
1200 1288 1320 1318 causa,
1355 1278 1398 1309 ad
1424 1274 1488 1309 hos
1521 1289 1605 1311 usus
1628 1278 1769 1322 pulsum
1801 1278 2001 1312 institutum
2028 1290 2113 1316 esse,

1121 1327 1203 1372 quia
1222 1324 1289 1360 hoc
1308 1334 1407 1361 motu
1426 1325 1616 1361 attrahitur
1637 1335 1669 1359 et
1692 1328 1878 1370 expellitur
1894 1330 1972 1369 ae‘r,
2001 1337 2033 1364 et
2050 1331 2113 1364 ad-

1120 1378 1262 1409 iuvatur
1282 1378 1460 1419 generatio
1479 1385 1511 1409 et
1531 1376 1750 1409 transmissio
1773 1378 1976 1421 spirituum.

1224 1435 1323 1468 Alter
1334 1442 1450 1469 motus
1470 1436 1507 1468 in
1521 1436 1627 1468 corde
1638 1435 2034 1480 nominaturAdfectus‚
2050 1439 2111 1484 qui

1119 1486 1370 1530 cogitationem
1388 1489 1557 1532 sequitur,
1583 1493 1615 1520 et
1633 1487 1836 1520 accenditur
1853 1488 2013 1533 noticiis,
2041 1497 2112 1523 est-

1119 1549 1187 1582 que
1205 1537 1313 1571 totius
1332 1538 1449 1570 cordis
1466 1537 1520 1569 vel
1539 1537 1719 1576 dilatatio,
1746 1544 1784 1571 ut
1802 1538 1839 1571 in
1857 1538 2012 1582 laeticia,
2042 1552 2111 1585 qua

1118 1600 1179 1621 cor
1204 1588 1310 1622 sentit
1332 1588 1549 1633 voluptatem
1575 1600 1636 1621 seu
1667 1589 1893 1631 suavitatem,
1927 1591 1983 1624 vel
2014 1602 2111 1624 com—

1118 1639 1274 1683 pressio,
1301 1639 1396 1673 utin
1420 1639 1617 1680 moesticia,
1644 1651 1712 1684 qua
1736 1652 1797 1672 cor
1814 1652 1885 1673 non
1910 1641 2014 1675 sentit
2030 1654 2111 1675 sua-

1118 1690 1281 1731 vitatem,
1313 1691 1372 1723 sed
1407 1691 1586 1731 dolorem,
1621 1696 1654 1723 et
1679 1691 1812 1724 torrefit
1843 1703 1881 1724 ac
1903 1692 2110 1726 destruitur.

1117 1738 1193 1773 Etsi
1218 1747 1333 1774 autem
1358 1742 1402 1774 ad
1426 1739 1521 1774 hunc
1545 1752 1686 1775 sensum
1704 1741 1895 1785 voluptatis
1919 1749 1952 1776 et
1973 1744 2109 1776 doloris

1117 1792 1218 1824 nervi
1242 1799 1478 1829 concurrunt,
1514 1798 1633 1825 tamen
1663 1798 1787 1825 natura
1819 1792 1934 1826 cordis
1964 1794 2108 1840 proprie

1116 1843 1318 1876 adfectuum
1335 1854 1436 1876 causa
1455 1848 1516 1876 est.

1217 1900 1333 1934 Multa
1352 1907 1434 1934 sunt
1449 1907 1565 1934 autem
1583 1899 1751 1935 miracula
1769 1900 1807 1933 in
1823 1898 1888 1935 hac
1904 1913 1952 1937 re.
2005 1903 2107 1946 Quo-

1115 1952 1223 1985 modo
1255 1952 1349 1984 enim
1379 1951 1477 1984 feriri
1508 1951 1613 1983 corda
1641 1951 1782 1985 noticiis
1812 1953 1981 1995 possunt?
2034 1952 2108 1987 Aut

1116 2014 1206 2048 quae
1222 2002 1274 2035 vis
1291 2009 1341 2036 est
1360 2002 1493 2035 cerebri
1513 2008 1545 2034 et
1561 2001 1751 2045 spirituum
1770 2002 1974 2038 ferientium
1989 2004 2108 2044 corda,

1115 2059 1153 2087 ut
1171 2059 1242 2087 tam
1260 2053 1347 2086 varii
1366 2060 1483 2086 motus
1501 2052 1682 2086 cieantur?
1713 2052 1782 2086 Hic
1796 2055 1982 2088 ostendere
1999 2054 2105 2087 aliam

1115 2116 1253 2137 causam
1284 2116 1357 2137 non
1383 2115 1586 2147 possumus,
1620 2103 1689 2136 nisi
1717 2103 1799 2149 qnia
1824 2104 1873 2138 sic
1894 2105 2034 2138 condita
2053 2112 2105 2137 est

1115 2162 1258 2193 natura,
1285 2161 1325 2189 ut
1347 2155 1426 2189 talis
1447 2155 1492 2188 sit
1513 2154 1650 2187 cerebri
1673 2161 1707 2188 et
1721 2155 1838 2188 cordis
1860 2166 2050 2189 consensus
2065 2166 2105 2188 ac

1114 2203 1345 2251 συμπάθεια.
1399 2205 1524 2239 Voluit
1546 2204 1643 2239 Deus
1666 2206 1783 2239 lucere
1806 2217 1889 2238 suae
1911 2205 2104 2249 sapientiae

1114 2258 1232 2291 radios
1250 2258 1287 2290 in
1305 2258 1450 2291 cerebro
1467 2263 1601 2291 nostro.
1655 2255 1745 2289 Cum
1765 2254 1820 2289 his
1837 2263 1869 2289 et
1891 2256 1996 2290 corda
2016 2268 2104 2289 con-

1112 2319 1236 2351 gruere
1253 2309 1384 2347 voluit,
1412 2308 1579 2341 laetantia
1594 2307 1773 2349 agnitione
1789 2305 1872 2348 Dei,
1901 2313 1933 2340 et
1948 2307 2022 2350 ipse
2038 2308 2103 2340 ad-

1113 2371 1185 2393 esse
1202 2359 1239 2392 in
1257 2360 1425 2393 cordibus
1444 2358 1593 2398 nostris,
1621 2364 1788 2402 tanquam
1806 2357 1842 2389 in
1861 2358 1941 2391 sede
1957 2369 2018 2391 sua
2038 2370 2102 2391 vo-

1112 2410 1190 2453 luit,
1220 2417 1252 2445 et
1268 2410 1481 2455 perfundere
1500 2420 1564 2442 nos
1581 2419 1641 2441 sua
1659 2408 1736 2440 luce
1754 2414 1786 2441 et
1802 2407 1951 2444 laeticia.
2003 2407 2102 2442 Haec

1111 2461 1230 2495 minus
1255 2462 1504 2504 intelligimus,
1534 2458 1615 2503 quia
1642 2458 1756 2501 prima
1782 2459 1917 2492 cerebri
1935 2465 1969 2493 et
1984 2460 2102 2493 cordis

1112 2509 1316 2554 harmonia,
1356 2523 1460 2557 quam
1500 2508 1596 2543 Deus
1637 2509 1816 2549 condidit,
1856 2511 1995 2544 turbata
2037 2518 2099 2545 est.

1111 2562 1214 2597 Nunc
1230 2563 1338 2607 igitur
1354 2563 1402 2596 ita
1418 2561 1610 2604 disputant,
1638 2560 1794 2593 adfectus
1812 2561 2020 2595 comitantes
2033 2573 2101 2595 no-

1111 2614 1251 2656 ticiam,
1281 2620 1318 2647 ut
1354 2613 1462 2651 iram,
1496 2610 1659 2643 incendia
1695 2623 1874 2653 amorum,
1906 2612 2100 2650 laeticiam,

1109 2676 1226 2709 spem,
1260 2670 1390 2705 metus,
1419 2659 1486 2695 hoc
1511 2662 1618 2695 modo
1642 2662 1805 2704 excitari,
1833 2663 1914 2708 quia
1939 2675 1999 2697 cor
2015 2662 2099 2695 seri-
