2379 2948
130 109 204 144 509
717 108 781 146 ΙΙΙ.

128 194 294 229 omittere
331 201 366 229 et
399 195 610 239 abrumpere
642 193 836 232 actionem,
869 199 909 226 ut
932 193 1031 226 faber
1052 193 1123 235 agit

127 246 264 286 volens,
286 251 319 279 et
337 252 450 290 potest
466 258 577 290 agere,
594 250 707 289 potest
723 244 827 277 etiam
844 254 989 284 cessare,
1008 255 1122 288 quan-

126 308 234 342 quam
254 296 400 330 materia
419 304 452 331 et
468 297 701 330 instrumenta
718 294 762 327 ad
780 305 905 327 manus
920 301 1014 327 sunt.
1067 293 1121 328 Ac

126 347 323 391 plurimum
353 347 458 380 refert
491 347 527 378 in
561 345 682 378 multis
714 344 869 387 negociis
896 345 1120 378 considerare

125 395 195 431 hoc
213 397 420 431 discrimen:
468 394 578 429 Oculi
592 402 702 439 agunt
721 395 941 437 naturaliter,
968 407 1119 440 quomo-

126 449 174 481 do
192 449 301 492 igitur
322 447 395 490 regi
410 446 581 490 possunt?
631 445 701 479 Per
723 446 994 487 locomofivam,
1029 459 1119 491 quae

126 500 346 543 obtemperat
360 497 547 530 voluntati.
600 496 810 531 Aristoteles
829 497 866 529 in
885 504 1008 530 octavo
1020 496 1117 544 Phy-

124 549 295 589 sicorum,
329 548 422 580 inter
445 554 654 591 argumenta
676 549 719 582 de
750 548 877 582 mundi
901 549 1118 590 aeternitate,

123 598 191 634 hoc
207 610 347 645 quoque
361 598 480 632 recitat
495 612 501 630 :

225 649 523 683 perfectissimum
539 660 646 693 agens
663 649 811 682 minime
827 656 877 683 est
895 649 1065 684 ociosum.

225 700 322 733 Deus
338 706 389 733 est
406 699 700 743 perfectissimum
716 712 832 743 agens.

223 749 319 793 Ergo
336 750 374 782 in
390 751 525 784 mundo
543 751 587 784 ab
602 757 745 784 aeterno
763 751 899 784 exeruit
920 762 1019 784 suam
1038 752 1114 784 esfi-

290 801 433 834 caciam.

223 851 343 886 Maior
358 863 439 884 vera
456 857 506 885 est
523 852 566 885 de
585 858 708 896 agente
727 852 893 887 naturali.

120 915 213 937 cesse
237 910 288 936 est
310 914 428 935 veram
462 914 533 935 esse
557 903 599 935 de
625 909 747 946 agente
773 904 987 938 voluntario.

947 852 1028 885 Non
1051 865 1113 885 ne-

1041 903 1113 936 Nec

118 962 238 988 tamen
264 953 371 987 fuisse
393 953 589 998 aliquando
614 951 730 986 Deum
757 954 913 987 ociosum
942 955 1113 997 imagine-
1138 978 1140 996 4

265 1003 412 1047 Semper
428 1004 523 1036 enim
543 1004 798 1048 sapientissima
823 1005 1001 1050 colloquia
1021 1013 1113 1045 sunt,
1138 998 1139 1050 J
1164 1003 1270 1034 modo
1289 1014 1323 1035 se
1347 1001 1501 1045 habens,
1528 1016 1665 1047 semper
1689 1006 1782 1038 idem
1809 1014 1933 1040 natura
1959 1009 2080 1044 efficit:
2114 1010 2157 1045 τὸ

119 1017 211 1040 mur.

119 1063 152 1089 et
172 1056 316 1089 suerunt
344 1061 377 1088 et
400 1062 523 1095 erunt,
552 1056 685 1089 aeterni
707 1054 838 1096 Patris,
866 1055 950 1088 Filii
974 1063 1006 1089 et
1030 1056 1112 1100 Spi-

118 1107 207 1140 ritus
226 1106 347 1138 sancti.

221 1156 403 1189 Difl'erunt
428 1162 544 1189 autem
569 1156 758 1200 tripliciter
782 1167 905 1189 causae
931 1158 1111 1191 naturales
1136 1185 1137 1194 ,

118 1215 150 1242 et
171 1207 405 1241 voluntariae.

220 1257 396 1297 Primum,
412 1256 494 1301 quia
512 1257 655 1291 effectus
671 1268 793 1290 causae
802 1259 974 1291 naturalis
985 1259 1110 1292 oriun-
1136 1261 1137 1270 ¹

119 1317 178 1342 tur
201 1320 219 1341 a
242 1307 387 1340 materia
414 1314 446 1339 et
471 1307 603 1347 forma,
638 1319 699 1341 seu
726 1315 1023 1351 temperamento,
1049 1321 1110 1342 seu

119 1358 368 1404 qualitatibus,
398 1368 487 1401 quae
507 1356 656 1389 sormam
674 1358 941 1391 substantialem
968 1360 1110 1403 proprie

116 1409 351 1446 comitantur,
378 1414 417 1439 ut
433 1406 612 1440 calefactio
632 1414 681 1441 est
699 1408 742 1440 ab
760 1408 851 1450 igni,
880 1420 940 1441 seu
958 1421 976 1442 a
993 1410 1109 1443 calore

117 1460 220 1503 ignis.
260 1457 448 1491 Inclinatio
465 1457 501 1489 in
519 1465 679 1500 magnete
701 1465 751 1492 est
779 1471 797 1491 a
820 1465 1108 1503 temperamento

116 1511 187 1544 Sed
204 1510 347 1543 effectus
365 1519 486 1541 causae
504 1508 724 1542 voluntariae
753 1509 920 1543 oriuntur
939 1522 957 1543 a
983 1518 1109 1554 poten·

116 1562 163 1594 tia
182 1560 356 1603 cogitante
376 1565 410 1592 et
428 1559 551 1594 libera.

219 1611 383 1645 Secundo
403 1609 573 1643 differunt
595 1610 792 1650 naturales,
820 1623 897 1644 cum
918 1619 999 1646 sunt
1018 1613 1107 1646 inte-

117 1674 214 1705 grae,
241 1669 274 1695 et
290 1661 467 1693 obiectum
484 1662 665 1694 admotum
685 1668 755 1701 est,
779 1674 851 1695 non
871 1670 1019 1705 possunt
1035 1676 1107 1696 non
1133 1670 1134 1677 ¹

116 1725 235 1756 agere:
272 1718 311 1745 ut
338 1711 428 1754 ignis
453 1723 526 1743 non
562 1718 676 1754 potest
701 1724 775 1744 non
799 1724 901 1745 urere
930 1715 1106 1747 admotam

116 1763 311 1796 materiam.
359 1760 514 1794 Econtra
528 1761 748 1794 voluntariae
767 1770 849 1795 sunt
868 1763 1011 1802 liberae,
1041 1762 1107 1797 hoc

117 1822 177 1854 est,
197 1825 298 1857 agere
315 1818 474 1856 possunt,
502 1818 650 1844 autnon
666 1823 779 1854 agere,
805 1819 844 1846 ut
858 1813 956 1846 saber
971 1814 1107 1847 etiamsi

114 1864 261 1898 materia
290 1864 407 1903 adest,
442 1869 559 1895 tamen
589 1869 702 1906 potest
726 1863 916 1904 fabricare,
950 1871 1010 1898 aut
1034 1877 1107 1898 non

113 1915 298 1949 fabricare.

219 1965 342 1999 Tertio
365 1964 554 2001 differunt,
583 1964 663 2009 quia
687 1971 813 1998 natura
833 1965 903 2008 agit
926 1978 997 1999 uuo
1017 1978 1106 2012 quo-

116 2017 197 2049 dam
215 2023 309 2050 certo
325 2016 450 2048 modo:
484 2022 523 2048 ut
540 2015 631 2057 ignis
649 2026 785 2060 semper
811 2017 968 2050 calefacit
997 2024 1029 2050 et
1046 2018 1107 2049 de-

117 2068 241 2107 siccat,
266 2064 387 2107 -homo
414 2077 551 2108 semper
580 2066 692 2109 gignit
719 2064 919 2107 hominem,
953 2068 1016 2100 bos
1042 2068 1105 2100 bo-

115 2129 205 2150 vem.
248 2116 289 2150 In
307 2115 397 2150 hanc
416 2117 626 2150 sententiam
646 2117 763 2162 inquit
779 2117 1006 2151 Aristotcles:
1036 2117 1107 2151 Na-

116 2175 193 2201 tura
227 2175 277 2201 est
307 2167 539 2201 determinata
573 2168 615 2200 ad
643 2180 767 2201 unum.
820 2168 882 2202 Sol
914 2169 978 2203 etsi
1003 2170 1106 2203 durat

116 2220 250 2258 lutum,
281 2224 314 2251 et
343 2218 523 2263 liquefacit
550 2229 686 2259 ceram,
720 2225 791 2252 tam
819 2231 890 2252 uno
924 2227 956 2253 et
982 2221 1103 2252 eodem

115 2270 222 2302 modo
240 2268 278 2300 in
293 2275 442 2313 utraque
455 2269 600 2302 materia
616 2269 699 2312 agit,
716 2269 798 2315 quia
817 2282 897 2304 cum
916 2271 1106 2311 calefaciat,

115 2319 278 2359 resolvit,
305 2325 341 2352 et
356 2316 602 2353 humiditatem
619 2318 781 2354 extrahit.
836 2320 875 2353 ln
895 2321 969 2354 luto
989 2321 1106 2364 igitur,

115 2382 196 2404 cum
219 2370 262 2403 sit
285 2375 467 2406 terrestre,
492 2381 556 2402 nec
577 2370 647 2403 sint
672 2378 788 2415 partes
811 2371 1004 2414 glutinatae
1024 2384 1107 2415 pro-

114 2421 192 2465 pria
218 2427 252 2453 et
275 2419 428 2453 naturali
453 2416 684 2460 humiditate,
713 2428 832 2465 postea
860 2429 974 2466 partes
997 2423 1106 2456 siccae

115 2472 273 2516 reliquae
299 2469 497 2503 consistunt
520 2470 645 2503 amissa
670 2469 891 2507 humiditate.
934 2472 1021 2507 Cera
1043 2485 1107 2506 au-

117 2528 186 2555 tem
210 2521 383 2564 glutinata
405 2527 455 2554 est
473 2521 574 2553 aerea
590 2517 811 2556 humiditate.
867 2522 951 2557 Ideo
971 2536 1050 2557 cum
1071 2524 1108 2557 fit

117 2572 304 2612 resolutio,
340 2572 496 2616 primum
529 2570 679 2611 diffluit,
713 2579 830 2614 postea
865 2574 895 2606 si
929 2573 1108 2608 calefactio

117 2634 190 2656 esse
207 2623 341 2661 maior,
368 2623 465 2656 fieret
481 2620 664 2664 dissipatio
681 2622 835 2666 partIum
853 2624 891 2657 in
907 2626 1029 2658 ae'reos
1043 2622 1105 2658 ha-

118 2673 202 2707 litus
230 2680 263 2706 et
294 2673 460 2717 exiguum
481 2680 606 2706 terrae.

833 104 992 142 INITlA
1018 103 1312 142 DOCTRINAE
1338 107 1591 146 PHYSICAE.

1139 917 1141 932 v,
1167 900 1298 934 desinit
1320 899 1472 937 trahere.

2092 119 2167 153 310

1276 190 1345 226 Hic
1359 199 1476 228 tamen
1489 196 1670 231 sciendum
1680 203 1742 239 est,
1761 210 1835 233 non
1850 200 1919 234 dici
1930 202 1973 235 de
1988 200 2055 245 his,
2070 217 2159 249 quae

1174 253 1238 285 per
1251 242 1412 277 accidens
1428 245 1527 280 fiunt.
1579 248 1713 282 Vinum
1731 256 1855 284 natura
1873 253 2030 287 calefacit
2045 262 2078 289 et
2095 253 2164 290 hu-

1173 299 1311 328 mectat.
1365 293 1434 327 Sed
1454 307 1533 328 cum
1555 298 1707 332 nimium
1732 300 1890 335 incendit
1914 315 2080 348 corpora,
2108 318 2163 339 se-

1173 342 1294 387 quitur
1325 344 1511 378 desiccatio
1539 353 1571 380 et
1596 349 1788 385 diminutio
1821 350 1960 386 humidi
1986 356 2160 391 radicalis.

1171 391 1310 426 Deinde
1336 406 1483 439 corpora
1503 397 1671 431 desiccata
1699 400 1874 444 incipiunt
1889 404 2029 448 frigere.
2081 407 2162 440 Ali-

1171 450 1229 476 tur
1245 444 1338 477 enim
1357 446 1454 479 calor
1469 443 1617 480 humore
1634 455 1836 492 temperato.
1889 453 1941 489 Ita
1958 455 2082 490 vinum
2099 470 2160 502 per

1171 495 1332 528 accidens
1356 497 1507 530 desiccat
1531 506 1564 532 et
1587 498 1772 541 frigefacit.
1825 501 1893 536 Sed
1919 512 1957 538 ut
1980 506 2159 542 infinitum

1143 556 1144 565 ¹
1170 545 1360 579 discrimen
1378 554 1428 581 est
1445 548 1539 581 inter
1555 560 1674 582 causas
1689 561 1752 593 per
1773 562 1807 584 se
1832 559 1864 585 et
1887 565 2006 589 causas
2023 570 2086 601 per
2102 571 2158 593 ac-

1170 596 1309 637 cidens,
1338 597 1388 631 ita
1411 604 1444 631 et
1468 598 1611 633 effectus
1634 599 1891 636 discernantur.
1945 604 2016 639 Nec
2040 610 2159 652 regula

1169 645 1421 690 comprehendi
1439 657 1586 692 possunt
1603 651 1836 685 accidentales
1859 653 2019 696 effectus,
2046 660 2105 702 qui
2124 667 2159 694 et

1169 698 1258 729 varii
1286 705 1319 731 et
1338 699 1620 734 innumerabiles
1637 708 1731 737 sunt.
1780 702 1901 746 Quare
1918 704 2007 739 dixit
2019 704 2158 742 Aristo-

1167 748 1269 780 teles:
1298 747 1379 783 Arti
1400 762 1473 784 non
1491 758 1573 785 sunt
1597 764 1700 785 curae
1722 764 1758 785 ea
1772 780 1780 793 ,
1808 766 1897 798 quae
1920 767 1982 799 per
1996 758 2158 793 accidens

1168 799 1347 838 eveniunt,
1362 803 1440 835 τῶν
1454 799 1548 836 κατὰ
1560 801 1797 848 συλιιβεβηκός
1812 803 1856 838 οὐ
1872 804 1969 848 μέλει
1979 809 2025 852 τῇ
2038 807 2159 854 τέχνῃ,

1168 848 1314 892 Magnes
1338 849 1448 886 trahit
1472 853 1626 894 ferrum,
1660 855 1720 887 sed
1745 867 1822 888 cum
1854 855 2009 890 illinitur
2033 859 2157 893 allium

1526 902 1595 937 Hic
1620 905 1753 938 accedit
1776 905 2070 950 impedimentum
2096 923 2158 954 per

1166 951 1337 985 accidens.
1393 952 1475 986 Ideo
1500 955 1709 988 Aristoteles
1733 955 1821 989 dixit
1850 957 1944 990 idem
1974 965 2006 992 et
2033 962 2155 994 eodem

1165 1049 1256 1086 αὐτὸ
1272 1051 1334 1087 καὶ
1350 1051 1528 1093 ὡσαύτως
1544 1054 1628 1100 ἔχον
1643 1053 1698 1089 ἀεὶ
1713 1053 1754 1090 τὸ
1770 1055 1861 1091 αὐτὸ
1875 1056 2014 1104 πέφυκε
2027 1063 2153 1096 ποιεῖν.

1168 1102 1299 1135 Vinum
1319 1111 1369 1137 est
1385 1106 1544 1146 salubre,
1572 1107 1631 1138 sed
1649 1106 1678 1139 si
1696 1107 1842 1140 misceas
1858 1121 2052 1149 venenum,
2081 1124 2154 1146 non

1164 1153 1230 1187 erit
1247 1155 1399 1188 salubre.

1265 1220 1499 1255 Yolnntariae
1532 1232 1648 1258 autem
1681 1238 1803 1259 causae
1838 1240 1910 1261 non
1940 1238 2047 1272 agunt
2082 1244 2154 1265 uno

1163 1272 1316 1315 quodam
1340 1279 1433 1305 certo
1458 1275 1575 1307 modo.
1626 1274 1798 1320 Exempla
1820 1278 1857 1310 in
1880 1288 2046 1324 promptu
2073 1291 2156 1317 sunt

1163 1322 1199 1353 in
1217 1323 1417 1356 actionibus
1434 1321 1612 1358 humanis.
1650 1326 1823 1360 Homines
1840 1329 1926 1361 alias
1943 1330 2043 1371 iuste,
2070 1333 2157 1366 alias

1162 1372 1292 1405 iniuste
1317 1373 1462 1406 faciunt.
1515 1375 1615 1408 Alias
1634 1376 1824 1410 clementer
1843 1378 1924 1411 fecit
1941 1378 2158 1424 Alexander,

1161 1422 1246 1455 alias
1271 1423 1472 1457 crudeliter.
1529 1424 1687 1459 Tantum
1713 1435 1830 1461 autem
1856 1429 2021 1463 voluntas
2044 1432 2155 1466 libere

1160 1473 1251 1516 agit,
1277 1481 1310 1506 et
1326 1474 1437 1514 vires,
1463 1487 1552 1519 quae
1570 1477 1689 1521 aliquo
1708 1479 1814 1511 modo
1832 1479 1906 1512 eius
1924 1480 2073 1525 imperio
2091 1485 2156 1517 ob-

1160 1530 1371 1567 temperant,
1390 1525 1559 1559 dicuntur
1576 1527 1763 1572 participes
1781 1541 1854 1562 esse
1870 1530 2054 1568 libertatis,
2082 1533 2153 1568 Sed

1160 1575 1354 1608 inanimata
1390 1582 1422 1610 et
1461 1588 1582 1610 sensus
1623 1585 1706 1612 sunt
1746 1579 1932 1614 efficientia
1963 1585 2151 1620 naturalia.

1161 1623 1299 1659 Oculus
1325 1638 1398 1659 non
1424 1634 1538 1670 potest
1560 1640 1633 1661 non
1659 1629 1778 1662 videre
1803 1642 1876 1664 rem
1900 1632 1937 1664 in
1962 1643 2152 1677 conspectu

1162 1676 1324 1720 positam.
1378 1676 1485 1710 Nervi
1516 1690 1588 1711 non
1617 1687 1762 1722 possunt
1789 1693 1862 1714 non
1888 1683 1989 1716 adfici
2017 1686 2152 1727 dolore,

1159 1740 1176 1759 a
1202 1739 1238 1759 re
1263 1727 1438 1761 lacerante
1462 1740 1532 1763 eos.
1594 1728 1682 1762 Item
1716 1731 1914 1766 intellectus
1938 1745 2012 1766 non
2037 1743 2152 1778 potest

1159 1790 1231 1810 non
1257 1778 1388 1812 intueri
1413 1790 1471 1818 ea,
1498 1790 1587 1823 quae
1612 1780 1832 1822 offeruntur,
1860 1791 1892 1815 et
1916 1794 1995 1816 cum
2019 1785 2151 1820 iudicat

1158 1826 1413 1872 apprehensam
1430 1829 1709 1873 propositionem
1726 1842 1798 1864 esse
1815 1844 1952 1873 veram,
1980 1847 2053 1868 non
2070 1848 2150 1869 sen-

1158 1879 1199 1911 tit
1217 1890 1289 1911 esse
1312 1880 1449 1912 falsam.
1509 1878 1612 1913 Artes
1636 1881 1740 1914 etiam
1767 1882 1849 1926 quia
1876 1891 1958 1917 sunt
1989 1887 2151 1927 noticiae,

1158 1929 1316 1963 iudicant
1333 1936 1365 1962 et
1383 1929 1548 1962 artificem
1568 1938 1695 1973 regunt
1717 1939 1812 1965 certo
1835 1936 1959 1975 modo,
1987 1937 2047 1969 sed
2066 1939 2148 1981 quia

1158 1991 1278 2012 sensus
1312 1987 1344 2013 et
1377 1980 1576 2013 intellectus
1611 1989 1759 2024 possunt
1789 1983 1934 2018 obedire
1959 1987 2148 2025 voluntati,

1158 2031 1236 2063 ideo
1256 2031 1403 2064 artifices
1420 2031 1516 2063 varie
1533 2032 1671 2074 operari
1690 2040 1853 2075 possunt,
1881 2047 1989 2080 quare
2015 2049 2069 2071 ars
2092 2039 2148 2070 in-

1157 2088 1210 2115 ter
1227 2081 1446 2115 voluntarias
1465 2093 1584 2115 causas
1604 2083 1760 2126 ponitur.

1585 2196 1722 2230 Sexta.

1248 2264 1487 2299 Efficientium
1504 2267 1600 2300 aliud
1618 2275 1668 2302 est
1686 2268 1891 2312 principale,
1913 2271 2008 2314 quod
2025 2283 2146 2315 graece

1157 2323 1304 2350 vocatur
1322 2317 1452 2352 αἴτιον.
1489 2316 1600 2351 Aliud
1617 2326 1667 2352 est
1685 2319 1803 2351 minus
1819 2319 2025 2364 principale,
2050 2326 2146 2368 quod

1157 2375 1304 2401 vocatur
1334 2365 1538 2402 συναίτιον.
1592 2367 1703 2402 Aliud
1728 2369 2017 2413 instrumentale‚
2050 2377 2146 2419 quod

1157 2424 1305 2452 vocatur
1330 2414 1529 2466 σύνεργον,
1555 2431 1615 2451 seu
1639 2418 1817 2466 ὄργανον.
1871 2419 2012 2455 Dicitur
2029 2431 2146 2459 autern

1156 2469 1363 2513 principale,
1392 2470 1485 2513 quod
1505 2470 1582 2513 plus
1598 2469 1680 2511 agit,
1708 2477 1740 2503 et
1757 2482 1826 2514 quo
1841 2482 1914 2504 non
1931 2480 2064 2516 agente,
2090 2488 2147 2509 ce-

1131 2525 1133 2530 ’
1157 2527 1252 2553 terae
1268 2517 1360 2552 nihil
1377 2520 1550 2558 efficiunt,
1576 2526 1614 2551 ut
1633 2520 1668 2552 in
1687 2519 1847 2555 Antonio
1865 2522 1985 2557 αἴτιον
2001 2532 2035 2558 et
2049 2527 2149 2569 prin-

1159 2570 1281 2614 cipalis
1297 2581 1400 2603 causa
1418 2576 1469 2602 est
1489 2570 1765 2612 adulteriorum,
1792 2573 1967 2607 voluntas.
2019 2575 2149 2610 συναί-

1158 2633 1239 2655 τιον
1263 2626 1601 2663 temperamentum,
1637 2620 1675 2653 in
1700 2634 1770 2667 quo
1802 2623 1983 2658 stellarum
2014 2628 2150 2670 positus

1133 2684 1137 2708 ι
1160 2671 1306 2715 aliquis,
1333 2669 1582 2704 inclinationes
1605 2672 1648 2704 ad
1668 2672 1874 2715 libidinem,
1901 2682 2071 2720 tanquam
2094 2677 2151 2711 in-²

1586 2719 1668 2758 20*
