2379 2948
195 126 263 162 155
433 120 641 157 SCRIPTA
669 119 742 154 PH.
770 115 887 152 MEL.
914 114 981 150 An
1007 114 1134 152 HIST.
1160 113 1303 153 PROF.
1331 113 1396 151 ΕΤ
1424 113 1612 151 PHILOS.
1641 113 1965 152 SPECTANTIA.

196 209 301 243 corda
322 207 517 251 copulasset
541 206 692 249 Spiritus
726 208 865 236 sanctus
897 208 1037 235 aeterno
1070 200 1174 245 patri,

198 266 318 292 nzutuo
337 270 474 298 amore,
504 256 637 289 laeticia
666 261 700 287 et
727 252 880 285 motibus
900 252 1174 295 congruentibus

199 321 277 342 cum
302 315 426 341 natura
445 306 520 339 Dei.
581 304 678 336 Talis
708 303 830 336 suisset
853 302 1021 346 sapientia
1046 309 1078 335 et
1103 301 1174 333 vita

200 358 371 395 hominis,
413 364 606 397 congruens
637 366 716 387 cum
748 353 918 397 sapientia
944 360 977 386 et
1001 352 1071 385 vita
1096 350 1174 385 Dei.

199 408 245 442 Et
272 406 353 439 haec
378 407 468 438 bona
493 404 617 436 amissa
642 404 678 436 in
703 404 821 447 lapsu,
856 415 918 447 per
941 400 1174 445 Evangelium

198 458 449 494 restituuntur,
485 461 523 488 ut
547 460 663 498 postea
694 454 820 489 dicam.
882 452 934 486 Ac
961 463 1081 486 rursus
1110 450 1176 484 erit

197 507 291 541 Deus
309 505 428 537 omnia
446 505 482 536 iu
499 504 662 537 omnibus
685 504 812 544 beatis,
838 511 877 537 ut
902 503 993 536 infra
1018 503 1062 535 de
1087 502 1175 534 ima-

198 558 277 599 gine
299 555 422 588 dicam.
460 553 595 587 Fuisset
614 555 721 597 igitur
738 565 835 587 amor
853 553 1046 586 ordinatus.
1083 552 1176 584 Ante

199 605 316 639 omnia
346 604 539 637 maximum
570 604 773 637 incendium
801 603 929 636 amoris
953 603 1074 636 suisset
1097 611 1177 643 erga

198 655 332 695 Deum,
364 654 490 687 deinde
515 666 568 687 res
591 655 701 687 bonas
728 660 879 687 coeteras
903 663 1114 686 amassemus
1136 662 1176 684 eo

199 706 344 744 ordine,
373 716 476 748 quem
504 711 673 737 monstrat
701 704 822 737 divina
847 702 1036 747 sapientia,
1065 702 1176 734 virtu-

199 763 282 796 tes‚-
301 754 430 792 vitam,
466 755 555 788 vitae
580 755 760 787 commoda
782 760 923 798 propter
939 752 1053 785 Deum
1076 763 1178 795 expe-

199 806 396 840 iix-issemus
414 811 445 838 et
463 805 658 846 agnovisset
676 802 799 842 homo,
828 815 862 836 se
887 804 923 835 in
939 814 1004 836 usu
1021 802 1176 844 legitimo

202 853 329 888 harum
348 865 464 887 rerum
491 853 566 887 Deo
592 854 741 897 servire,
771 861 803 887 et
821 853 935 887 Deum
959 854 1178 886 conditorem

201 905 417 938 celebrasset.

303 953 354 987 Ac
369 966 462 988 nunc
481 967 558 988 cum
576 955 706 987 similes
730 966 850 988 sumus
875 954 928 986 illi
953 953 1080 987 viatori
1102 952 1179 986 vul-

201 1011 322 1038 nerato
342 1011 373 1037 et
390 1006 556 1049 spoliato,
584 1012 616 1038 et
641 1006 677 1037 in
704 1012 818 1038 mente
836 1005 998 1038 tenebrae
1014 1011 1114 1046 sunt,
1142 1003 1179 1034 id

202 1062 274 1093 est,
301 1055 430 1088 multae
455 1055 569 1088 tristes
592 1054 830 1088 dubitationes
855 1056 897 1087 de
923 1053 1014 1093 Deo,
1052 1060 1084 1086 et
1107 1063 1180 1084 non

201 1112 252 1138 est
276 1105 313 1136 in
339 1105 505 1138 cordibus
528 1116 626 1136 amor
651 1103 735 1143 Dei,
770 1104 933 1137 voluntas
957 1104 1024 1136 alia
1045 1103 1181 1136 obiecta

201 1155 355 1198 quaerit,
382 1166 453 1186 non
479 1153 610 1194 Deum,
639 1165 676 1186 ac
699 1151 827 1186 horum
852 1154 939 1186 ordo
966 1153 1070 1186 etiam
1096 1163 1180 1186 con-

200 1205 375 1238 turbatur.
428 1203 612 1237 Summum
628 1204 763 1236 bonum
789 1215 860 1236 esse
883 1204 1078 1246 voluptates
1103 1214 1181 1235 cor-

199 1254 314 1298 poris,
341 1265 414 1286 non
431 1251 606 1297 Epicurus
624 1260 782 1293 tantum,
810 1255 868 1286 sed
885 1253 1034 1286 maxima
1058 1252 1183 1286 multi-

200 1305 286 1336 tudo
303 1300 488 1336 hominum
507 1304 690 1337 existimat.
725 1302 800 1337 Alii
816 1303 1044 1336 modestiores
1060 1303 1182 1336 dicuut

200 1354 366 1386 virtutem
383 1353 507 1386 melius
524 1354 692 1397 quiddam
711 1365 794 1388 esse.
831 1353 902 1386 Nec
918 1351 954 1386 hi
974 1359 1090 1386 tamen
1109 1352 1182 1384 vir-

202 1410 312 1436 tutem
327 1409 471 1446 propter
488 1401 601 1435 Deum
621 1403 854 1446 adpetendam
871 1415 942 1434 esse
960 1403 1096 1434 docent.
1130 1401 1182 1434 Ita

203 1453 330 1486 amissa
346 1452 422 1485 luce
438 1453 582 1492 mentis,
610 1459 641 1485 et
662 1453 813 1486 extincto
838 1463 956 1485 amore
974 1450 1041 1484 Dei
1065 1452 1102 1483 in
1120 1463 1182 1483 vo-

202 1503 355 1542 luntate,
382 1500 592 1546 Philosophi
613 1513 632 1535 a
651 1503 799 1536 veritate
824 1503 1006 1541 aberrant,
1034 1508 1073 1535 ut
1097 1501 1182 1535 alibi
1206 1508 1209 1516 '

203 1553 378 1596 copiosius
395 1552 533 1587 dicitur.

306 1601 352 1636 Ut
367 1608 481 1635 autem
497 1602 757 1635 consideremus
771 1629 778 1642 ,
807 1602 920 1646 qualis
942 1613 1036 1634 nunc
1055 1601 1099 1634 sit
1118 1612 1182 1633 na-

203 1659 282 1685 tura
303 1650 508 1692 hominum,
535 1659 568 1686 et
593 1665 680 1697 qnae
704 1653 772 1685 sint
798 1651 1002 1685 discrimina
1018 1649 1183 1684 Philoso-

203 1699 307 1745 phiae
324 1709 356 1735 et
373 1701 575 1744 Evangelii,
602 1702 826 1736 recitabimus
845 1708 878 1735 et
897 1713 984 1746 quae
1000 1713 1095 1734 nuuc
1114 1701 1184 1734 sint

207 1752 363 1789 obiecta,
392 1759 425 1785 et
443 1754 485 1784 ad
505 1764 593 1797 quae
610 1764 673 1785 nos
691 1750 845 1785 retrahat
866 1752 958 1784 filius
976 1750 1053 1786 Dei.

307 1801 467 1834 Primum
483 1809 598 1835 autern
616 1803 796 1846 perspicue
815 1801 935 1835 reiicio
965 1808 997 1834 et
1021 1802 1183 1845 improbo

205 1851 349 1885 stultam
380 1852 584 1895 opinionem
624 1853 816 1886 recentium
847 1852 1088 1896 quorundam,
1124 1851 1184 1896 qui

205 1908 353 1943 negant,
380 1902 512 1934 bonum
531 1913 601 1934 esse
619 1903 794 1935 obiectum
814 1902 1003 1935 voluntatis
1024 1902 1062 1934 in
1078 1903 1185 1945 adpe-

206 1952 334 1990 tendo,
371 1957 404 1984 et
427 1953 664 1992 contendunt,
699 1953 915 1986 voluntatem
945 1964 1025 1985 vere
1051 1959 1084 1985 et
1110 1952 1184 1984 sine

207 2000 431 2034 simulatione
449 2002 537 2034 velle
552 2013 651 2044 posse
669 2002 799 2035 malum
821 2002 919 2034 nulla
937 2002 1072 2035 ratione
1087 2002 1184 2035 boni.

208 2048 260 2083 Ac
283 2050 414 2083 multae
437 2058 520 2084 sunt
544 2063 645 2084 verae
669 2063 810 2092 causae,
847 2058 989 2095 propter
1011 2063 1095 2096 quas
1118 2049 1185 2084 hoc

206 2100 384 2133 somnium
406 2101 636 2134 reiiciendum
662 2108 728 2142 est,
763 2113 848 2146 quas
873 2101 1052 2134 brevitatis
1084 2113 1185 2135 causa

206 2162 279 2182 non
295 2150 423 2191 recito,
449 2158 586 2185 tantum
610 2163 671 2184 oro
690 2152 861 2191 iuniores,
889 2158 927 2185 ut
952 2158 1185 2185 monstrosam

207 2200 304 2232 illam
322 2200 526 2243 opinionem
551 2202 776 2235 detestentur.
827 2200 904 2234 Etsi
926 2201 1019 2234 enim
1043 2208 1093 2235 est
1118 2202 1184 2234 ali-

207 2262 273 2294 qua
303 2251 494 2285 voluntatis
525 2252 686 2290 libertas,
721 2259 837 2284 tamen
868 2251 916 2284 sic
941 2251 1101 2285 ordinata
1125 2258 1185 2293 est,

204 2307 244 2334 ut
261 2300 344 2334 velit
362 2301 507 2336 bonum.
559 2301 636 2335 Hoc
653 2302 681 2334 si
698 2302 776 2347 quis
793 2313 866 2334 non
884 2301 1057 2342 admittit,
1085 2314 1183 2335 ever-

207 2356 255 2382 tet
274 2356 381 2383 totam
406 2353 576 2386 rationem
598 2352 739 2392 finium,
763 2364 827 2385 nec
849 2351 957 2394 magis
980 2362 1081 2385 causa
1109 2352 1185 2393 erit,

205 2410 267 2432 cur
290 2400 452 2435 voluntas
479 2402 673 2447 acquiescat
705 2402 742 2434 in
768 2401 863 2443 Deo,
893 2413 998 2446 quam
1023 2402 1060 2434 in
1083 2408 1183 2435 tauro

204 2446 415 2485 Phalaridis.
469 2451 554 2486 Item
567 2479 575 2492 ,
603 2453 631 2485 si
651 2453 813 2486 voluntas
829 2464 903 2486 non
918 2458 1007 2485 esset
1022 2453 1184 2486 ordinata

205 2499 249 2532 ad
267 2500 502 2542 adpetendum
518 2503 672 2546 bonum,
700 2515 775 2536 non
790 2510 877 2537 esset
892 2513 1005 2542 causa,
1029 2513 1092 2535 cur
1108 2514 1184 2535 ma-

202 2548 254 2590 gis
272 2550 435 2592 adpetere
451 2551 616 2584 virtutem
641 2554 801 2591 deberet,
827 2564 934 2598 quam
959 2552 1059 2586 vicia.
1113 2551 1183 2585 Sed

202 2598 326 2631 omitto
358 2600 654 2640 confutationem,
683 2610 715 2636 et
736 2603 890 2637 breviter
916 2602 1091 2636 constituo
1118 2602 1183 2635 oh-

201 2648 328 2682 iectum
347 2661 493 2684 movens
516 2652 731 2687 voluntatem
755 2653 792 2687 in
816 2651 880 2687 hac
903 2652 1124 2694 infirmitate,
1149 2659 1184 2687 et

2135 115 2205 151 156

1227 201 1265 232 in
1296 201 1360 242 iis,
1394 201 1452 246 qui
1486 213 1559 234 non
1589 201 1831 244 gubernantur
1857 202 1934 235 luce
1957 199 2142 244 Evangelii
2172 207 2205 234 et

1227 263 1247 284 a
1261 250 1398 295 Spiritu
1421 259 1550 286 sancto.

1327 325 1400 359 His·
1416 326 1523 369 igitur
1542 333 1581 360 ut
1602 324 1728 360 Catoni
1757 332 1817 359 aut
1839 323 2001 358 Ciceroni
2031 326 2206 360 obiectum

1228 382 1276 408 est
1293 377 1483 410 voluntatis
1504 377 1541 408 in
1557 377 1765 420 adpetendo,
1793 376 1925 409 bonum
1943 375 2093 414 finitum,
2119 388 2206 420 qua-

1227 432 1328 459 tenus
1359 426 1447 460 ratio
1474 433 1534 460 aut
1555 437 1676 459 sensus
1701 426 1874 466 decernit,
1905 426 1941 458 id
1973 437 2044 458 esse
2071 426 2205 459 bonnm

1228 473 1402 509 humanae
1432 483 1576 510 naturae
1607 484 1666 510 aut
1698 476 1863 510 societati.
1924 474 2061 509 Rursus
2087 475 2126 508 in
2149 475 2207 509 fu-

1228 526 1375 567 giendo,
1405 527 1535 560 malum
1561 526 1777 560 contrarium
1802 526 1857 559 illi
1883 526 1995 567 bono,
2029 525 2206 559 obiectum

1229 576 1305 611 erit.
1365 575 1460 609 Hinc
1488 577 1637 609 iudicari
1660 583 1794 620 potest,
1827 588 2009 621 quousque
2033 574 2208 609 humanae

1229 626 1462 670 adpetitiones
1476 627 1551 660 sine
1571 626 1709 670 Spiritu
1726 633 1843 660 sancto
1865 626 2148 672 progrediantur.

1332 699 1423 734 Sunt
1446 705 1561 732 autem
1587 696 1693 732 huius
1714 699 1800 732 boni
1818 699 1960 743 species.
2011 698 2209 733 Honestum

1231 750 1333 784 civile
1345 776 1354 790 ‚
1379 751 1472 783 hona
1487 750 1606 789 utilia,
1633 749 1704 783 vita
1721 756 1753 783 et
1769 749 1861 782 vitae
1878 751 2075 784 commoda.
2120 749 2209 784 Item

1231 801 1443 840 iucundum,
1475 806 1516 833 ut
1539 800 1754 842 voluptates,
1788 810 1873 844 quas
1898 805 1957 833 aut
1979 811 2116 839 sensus,
2149 806 2210 833 aut

1230 851 1320 884 ratio
1337 850 1477 895 expetit.
1530 849 1627 883 Intra
1638 847 1729 883 hanc
1746 850 1921 883 bonorum
1937 850 2114 892 regionem
2130 861 2210 883 ver-

1231 907 1354 934 santur
1379 899 1621 944 adpetitiones.
1682 899 1747 940 Ut‚
1782 900 1978 933 doctrinam
2005 900 2211 944 expetimus,

1232 958 1281 985 est
1297 951 1390 983 enim
1411 951 1581 995 quaedam
1598 949 1724 983 mentis
1741 949 1906 994 perfectio
1924 957 1956 984 et
1974 950 2053 990 lux,
2080 955 2114 983 et
2130 962 2211 983 cum

1232 1002 1270 1033 in
1287 999 1354 1034 hoc
1369 1007 1438 1034 tam
1455 1000 1617 1044 pulcrum
1633 998 1808 1034 theatrum
1820 1001 1863 1033 ad
1880 1000 2212 1043 contemplationem

1232 1051 1332 1091 coeli,
1358 1051 1549 1091 stellarum,
1575 1058 1697 1089 terrae,
1723 1051 1940 1094 plantarum,
1965 1050 2211 1090 animantium,

1233 1100 1393 1134 collocati
1410 1101 1536 1139 simus,
1564 1108 1597 1135 et
1616 1101 1686 1134 sint
1709 1100 1747 1133 in
1770 1101 1872 1134 nobis
1896 1101 2029 1133 semina
2046 1100 2211 1133 scientia-

1233 1163 1331 1189 rum,
1358 1157 1482 1183 natura
1510 1151 1584 1194 ipsa
1611 1151 1800 1184 incitamur
1825 1151 1868 1183 ad
1895 1151 2212 1184 considerationem

1232 1208 1349 1234 tantae
1363 1200 1539 1234 varietatis
1556 1207 1589 1234 et
1606 1200 1853 1244 pulcritudinis
1868 1213 1997 1236 rerum.
2035 1200 2213 1244 Expetunt

1233 1252 1344 1296 aliqui
1362 1251 1548 1293 virtutem,
1576 1251 1712 1284 etiamsi
1733 1252 1849 1284 fructu
1867 1251 2056 1283 carendum
2079 1257 2147 1291 est,
2173 1256 2213 1283 ut

1233 1300 1371 1344 Scipio,
1407 1300 1547 1334 Fabius.
1605 1299 1812 1343 Expetimus
1845 1300 2010 1342 gloriam,
2044 1307 2094 1334 est
2119 1300 2213 1333 enim

1232 1363 1287 1384 res
1316 1351 1455 1395 pulcra,
1489 1350 1699 1393 praestantia
1733 1349 1892 1389 virtutis,
1925 1356 1958 1383 et
1983 1348 2075 1382 hanc
2103 1350 2213 1383 tribui

1233 1401 1336 1433 nobis
1361 1402 1524 1433 volumus
1545 1411 1605 1432 seu
1628 1410 1707 1431 vere
1729 1410 1789 1432 seu
1807 1399 1912 1439 salso,
1938 1406 2020 1433 sunt
2036 1399 2128 1432 enim
2146 1397 2212 1433 ho-

1232 1450 1344 1483 mines
1359 1456 1483 1483 natura
1501 1449 1653 1492 superbi,
1680 1449 1716 1482 id
1732 1456 1798 1487 est,
1827 1450 1878 1482 sui
1897 1456 2064 1490 amantes,
2091 1456 2124 1482 et
2139 1461 2212 1483 sese

1232 1500 1350 1543 magni
1376 1500 1451 1533 fieri
1476 1500 1666 1543 cupientes.
1720 1498 1858 1532 Deinde
1880 1500 2070 1542 expetimus
2093 1500 2213 1540 vitam,

1232 1550 1323 1583 vitae
1347 1551 1537 1583 ‘commoda
1571 1556 1605 1583 et
1637 1549 1844 1593 voluptates,
1898 1549 1998 1584 Ultra
2030 1547 2116 1583 haec
2138 1561 2213 1583 non

1232 1600 1456 1644 progreditur
1469 1598 1566 1635 Cato.
1617 1599 1698 1632 Non
1713 1606 1804 1632 amat
1819 1598 1932 1633 Deum
1943 1624 1952 1638 ,
1979 1600 2062 1644 quia
2078 1600 2211 1633 etiamsi

1233 1651 1354 1683 statuit
1374 1661 1445 1683 esse
1472 1649 1602 1690 Deum,
1636 1656 1753 1682 tamen
1778 1650 1935 1689 dubitat,
1961 1656 2081 1683 utrum
2105 1657 2214 1690 curet,

1233 1700 1393 1734 exaudiat
1427 1707 1459 1733 et
1483 1700 1625 1733 adiuvet
1657 1711 1738 1740 nos,
1771 1700 1921 1733 somniat
1949 1700 2105 1733 ociosum
2129 1712 2212 1738 esse,

1233 1762 1296 1783 nec
1314 1751 1446 1783 bonum
1460 1761 1531 1782 esse
1547 1750 1667 1792 generi
1682 1747 1849 1790 humano,
1873 1756 1964 1783 certe
1981 1750 2018 1782 in
2035 1751 2212 1783 aerumnis

1232 1812 1306 1833 non
1329 1806 1437 1840 amat,
1472 1811 1556 1844 quas
1581 1800 1609 1832 si
1633 1812 1705 1832 non
1730 1800 1904 1833 existimat
1924 1812 1943 1833 a
1966 1801 2110 1834 materia
2132 1807 2211 1834 tan-

1233 1857 1309 1884 tum
1326 1850 1412 1883 oriri
1433 1861 1533 1888 casu,
1562 1850 1619 1883 sed
1639 1861 1769 1893 poenas
1790 1862 1860 1883 esse
1884 1850 2014 1883 iudicat
2031 1850 2212 1891 scelerum,

1234 1907 1326 1934 certe
1349 1899 1463 1934 Deum
1489 1901 1694 1944 punientem
1718 1912 1791 1932 non
1817 1907 1919 1935 amat.
1970 1899 2064 1933 Hinc
2080 1901 2213 1934 multae

1234 1958 1316 1984 sunt
1333 1950 1370 1982 in
1386 1951 1497 1993 po'e'tis
1513 1950 1750 1984 dubitationes
1775 1950 1817 1982 de
1840 1949 2079 1993 providentia,
2106 1958 2138 1984 et
2155 1963 2212 1984 re-

1235 1998 1485 2045 prehensiones
1501 2000 1585 2038 Dei,
1611 2006 1650 2033 ut
1671 2000 1760 2032 illud
1778 2000 1871 2044 apud
1888 1999 2090 2042 Virgilium.
2143 2000 2212 2035 Fa-

1233 2062 1394 2095 mamque
1415 2050 1572 2083 fovemus
1596 2050 1748 2085 inanem.
1807 2048 1860 2082 Ac
1883 2056 1921 2082 ut
1944 2050 1981 2082 in
1998 2057 2114 2084 mente
2129 2059 2212 2085 sunt

1234 2101 1417 2141 tenebrae,
1443 2101 1490 2134 ita
1512 2100 1625 2133 multo
1649 2100 1757 2142 magis
1783 2100 1946 2133 voluntas
1964 2112 1982 2133 a
2000 2098 2073 2133 Deo
2091 2112 2212 2134 aversa

1235 2159 1303 2194 est,
1339 2157 1373 2184 et
1403 2150 1493 2184 sicut
1523 2151 1622 2183 navis
1651 2150 1689 2182 in
1714 2149 1878 2195 Syrtibus
1909 2150 2036 2192 agitata
2062 2150 2210 2184 diversis

1234 2201 1365 2242 ventis,
1398 2201 1493 2234 varie
1523 2201 1688 2244 iactatur,
1724 2200 1772 2233 ita
1808 2200 1970 2234 voluntas
2002 2201 2210 2244 vagabunda

1234 2253 1308 2285 sine
1325 2251 1450 2285 ordine
1467 2251 1510 2284 ad
1526 2250 1594 2284 alia
1611 2257 1714 2295 atque
1731 2250 1864 2283 obiecta
1883 2251 1965 2284 ruit.
2018 2249 2101 2284 Ideo
2117 2251 2209 2284 Pau-

1233 2303 1288 2335 lus
1303 2301 1434 2346 inquit:
1472 2300 1545 2342 Qui
1568 2301 1758 2334 secundum
1775 2312 1912 2333 carnem
1930 2307 2029 2342 sunt,
2056 2301 2210 2335 carnalia

1234 2352 1392 2396 sapiunt,
1418 2350 1582 2384 videlicet
1598 2362 1686 2395 quae
1702 2351 1871 2385 recensui.
1924 2349 2010 2384 Cato
2030 2358 2121 2385 amat
2136 2352 2209 2384 vir-

1233 2409 1361 2439 tutem,
1388 2401 1447 2434 sed
1465 2412 1538 2434 non
1555 2408 1697 2444 propter
1711 2399 1845 2444 Deum,
1873 2411 1937 2434 nec
1960 2400 2079 2434 statuit
2094 2413 2129 2434 se
2147 2413 2209 2435 cu-

1232 2463 1290 2485 rae
1306 2462 1378 2484 esse
1393 2450 1486 2491 Deo,
1511 2462 1575 2483 nec
1598 2451 1712 2493 diligit
1731 2449 1856 2484 Deum.
1909 2450 1977 2483 Hic
2000 2452 2127 2493 gradus
2143 2452 2208 2485 ob-

1232 2501 1423 2535 servandus
1439 2507 1502 2542 est,
1524 2507 1563 2534 ut
1581 2501 1766 2535 discrimen
1778 2497 2027 2543 Philosophiae
2045 2507 2077 2534 et
2087 2499 2207 2534 Evan-

1232 2552 1313 2595 gelii
1343 2552 1402 2584 fiat
1430 2551 1613 2584 illustrius.
1670 2550 1817 2585 Possent
1845 2557 1959 2583 autem
1984 2547 2068 2584 haec
2095 2552 2207 2585 multo

1233 2601 1407 2646 copiosius
1417 2601 1554 2645 exponi,
1570 2602 1629 2634 sed
1645 2598 1735 2635 hanc
1749 2602 1889 2634 brevem
1899 2601 2206 2634 commonefactio-

1232 2664 1312 2686 nem
1329 2649 1412 2685 huie
1427 2651 1678 2686 commentario
1698 2651 1806 2694 magis
1821 2661 2013 2693 congruere
2027 2651 2156 2687 iudico.
