2379 2948
97 126 171 162 121
826 116 872 153 ΙΙ.

193 206 266 241 Nos
278 204 453 240 Galenum
470 206 662 251 sequimur,
689 204 750 249 qui
765 210 833 237 tres
848 212 970 235 sensus
986 200 1076 233 inte-

94 259 203 292 riores
234 263 406 291 recenset:
440 257 588 290 Sensum
616 264 860 293 communem,
894 251 1075 295 cogitatio-

94 321 175 342 nem
191 319 250 341 seu
268 307 576 351 compositionem,
603 311 636 338 et
652 304 868 338 memoriam.
921 301 1073 335 Nomina

93 359 186 403 apud
205 357 382 391 Galenum
398 355 481 389 haec
498 361 597 388 sunt:
625 351 896 400 φανταστικὸν,
925 350 1075 396 διανοη-

93 408 196 443 τικὸν
220 415 252 442 et
273 403 578 451 μνημονευτικὸν.
629 404 705 439 Hae
727 404 980 449 adpellationes
996 414 1074 447 per-

93 460 212 504 spicue
228 459 381 490 indicant
398 455 613 490 discrimina.

194 508 322 543 Sensus
339 506 535 539 communis
551 503 783 550 apprehendit
795 504 963 548 imagines
975 503 1074 536 obla-

92 567 144 594 tas
174 571 192 592 a
221 557 379 590 sensibus
409 556 659 598 exterioribus,
693 563 726 590 et
748 555 917 589 discernit
939 554 1073 588 obiecta

92 609 310 654 singulorum
328 618 503 640 sensuum.

191 657 330 691 Deinde
356 657 423 690 alia
449 657 518 698 vis,
545 668 760 700 componens
779 662 810 689 et
829 655 1012 694 dividens,
1041 661 1073 687 et

91 709 189 743 aliud
218 720 258 741 ex
286 708 355 741 alio
387 708 529 741 eliciens
559 715 723 753 tanquam
750 707 998 746 ratiocinatur,
1040 712 1072 738 et

89 759 233 794 iudicat.

192 808 311 842 Tertia
330 809 458 843 retinet
475 809 692 842 obiectorum
712 807 936 847 memoriam,
963 818 1071 852 eaque

90 861 304 894 recordatur.

192 909 283 943 Sunt
308 916 421 942 autem
446 921 576 953 organa
602 906 697 941 haec.
750 906 919 941 Anterior
937 919 1015 950 pars
1035 907 1069 940 in

90 959 239 1004 geminis
265 961 490 1001 cavitatibus,
520 972 581 993 seu
606 959 809 992 ventriculis
833 959 986 998 cerebri,
1022 965 1071 991 est

89 1022 260 1054 organum
284 1022 405 1044 sensus
427 1010 633 1045 communis.
693 1008 882 1053 Postquam
909 1009 1002 1041 enim
1033 1016 1070 1042 ut

89 1062 127 1094 in
157 1061 322 1105 speculis,
354 1060 402 1094 ita
435 1061 472 1093 in
501 1061 641 1103 organis
664 1059 874 1093 exteriorum
902 1070 1069 1091 sensuum

88 1112 224 1154 fulgent
248 1111 436 1154 imagines,
463 1111 606 1154 spiritus
630 1110 758 1144 vibrati
782 1110 933 1142 induunt
952 1121 1070 1142 earum

88 1162 379 1202 similitudinem,
411 1167 443 1193 et
473 1159 705 1194 transvehunt
730 1171 786 1193 eas
809 1161 850 1192 ad
875 1160 1069 1193 cerebrum.

88 1211 145 1246 Ibi
171 1219 211 1245 ut
239 1212 360 1254 lingua
389 1212 516 1244 format
547 1211 765 1244 articulatam
795 1222 931 1251 vocem,
965 1211 1011 1243 ita
1037 1217 1070 1243 et

88 1262 272 1295 cerebrum
301 1261 476 1295 vibratum
503 1274 521 1294 a
543 1261 724 1305 spiritibus
746 1261 873 1293 format
896 1271 958 1293 suo
981 1272 1069 1304 quo·
1094 1274 1095 1283 ¹

88 1314 168 1346 dam
203 1311 412 1344 admirando
444 1317 541 1343 motu
574 1311 674 1354 quasi
708 1311 884 1343 collocans
914 1310 1069 1354 spiritus,

87 1362 156 1396 alia
178 1367 282 1405 atque
304 1360 372 1393 alia
393 1360 590 1395 simulacra.
643 1358 691 1393 Ut
706 1359 799 1391 enim
815 1361 900 1392 fiant
914 1360 1068 1392 actiones

88 1419 121 1446 et
144 1412 311 1454 imagines
334 1411 372 1442 in
394 1410 558 1454 cerebro,
594 1421 802 1443 concurrere
824 1416 855 1443 et
880 1409 1067 1453 spirituum

86 1462 337 1501 vibrationem,
368 1467 401 1494 et
434 1461 544 1504 ipsius
575 1459 709 1494 cerebri
739 1466 874 1493 motum
903 1459 1068 1504 aliquem,

86 1519 359 1547 consentaneum
385 1518 446 1545 est.
497 1509 579 1544 Non
605 1511 697 1543 enim
717 1517 855 1543 tantum
872 1510 997 1543 feritur
1012 1522 1068 1543 ce-

84 1565 227 1596 rebrum
251 1574 268 1595 a
293 1562 490 1606 spiritibus,
517 1562 576 1595 sed
598 1561 707 1606 ipsius
724 1561 827 1594 etiam
848 1561 975 1605 aliquis
992 1573 1069 1593 mo—

86 1620 141 1648 tus
164 1620 231 1653 est,
266 1619 433 1657 tanquam
456 1613 631 1645 collocans
656 1611 819 1656 spiritus,
853 1622 1069 1654 componens

86 1671 118 1697 et
140 1663 374 1704 distribuens,
408 1663 497 1696 sicut
521 1663 662 1706 linguae
680 1669 796 1696 motus
818 1661 949 1695 diversi
974 1668 1069 1702 sunt,

86 1714 185 1759 quasi
211 1713 415 1747 collocantis
437 1713 476 1747 in
494 1720 571 1747 aere
589 1713 744 1746 diversas
760 1713 887 1755 figuras
903 1711 1069 1746 articula-

85 1772 140 1799 tae
155 1764 262 1800 vocis,

186 1813 238 1847 Ita
255 1814 395 1847 condita
412 1820 458 1847 est
475 1811 660 1846 hominum
676 1818 803 1846 natura
817 1811 1006 1852 divinitus,
1030 1819 1069 1845 ut

85 1864 160 1898 fieri
183 1864 410 1907 cogitationes
433 1864 472 1896 in
495 1864 615 1904 nobis,
642 1870 674 1896 et
693 1861 893 1896 formariae
908 1862 1069 1895 ordinari

85 1915 253 1958 imagines
269 1914 429 1950 sciamus.
475 1913 663 1956 Quomodo
679 1914 776 1953 fiant,
802 1925 874 1946 non
893 1912 1068 1946 cernimus

86 1967 123 1998 in
141 1963 204 1998 hac
221 1965 380 2008 caligine.
431 1963 502 1998 Sed
519 1971 633 1998 tamen
651 1961 741 1997 hanc
756 1963 867 2007 ipsam
884 1963 1068 1996 formatio—

86 2028 166 2048 nem
189 2016 379 2059 imaginum
404 2027 477 2048 non
500 2015 649 2048 dubium
671 2021 722 2048 est
743 2014 906 2047 umbram
930 2025 1003 2047 esse
1019 2014 1068 2046 si-

86 2066 306 2110 gnificantem
331 2065 464 2111 aliquid
491 2066 533 2098 de
551 2065 643 2100 Filio
660 2063 744 2105 Dei,
768 2071 808 2098 ut
831 2064 925 2097 enim
947 2064 1067 2109 aliquo

85 2116 191 2149 modo
216 2116 494 2156 consideremus,
519 2127 582 2150 cur
599 2114 713 2148 Filius
735 2115 947 2157 cogitatione
968 2115 1068 2158 geni-

85 2175 139 2201 tus
166 2167 369 2200 nominetur
395 2166 513 2210 Imago
545 2166 679 2200 aeterni
707 2165 842 2206 Patris,
891 2165 995 2198 etiam
1028 2165 1065 2197 in

85 2217 186 2250 nobis
205 2217 316 2251 voluit
331 2216 425 2251 Deus
444 2216 614 2260 imagines
632 2216 706 2249 fieri
723 2215 946 2259 cogitatione.

186 2266 277 2301 Sunt
308 2274 424 2300 autem
455 2267 568 2301 officia
593 2267 700 2312 primi
732 2278 853 2300 sensus
876 2265 1067 2306 interioris,

86 2318 240 2362 accipere
265 2317 422 2350 omnium
441 2318 651 2352 exteriorum
668 2328 835 2351 sensuum
854 2317 1006 2357 obiecta,
1033 2323 1066 2350 et

86 2381 124 2402 ea
143 2369 351 2402 discernere.
385 2365 521 2401 Oculus
539 2369 668 2412 pariter
683 2368 883 2401 albedinem
899 2374 932 2401 et
948 2367 1066 2410 nigre-

85 2419 204 2453 dinem
218 2418 376 2462 percipit.
428 2417 495 2451 Sed
513 2429 633 2452 sensus
649 2418 848 2452 communis
865 2417 1044 2453 discernit.

185 2468 323 2503 Deinde
344 2468 524 2512 proximus
550 2476 600 2502 est
619 2480 758 2510 sensus,
785 2469 842 2502 cui
861 2469 1067 2502 tribuuntur

85 2519 311 2563 compositio,
339 2530 399 2552 seu
419 2518 632 2558 aestimatio,
658 2530 718 2552 seu
739 2520 993 2564 qualiscunque
1009 2531 1065 2551 ra-

84 2570 267 2604 tiocinatio
290 2576 323 2603 et
347 2569 530 2602 iudicium.
583 2566 788 2602 Aristoteles
810 2583 827 2602 a
850 2570 967 2613 priore
991 2582 1064 2602 non

84 2620 263 2656 discernit.

82 2682 253 2714 organum
270 2670 300 2704 ei
317 2670 354 2702 in
369 2669 488 2703 medio
503 2669 646 2702 cerebro
662 2669 906 2705 attribuamus.
950 2668 1064 2702 Aiunt

924 114 1074 151 LIBER
1101 114 1170 150 DE
1198 114 1375 153 ANIMA,

328 2619 396 2653 Sed
430 2626 468 2652 ut
498 2618 571 2651 dixi
596 2618 772 2652 Galenum
797 2621 996 2664 sequimur,
1030 2626 1064 2653 et
1115 2619 1291 2651 deorsum.

2043 124 2114 159 122

1130 199 1224 232 enim
1247 207 1388 235 naturas
1412 200 1694 239 hallucinatrices
1717 217 1789 239 esse
1812 206 1848 239 in
1865 206 2107 240 ratiocinando

1129 257 1162 284 et
1177 249 1376 306 ‘iudicando
1399 264 1471 293 eaS,
1498 256 1627 298 quibus
1648 257 1762 290 media
1784 256 1917 290 cerebri
1938 268 2014 300 pars
2031 257 2109 290 lan-

1128 300 1266 343 guidior
1290 307 1359 339 est,
1385 309 1424 335 ut
1445 314 1548 346 supra
1575 307 1617 339 de
1635 305 1817 341 Thersitae
1840 307 1951 351 capite
1975 307 2108 340 dictum

1128 357 1196 393 est,
1221 352 1264 383 de
1279 363 1347 395 quo
1365 351 1480 396 inquit
1496 352 1686 390 Homerus:
1716 356 1827 403 φοξὸς
1841 356 1901 402 ἔην
1915 353 2089 403 κεφαλήν.

1230 400 1353 434 Tertio
1373 402 1449 434 loco
1466 412 1671 438 numeratur
1687 409 1866 447 memoria,
1893 408 1992 441 cuius
2007 418 2109 449 orga-

1127 462 1214 484 num
1236 463 1308 484 esse
1331 452 1369 484 in
1393 459 1565 495 postrema
1592 461 1688 497 parte
1707 459 1857 499 cerebri,
1883 459 1993 492 multa
2010 458 2107 500 signa

1127 508 1226 542 sunt,
1251 502 1324 535 sive
1347 503 1461 546 ipsum
1485 504 1694 537 cerebellum
1715 507 1868 540 dicamus
1885 508 1919 540 id
1937 519 2107 551 organum

1127 563 1217 593 esse,
1243 552 1316 586 sive
1332 560 1464 597 partem
1484 554 1646 589 vicinam.

1228 600 1290 636 Est
1307 610 1422 637 autem
1440 605 1650 637 cerebellum
1663 605 1800 648 siccius,
1826 612 1858 638 et
1870 607 1998 639 multos
2010 608 2108 641 sinus

1125 650 1251 691 habet,
1279 665 1386 697 quare
1410 654 1452 686 ad
1478 655 1697 698 accipiendas
1721 656 1890 698 imagines
1905 662 1937 688 et
1952 658 2106 689 retinen-

1126 704 1188 736 das
1218 704 1326 746 magis
1356 706 1658 738 accommodatum
1686 718 1758 738 esse
1783 705 2007 739 existimatur.
2061 706 2107 739 Ut

1125 760 1240 787 autem
1264 755 1301 786 in
1319 766 1394 788 cera
1415 753 1617 802 σφραγῖδες
1634 756 1905 800 imprimuntur,
1932 756 1980 789 ita
1996 756 2033 787 in
2050 768 2108 788 or-

1125 815 1214 847 gano
1248 805 1438 839 memoriae
1472 818 1490 838 a
1521 806 1704 849 spiritibus
1736 806 1892 850 imprimi
1922 806 2108 838 simulacra

1125 855 1325 897 cogitemus.
1378 855 1544 901 Aliquam
1563 869 1645 889 vero
1662 869 1734 890 esse
1750 869 1963 900 organorum
1981 856 2108 889 distin-

1125 905 1287 943 ctionem,
1316 914 1589 940 consentaneum
1607 914 1666 947 est,
1694 914 1732 940 ut
1751 920 1855 951 supra
1873 907 1958 947 dixi,
1985 907 2108 940 etiam-

1124 955 1153 987 si
1169 955 1355 989 intervallo
1373 969 1445 989 non
1463 957 1546 990 satis
1562 957 1713 990 discerni
1732 965 1886 1001 possunt.

1227 1006 1320 1039 lllud
1344 1014 1459 1040 autem
1485 1018 1587 1051 saepe
1611 1008 1819 1051 cogitemus,
1846 1020 1924 1041 cum
1948 1007 1985 1039 in
2004 1007 2107 1040 nobis

1123 1056 1168 1090 sit
1197 1056 1440 1097 ratiocinatio,
1481 1064 1514 1090 et
1545 1055 1737 1091 humanam
1770 1065 1931 1092 naturam
1962 1057 2106 1090 aliunde

1123 1113 1235 1139 ortam
1268 1118 1339 1140 esse
1369 1114 1523 1147 constet,
1563 1108 1661 1152 sequi
1693 1109 1905 1147 necessario,
1945 1107 2104 1150 opificem

1122 1154 1228 1189 huius
1259 1165 1403 1191 naturae
1434 1158 1625 1201 sapientem
1661 1170 1749 1198 esse,
1784 1158 1866 1203 qnia
1888 1157 2106 1201 impossibile

1122 1213 1191 1247 est,
1226 1219 1245 1240 a
1274 1215 1399 1241 natura
1425 1208 1528 1240 bruta
1552 1208 1637 1240 oriri
1660 1209 1925 1251 intelligentem.
1983 1206 2106 1241 Restat

1122 1256 1229 1299 igitur
1251 1257 1319 1290 alia
1344 1257 1432 1297 vita,
1459 1257 1494 1289 in
1519 1270 1585 1302 qua
1610 1265 1642 1291 et
1664 1259 1822 1302 opificem
1846 1265 1878 1291 et
1894 1256 1956 1290 has
1971 1255 2106 1290 machi-

1121 1318 1183 1339 nas
1210 1307 1335 1341 melius
1359 1307 1614 1350 intelligemus,
1649 1316 1686 1342 ut
1710 1317 1827 1352 postea
1852 1307 2027 1352 copiosius
2050 1307 2106 1340 di-

1121 1365 1226 1391 cetur.

1301 1481 1396 1523 Quid
1419 1486 1476 1516 est
1497 1484 1668 1527 potentia
1692 1481 1928 1527 appetitiva?

1222 1556 1399 1602 Descripsi
1425 1569 1546 1591 sensus
1567 1565 1605 1592 ut
1624 1559 1737 1602 potui.
1788 1557 1892 1592 Nunc
1907 1558 2103 1593 adiicienda

1121 1615 1171 1642 est
1201 1609 1356 1652 potentia
1388 1609 1595 1652 adpetitiva,
1629 1621 1717 1654 quac
1740 1616 1789 1642 est
1813 1609 1958 1642 facultas
1984 1621 2103 1652 prose-

1121 1671 1231 1704 quens
1248 1666 1306 1692 aut
1322 1659 1458 1701 fugiens
1477 1660 1623 1694 obiecta.
1675 1658 1801 1692 Comes
1817 1666 1865 1693 est
1882 1660 2104 1703 cognitionis.

1120 1710 1172 1742 Ac
1197 1710 1240 1741 de
1266 1710 1385 1742 bestiis
1407 1709 1508 1742 facile
1534 1709 1685 1752 intelligi
1712 1716 1844 1753 potest,
1872 1710 1950 1742 ideo
1974 1710 2022 1742 eis
2047 1710 2104 1742 in-

1121 1760 1228 1792 ditam
1248 1771 1320 1791 csse
1336 1759 1584 1802 cognitionem,
1608 1766 1645 1792 ut
1662 1770 1783 1791 sensus
1800 1766 1994 1792 monstrent
2011 1759 2102 1793 vitae

1120 1809 1294 1853 praesidia
1316 1816 1350 1843 et
1371 1809 1557 1841 contraria.
1614 1809 1652 1841 ln
1676 1807 1820 1842 homine
1842 1819 1890 1843 est
1914 1810 2102 1842 sublimior

1120 1860 1293 1903 cognitio,
1328 1866 1365 1893 ut
1387 1866 1596 1901 agnoscatur
1617 1867 1649 1893 et
1672 1860 1867 1892 celebretur
1888 1859 1995 1893 Deus.
2055 1858 2101 1893 Et

1120 1911 1225 1943 servit
1255 1907 1338 1943 huic
1366 1909 1560 1952 cognitioni
1583 1910 1685 1942 etiam
1711 1910 1898 1953 adpetitio,
1931 1917 1969 1943 ut
1996 1908 2102 1943 homo

1119 1961 1242 2004 diligat
1265 1959 1398 2000 Deum,
1425 1960 1573 1994 laetetur
1591 1967 1623 1993 et
1647 1960 1841 2004 acquiescat
1864 1961 1900 1993 in
1928 1972 1980 1996 eo.
2032 1960 2102 1994 Sed

1119 2018 1237 2055 postca
1264 2011 1307 2043 de
1335 2010 1515 2054 superiore
1537 2011 1597 2044 illa
1623 2011 1823 2054 cognitione
1838 2018 1870 2044 et
1887 2011 2100 2054 adpetitione

1118 2062 1244 2095 dicam.

1221 2111 1327 2145 lnitio
1360 2119 1476 2146 autem
1508 2112 1659 2154 vulgaris
1691 2111 1830 2154 partitio
1863 2111 2012 2144 tenenda
2038 2116 2099 2145 est,

1119 2163 1161 2195 de
1192 2163 1371 2207 adpetitu,
1402 2175 1506 2208 quam
1533 2162 1668 2195 etiamsi
1690 2161 1855 2194 nonnulli
1881 2160 2100 2199 cavillantur,

1118 2221 1233 2246 tamen
1257 2214 1419 2247 usitatam
1443 2225 1515 2246 esse
1538 2213 1685 2245 eruditis
1710 2212 1886 2251 videmus,
1921 2217 1955 2243 et
1976 2211 2097 2244 utilem

1117 2276 1188 2297 esse
1207 2265 1423 2298 discentibus
1437 2276 1508 2297 non
1528 2264 1674 2296 dubium
1692 2268 1754 2295 cst.

1221 2314 1368 2359 Triplex
1389 2321 1438 2348 est
1456 2314 1646 2358 adpetitus:
1680 2311 1874 2351 Naturalis,
1899 2310 2098 2349 sensitivus,

1117 2372 1149 2398 et
1169 2365 1399 2400 voluntarius

1219 2414 1270 2449 De
1287 2416 1438 2449 naturali
1454 2413 1668 2457 adpetitione
1682 2424 1754 2444 non
1771 2412 1818 2445 sic
1837 2412 2036 2457 loquimur,
2059 2418 2097 2445 ut

1117 2478 1240 2510 supra,
1270 2467 1330 2499 ubi
1355 2473 1490 2500 tantum
1515 2463 1798 2502 inclinationem,
1828 2475 1899 2495 nou
1924 2462 2095 2495 actionem

1116 2517 1269 2561 aliquam
1296 2516 1487 2559 significat,
1512 2522 1549 2547 ut
1573 2525 1652 2546 cum
1675 2513 1841 2546 dicimus:
1870 2511 2019 2546 Materia
2035 2514 2096 2544 ad-

1116 2568 1202 2611 petit
1233 2568 1394 2600 sormam.
1454 2564 1560 2607 Lapis
1590 2564 1798 2597 naturaliter
1824 2564 1956 2607 adpetit
1980 2564 2095 2595 locum

1343 2615 1412 2648 Hic
1431 2615 1522 2647 enim
1541 2613 1713 2657 significat
1729 2621 1760 2647 et
1779 2615 1972 2647 naturalem
1994 2612 2094 2644 incli-

1115 2667 1296 2701 nationem
1321 2672 1355 2699 et
1380 2666 1552 2705 actiones,
1586 2678 1677 2710 quae
1695 2672 1811 2699 tamen
1835 2676 1907 2697 non
1931 2663 2096 2696 oriuntur
