2379 2948
133 92 230 127 1355

130 177 292 211 involuta
311 178 473 213 doctrina
492 180 535 213 de
553 179 624 214 vita
650 186 809 221 aeterna,
835 180 925 214 sicut
945 192 1049 225 supra
1067 180 1123 214 di-

129 235 224 262 ctum
242 235 303 263 est.
357 229 447 264 Nam
466 243 545 265 cum
563 231 790 265 manifestum
808 232 873 270 sit,
901 232 938 264 in
962 229 1027 265 hac
1052 232 1123 265 vita

128 280 240 314 iustos
271 280 400 325 affligi,
435 294 474 316 ac
506 283 693 328 plerosque
720 283 826 316 etiam
851 283 1021 321 interfici,
1058 295 1122 316 ne-

128 342 220 365 cesse
239 338 289 366 est
306 339 444 375 tamen,
460 334 712 378 promissiones
729 332 796 367 Dei
811 346 910 368 veras
929 347 1013 373 esse,
1031 346 1123 379 quae

127 383 344 427 pollicentur
360 384 428 429 piis
444 385 555 426 bona,
582 392 615 419 et
635 385 818 419 minantur
838 386 957 430 impiis
980 397 1122 430 poenas.

127 432 249 476 Quare
275 446 413 468 necesse
438 443 506 475 est,
541 443 672 470 restare
697 436 803 469 aliam
828 437 954 476 vitam,
991 438 1028 470 in
1053 449 1121 482 qua
1147 427 1150 468 l

123 482 221 517 Deus
240 485 461 520 iudicaturus
480 494 547 528 est,
575 495 608 522 et
625 487 750 535 puniet
769 487 915 532 impios,
944 495 976 522 et
999 500 1122 522 rursus

124 535 336 578 glorificabit
352 537 440 581 pios.

225 585 290 620 Est
325 595 443 622 autem
487 589 674 631 singularis
716 587 892 634 emphasis
933 591 970 624 in
1009 592 1119 625 altero

123 639 301 672 membro:
334 637 384 672 In
401 642 579 674 memoria
596 645 744 674 aelerna
762 640 828 674 erit
846 641 976 682 iustus,
1005 643 1038 675 id
1060 649 1119 683 est,

123 686 200 723 Etsi
227 691 263 723 in
289 691 395 725 tantis
418 692 598 726 aerumnis
622 693 705 727 iusti
725 701 929 735 versantur,
954 701 995 728 ut
1024 694 1119 728 Deus
1143 701 1146 736 ι

122 741 286 776 videatur
303 755 424 777 eorum
443 743 594 784 oblitus,
620 745 816 788 negligere,
835 746 1010 785 deserere,
1034 758 1117 789 pro-

122 792 228 826 iicere
253 806 329 836 eos,
357 795 446 828 sicut
471 796 514 828 de
540 793 682 830 Christo
707 797 847 830 dicunt:
874 796 911 830 Si
938 797 1031 830 filius
1050 796 1116 831 Dei

121 856 174 883 es,
204 846 376 880 descende
395 847 438 879 de
457 858 578 888 cruce,
607 854 640 881 et
658 845 823 881 Christus
847 848 920 892 ipse
944 848 1115 882 clamitat:

120 895 217 930 Deus
236 908 347 941 meus,
371 909 480 943 quare
496 898 673 943 reliquisti
692 900 771 932 me‘?
796 906 912 932 tamen
941 897 998 933 hic
1016 899 1115 933 Psal-

118 959 198 981 mus
214 954 379 988 testatur,
396 948 511 983 Deum
530 962 603 983 non
622 950 785 983 oblivisci
803 951 956 995 piorum.
988 949 1114 984 Erunt

118 998 158 1032 in
176 1000 358 1034 memoria
377 1004 545 1040 aelerna,
575 1001 696 1042 idest,
724 1001 820 1035 Deus
835 1014 972 1046 semper
988 1003 1113 1036 memi-

117 1052 171 1085 nit
201 1064 342 1093 eorum,
385 1064 572 1097 nunquam
608 1053 833 1087 obliviscitur
865 1066 1007 1093 eorum,
1051 1054 1112 1099 qui

117 1101 213 1137 haud
246 1104 354 1136 dubie
387 1115 445 1136 eos
479 1105 621 1137 tandem
650 1105 818 1138 liberabit
849 1117 889 1138 ex
913 1106 1113 1147 aerumnis,

115 1155 205 1189 sicut
215 1155 301 1188 alibi
318 1155 490 1199 scriptum
502 1162 551 1189 est
569 1155 605 1188 in
616 1154 775 1189 Psalmo:
794 1155 932 1190 Multae
948 1158 1112 1191 afflictio-

116 1218 179 1239 nes
195 1206 391 1248 iustorum,
419 1207 478 1240 sed
504 1219 543 1240 ex
572 1207 740 1241 omnibus
765 1208 837 1241 illis
862 1208 1029 1243 liberabit
1053 1220 1111 1242 eos

115 1256 304 1292 Dominus.

218 1307 270 1342 Ac
294 1316 368 1344 tum
386 1322 546 1356 quoque,
574 1323 653 1345 cum
675 1312 815 1345 videtur
831 1311 926 1346 Deus
954 1312 1110 1356 neglige-

114 1372 169 1402 re,
197 1367 230 1395 et
248 1373 322 1394 non
339 1361 507 1394 adiuvare
525 1374 626 1403 suos,
654 1370 770 1396 tamen
798 1364 913 1403 adest,
941 1371 972 1397 et
999 1364 1110 1397 robur

112 1412 290 1457 impertit,
326 1424 371 1445 ne
395 1413 553 1457 oppressi
577 1414 826 1456 magnitudine
856 1415 1109 1455 calamitatum,

112 1471 172 1498 aut
209 1463 344 1497 diaboli
370 1464 510 1503 furore,
547 1476 565 1497 a
585 1463 662 1498 Deo
690 1465 868 1506 deficiant,
903 1466 994 1500 sicut
1022 1466 1109 1498 scri-

112 1522 210 1559 ptum
229 1522 296 1549 est:
325 1513 407 1547 Non
424 1514 623 1561 relinquam
645 1527 706 1549 vos
722 1514 915 1560 orphanos,
968 1515 1013 1550 Et
1032 1515 1107 1551 Ro-

111 1578 206 1600 man.
234 1566 283 1601 8,;
319 1566 475 1613 Spiritus
500 1567 644 1601 adiuvat
668 1567 909 1602 infirmitatem
939 1577 1107 1603 nostram.

110 1616 157 1652 Et
173 1615 447 1653 2.Coriml1.4.:
477 1616 771 1652 Circumferimus
789 1617 994 1653 thesaurum
1012 1618 1107 1653 hunc

111 1670 147 1702 in
177 1670 269 1702 vasis
295 1669 481 1708 fictilibus,
507 1676 544 1702 ut
568 1669 612 1703 sit
631 1670 835 1705 excellentia
862 1671 1003 1705 virtutis
1029 1669 1107 1715 Dei,

112 1728 145 1755 et
167 1733 241 1754 non
269 1733 308 1754 ex
333 1721 456 1761 nobis,
483 1721 644 1766 undique
670 1722 907 1762 tribulamur,
944 1723 1002 1755 sed
1033 1735 1105 1755 non
1132 1737 1134 1747 ·

110 1772 366 1817 opprimimur,
395 1772 579 1815 angimur,
607 1773 665 1805 sed
690 1784 763 1806 non
789 1773 990 1812 deficimus,
1015 1775 1107 1818 pati-

110 1836 192 1857 mur
217 1823 516 1867 persecutionem,
545 1824 604 1857 sed
629 1836 702 1857 non
725 1825 941 1865 deserimur,
980 1825 1106 1869 impel-

110 1876 237 1916 limur,
264 1876 321 1908 sed
341 1887 413 1907 non
432 1875 677 1910 interficimur.
726 1874 813 1909 Item
835 1888 909 1919 cap.
933 1877 1006 1911 12:
1023 1876 1105 1910 vir-

110 1934 165 1960 tus
182 1939 258 1959 mea
277 1926 313 1958 in
331 1926 537 1960 infirmitate
555 1927 746 1970 perficitur.
783 1926 829 1960 Et
847 1928 991 1961 deinde:
1013 1927 1104 1962 Cum

109 1978 298 2012 imbecillis
323 1990 418 2016 sum,
449 1985 532 2012 tunc
554 1989 630 2011 sum
658 1985 794 2022 potens.
850 1977 897 2013 Et
921 1980 1103 2024 perspicua

108 2037 159 2064 est
177 2027 263 2062 haec
281 2030 442 2062 doctrina
462 2030 497 2062 in
518 2028 657 2063 Psalmo
675 2030 904 2073 nonagesimo
926 2031 969 2064 (le
987 2038 1104 2065 custo-

109 2081 167 2115 dia
190 2081 329 2124 piorum
354 2080 389 2113 in
412 2081 485 2125 ipsa
504 2082 716 2115 tentatione:
747 2080 894 2124 Angelis
913 2082 984 2115 suis
1002 2095 1103 2116 man-

109 2132 207 2166 davit
227 2133 268 2165 de
288 2138 338 2174 te,
369 2138 407 2165 ut
426 2133 627 2166 custodiant
645 2140 678 2166 te
695 2133 732 2165 in
752 2134 919 2167 omnibus
939 2134 1005 2167 viis
1021 2135 1102 2168 tuis.

107 2182 155 2218 Et
181 2182 321 2217 Psalmo
341 2181 439 2217 117.:
468 2183 646 2228 Impulsus
671 2196 810 2218 eversus
835 2196 911 2218 sum
936 2192 975 2218 ut
1001 2187 1103 2219 cade-

108 2248 202 2275 rem,
237 2242 269 2268 et
294 2233 471 2268 Dominus
491 2236 645 2280 suscepit
668 2248 733 2269 me.
790 2234 893 2269 ltern:
920 2235 1104 2280 Castigans

106 2286 288 2329 castigavit
314 2298 368 2318 me
394 2284 589 2328 Dominus,
619 2294 651 2321 et
677 2288 784 2321 morti
805 2300 878 2321 non
907 2289 1013 2322 tradit
1035 2301 1101 2322 me.

106 2337 201 2374 Esai.
220 2339 296 2373 40.:
325 2337 377 2371 Ne
397 2337 521 2371 timeas
534 2364 542 2377 ,
572 2340 653 2385 quia
672 2351 734 2383 ego
751 2345 864 2373 tecum
883 2351 998 2375 suum.

211 2389 287 2423 Hae
312 2389 505 2423 sententiae
531 2397 564 2423 et
590 2390 721 2424 similes
743 2392 875 2424 debent
901 2392 1005 2425 nobis
1030 2403 1102 2425 esse

106 2444 145 2475 in
165 2448 372 2486 conspectu,
401 2448 441 2475 ut
462 2442 500 2474 in
522 2442 646 2475 mediis
670 2443 924 2477 afflictionibus
941 2450 973 2476 et
991 2450 1102 2476 certa—

107 2494 266 2527 minibus
284 2493 495 2526 confirment
513 2493 616 2526 fidem
643 2501 819 2536 nostram,
847 2502 879 2528 et
896 2506 960 2528 nos
976 2496 1019 2528 ad
1045 2495 1101 2527 in-
1127 2517 1128 2536 3

107 2546 330 2580 vocationem
349 2545 554 2579 exuscitent.
583 2543 856 2579 Meminerimus
876 2557 970 2590 ergo,
986 2545 1100 2580 Deum
1127 2540 1128 2549 ¹

106 2609 181 2631 non
199 2597 313 2631 solum
333 2596 445 2630 exitus
463 2597 680 2639 gubernare,
710 2598 769 2630 sed
787 2598 892 2632 etiam
918 2599 1038 2631 adesse
1063 2598 1101 2630 in

106 2648 192 2693 ipsis
218 2648 409 2693 periculis,
444 2659 580 2693 nosque
607 2647 750 2690 iuvare,
777 2649 866 2683 sicut
890 2656 922 2683 et
951 2660 1101 2695 sequens
1127 2674 1128 2680 ,

105 2700 300 2735 versiculus
316 2696 422 2733 huius
440 2698 570 2733 Psalmi
590 2700 701 2734 docet.

736 93 798 128 IX.
852 92 1218 129 COMMENTARII
1245 93 1295 128 IN
1322 91 1566 130 PSALMOS.

2080 99 2175 133 1334

1230 178 1267 213 A
1288 180 1425 214 nuncia
1441 179 1543 214 malo
1562 192 1635 214 non
1655 180 1871 226 expavescit.
1924 179 2097 217 Firmum
2117 197 2176 218 cor

1282 231 1377 271 eius,
1408 229 1590 277 confidens
1607 232 1645 266 in
1663 231 1837 268 Domino.

1280 316 1385 351 Prior
1401 330 1479 362 pars
1497 326 1547 353 est
1565 319 1765 363 promissi0‚
1784 319 1891 353 altera
1906 331 1986 363 pars
2003 328 2055 355 est
2072 333 2172 365 prae-

1177 375 1316 413 ceptum
1342 376 1375 402 et
1400 370 1560 403 doctrina
1580 371 1623 403 de
1647 370 1715 403 fide
1737 377 1768 403 et
1786 370 1884 415 quasi
1903 371 1993 404 ratio
2013 372 2171 407 αἰτιολο-

1175 418 1240 468 γία
1257 420 1545 464 promissionum.
1600 420 1684 454 Ideo
1701 421 1910 455 defendetur
1933 434 1972 454 ac
1995 422 2170 457 liberabi-

1146 471 1150 497 ¹
1177 479 1234 505 tur
1250 472 1381 511 iustus,
1408 472 1490 517 quia
1509 472 1653 506 confidit
1670 471 1839 507 Domino.
1875 471 1939 506 Est
1957 480 2073 508 autem
2091 487 2171 509 seu-

1175 523 1284 557 tentia
1302 523 1430 567 prioris
1446 524 1648 567 particulae.
1703 521 1733 556 A
1754 524 1885 557 nuncio
1903 525 1996 558 malo
2016 538 2089 559 non
2110 539 2169 560 ex-

1175 581 1351 618 pavescet,
1381 575 1416 607 id
1435 581 1504 615 est,
1531 587 1610 608 cum
1628 575 1799 608 terribilia
1824 575 1978 618 pericula
2007 577 2169 612 offerun-

1174 633 1248 665 tur,
1277 638 1348 659 non
1375 626 1598 666 succumbet,
1631 638 1703 658 non
1729 626 1883 664 deficiet,
1922 639 1995 659 non
2022 628 2169 671 langue-

1173 685 1263 716 scet,
1291 688 1329 710 ac
1354 689 1425 710 non
1452 678 1559 710 modo
1586 677 1834 710 liberationem
1861 678 2078 721 expectabit,
2108 682 2167 713 sed

1172 729 1276 761 etiarn
1291 728 1329 760 in
1346 728 1422 772 ipso
1439 740 1551 772 agone
1568 728 1797 761 adiuvabitur
1821 735 1852 760 et
1871 729 2036 771 erigetur.
2092 730 2168 764 Sic-

1171 787 1209 813 ut
1223 778 1355 813 Moises
1374 792 1452 813 cum
1472 786 1577 813 staret
1595 780 1636 812 ad
1657 791 1752 811 mare
1769 779 1931 819 rubrum,
1959 780 2166 826 videretque

1171 831 1348 874 ingentem
1369 828 1524 864 hostium
1546 830 1735 864 exercitum
1761 842 1777 862 a
1807 836 1903 873 tergo
1927 830 2077 873 instare,
2105 845 2169 865 nec

1170 890 1286 927 posset
1312 882 1482 926 effugere,
1519 879 1602 915 hinc
1627 881 1735 921 mari,
1772 881 1871 914 illinc
1905 882 2088 916 montibus
2113 895 2167 916 se-

1168 941 1266 978 thS‚
1304 934 1340 966 iu
1366 940 1464 967 tanto
1491 933 1650 978 periculo
1684 945 1762 965 cum
1793 932 1946 979 populus
1972 935 2166 978 expavisset

1168 992 1200 1019 et
1226 997 1313 1029 pene
1338 985 1521 1018 abiecisset
1550 996 1693 1018 omnem
1728 995 1825 1028 spem
1850 984 1992 1023 salutis,
2031 984 2164 1020 Moises

1167 1043 1284 1069 tamen
1311 1037 1438 1071 retinet
1462 1036 1586 1076 fidem,
1613 1043 1645 1069 et
1671 1035 1874 1068 consolatur
1899 1047 1976 1076 eos,
2012 1047 2075 1069 nec
2104 1049 2164 1070 ex—

1166 1088 1320 1132 pavescit
1347 1100 1365 1121 a
1391 1088 1484 1121 malo
1508 1087 1662 1125 nuncio,
1689 1098 1751 1119 nec
1777 1085 1947 1120 formidat
1964 1087 2165 1121 venientem

1166 1139 1368 1174 exercitum.
1431 1138 1554 1184 Itaque
1587 1150 1664 1172 cum
1704 1138 1809 1170 fidem
1841 1137 2026 1179 retineret,
2070 1139 2164 1173 Deus

1165 1191 1270 1224 etiam
1297 1203 1376 1224 eum
1402 1191 1606 1230 confirmat,
1636 1195 1667 1221 et
1695 1189 1786 1222 viam
1812 1189 1975 1232 patefacit
2003 1202 2064 1233 per
2090 1203 2164 1224 me-

1167 1242 1265 1275 dium
1285 1254 1392 1277 mare.

1267 1299 1344 1336 Etsi
1370 1308 1486 1335 autem
1513 1313 1585 1333 non
1612 1307 1694 1334 sunt
1712 1300 1845 1332 similes
1861 1300 2022 1333 omnium
2048 1307 2162 1335 tenta-

1163 1353 1296 1394 tiones,
1334 1360 1451 1387 tamen
1477 1359 1615 1395 oportet
1641 1351 1801 1394 singulos
1829 1358 1969 1395 paratos
1995 1364 2088 1390 esse,
2123 1360 2162 1386 ut

1164 1405 1232 1437 fide
1259 1404 1434 1448 excipiant
1458 1410 1610 1437 terrores
1628 1410 1661 1436 et
1681 1402 1835 1446 pericula
1854 1413 1942 1446 quae
1962 1403 2047 1445 ipsis
2068 1403 2161 1436 obii-

1162 1456 1322 1495 ciuntur,
1368 1455 1459 1488 sicut
1493 1454 1626 1487 Moises
1670 1465 1730 1487 sua
1768 1453 1924 1497 pericula
1961 1454 2097 1498 excepit
2126 1462 2160 1489 et

1162 1506 1258 1542 vicit.

1265 1567 1434 1612 Sequitur
1458 1562 1675 1612 αἰτιολογία.
1738 1564 1821 1597 Ideo
1854 1577 1926 1598 non
1961 1567 2158 1609 expavescit

1160 1619 1293 1657 iustus,
1323 1618 1405 1663 quia
1424 1617 1570 1650 confidit
1586 1615 1753 1650 Domino.
1810 1615 1877 1648 Hic
1895 1629 2054 1660 expresse
2072 1630 2158 1651 con-

1162 1670 1325 1703 cionatur
1343 1670 1385 1702 de
1403 1668 1471 1701 fide
1489 1674 1523 1701 et
1545 1668 1587 1700 de
1603 1678 1678 1711 spe:
1709 1673 1757 1699 est
1781 1673 1896 1699 autem
1924 1665 2009 1701 haec
2026 1669 2159 1703 doctri-

1162 1733 1204 1753 na
1222 1731 1366 1765 prorsus
1383 1720 1501 1762 ignota
1521 1716 1697 1751 humanae
1716 1718 1859 1751 rationi.
1911 1718 2004 1761 Quia
2024 1720 2060 1752 in
2080 1721 2156 1753 ani-

1161 1772 1227 1804 mis
1252 1771 1413 1804 omnium
1434 1768 1643 1809 hominum,
1673 1769 1709 1801 in
1737 1767 1802 1802 hac
1825 1769 2028 1803 infirmitate
2054 1779 2157 1806 natu-

1160 1836 1219 1856 rae
1237 1820 1358 1856 haeret
1376 1823 1500 1865 ingens
1517 1821 1693 1854 dubitatio
1709 1822 1751 1854 de
1770 1821 1952 1854 voluntate
1969 1820 2046 1856 Dei.
2083 1822 2156 1857 Aut

1161 1875 1254 1907 enim
1272 1874 1386 1907 securi
1405 1871 1540 1907 hahent
1554 1872 1743 1917 opiniones
1760 1870 1965 1916 Epicureas,
1997 1886 2069 1906 non
2085 1881 2155 1908 sta-

1160 1933 1266 1959 tuunt
1282 1924 1357 1958 Deo
1383 1936 1486 1958 curae
1514 1935 1585 1957 esse
1603 1936 1656 1956 res
1678 1921 1870 1963 humanas,
1900 1936 1962 1956 nec
1981 1925 2154 1958 invocan-

1160 1985 1209 2012 tes
1228 1976 1331 2010 aDeo
1348 1976 1485 2021 respici,
1510 1975 1601 2008 sicut
1627 1975 1758 2009 multae
1778 1975 1814 2007 in
1833 1972 1924 2007 hanc
1942 1978 2151 2010 sententiam

1159 2028 1398 2062 dubitationes
1414 2029 1450 2060 in
1472 2027 1642 2071 poematis
1659 2027 1843 2069 leguntur,
1861 2026 1975 2071 qualis
1994 2035 2042 2061 est
2059 2030 2152 2072 apud

1159 2078 1351 2113 Ovidium:
1409 2078 1594 2113 Sollicitor
1628 2078 1748 2110 nullos
1785 2089 1857 2110 esse
1889 2085 2013 2122 putare
2048 2078 2152 2114 Deos.

1158 2132 1232 2164 Alii
1259 2143 1342 2164 vero
1366 2129 1626 2175 perterrefacti,
1653 2130 1714 2174 qui
1739 2129 1896 2162 sentiunt
1920 2140 1956 2161 se
1979 2130 2152 2164 divinitus

1159 2183 1298 2227 puniri,
1328 2183 1364 2215 in
1390 2182 1582 2226 pavoribus
1608 2181 1765 2213 fremunt
1790 2181 1957 2213 adversus
1978 2181 2148 2215 iudicium

1157 2234 1240 2275 Dei,
1266 2234 1426 2268 iudicant
1444 2245 1479 2267 se
1496 2232 1650 2266 abiectos
1673 2243 1758 2271 esse,
1787 2238 1819 2264 et
1837 2229 2059 2265 horribiliter
2079 2234 2148 2266 ira·

1156 2292 1304 2320 scuntur
1327 2284 1422 2326 Deo,
1449 2296 1521 2318 non
1547 2290 1705 2317 statuunt
1731 2283 1797 2315 sibi
1822 2282 1974 2325 ignosci,
2003 2295 2066 2316 nec
2093 2297 2151 2317 ex-

1156 2344 1297 2382 pectant
1320 2337 1492 2370 auxilium
1521 2347 1538 2368 a
1558 2333 1644 2368 Deo.
1697 2333 1796 2366 Talis
1817 2340 1866 2366 est
1891 2334 2002 2378 caligo
2024 2332 2150 2368 huma-

1155 2401 1221 2423 nae
1246 2389 1391 2428 meutis,
1417 2388 1507 2421 sicut
1533 2385 1619 2420 Saul
1643 2385 1822 2418 iudicabat
1849 2397 1883 2418 se
1909 2386 2086 2419 desertum
2115 2394 2147 2420 et

1155 2441 1330 2474 abiectum
1373 2451 1446 2474 esse
1483 2450 1500 2471 a
1531 2437 1628 2481 Deo,
1671 2448 1710 2469 ac
1752 2437 1942 2481 desperans
1976 2437 2147 2471 auxilium

1154 2492 1271 2537 periit.

1257 2542 1353 2575 Haec
1373 2541 1531 2586 exempla
1549 2539 1698 2583 intelligi
1725 2546 1886 2583 possunt:
1917 2548 2058 2575 econtra
2087 2554 2147 2575 ve-

1126 2599 1129 2605 “
1154 2608 1211 2636 ro,
1240 2594 1326 2639 quid
1354 2593 1398 2626 sit
1426 2593 1529 2633 fides,
1556 2591 1647 2625 ratio
1672 2591 1747 2623 sine
1770 2591 1879 2624 verbo
1901 2589 1967 2624 Dei
1993 2599 2026 2626 et
2043 2593 2148 2637 spiri-

1154 2646 1242 2680 tuali
1260 2645 1397 2679 lumine
1422 2656 1495 2678 non
1521 2643 1699 2686 intelligit.
1756 2641 1839 2675 Ideo
1857 2639 2060 2688 hypocritae
2085 2645 2149 2677 da-

1126 2683 1129 2729 Ῐ
1155 2704 1278 2731 mnant
1303 2696 1502 2730 doctrinam
1532 2696 1575 2728 de
1599 2694 1685 2735 fide,
1722 2694 1808 2740 quia
1836 2705 1908 2727 non
1934 2694 2149 2739 intelligunt,

1589 2743 1670 2779 84*
