2379 2948
226 73 297 108 899
812 65 938 103 PHIL.

966 64 1082 102 MEL
1108 64 1315 102 SCRIPTA
1341 63 1646 101 EXEGETICA.

2168 68 2243 102 900

230 157 358 188 fictum
376 160 415 186 st
409 152 504 186 ibit
496 164 531 184 m
557 150 642 183 illo
634 161 708 192 ipso
726 149 803 181 loco
820 146 1034 189 Cherubim,
1058 148 1119 194 qui
1136 148 1242 181 sue-¹
1239 166 1242 202 !
1268 160 1349 182 nem
1367 155 1427 182 aut
1445 147 1707 182 restitutionem
1726 147 1826 181 urbis
1843 147 1998 194 lerosol)
2002 161 2087 192 mae,
2113 153 2251 198 templi,

232 212 284 238 rit
309 205 406 238 sedes
429 203 513 243 Dei,
549 209 587 234 ut
611 206 746 233 constat
765 211 805 232 ex
822 197 882 233 25.
905 212 978 244 cap.
1001 198 1113 233 Exod
1107 224 1127 237 ,
1153 210 1214 232 seu

233 256 346 289 cultus
372 255 413 287 ad
442 254 542 285 illum
566 252 680 284 locum
705 257 736 284 et
754 250 948 292 invocatio,
975 262 1063 296 quae
1079 250 1116 283 fit
1135 261 1215 283 cum

233 304 443 339 contumelia
462 302 542 335 Filii
562 300 648 342 Dei,
680 301 745 334 erit
767 301 903 335 idolum
920 309 953 336 et
968 313 1022 334 res
1039 302 1216 334 damnata.

235 357 336 390 Nunc
366 351 454 398 proh
479 353 583 386 dolor
605 364 677 385 non
702 352 844 385 difficile
863 352 1091 396 estjexempla
1115 363 1215 384 mon-

237 414 345 439 strare
364 405 399 437 in
422 404 578 448 templis,
606 404 643 436 in
662 403 884 436 invocatione
907 410 1128 436 mortuorum
1151 399 1217 434 ho-

235 457 368 489 minum
393 462 425 488 et
450 452 731 500 prophanatione
763 453 900 487 Coenae
924 452 1087 493 Domini,
1122 450 1217 485 haud

235 507 341 540 dubie
358 506 524 539 coluntur
540 512 573 538 et
589 505 799 538 invocantur
815 505 907 538 idola
919 532 927 544 ,
953 516 1040 549 quae
1056 510 1138 536 sunt
1154 514 1218 547 po-

235 559 299 591 sita
318 558 355 589 in
374 555 560 600 praecipuo
577 556 673 596 loco,
700 555 734 588 id
754 562 814 594 est,
841 562 923 588 sunt
940 553 1118 598 praecipui
1138 553 1218 587 cul-

236 616 291 642 tus
311 608 348 640 in
369 607 507 650 templis
528 604 684 640 hostium
703 605 897 649 Evangelii.

338 656 416 691 Erit
433 657 585 691 atrocior
601 663 674 691 tota
691 654 774 690 haec
792 656 918 698 Angeli
935 656 1069 696 concio,
1095 655 1124 688 si
1142 653 1220 700 quis

236 709 401 753 cogitabit
424 715 531 742 totam
551 708 821 751 descriptionem
845 708 887 740 de
911 705 1162 751 propiciatorio
1188 712 1221 738 ct

236 773 325 794 arca.

237 812 330 855 pios,
365 821 469 855 quam
497 808 607 853 pollui
636 806 725 841 hanc
750 820 867 841 veram
892 808 958 841 Dei
989 809 1127 846 sedem,
1159 806 1222 840 ubi

235 861 331 895 Deus
356 859 561 904 promiserat
587 866 680 892 certo
711 871 745 892 se
771 859 1017 892 exauditurum
1043 870 1114 891 esse
1142 865 1222 891 vota
1247 882 1250 892 .

237 911 359 956 populi
380 910 445 945 sui.

336 960 408 995 Cur
448 960 610 994 nominat
650 959 949 993 abominationem
991 959 1223 994 vastatricem.

238 1011 372 1046 L'sitata
390 1012 498 1055 figura
520 1018 570 1044 est
587 1009 746 1051 Ebraeis,
777 1011 912 1044 idolum
941 1022 1063 1044 vocare
1085 1010 1223 1043 abomi-

238 1063 420 1096 nationem
438 1074 497 1095 seu
514 1059 721 1109 βδέλυχαα,
752 1061 785 1094 id
805 1068 865 1099 est,
886 1073 972 1100 rem,
1001 1073 1107 1106 quam
1129 1060 1223 1093 Deus

239 1120 417 1147 execratur
450 1120 483 1146 et
515 1114 670 1148 damnat.
730 1110 777 1146 Et
805 1119 984 1146 execratur
1017 1124 1055 1145 ac
1081 1113 1224 1145 damnat

241 1165 338 1203 ideo,
366 1163 447 1208 quia
475 1163 506 1196 ei
532 1163 619 1196 falso
646 1163 815 1197 tribuitur
840 1160 954 1196 honos
974 1162 1049 1195 Deo
1072 1163 1225 1196 debitus.
1249 1188 1251 1195 ⁴

239 1213 287 1248 [ξι
311 1215 423 1258 cogita
453 1220 603 1248 statuam
629 1213 785 1256 Mariae,
819 1214 939 1258 quales
967 1213 1095 1246 multas
1119 1213 1224 1246 multi
1250 1224 1252 1234 *

463 1266 506 1298 ad
532 1277 637 1310 quam
661 1264 902 1302 concurritur,
936 1271 969 1298 et
993 1264 1156 1307 alligatur
1180 1264 1223 1296 ad
1250 1257 1252 1270 ”
1330 1305 1337 1312 ι
1360 1305 1368 1312 ⁹
1390 1305 1397 1311 ι
1566 1305 1573 1311 .
1707 1305 1715 1312 ⁶
1912 1306 1919 1312 ι

241 1328 315 1349 eam
332 1328 393 1349 seu
409 1314 545 1349 Mariae
562 1328 622 1348 seu
639 1313 705 1348 Dei
724 1315 919 1360 praesentia
938 1321 1060 1348 contra
1075 1315 1223 1348 manda·
1250 1318 1252 1354 j
1279 1312 1439 1350 q1¹¹S¹1¹02
1465 1305 1503 1339 fit
1518 1317 1611 1337 emm
1628 1312 1760 1348 grassor
1776 1312 1809 1339 et
1825 1306 1964 1339 dulcwr
1982 1307 2084 1340 lectio
2101 1305 2260 1352 Prophe-

468 1365 522 1399 lbi
543 1372 686 1410 putatur
710 1377 769 1399 seu
789 1364 884 1398 Deus
903 1366 1010 1408 magis
1036 1365 1224 1409 propicius,
1250 1369 1252 1407 ξ

1251 1415 1252 1423 ’
1278 1414 1347 1440 tem
1365 1407 1406 1438 ad
1425 1406 1588 1439 alendam
1607 1406 1769 1449 pietatem
1786 1407 1964 1442 conducit.

240 1265 405 1299 viderunt
420 1292 428 1306 ,

240 1373 313 1400 tum
337 1366 412 1402 Dei.

240 1429 301 1450 seu
317 1416 432 1450 Maria
448 1417 636 1460 benignius
654 1416 776 1450 audire
796 1427 913 1460 preces
924 1443 932 1456 ‚
960 1428 1102 1460 quoquo
1118 1415 1224 1448 modo

240 1465 326 1500 haec
350 1467 533 1508 fucantur,
571 1467 685 1501 cultus
715 1473 764 1500 est
789 1466 919 1510 impius
943 1473 976 1500 et
996 1467 1182 1500 damnatus
1206 1477 1224 1498 a
1250 1488 1252 1509 3

240 1518 331 1552 Deo.
385 1517 474 1551 Tale
496 1518 630 1551 idolum
655 1524 687 1551 et
711 1517 789 1551 talis
809 1517 923 1550 cultus
945 1523 994 1550 est
1015 1514 1225 1564 βδέλυγμα,

240 1619 418 1653 invocatio
436 1630 509 1652 non
524 1625 615 1652 recte
630 1618 667 1652 fit
685 1619 728 1651 ad
746 1617 871 1653 Deum.
922 1616 1084 1652 Recitavi
1107 1629 1224 1650 exem-

240 1670 358 1714 plum,
379 1676 418 1704 ut
433 1669 594 1703 vocabuli
612 1681 694 1703 usus
713 1669 820 1711 magis
838 1668 988 1712 intelligi
1008 1668 1129 1712 possit.

340 1719 414 1754 Cur
451 1727 566 1754 autem
603 1720 702 1753 addit
746 1717 942 1766 βδέλυγμα
985 1715 1251 1765 ἐρηλιιώσεωςῗη

243 1769 450 1804 Ebraismus
467 1778 529 1810 est,
547 1777 579 1804 et
599 1770 806 1813 significatio
823 1770 976 1810 effectus,
997 1770 1095 1814 quasi
1115 1770 1223 1802 dicat:

245 1820 382 1855 {dolum
399 1829 558 1862 vastans,
586 1822 666 1866 quia
693 1821 829 1854 idolum
852 1821 1005 1864 positum
1031 1820 1068 1853 in
1091 1820 1223 1864 templo

244 1870 478 1918 lerosolymae
505 1878 581 1916 post
605 1871 896 1905 resurrectionem
921 1871 987 1905 fuit
1006 1870 1145 1914 signum
1161 1883 1224 1904 va-

243 1922 402 1956 stationis
434 1930 466 1956 et
493 1922 684 1956 eversionis
716 1922 823 1956 totius
856 1922 976 1965 templi
1003 1928 1035 1955 et
1068 1922 1221 1965 politiae.

242 1971 376 2016 Impius
392 1973 505 2007 cultus
521 1980 593 2006 erat
610 1985 710 2006 causa
728 1973 865 2006 excidii.
916 1971 1091 2006 Externae
1107 1973 1224 2017 profa-

241 2024 403 2057 nationes
429 2024 573 2057 suerunt
602 2024 700 2066 signa
731 2023 867 2058 excidii.
931 2022 1112 2066 Intelligas
1142 2035 1223 2066 ergo

240 2071 435 2121 βδέλυγμα
449 2069 664 2120 ἐρημώσεως
676 2085 748 2107 rem
762 2074 974 2113 damnatam,
993 2074 1223 2110 vastatricem.

344 2124 409 2159 Est
431 2132 547 2159 autern
570 2125 716 2158 vastatio
734 2123 879 2167 duplex:
905 2122 1008 2156 Prior
1032 2125 1223 2165 doctrinae,

243 2176 472 2219 opinionum,
500 2175 743 2209 invocationis,
784 2174 904 2207 Altera
921 2174 1095 2218 posterior
1110 2187 1221 2218 poena

243 2227 328 2270 ipsa,
356 2226 486 2259 scilicet
502 2226 645 2259 exitium
663 2225 794 2270 populi.
848 2223 896 2259 Ut
916 2224 945 2257 si
964 2225 1072 2258 dicas:
1100 2225 1222 2260 Statua

244 2276 379 2310 Mariae
416 2283 466 2311 est
507 2277 672 2310 vastatrix
708 2275 862 2321 primum
900 2287 1000 2308 verae
1041 2276 1222 2310 doctrinae

244 2329 286 2360 de
313 2325 454 2361 Christo
491 2327 703 2368 mediatore,
745 2327 788 2360 de
825 2326 1048 2359 invocatione
1077 2325 1221 2363 Christi.

243 2378 364 2411 Postea
396 2378 499 2412 etiam
526 2376 669 2412 attrahit
695 2389 844 2421 poenas,
879 2377 967 2410 sicut
993 2374 1087 2410 haud
1113 2379 1221 2411 dubie

243 2440 364 2470 regna,
399 2441 486 2474 quae
517 2429 656 2462 titulum
688 2428 863 2462 Ecclesiae
894 2425 1043 2471 habent,
1078 2436 1221 2472 propter

245 2478 476 2512 idolomanias
498 2486 704 2513 evertuntur
720 2487 753 2513 et
768 2486 887 2513 ruunt.

1240 193 1454 249 {sacerdotii
1487 198 1636 232 Levitici
1671 205 1704 233 et
1739 198 1882 242 politiae
1917 197 2089 236 Iudaicae.

1241 283 1244 314 l

382 757 479 793 Nihil
498 758 613 802 potuit
629 759 696 791 dici
717 765 776 791 aut
798 758 943 801 cogitari
968 757 1102 790 tristius
1127 757 1220 801 apud
1248 768 1249 775 ¹

2149 203 2183 237 H
2207 216 2230 237 n

1269 262 1321 294 pr
1313 250 1545 284 sedictionem
1556 249 1762 292 comprobat
1777 256 1921 282 eventus
1938 249 2006 283 iarn
2018 262 2129 286 annos
2142 216 2253 291 14870c.

1272 301 1310 333 ld
1335 308 1472 345 tempus
1496 300 1678 345 aliquanto
1705 300 1844 344 longius
1862 307 1930 341 est,
1958 313 2061 345 quam
2081 309 2218 348 tempus
2234 318 2252 338 a

1270 349 1425 392 Davide,
1461 351 1521 397 qui
1545 351 1637 395 cepit
1661 362 1794 392 arcem,
1832 357 1866 384 et
1887 351 2047 384 condidit
2079 353 2253 390 civitatem

1272 400 1479 443 Ierusalem,
1513 413 1623 447 usque
1646 402 1690 435 ad
1719 401 1935 435 eversionem
1959 413 1978 434 a
2005 401 2089 437 Tito
2118 405 2256 439 factam.

1244 467 1245 480 ι
1271 451 1363 486 Sunt
1386 453 1480 486 enim
1505 452 1590 485 anni
1614 465 1632 486 a
1654 452 1790 487 Davide
1814 453 1859 486 ad
1883 450 1975 486 hanc
1999 455 2217 489 eversionem
2235 467 2256 490 a

1273 502 1356 537 'rito
1374 504 1499 537 factam
1518 502 1625 538 1150.

1375 585 1526 619 Tradidi
1549 586 1806 620 enarrationem
1831 584 1936 621 huius
1958 586 2135 621 utilissimi
2163 590 2258 634 capi-

1273 636 1328 677 tis,
1356 643 1390 670 et
1407 643 1605 681 temporum
1622 637 1903 679 subductionem,
1925 650 2030 683 quam
2048 639 2148 683 potui
2164 652 2259 675 nunc

1275 688 1418 732 quidem
1444 687 1591 720 minime
1611 687 1828 729 intricatam,
1855 701 1959 733 quam
1984 696 2101 723 tamen
2126 690 2258 725 iudicio

1275 739 1497 772 eruditorum
1515 738 1667 772 libenter
1682 738 1865 782 permitto,
1893 752 1979 784 quos
1997 752 2101 784 rogo,
2128 748 2166 774 ut
2183 748 2256 776 stu-

1276 789 1375 822 dium
1393 801 1510 823 meum
1526 789 1612 822 boni
1630 789 1828 823 consulant.
1862 789 1941 823 Non
1958 792 2109 825 multum
2127 792 2259 826 discre-

1278 846 1337 884 pat
1352 837 1437 873 haec
1452 840 1658 880 subductio,
1681 851 1786 884 quam
1811 841 1973 898 exposui,
2000 842 2043 875 ab
2068 854 2125 884 ea,
2152 855 2258 888 quam

1277 890 1490 924 clarissimus
1513 890 1567 923 vir
1587 889 1629 923 D.
1649 887 1827 924 Lutherus
1853 891 1889 923 in
1911 889 2090 926 Chronico
2115 905 2179 927 suo
2204 906 2260 927 re-

1277 948 1410 982 censet,
1438 941 1497 986 qui
1514 952 1625 974 annos
1641 941 1769 985 partim
1787 942 1881 975 iuxta
1899 939 2104 984 Philonem,
2132 944 2260 987 partim

1277 993 1372 1025 iuxta
1398 968 1530 1025 librum
1546 991 1820 1025 Macabaeorum
1847 992 2039 1026 distribuit.
2090 971 2180 1028 Cum
2197 1007 2260 1029 au—

1277 1050 1348 1077 tem
1371 1042 1506 1076 videbit
1528 1043 1640 1076 lector
1665 1043 1736 1075 fere
1760 1054 1954 1086 congruere
1970 1044 2013 1076 ad
2039 1056 2118 1078 eum
2136 1057 2261 1079 nume-

1277 1106 1375 1134 rum,
1400 1093 1612 1134 testimonia,
1640 1105 1728 1138 quae
1745 1100 1778 1127 et
1797 1105 1861 1127 nos
1877 1105 1917 1127 ex
1935 1091 2092 1128 historiis
2109 1096 2261 1130 certissi-

1277 1145 1344 1177 mis
1368 1143 1577 1184 adiecimus,
1604 1141 1776 1177 consensu
1793 1144 2012 1187 movebitur,
2031 1157 2075 1179 ne
2092 1143 2154 1179 has
2179 1158 2263 1191 sup-

1278 1195 1478 1239 putationes
1493 1201 1710 1239 aspernetur.

1379 1253 1528 1287 Prodest
1551 1261 1668 1287 autem
1693 1254 1859 1288 studiosis
1883 1252 1967 1289 haec
1991 1262 2189 1300 temporum
2206 1257 2262 1290 in-

1278 1363 1410 1396 tarum,
1437 1367 1517 1388 cum
1542 1355 1766 1388 mediocriter
1795 1356 2060 1399 intelliguntur,
2088 1355 2172 1391 haec
2198 1370 2262 1391 au-

2005 1406 2145 1441 Deinde
2163 1408 2261 1443 iuvat

1279 1456 1500 1490 considerare
1526 1453 1594 1489 hoc
1619 1456 1804 1489 consilium
1822 1455 1888 1490 Dei
1911 1457 1954 1490 de
1978 1470 2125 1491 numero
2149 1471 2263 1493 anno-

1278 1520 1356 1541 rum
1381 1514 1413 1540 et
1438 1508 1480 1540 de
1505 1507 1640 1540 excidio
1665 1507 1831 1542 revelato.
1884 1506 1995 1540 Nobis
2012 1515 2089 1552 post
2104 1521 2260 1543 eversam
2300 1531 2303 1532 ν

241 1569 277 1601 id
295 1575 362 1607 est,
389 1580 443 1601 res
461 1569 625 1601 damnata
642 1580 660 1601 a
680 1567 765 1608 Deo,
792 1568 925 1601 acideo
943 1569 1117 1608 damnata,
1142 1567 1223 1612 quia
1250 1577 1252 1588 ·
1281 1557 1528 1602 ῙΕΓΟΞΟῙΥΥὈΘΥΠ
1547 1557 1764 1600 ΡΓΟΡΟΒῘΠΠὈ
1783 1564 1834 1592 est
1851 1564 1983 1591 certum
2009 1559 2262 1601 ῐθδῑῖῐῐῑθῐῑῖῦῐῃ,

1250 1613 1252 1616 “
1279 1609 1375 1653 quod
1395 1609 1495 1641 docet
1511 1607 1677 1641 Messiam
1696 1605 1892 1643 exhibitum
1909 1621 1992 1650 esse,
2019 1610 2065 1643 ita
2087 1610 2164 1654 pios
2180 1618 2261 1645 ante

1278 1666 1401 1693 natum
1426 1656 1606 1692 Christum
1630 1670 1799 1692 numerus
1829 1670 2006 1693 annorum
2039 1661 2261 1703 admonebat,

1279 1722 1349 1755 quo
1366 1709 1438 1743 fere
1455 1716 1613 1754 tempore
1629 1707 1798 1743 Messiam
1815 1710 1925 1743 visuri
1945 1718 2069 1744 essent.

1370 1767 1572 1812 Cogitemus
1589 1775 1704 1801 autem
1720 1769 1942 1812 gravissimas
1957 1782 2028 1803 esse
2044 1782 2175 1812 causaS‚
2198 1783 2262 1805 cur

1278 1819 1372 1853 Deus
1398 1817 1461 1852 hac
1487 1825 1583 1852 tanta
1607 1820 1649 1852 de
1674 1831 1730 1859 re,
1757 1820 1801 1853 de
1817 1819 1901 1853 Filii
1925 1821 2109 1861 missione,
2135 1820 2260 1855 Eccle-

1279 1871 1364 1902 siam
1388 1870 1540 1903 voluerit
1568 1877 1696 1903 certam
1728 1881 1812 1905 esse.
1873 1870 1992 1904 Simus
2023 1872 2130 1914 grati,
2163 1874 2259 1916 quod

1277 1920 1409 1954 Filium
1436 1919 1612 1959 exhibuit,
1639 1921 1732 1964 quod
1756 1919 1946 1954 Ecclesiam
1972 1919 2027 1954 his
2043 1922 2262 1959 ,testimoniis

1277 1971 1509 2006 confirmavit.
1571 1970 1817 2004 praedicemus
1840 1972 2066 2013 beneficium,
2101 1973 2261 2018 inquira-

1277 2033 1356 2055 mus
1370 2021 1583 2060 testimonia,
1609 2021 1828 2055 conferamus
1843 2019 2019 2061 historias,
2046 2030 2084 2057 ut
2102 2024 2260 2058 testimo-

1277 2073 1334 2105 nia
1353 2073 1437 2106 fiant
1454 2072 1661 2112 illustriora,
1688 2068 1755 2105 hoc
1770 2072 1926 2106 studium
1944 2080 2036 2107 certe
2051 2074 2128 2118 pios
2149 2075 2259 2112 decet.

1276 2121 1323 2156 Et
1349 2124 1502 2167 ipsarum
1530 2120 1757 2156 historiarum
1781 2135 1819 2156 ac
1842 2130 2040 2168 temporum
2059 2125 2165 2158 series
2179 2126 2259 2159 obi-

1275 2180 1329 2207 ter
1350 2175 1461 2208 multa
1489 2174 1533 2206 de
1557 2172 1778 2217 providentia
1804 2174 1943 2215 divina,
1979 2176 2022 2207 de
2046 2176 2168 2219 poenis
2189 2176 2257 2209 im-

1276 2225 1436 2269 piorum,
1463 2226 1506 2258 de
1522 2221 1698 2257 Ecclesiae
1719 2224 1850 2264 forma,
1877 2226 2054 2259 aerumnis
2077 2233 2110 2261 et
2134 2227 2257 2260 defen·

1274 2275 1373 2309 sione
1394 2281 1523 2309 monet.
1576 2273 1671 2307 Haec
1696 2275 1851 2319 exempla
1876 2274 1971 2309 Deus
1995 2277 2070 2311 vult
2094 2277 2255 2311 conside-

1275 2326 1365 2367 rari,
1393 2332 1431 2359 ut
1452 2335 1519 2359 'nos
1545 2327 1588 2358 de
1614 2325 1734 2358 multis
1757 2326 1893 2369 magnis
1908 2327 2013 2360 rebus
2035 2328 2256 2369 admoneant,

1275 2377 1363 2410 sicut
1379 2376 1537 2410 Psalmus
1564 2376 1693 2421 inquit.
1746 2375 1906 2422 Denique
1932 2389 2004 2411 non
2025 2385 2118 2411 retro
2136 2378 2255 2412 animo

1273 2428 1386 2470 legere
1404 2435 1437 2461 et
1452 2427 1682 2471 contemplari
1700 2439 1815 2460 rerum
1834 2428 1943 2468 initia,
1960 2426 2135 2462 Ecclesiae
2151 2440 2253 2462 exor-

1273 2478 1388 2516 dium,
1425 2478 1655 2519 mutationes,
1696 2478 1984 2518 instaurationes,
2023 2479 2252 2521 gubernatio·

343 2528 499 2573 Sequens
517 2531 683 2573 particula
700 2530 824 2574 repetit
840 2530 1066 2570 sententiam,
1092 2529 1218 2562 videli-
1242 2553 1244 2584 Ι
1272 2542 1362 2569 nem,
1389 2541 1461 2562 non
1482 2530 1640 2563 conferre
1658 2535 1813 2572 tempora
1833 2530 2039 2572 depravatae
2057 2529 2250 2573 religionis,

240 2586 308 2612 cet:
326 2577 414 2612 Cum
433 2587 508 2623 post
524 2587 642 2614 natum
654 2580 818 2614 Messiam
834 2587 1006 2613 evertetur
1023 2581 1106 2614 urbs
1122 2579 1217 2614 Iero-
1241 2587 1243 2624 ξ

1269 2581 1312 2613 ad
1335 2580 1577 2625 antiquitatem
1603 2592 1705 2613 verae
1738 2580 1931 2618 doctrinae,

1967 2580 2176 2622 negligentia
2199 2587 2251 2616 est

239 2630 383 2676 solyma,
408 2641 587 2675 nunquam
603 2639 718 2675 postea
734 2632 887 2666 futuram
902 2631 1216 2666 esse·instauratio-
1239 2625 1243 2673 ξ
1267 2631 1457 2665 admodum
1477 2632 1706 2675 vituperanda
1722 2631 1758 2663 in
1777 2628 1920 2663 homine
1937 2630 2085 2664 literato.
