2379 2948
181 91 255 128 307

185 174 354 220 qualium.
404 173 493 206 Nam
520 183 621 205 causa
648 181 710 213 per
731 167 912 209 accidens,
945 167 1058 211 reipsa
1091 178 1164 199 non

186 231 236 258 est
259 235 378 262 causa,
413 224 472 256 sed
498 223 547 255 sic
576 226 718 263 propter
743 219 919 263 quandam
950 217 1166 251 vicinitatem

186 275 401 318 adpellatur,
434 279 472 306 ut
501 272 590 303 infra
627 270 752 302 dicam.
811 268 923 302 Causa
953 280 1017 311 per
1048 279 1083 300 se
1118 273 1168 300 est

188 326 328 369 proprie
344 334 455 356 causa.
507 319 568 353 Est
588 327 702 353 autem
722 318 801 352 talis
817 330 936 357 causa,
964 331 1031 363 qua
1054 318 1168 360 posita

188 377 225 407 in
252 381 348 413 actu,
382 382 517 404 necesse
546 376 596 403 est
626 369 725 414 sequi
755 369 935 409 effectum,
972 368 1168 402 coniunctis

188 425 352 458 omuibus
368 433 430 465 per
446 432 480 453 se
498 420 620 460 causis,
646 427 680 454 et
697 432 765 464 qua
783 432 855 453 non
872 419 996 463 posita,
1025 431 1098 451 non
1116 430 1167 450 se-

188 474 308 519 quitur
324 473 475 505 effectus.
527 468 660 515 Estque
681 477 739 503 aut
755 482 834 514 pars
853 470 924 510 rei,
949 476 989 503 ut
1012 469 1169 507 materia,

187 530 245 557 aut
271 524 402 560 forma,
427 528 485 555 aut
510 533 570 554 sua
587 521 621 553 vi
646 532 750 563 agens
771 521 928 564 aliquid,
955 526 995 553 ut
1010 520 1069 553 fiat
1087 518 1170 551 effe-

187 581 271 614 ctus,
298 580 338 607 ut
355 573 506 605 efficiens
523 583 585 605 sua
600 572 717 616 aliqua
735 571 870 604 actione
888 571 990 603 efficit
1005 580 1104 613 opus,
1131 574 1170 600 ut

187 624 278 668 ignis
299 624 403 657 efficit
426 623 576 656 calorem
603 622 640 654 in
665 633 810 664 corpore
833 622 986 654 admoto.
1035 618 1170 652 Finalis

187 681 305 708 movet
320 674 545 714 efficientem,
571 679 609 706 ut
628 672 814 705 consilium
834 672 877 704 de
899 670 1070 704 servanda
1097 669 1168 702 vita

188 731 303 758 movet
325 730 548 769 quaerentem
567 723 719 755 remedia
737 721 904 755 vulneris.

289 783 402 815 Causa
428 793 489 825 per
512 781 672 813 accidens
700 787 770 821 est,
801 791 869 824 qua
891 778 1003 822 posita
1027 777 1064 809 in
1080 783 1169 815 actu,

187 846 261 867 non
276 843 414 866 necesse
431 838 481 864 est
497 831 594 874 sequi
613 830 783 863 effectum.
833 828 902 863 Sed
920 829 1098 861 interdum
1117 838 1170 859 se-

188 885 309 928 quitur
334 888 476 926 propter
499 881 611 913 aliud:
648 879 695 914 Ut
723 879 836 923 posita
865 879 1106 912 ambulatione
1132 877 1168 909 in

187 932 348 971 hortum,
377 944 451 965 non
474 942 611 964 necesse
633 937 684 963 est
707 930 805 974 sequi
827 929 1068 962 inventionem
1091 925 1170 961 the-

187 985 301 1024 sauri,
327 983 388 1016 sed
404 982 582 1015 interdum
600 980 759 1024 sequitur
778 987 920 1023 propter
936 979 1045 1020 aliud,
1072 978 1170 1010 vide—

188 1035 286 1075 licet,
318 1033 400 1078 quia
428 1030 510 1064 huic
540 1028 677 1063 homini
706 1029 819 1071 Deus,
855 1036 914 1063 aut
945 1029 1014 1062 alia
1045 1039 1170 1061 arcana

187 1096 288 1117 causa
304 1081 370 1116 hoc
388 1092 517 1115 munus
533 1080 643 1114 offert.

503 1190 676 1227 Secunda
702 1189 847 1225 divisio.

289 1268 370 1302 Alia
388 1275 438 1301 est
455 1280 535 1301 vere
552 1279 671 1307 causa,
699 1267 767 1300 alia
785 1277 887 1300 causa
905 1265 979 1298 sine
993 1276 1062 1309 qua
1086 1275 1170 1297 non.

186 1320 288 1353 Hanc
304 1319 514 1352 divisionem
534 1317 633 1351 Plato
656 1317 763 1351 tradit
787 1317 824 1348 in
835 1313 1043 1355 Phaedone,
1064 1326 1168 1358 quam

187 1378 305 1415 postea
326 1368 485 1402 Galenus
509 1374 541 1401 et
564 1368 625 1399 alii
651 1379 750 1410 saepe
771 1371 997 1409 usurparunt.
1051 1364 1170 1405 Quare

189 1430 411 1465 nequaquam
429 1418 681 1462 praetereunda
700 1424 760 1450 est.
803 1415 940 1449 Vocant
957 1421 1074 1447 autem
1090 1425 1170 1446 vere

187 1482 348 1510 causam,
377 1480 465 1512 quae
488 1473 547 1501 aut
576 1479 655 1510 pars
681 1473 732 1500 est
757 1466 973 1499 constituens
998 1464 1171 1504 effectum,

186 1528 244 1555 aut
261 1531 322 1553 sua
340 1519 375 1551 vi
390 1519 460 1561 agit
478 1518 631 1562 aliquid,
657 1523 696 1551 ut
712 1517 772 1550 fiat
787 1517 940 1550 effectus.

288 1578 357 1612 Sed
375 1588 476 1610 causa
492 1577 567 1609 sine
586 1588 653 1621 qua
675 1587 767 1619 non,
795 1570 849 1610 ὧν
873 1573 941 1609 οὐκ
961 1573 1069 1612 ἄνευ,
1097 1585 1170 1606 non

188 1636 239 1663 est
256 1640 336 1673 pars
353 1628 568 1660 constituens
586 1627 766 1664 effectum,
794 1638 858 1658 nec
880 1626 950 1668 agit
972 1624 1108 1669 aliquid
1133 1624 1169 1655 in

190 1679 374 1713 efficiendo
399 1690 439 1710 eo
465 1678 558 1721 quod
582 1678 636 1717 fit,
665 1677 724 1709 sed
750 1676 796 1709 ita
824 1677 941 1714 adest,
969 1682 1008 1709 ut
1031 1675 1106 1707 sine
1130 1685 1170 1706 eo

190 1741 263 1763 non
288 1730 382 1762 fieret
401 1728 554 1760 effectus.
607 1725 764 1759 Galenus
786 1726 835 1759 sic
860 1725 982 1759 definit
1005 1725 1042 1757 in
1067 1724 1170 1758 tertio

188 1780 281 1813 libro
314 1780 356 1811 de
382 1776 590 1810 differentiis
615 1776 914 1822 Symptomatum:
949 1775 1050 1818 Quae
1079 1773 1169 1807 nihil

194 1830 400 1867 conserunt,
433 1840 505 1860 non
532 1833 679 1870 possunt
703 1834 819 1860 autem
843 1827 995 1870 separari
1015 1837 1033 1858 a
1051 1825 1170 1858 conse—

191 1879 352 1912 rentibus
368 1875 499 1910 habent
515 1878 687 1911 rationem
704 1888 841 1915 causae,
869 1889 957 1921 quae
972 1876 1102 1910 dicitur
1118 1870 1171 1909 οὖν

190 1927 258 1964 οὐκ
273 1927 373 1963 ἄνευ.
425 1925 471 1960 Et
494 1927 530 1959 in
549 1927 650 1960 tertio
668 1928 760 1961 libro
783 1927 1074 1973 θεραπευτικοῦς
1098 1926 1169 1959 dis-

191 1978 303 2013 cernit
327 1989 484 2017 causam,
519 1977 594 2010 sine
616 1989 684 2021 qua
714 1990 786 2009 non
810 1985 843 2011 et
866 1977 1069 2011 accidentia.
1123 1974 1171 2010 Et

191 2029 388 2072 exemplum
415 2027 530 2060 tradit.
585 2025 626 2059 In
655 2028 835 2060 curatione
857 2027 1033 2067 vulneris,
1068 2038 1169 2060 causa

191 2080 265 2112 sine
287 2090 355 2123 qua
380 2089 472 2118 non,
498 2083 549 2110 est
570 2077 718 2111 remotio
746 2078 854 2120 puris.
908 2076 985 2110 Nisi
1003 2077 1096 2109 enim
1113 2089 1170 2109 re-

188 2135 390 2163 moveretur
403 2138 484 2171 pus,
511 2139 582 2160 non
600 2134 687 2161 esset
702 2127 821 2160 efficax
834 2127 1040 2162 remedium.
1079 2127 1170 2160 Tra-

191 2181 324 2213 duntur
345 2185 378 2212 et
397 2176 482 2211 haec
497 2177 664 2221 exempla.
718 2177 877 2210 Medium
901 2178 938 2210 in
959 2177 1095 2211 visione
1120 2184 1171 2211 est

191 2241 292 2263 causa
309 2229 384 2262 sine
401 2239 469 2273 qua
486 2240 569 2261 non.
622 2225 722 2260 Nihil
740 2228 835 2260 enim
850 2227 940 2271 agit,
974 2229 1034 2261 sed
1051 2234 1170 2261 tamen

192 2280 418 2313 intervallum
435 2289 507 2312 esse
523 2284 661 2322 oportet
675 2278 768 2311 inter
790 2278 930 2311 oculum
959 2285 991 2311 et
1020 2290 1092 2311 rem
1116 2278 1171 2311 vi-

193 2342 282 2370 sam,
308 2336 346 2363 ut
368 2329 497 2372 species
522 2339 640 2372 sparsa
659 2328 696 2360 in
721 2328 836 2362 medio
854 2328 972 2362 lucido
989 2329 1033 2361 ad
1051 2329 1170 2362 oculos

194 2380 337 2423 perferri
357 2379 476 2422 possit.
529 2377 615 2412 Item
640 2379 811 2412 confectio
835 2378 942 2423 spacii
968 2379 1096 2423 prioris
1120 2386 1170 2413 est

194 2440 293 2462 causa
311 2429 384 2462 sine
396 2441 462 2473 qua
479 2441 552 2462 non
567 2429 809 2473 perveniretur
819 2430 861 2462 ad
877 2435 1016 2462 metam.
1043 2428 1170 2463 Eccius

194 2479 314 2517 sentit,
341 2490 476 2511 causam
500 2479 574 2512 sine
590 2491 657 2524 qua
680 2492 752 2512 non
779 2487 915 2513 tantum
933 2479 1169 2512 voluntariam

194 2540 283 2568 esse,
309 2534 347 2560 ut
369 2529 522 2569 gaudent
548 2530 741 2572 privilegiis
763 2527 978 2570 scholastici,
1003 2530 1032 2562 si
1051 2536 1168 2563 tamen

192 2578 306 2612 vestiti
329 2578 399 2610 sint
422 2590 518 2610 more
541 2576 766 2621 scholastico,
799 2592 873 2614 non
894 2580 1045 2614 scurrili.
1098 2580 1167 2614 Sed

190 2627 347 2662 Glaenus
377 2627 458 2661 satis
483 2629 663 2672 perspicue
697 2631 809 2664 utitur
839 2631 1075 2675 adpellatione
1099 2628 1166 2664 hu-

416 86 624 123 SCRIPTA
651 85 727 120 PH.
753 81 868 118 MEL.
895 79 966 115 AD
992 79 1119 116 HIST.
1146 79 1292 120 PROF.
1316 80 1383 118 ET
1409 82 1601 119 PHILOS.
1629 81 1952 122 SPECTANTIA.

2133 87 2209 122 508

1219 166 1274 200 ius
1293 179 1433 210 causae,
1460 164 1513 204 ὧν
1534 167 1603 204 οὐκ
1629 167 1739 209 ἄνευ,
1766 169 1808 202 de
1833 170 2017 213 agentibus
2042 182 2116 204 non
2141 183 2204 205 vo-

1218 217 1396 253 luntariis.

1321 276 1427 311 Extat
1453 284 1485 310 et
1509 278 1667 312 definitio
1693 278 1787 321 apud
1818 279 2038 314 recentiores.
2091 278 2206 314 Causa

1220 327 1294 360 sine
1316 340 1385 372 qua
1407 340 1499 369 non,
1528 335 1579 362 est
1597 341 1664 374 qua
1689 328 1802 371 posita
1823 329 1921 361 aliud
1946 329 2122 373 sequitur,
2145 330 2206 363 sed

1221 378 1375 413 aliunde.
1409 379 1479 412 Sed
1496 391 1576 412 vere
1593 379 1684 412 dicta
1703 390 1817 420 causa,
1842 385 1891 412 est
1908 390 1997 424 quae
2013 379 2047 411 vi
2064 380 2208 423 propria

1221 428 1311 470 agit,
1338 435 1399 461 aut
1422 440 1502 472 pars
1521 436 1593 470 est,
1620 437 1659 463 ut
1681 441 1786 472 supra
1813 429 1897 464 dixi.
1950 428 2070 463 Posita
2092 441 2208 462 remo-

1222 479 1318 511 tione
1355 479 1451 522 puris
1487 480 1645 524 sequitur
1673 480 1824 520 sanitas,
1859 480 1919 512 sed
1951 479 2106 513 aliunde.
2160 477 2208 512 Et

1222 527 1445 562 manifestum
1471 537 1521 564 est
1545 543 1586 563 ex
1603 529 1762 569 Galeno,
1789 542 1862 563 non
1883 536 2020 563 tantum
2038 530 2207 562 volunta-

1223 578 1311 611 riam
1338 590 1410 611 esse
1438 591 1576 613 causam
1601 580 1675 613 sine
1698 592 1766 624 qua
1791 592 1883 621 non,
1911 581 1971 613 sed
1995 579 2099 613 etiam
2122 579 2209 613 alia-

1222 640 1302 660 rum
1321 640 1451 664 rerum.

1566 715 1693 747 Tertia
1719 713 1863 749 divisio.

1324 780 1519 812 Causarum
1542 791 1605 823 per
1633 792 1669 813 se
1691 787 1773 814 sunt
1793 787 1944 825 quatuor
1967 793 2113 824 genera,
2148 792 2209 814 seu

1224 830 1333 864 modi.
1386 828 1552 863 Efficiens
1568 837 1618 864 est
1633 842 1652 863 a
1670 842 1738 875 qua
1756 831 1871 874 primo
1889 832 1926 864 fit
1944 838 2071 866 motus.
2123 831 2210 864 Ari-

1223 881 1379 913 stotelica
1404 881 1593 924 descriptio
1621 878 1705 914 haec
1730 888 1794 914 est:
1828 879 1997 914 Efficiens
2024 888 2091 922 est,
2113 883 2210 915 unde

1223 931 1377 975 primum
1399 931 1541 964 initium
1559 937 1608 964 est
1626 931 1852 972 mutationis,
1879 938 1940 965 aut
1956 931 2096 976 quietis.

1325 989 1475 1023 Materia
1491 989 1633 1033 proprie
1650 989 1754 1028 dicta,
1778 988 1832 1023 Ex
1851 1002 1931 1035 qua,
1948 996 1998 1023 est
2015 990 2210 1024 subiectum

1224 1052 1263 1073 ex
1287 1052 1357 1084 quo
1382 1040 1420 1073 fit
1444 1040 1599 1084 aliquid,
1626 1040 1681 1072 vel
1705 1051 1745 1072 ex
1767 1052 1837 1085 quo
1854 1053 1933 1074 cun
1956 1041 2068 1074 forma
2097 1047 2210 1074 totum

1224 1090 1469 1130 constituitur,
1496 1101 1556 1123 seu
1575 1096 1625 1124 est
1650 1102 1728 1134 pars
1747 1091 1949 1134 compositi,
1975 1103 2064 1136 quae
2086 1091 2211 1135 recipit

1223 1142 1385 1176 sormam.
1436 1139 1491 1173 Ex
1516 1140 1649 1173 semine
1677 1141 1715 1174 fit
1742 1142 1874 1174 animal
1905 1142 2135 1181 naturaliter,
2170 1153 2210 1174 ex

1224 1204 1301 1224 aere
1326 1192 1365 1224 fit
1391 1197 1503 1224 statua
1526 1191 1767 1224 artificialiter.
1821 1190 1888 1224 Hic
1910 1191 2124 1225 omittuntur
2147 1193 2210 1224 ad-

1224 1242 1432 1285 pellationes
1455 1241 1638 1279 materiae,
1663 1241 1699 1273 in
1719 1252 1786 1286 qua
1814 1248 1847 1274 et
1868 1242 1958 1275 circa
1975 1253 2101 1286 quam,
2127 1241 2210 1286 quia

1224 1292 1415 1336 improprie
1431 1297 1621 1335 usurpatur
1635 1291 1671 1323 in
1689 1289 1743 1323 his
1760 1292 1972 1325 vocabulum
1991 1293 2167 1326 materiae.

1326 1349 1455 1383 Forma
1478 1356 1529 1382 est
1553 1360 1642 1392 quae
1667 1349 1727 1381 dat
1750 1359 1823 1380 esse
1844 1349 1914 1388 rei,
1941 1348 1976 1380 id
2001 1355 2069 1390 est,
2100 1355 2150 1383 est
2173 1349 2209 1382 id

1223 1411 1292 1444 quo
1311 1410 1365 1432 res
1382 1398 1541 1442 proprie,
1569 1404 1602 1431 et
1619 1397 1821 1431 immediate
1839 1405 1888 1432 est
1905 1398 1996 1434 talis.

1324 1457 1424 1490 Finis
1450 1463 1499 1490 est
1523 1462 1667 1499 propter
1694 1457 1789 1500 quod
1815 1457 1968 1490 efficiens
1989 1457 2079 1500 agit,
2105 1469 2166 1491 seu
2189 1469 2209 1490 a

1223 1520 1292 1552 quo
1317 1514 1480 1541 movetur
1497 1506 1650 1539 efficiens
1677 1508 1718 1539 ad
1744 1508 1937 1549 agendum,
1975 1514 2014 1541 ut
2036 1504 2209 1541 habitatio

1223 1565 1272 1592 est
1289 1558 1368 1591 finis
1384 1557 1592 1591 aedificanti.

1323 1607 1503 1642 Differunt
1523 1615 1638 1641 autem
1668 1606 1748 1640 finis
1774 1613 1806 1640 et
1824 1618 1925 1640 causa
1942 1607 2067 1643 finalis.
2118 1606 2209 1641 Nam

1223 1670 1325 1692 causa
1350 1658 1466 1691 finalis
1490 1658 1633 1702 proprie
1659 1663 1707 1690 est
1733 1657 1896 1700 cogitatio
1914 1659 1958 1691 de
1982 1657 2053 1692 fine
2078 1658 2115 1691 in
2134 1658 2209 1691 effi-

1223 1710 1351 1749 ciente,
1377 1719 1522 1741 movens
1547 1709 1589 1740 ad
1615 1708 1806 1750 agendum,
1833 1714 1873 1741 ut
1897 1708 2062 1752 cogitatio
2086 1709 2130 1741 de
2152 1708 2208 1741 fu-

1222 1766 1300 1793 tura
1318 1756 1536 1792 habitatione
1552 1764 1669 1791 movet
1683 1757 1933 1792 aedificantem.

1638 1852 1794 1891 Quarta.

1324 1916 1460 1950 Harum
1490 1926 1672 1948 causarum
1699 1916 1788 1948 duae
1816 1914 1984 1947 dicuntur
2012 1913 2207 1957 interiores,

1224 1967 1373 2002 Materia
1385 1965 1564 2005 etForma‚
1591 1965 1673 2009 quia
1691 1971 1772 1998 sunt
1788 1970 1902 2008 partes
1918 1965 1967 1997 rei
1984 1965 2206 2002 constitutae.

1221 2019 1320 2052 Duae
1340 2017 1507 2050 dicuntur
1524 2015 1722 2056 exteriores,
1735 2013 1902 2049 Efficiens
1918 2021 1950 2049 et
1959 2014 2105 2057 Finalis‚
2123 2017 2204 2062 quia

1222 2075 1305 2103 sunt
1320 2074 1414 2101 extra
1429 2066 1465 2100 id
1482 2066 1576 2111 quod
1594 2065 1643 2101 fit.

1553 2160 1694 2200 Quinta
1720 2156 1862 2192 divisio.

1323 2225 1426 2259 Nunc
1441 2231 1637 2270 sequuntur
1653 2223 1844 2257 divisiones
1861 2223 2099 2265 efficientium,
2117 2236 2203 2268 qua·-

1222 2289 1301 2311 rum
1320 2275 1473 2319 cognitio
1494 2274 1594 2307 valde
1611 2273 1802 2307 necessaria
1818 2280 1868 2307 est
1885 2273 1923 2306 in
1937 2280 2007 2307 tota
2025 2274 2107 2310 vita.

1320 2325 1558 2360 Efficientium
1576 2324 1644 2357 alia
1659 2331 1740 2358 sunt
1759 2324 1952 2364 naturalia,
1981 2335 2070 2368 quae
2092 2330 2201 2366 agunt

1221 2389 1283 2411 sua
1300 2377 1453 2410 naturali
1471 2375 1524 2415 vi,
1551 2386 1612 2408 seu
1632 2374 1865 2419 proprietate,
1890 2374 1964 2407 sine
1981 2373 2201 2416 cogitatione,

1221 2440 1282 2461 seu
1299 2426 1571 2464 deliberatione,
1599 2432 1630 2458 et
1646 2426 1785 2458 admota
1801 2424 1946 2458 materia
1960 2435 2031 2455 non
2055 2431 2201 2467 possunt

1221 2491 1294 2512 non
1316 2489 1436 2520 agere,
1458 2483 1496 2510 ut
1520 2475 1611 2519 ignis
1636 2476 1711 2508 sine
1736 2475 1934 2518 cognitione
1957 2473 2046 2517 agit,
2071 2480 2103 2508 et
2126 2485 2200 2508 non

1220 2535 1333 2573 potest
1350 2539 1422 2560 non
1439 2538 1540 2560 urere
1558 2527 1735 2559 admotam
1751 2524 1943 2559 materiam.

1320 2575 1402 2611 Alia
1426 2584 1508 2611 sunt
1523 2576 1740 2617 voluntaria,
1767 2586 1854 2620 quae
1876 2580 1983 2617 agunt
2007 2585 2085 2607 cum
2105 2574 2199 2617 cogi-

1218 2629 1369 2670 tatione,
1404 2640 1465 2661 seu
1487 2627 1757 2666 deliberatione,
1783 2631 1816 2658 et
1840 2631 1986 2669 possunt
2015 2635 2132 2668 agere,
2165 2631 2198 2657 et
