2379 2948
217 120 288 156 415
454 117 661 154 SCRIPTA
689 116 765 150 ΡΠ.
793 113 909 148 MEL.
939 111 1004 147 AD
1030 111 1161 147 HIST.
1191 110 1334 148 PROF.
1360 109 1425 145 ET
1452 108 1644 144 PHILOS.
1673 108 1992 146 SPECTANTIA.
2162 109 2235 144 416

218 203 386 245 epistolam
417 202 458 233 de
486 203 641 232 varietate
670 198 835 236 lectioni83
876 196 914 237 3)
945 196 1037 227 Plinii
1066 195 1198 226 iunioris
1228 195 1398 235 epistolam
1430 194 1469 224 de
1500 193 1655 224 exercitio
1685 193 1749 223 stili
1775 202 1815 222 ex
1836 194 1913 224 libro
1936 195 2044 233 V11.’·;
2081 194 2234 232 denique:

221 262 403 301 „epistolas
427 259 602 290 contrarias
626 257 693 286 Pici
715 266 773 296 pro
797 256 940 286 barbaris
962 254 1182 294 philosophis,
1211 259 1244 283 et
1268 253 1432 284 Harmolai
1457 262 1539 282 nova
1561 261 1601 282 ac
1624 251 1806 290 subditicia,
1830 260 1912 290 quae
1936 251 2106 291 respondet
2122 251 2235 281 Pico'.

221 321 321 350 Liber
345 319 387 348 ita
411 317 584 354 inscriptus
607 314 740 354 prodiit:

307 374 573 413 „Elementorum
611 370 796 402 Rhetorice-⁹
834 371 909 402 libre·
944 369 1012 400 dieo.
1090 368 1221 398 Recens
1258 368 1411 407 recogniti
1451 368 1491 398 ab
1529 368 1652 397 Autore
1690 365 1809 405 Philip.
1846 363 1972 396 ΆΙεΙαη.
2039 366 2236 404 Vitcbergae

306 431 512 462 Muxml.
558 431 611 469 (ln
633 430 732 469 sinet)
768 429 967 469 Vitebergae
996 429 1026 457 in
1051 426 1181 456 officina
1207 425 1335 464 Georgii
1359 425 1453 455 Rhau
1484 435 1567 455 anno
1592 425 1819 455 D.M.XLII.''
1849 425 1878 453 S.
1926 423 1965 453 17
1989 422 2117 462 plagg.‚
2154 431 2237 461 qua-

307 499 375 519 rum
400 489 440 518 12
463 489 627 519 continent
651 488 848 525 rhetoricen,
877 488 897 516 5
920 486 1148 516 additamenta.

226 547 366 585 Saepius
396 555 531 576 recusus
562 553 613 576 est
643 546 695 576 hic
725 546 821 583 liber,
858 550 892 574 ut
922 544 1054 582 Lipsiae
1080 540 1172 571 1546.
1198 546 1230 570 et
1254 540 1367 570 iterum
1400 541 1482 570 1549
1507 558 1545 562 —
1578 541 1671 570 1552.
1697 557 1735 561 -—
1779 539 1993 578 §Vitebergae
2019 547 2068 566 an.
2094 535 2175 566 1566
2199 551 2238 557 —

227 606 320 636 1582.
344 622 385 626 ——-
408 613 479 634 cum
503 604 631 635 Martini
655 604 762 634 Crusii
786 601 1037 641 quaestionibus.
1084 597 1180 628 Basil.
1206 597 1299 627 1570.
1323 603 1355 627 et
1379 598 1490 627 iterum
1516 598 1605 627 1574.

311 662 467 692 Dedimus
505 662 557 692 hic
597 663 707 692 librum
745 658 918 690 secundum
965 657 1136 687 editionem
1173 655 1465 694 VVitebei-gensem
1502 657 1572 684 anni
1612 655 1713 693 1542,
1758 653 1995 693 praetermissis
2032 662 2108 682 vero
2146 651 2238 682 addi—

230 720 388 751 tumentis.
