2379 2948
127 85 199 121 261
695 82 759 119 111.

128 169 172 202 lis
196 168 365 213 rapiditas
391 175 461 203 tam
487 175 538 203 est
555 167 730 209 violenta,
758 174 796 201 ut
814 179 888 200 non
909 165 1015 199 modo
1038 176 1115 197 om-

127 220 230 252 nium
248 219 476 253 Planetarum
495 220 598 253 orbes
622 230 738 251 secum
757 219 879 251 eodem
901 222 1000 249 motu
1023 215 1113 248 circa

128 277 256 304 terram
276 270 433 314 quotidie
459 267 590 310 trahat,
617 269 676 301 sed
695 268 799 302 etiam
824 268 954 300 honam
980 272 1113 310 partem

128 321 350 354 elementaris
367 321 537 364 regionis,
563 319 642 351 orbi
659 318 776 352 lunari
794 318 947 351 vicinam
963 318 1114 350 circum-

128 378 217 414 agat,
235 371 269 404 id
284 373 377 416 quod
389 371 611 405 Cometarum
623 375 740 402 motus
756 369 984 414 quotidianus
995 374 1113 400 osten-

128 423 196 462 dit,
224 423 366 455 caeteris
384 420 490 453 stellis
513 426 593 453 ortu
612 425 645 452 et
661 431 784 453 occasu
808 431 951 464 prorsus
970 420 1040 451 fere
1058 429 1112 451 re-

129 473 317 516 spondens,
343 482 420 504 cum
440 477 555 502 tamen
573 476 718 514 constet,
738 469 901 504 Cometas
921 470 956 502 in
977 481 1111 503 summa

129 523 272 568 quidem
294 522 384 555 aeris
407 520 571 563 regione,
599 521 659 553 sed
678 527 795 554 tamen
819 521 923 563 longe
948 520 1038 553 infra
1056 520 1112 553 lu-

128 585 249 606 narem
266 569 447 615 sphaeram
464 570 611 614 flagrare
628 571 666 604 in
686 572 890 605 elementari
907 571 1061 615 regione.

229 637 323 671 Haec
341 637 450 680 igitur
473 638 630 684 quinque
653 640 775 673 stellae
794 651 872 673 cum
893 640 1032 673 duobus
1054 639 1111 672 lu—

127 689 283 723 minibus
319 688 487 722 dicuntur
513 688 697 731 Planetae‚
737 688 803 724 hoc
840 698 907 731 est,
947 697 1113 730 errantes,

126 745 270 784 propter
291 739 454 783 proprios
478 746 594 774 motus
608 767 616 781 ,
643 741 772 786 quihus
795 748 915 774 contra
932 741 1111 774 stellarum

126 791 273 823 fixarum
299 790 524 824 celerrimum
552 798 689 826 motum
721 792 758 824 in
783 792 958 825 diversam
985 792 1112 825 mundi

123 846 257 884 partem
281 840 505 877 obnituntur.

226 907 364 941 Harum
385 914 453 941 tres
478 920 582 952 supra
600 908 740 949 Solem,
765 909 924 942 omnium
953 909 1111 942 erudito-

123 970 203 992 rum
225 970 417 999 consensu,
452 959 662 1000 collocatae,
691 959 899 1003 Superiores
925 966 1110 992 vocantur:

123 1009 316 1049 Saturnus,
346 1008 489 1052 Iupiter,
517 1009 626 1044 Mars.
663 1010 837 1054 Reliquae
855 1012 961 1047 duae,
993 1009 1112 1042 Venus

124 1066 158 1093 et
173 1059 384 1100 Mercurius,
408 1061 500 1093 inter
515 1061 586 1093 duo
605 1061 739 1094 lumina
758 1061 890 1105 positae
909 1062 1111 1095 creduntur.

124 1108 177 1144 De
194 1111 322 1155 quibus
341 1111 466 1143 ordine
483 1111 649 1145 dicemus.

313 1237 371 1269 De
397 1234 517 1269 tribus
542 1238 726 1280 supremis
755 1237 936 1270 Plcmetis.

227 1306 404 1341 Ordinem
423 1315 456 1342 et
482 1311 586 1341 situm
605 1308 732 1344 horum
751 1310 978 1344 Planetarum
1004 1310 1110 1343 ratio-

125 1359 233 1393 cinati
250 1365 332 1392 sunt
350 1366 492 1399 veteres,
520 1371 598 1392 cum
616 1371 655 1391 ex
671 1360 749 1392 aliis
766 1362 976 1403 quibusdam
994 1360 1113 1401 signis,

125 1416 200 1443 tum
227 1409 281 1442 vel
309 1409 345 1442 in
372 1410 494 1453 primis
522 1421 560 1442 ex
588 1417 748 1443 motuum
775 1410 1040 1453 inaequalitate,
1076 1415 1112 1441 ut

124 1459 318 1494 Saturnum
344 1467 488 1504 propter
511 1461 751 1493 tardissimum
775 1461 948 1493 incessum
975 1472 1112 1492 summo

124 1511 203 1544 loco
220 1510 311 1543 infra
329 1508 512 1554 sphaeram
530 1511 707 1544 stellarum
726 1512 870 1543 fixarum
890 1511 1041 1554 positum
1059 1511 1112 1543 iu-

124 1561 300 1595 dicarent:
329 1560 480 1594 Martem
499 1568 643 1605 propter
658 1561 870 1594 celeritatem
888 1562 1009 1594 infimo
1026 1562 1114 1601 loco,

125 1611 286 1656 proxime
303 1622 408 1655 supra
428 1612 565 1646 Solem:
602 1611 721 1645 lovem
747 1619 881 1653 autem,
909 1612 969 1657 qui
993 1619 1030 1644 ut
1049 1612 1113 1645 Sa-

125 1669 232 1696 turno
263 1662 417 1695 velocior
445 1670 512 1703 est,
540 1663 586 1695 ita
612 1662 728 1695 Marte
756 1663 866 1695 multo
893 1670 943 1696 est
968 1663 1113 1701 tardior,

126 1710 183 1746 his
218 1713 356 1746 duobus
394 1713 642 1757 interpositum
679 1714 871 1745 crederent.
938 1712 1114 1746 Saturnus

126 1764 222 1797 enim
239 1769 351 1796 totum
371 1763 563 1796 Zodiacum
581 1770 739 1807 peragrat
757 1763 899 1805 triginta
919 1763 1028 1795 ferme
1049 1776 1113 1795 an-

127 1814 194 1858 nis,
222 1812 357 1857 Iupiter
374 1814 574 1854 duodecim,
600 1813 698 1846 Mars
717 1814 866 1853 duobus,
896 1813 940 1846 ita
960 1820 996 1846 ut
1018 1826 1114 1846 com-

126 1870 285 1898 moretur
310 1864 346 1896 in
372 1865 476 1897 unius
501 1864 592 1907 signi
618 1863 762 1897 Zodiaci
795 1864 912 1907 spacio
941 1863 1115 1897 Saturnus

127 1926 240 1949 annos
264 1916 352 1948 duos
379 1922 411 1949 et
432 1915 620 1948 dimidium
648 1915 742 1955 sere,
779 1913 913 1959 Iupiter
940 1915 1115 1958 integrum

128 1977 281 2008 annum,
308 1966 408 1999 Mars
424 1977 560 1999 menses
579 1966 652 1999 fere
669 1967 769 1999 duos-

233 2033 464 2068 Tribnuntur
488 2039 607 2067 autem
633 2031 689 2066 his
714 2031 870 2067 planetis
893 2033 994 2065 orbes
1020 2033 1116 2065 defe—

132 2091 248 2118 rentes
265 2081 440 2132 ἀπόγειον
458 2092 491 2118 et
514 2081 718 2132 περίγειον,
747 2083 830 2117 item
850 2083 1035 2117 eccentrici
1058 2095 1118 2116 seu

133 2136 328 2169 deferentes
343 2135 536 2182 epicyclum
548 2161 558 2176 ‚
584 2142 617 2168 et
635 2135 782 2183 epicycli
794 2162 803 2176 ,
830 2146 974 2178 prorsus
992 2141 1030 2168 ut
1044 2133 1117 2168 Lu-

131 2197 210 2226 nae,
232 2193 376 2231 propter
391 2186 567 2231 duplicem
581 2185 870 2232 inaequalitatem
886 2193 1015 2227 motus,
1031 2197 1118 2231 qua-

131 2248 212 2272 rum
231 2237 338 2270 altera
363 2238 406 2270 ad
430 2245 523 2272 certa
540 2237 616 2271 loca
639 2237 796 2281 signiferi
815 2248 850 2270 se
866 2237 1119 2277 accommodat,

131 2289 242 2323 altera
257 2288 300 2320 ad
319 2287 491 2321 rationem
511 2295 629 2323 motus
649 2287 753 2322 Solis.
799 2286 931 2321 Verum
949 2285 1006 2320 his
1022 2287 1120 2321 orbi-

132 2340 200 2373 bus
215 2339 397 2372 adduntur
413 2339 473 2371 alii
490 2339 624 2380 circuli,
650 2338 853 2372 eccentricis
869 2339 1043 2383 aequales,
1059 2339 1119 2371 sed

134 2402 175 2424 ex
198 2389 269 2423 alio
294 2395 414 2422 centro
440 2389 621 2433 descripti,
647 2389 710 2435 qui
726 2388 929 2434 Aequantes
943 2389 1049 2433 vulgo
1066 2389 1122 2422 di-

132 2446 284 2482 cuntur,
311 2452 330 2473 a
347 2439 548 2473 Ptolemaeo
566 2438 750 2487 ἔκκεντροι
764 2438 832 2485 τὴν
851 2437 995 2485 ὁμαλὴν
1018 2437 1122 2485 κίνη-

137 2502 197 2526 σιν
212 2489 448 2538 περιέχοντες,
470 2496 510 2523 ut
525 2496 694 2533 punctum
709 2491 899 2525 monstrari
916 2491 1036 2536 possit,
1063 2502 1122 2525 su-

136 2554 200 2588 per
224 2554 294 2588 quo
319 2548 434 2576 motus
449 2539 606 2586 aequalis
622 2551 683 2574 seu
703 2542 874 2584 regularis
892 2543 969 2575 fieri
987 2542 1123 2576 iudica-

136 2600 214 2633 tur,
242 2604 320 2627 cum
346 2593 383 2626 id
405 2603 520 2638 neque
543 2597 702 2624 centrum
724 2593 870 2635 mundi„
895 2605 1011 2639 neque
1027 2593 1123 2628 defe-

137 2644 293 2678 rentium
310 2643 506 2690 epicyclum
521 2648 641 2676 centra
657 2648 844 2687 praestent.

813 78 970 116 INITIA
997 73 1292 114 DOCTRINAE
1319 73 1573 115 PHYSICAE.

2083 86 2158 123 262

1274 157 1392 195 Orbes
1407 174 1566 207 apogeon
1583 170 1615 198 et
1632 165 1797 209 perigeon
1818 167 2010 202 deferentes
2028 171 2154 204 tardis-

1169 210 1258 243 simo
1283 218 1381 245 motu
1405 220 1547 247 octavae
1572 213 1757 259 sphaerae,
1785 228 1844 250 seu
1869 218 2047 252 stellarum
2070 222 2153 254 fixa-

1168 273 1269 299 rum,
1298 262 1340 294 de
1363 274 1432 306 quo
1453 275 1555 307 supra
1572 267 1703 300 dictum
1722 274 1788 308 est,
1816 270 2011 312 procedunt
2030 272 2073 304 ab
2095 284 2153 305 oc—

1168 311 1306 344 cidente
1325 323 1444 345 versus
1467 314 1658 357 orientem,
1686 324 1860 352 mutantes
1885 320 2053 363 paulatim
2078 321 2154 356 loca

1168 362 1290 406 apogei
1303 389 1311 402 ,
1339 364 1433 407 quod
1454 362 1646 397 Ptolemaei
1665 374 1819 410 tempore
1836 367 1963 403 habuit
1980 370 2153 405 Saturnus

1167 413 1205 445 in
1223 414 1285 448 23.
1304 424 1355 455 gr.
1375 413 1423 446 46
1445 414 1529 445 min.
1548 414 1704 459 Scorpii,
1732 417 1863 461 Iupiter
1881 421 1917 453 in
1932 421 1989 456 11.
2009 433 2059 465 gr.
2072 421 2154 456 Vir-

1167 463 1279 506 ginis,
1309 463 1406 496 Mars
1424 464 1460 496 in
1478 463 1538 498 25.
1559 467 1669 507 gradu
1689 465 1825 500 Cancri.

1268 521 1395 555 Nostra
1425 535 1506 556 vero
1531 530 1643 556 aetate
1669 523 1885 568 Copernicus
1910 540 1970 570 per
1988 531 2154 565 observa-

1166 573 1280 621 tiones
1296 573 1439 616 reperit,
1462 585 1619 617 apogeon
1637 573 1782 608 Saturni
1801 576 1836 608 iu
1853 579 1914 612 27.
1935 590 1984 621 gr.
2003 582 2047 615 42
2067 582 2152 618 min,

1167 623 1369 666 Sagittarii,
1399 623 1490 657 Iovis
1507 625 1543 657 in
1560 624 1594 658 6.
1611 636 1660 668 gr.
1678 626 1725 660 21
1744 626 1830 661 min.
1857 626 2001 669 Librae,
2027 630 2155 666 Martis

1167 674 1204 706 in
1227 674 1288 709 27.
1313 685 1363 717 gr.
1392 676 1408 708 1
1430 675 1515 710 min.
1540 675 1681 710 Leonis.
1734 675 1799 710 Est
1824 677 1931 719 igitur
1948 676 2012 711 hac
2037 689 2155 716 nostra

1166 731 1276 758 aetate
1294 725 1331 757 in
1350 725 1503 769 perigeo,
1532 723 1598 759 hoc
1613 733 1673 765 est,
1697 733 1809 760 terrae
1826 729 2005 771 proximus
2019 732 2155 766 ratione

1167 776 1351 810 eccentrici
1368 776 1434 818 sui,
1456 776 1631 810 Saturnus
1648 777 1684 809 in
1702 776 1761 810 27.
1779 779 1889 820 gradu
1907 777 2156 820 Geminorum.

1455 826 1589 871 Iupiter
1606 828 1643 860 in
1661 828 1695 864 6.
1716 839 1766 871 gr.
1785 828 1928 863 Arietis.

1453 877 1552 911 Mars
1572 878 1610 911 in
1628 878 1687 914 27.
1699 890 1748 922 gr.
1760 879 1921 924 Aquarii.

1269 935 1342 968 Alii
1365 942 1481 969 autem
1507 937 1630 977 orbes,
1658 937 1719 982 qui
1747 938 1931 972 eccentrici
1955 951 2016 972 seu
2039 941 2156 986 epicy-

1167 987 1259 1020 clum
1282 986 1478 1019 deferentes
1494 987 1745 1028 nominantur,
1772 989 1936 1022 feruntur
1961 997 2059 1024 motu
2075 990 2157 1025 Pla-

1166 1044 1328 1070 netarum
1358 1038 1503 1080 proprio
1535 1039 1579 1070 ab
1610 1039 1791 1071 occidente
1823 1051 1943 1073 versus
1972 1041 2158 1082 orientem,

1166 1085 1230 1120 hac
1246 1088 1329 1130 lege,
1356 1094 1394 1120 ut
1413 1094 1511 1121 motu
1528 1089 1664 1132 aequali
1682 1100 1742 1122 seu
1759 1090 1875 1123 medio
1895 1097 2007 1124 totum
2027 1091 2156 1126 Zodia-

1167 1150 1245 1171 cum
1265 1144 1446 1181 percurrat
1465 1144 1623 1172 centrum
1644 1139 1791 1185 epicycli

1451 1197 1598 1231 Saturni
1616 1197 1663 1230 29
1680 1210 1736 1230 an.
1758 1195 1829 1231 155
1849 1199 1941 1234 dieb.

1448 1248 1543 1280 Iovis
1564 1249 1605 1281 11
1624 1260 1679 1283 an.
1699 1249 1774 1282 312
1790 1249 1883 1284 dieb.

1448 1297 1576 1331 Martis
1596 1300 1612 1332 1
1633 1310 1687 1331 an.
1707 1300 1776 1332 821
1798 1300 1889 1334 dieb.

1270 1356 1391 1387 Motus
1406 1354 1607 1387 authorum
1618 1356 1845 1388 Planetarum
1857 1358 1894 1388 in
1912 1358 1982 1389 suis
1995 1358 2157 1404 epicyclis

1168 1412 1217 1439 est
1234 1405 1432 1438 contrarius
1451 1405 1493 1443 ei,
1521 1417 1590 1450 quo
1606 1405 1708 1438 Luna
1729 1406 1840 1439 fertur
1856 1406 1893 1438 in
1912 1418 1974 1440 suo
1992 1408 2159 1454 epicyclo.

1167 1456 1256 1489 Nam
1281 1453 1317 1488 hi
1343 1462 1411 1488 tres
1429 1455 1594 1489 Planetae
1622 1456 1658 1488 in
1686 1457 1868 1500 superiore
1892 1465 1989 1501 parte
2014 1470 2158 1494 suorum

1167 1506 1403 1552 epicyclorum
1429 1513 1617 1540 moventur
1640 1507 1688 1545 εἷς
1715 1505 1760 1540 τὰ
1787 1504 1967 1551 ἑπόμενα,
2003 1506 2069 1543 hoc
2095 1518 2159 1552 est,

1167 1559 1262 1591 iuxta
1286 1557 1468 1600 signorum
1492 1558 1530 1590 in
1556 1557 1711 1590 zodiaco
1740 1558 1884 1591 seriem:
1921 1560 1980 1592 sed
2004 1560 2041 1593 in
2066 1561 2159 1595 infe-

1168 1610 1260 1642 riore
1281 1616 1377 1652 parte
1397 1609 1445 1646 εἷς
1470 1606 1515 1641 τὰ
1538 1605 1822 1656 προηγούμενα,
1854 1607 1919 1642 hoc
1942 1617 2011 1649 est,
2039 1619 2159 1646 contra

1168 1660 1350 1702 signorum
1372 1659 1545 1692 ordinem.

1272 1717 1423 1761 Propter
1446 1715 1541 1750 hunc
1566 1718 1603 1750 in
1635 1718 1799 1763 epicyclis
1828 1725 1962 1751 motum
1996 1720 2159 1755 accidunt

1168 1767 1226 1802 his
1248 1768 1407 1801 Planetis
1433 1769 1625 1812 quaedam,
1660 1780 1677 1800 a
1703 1768 1832 1812 quibus
1854 1768 1955 1801 Luna
1990 1770 2159 1804 immunis

1169 1820 1334 1853 cernitur.
1402 1817 1491 1850 Nam
1523 1816 1561 1850 hi
1592 1819 1790 1862 superiores
1832 1830 1912 1851 cum
1951 1819 2160 1864 aliquandiu

1168 1870 1343 1914 progressi
1367 1876 1450 1902 sunt
1471 1870 1663 1902 secundum
1691 1869 1873 1911 signorum
1893 1870 2055 1903 ordinem
2073 1884 2159 1905 con-

1169 1927 1265 1955 sueta
1282 1920 1336 1952 vel
1362 1919 1525 1954 tarditate
1546 1920 1601 1952 vel
1626 1920 1821 1958 celeritate,
1848 1932 1928 1952 mox
1957 1919 2159 1956 inhibentes

1169 1983 1309 2005 cursum
1328 1981 1502 2014 nusquam
1519 1978 1722 2014 promovet,
1748 1971 1807 2002 sed
1825 1970 1961 2015 aliquot
1985 1971 2057 2005 dies
2082 1980 2162 2006 tan-

1170 2034 1274 2068 quam
1299 2021 1438 2054 immoti
1463 2021 1652 2054 subsistere
1684 2021 1870 2061 videntur,
1903 2033 1972 2066 quo
2005 2028 2161 2068 tempore

1172 2070 1404 2119 στηρίζοντες
1421 2071 1601 2105 dicuntur.

1275 2130 1415 2165 Deinde
1445 2142 1518 2165 sese
1544 2142 1666 2165 rursus
1691 2137 1952 2164 commoventes
1977 2143 2050 2164 non
2075 2144 2160 2177 pro-

1171 2182 1380 2228 grediuntur
1395 2194 1448 2224 e0,
1473 2195 1543 2227 quo
1561 2182 1659 2227 prius
1678 2192 1818 2214 cursum
1837 2181 2072 2223 instituerant,
2096 2185 2158 2218 sed

1172 2234 1449 2278 reciprocantes,
1489 2233 1644 2278 aliquam
1678 2231 1826 2265 confecti
1857 2232 1992 2265 itineris
2023 2240 2159 2277 partem

1172 2292 1265 2319 retro
1284 2285 1418 2326 legunt,
1447 2297 1516 2328 quo
1536 2291 1694 2327 tempore
1713 2280 1960 2328 nporyyqtcxoi,
1986 2290 2160 2328 retrogra-

1174 2337 1211 2370 di
1227 2342 1411 2369 vot-..utun
1465 2334 1583 2379 Atque
1602 2335 1648 2368 ita
1665 2334 1897 2376 aliquousque
1915 2335 2062 2375 regressi
2081 2348 2160 2369 rur-

1174 2398 1233 2421 sus
1250 2387 1445 2419 subsistunt
1460 2385 1595 2430 aliquot
1614 2384 1687 2416 dies
1706 2393 1846 2426 prorsus
1862 2383 2011 2424 immoti,
2040 2393 2077 2419 ut
2094 2399 2160 2420 no-

1174 2438 1230 2472 bis
1246 2443 1434 2481 apparent,
1462 2436 1660 2478 iterumque
1684 2432 1884 2467 stationales
1908 2434 2094 2475 dicuntur,
2121 2450 2160 2471 ac

1175 2489 1330 2533 denique
1352 2487 1451 2532 quasi
1475 2485 1628 2519 collectis
1650 2484 1785 2517 viribus
1802 2495 1864 2527 per
1882 2484 1978 2517 illam
1996 2487 2161 2530 quietem,

1176 2541 1293 2574 denuo
1317 2538 1468 2581 priorem
1493 2536 1586 2568 viam
1610 2535 1879 2577 ingrediuntur,
1903 2542 1936 2569 et
1959 2544 2160 2572 antrorsum

1178 2591 1274 2624 iuxta
1301 2589 1481 2631 signorum
1505 2586 1629 2619 seriem
1655 2585 1831 2620 celeritate
1855 2594 1983 2631 quanta
2003 2595 2161 2631 possunt,

1179 2640 1411 2678 contendunt,
1440 2636 1540 2682 quasi
1558 2648 1693 2702 ωσι-ειη
1710 2637 1900 2671 stationum
1920 2644 1952 2671 et
1974 2639 2162 2682 regressio-
