2379 2948
261 123 353 157 1311

262 214 418 252 petamus
441 202 644 240 consilium,
673 196 818 231 Initium
837 195 1026 240 sapientiae
1043 195 1148 229 timor
1164 195 1242 228 Do-

260 257 361 292 mini.
416 254 509 287 Ilaec
540 249 710 295 sapientia
741 247 814 281 sola
845 254 893 280 est
919 246 1163 290 gubernatrix,
1198 245 1243 278 ti-

261 320 357 343 mere
380 306 515 344 Deum,
550 313 621 335 non
645 299 804 333 recedere
829 298 872 330 ab
895 298 969 331 eius
996 298 1124 337 verbo,
1159 308 1243 329 con-

263 361 375 394 sulere
393 357 465 389 eius
480 353 643 392 verbum,
669 350 832 383 invocare
849 348 964 392 ipsum
976 373 985 387 ‚
1014 355 1047 382 et
1064 349 1107 381 ab
1125 359 1164 380 eo
1183 358 1243 391 pe..

263 420 333 447 tere
365 415 397 442 et
427 412 603 450 expectare
637 399 938 445 gubernationem.
999 398 1087 432 Nam
1121 399 1243 432 timere

261 462 376 495 Deum
402 458 528 492 usitato
554 465 650 487 more
671 452 708 484 in
726 450 908 494 scripturis
925 449 1097 493 significat
1113 448 1244 482 servire

260 511 357 551 Deo,
392 521 450 542 seu
474 506 586 540 colere
610 502 743 543 Deum,
775 502 833 534 sed
860 508 976 534 tamen
1000 497 1174 544 emphasis
1196 505 1244 532 est

262 564 298 597 in
322 560 492 596 vocabulo
517 568 577 590 seu
600 554 707 587 verbo
737 551 909 585 Timoris:
947 557 1065 584 monet
1089 550 1182 583 enim
1208 550 1243 582 in

261 626 344 648 vero
367 611 462 645 cultu
486 619 557 642 esse
575 616 696 638 verum
715 603 876 637 timorem
889 627 898 641 ,
925 614 1040 634 veram
1059 601 1244 645 poeniten-

260 666 363 705 tiam,
390 663 427 694 in
447 672 513 707 qua
532 669 567 692 se
585 656 669 689 fides
686 661 721 689 et
736 653 912 688 invocatio
932 659 1087 686 exerunt.

310 787 521 825 Intellectus
537 784 653 819 bonus
671 780 837 816 omnibus
848 778 1076 827 facientibus
1094 789 1144 813 ea.

362 880 504 916 Phrasis
539 885 587 912 est
609 875 757 910 Ebraica
792 872 973 907 dissimilis
998 879 1137 905 nostrae
1161 883 1245 904 con-

260 933 456 972 suetudini:
501 941 573 963 non
605 927 698 961 enim
731 927 773 958 de
804 923 1044 957 intellectione
1077 922 1248 967 loquitur,

259 988 318 1023 sed
344 987 385 1018 de
405 982 565 1017 doctrina
585 991 646 1012 seu
663 977 770 1010 verbo
788 973 866 1010 Dei.
920 972 1029 1007 Fiunt
1049 980 1163 1007 autem
1183 970 1247 1005 hae

259 1035 451 1073 sententiae
466 1034 512 1066 ita
529 1029 638 1073 magis
653 1029 817 1066 illustres,
842 1026 870 1058 si
887 1025 945 1058 fiat
961 1023 1111 1058 collatio.
1154 1024 1246 1056 Illud

259 1096 309 1123 est
334 1086 552 1120 intellectus,
589 1081 623 1113 id
651 1087 719 1119 est,
748 1076 908 1110 doctrina
933 1075 1046 1113 bona,
1075 1074 1248 1114 salutaris,

258 1139 376 1179 utilis,
405 1136 522 1168 efficax
548 1139 611 1166 etc.
664 1127 827 1173 Opponit
852 1127 943 1159 enim
970 1124 1130 1158 Psalmns
1156 1122 1247 1158 hanc

259 1188 468 1225 sententiam
494 1183 612 1227 impiis
638 1179 778 1214 iudiciis
795 1175 1053 1222 Epicureorum
1081 1182 1113 1209 et
1131 1174 1246 1221 hypo-

260 1241 439 1276 critarum.
510 1234 599 1267 Nam
625 1229 791 1276 Epicurei
821 1228 983 1261 derident
1009 1227 1154 1260 verbum
1181 1225 1246 1259 Dei

260 1301 426 1337 tanquam
446 1286 575 1320 anilem
594 1282 748 1316 fabulam
762 1307 770 1321 ‚
798 1286 934 1313 tantum
954 1278 1068 1318 abest,
1097 1284 1135 1310 ut
1153 1277 1247 1310 iudi-

260 1349 338 1377 cent
355 1351 426 1374 esse
443 1338 593 1371 salutare
609 1340 641 1367 et
659 1332 789 1365 efficax.
830 1329 961 1362 Vident
977 1328 1104 1372 impios
1122 1328 1247 1378 florere

261 1394 406 1438 opibuS,
434 1387 542 1432 gloria
567 1392 600 1418 et
622 1382 789 1417 omnibus
814 1382 905 1414 vitae
928 1379 1140 1412 commodis:
1169 1379 1246 1411 ideo

261 1444 408 1477 verbum
424 1438 492 1472 Dei
517 1438 559 1470 de
584 1434 705 1479 poenis
723 1431 914 1475 impiorum
931 1429 1130 1472 despiciunt
1148 1441 1247 1461 secu-

261 1494 418 1531 rissime,
451 1496 619 1532 tanquam
645 1485 767 1516 inanes
791 1481 945 1515 naenias,
1012 1479 1099 1512 Item
1126 1480 1248 1512 vident

262 1543 451 1591 populum,
495 1538 554 1583 qui
588 1535 774 1569 confitetur
807 1533 953 1565 verbum
987 1530 1055 1563 Dei
1086 1529 1247 1562 maximis

261 1592 439 1630 aerumnis
463 1585 672 1625 conflictari,
699 1584 771 1616 imo
794 1582 896 1615 etiam
916 1578 1044 1613 habere
1062 1580 1248 1612 infirmita-

262 1655 312 1681 tes
337 1652 368 1677 et
394 1639 574 1676 scandala:
612 1635 730 1678 Quare
756 1639 885 1676 negant
910 1631 987 1664 Deo
1013 1631 1121 1673 magis
1146 1641 1248 1672 curae

263 1759 352 1794 quae
385 1742 615 1777 concionatur
646 1737 688 1770 de
715 1733 908 1779 praesentia
935 1732 1024 1772 Dei,
1061 1733 1102 1765 de
1126 1731 1250 1764 remis-

264 1800 362 1834 sione
1206 1833 1213 1839 ¹

264 1851 359 1884 tione
377 1841 572 1889 spirituali,
601 1840 643 1872 de
659 1837 728 1871 vita
746 1843 904 1872 aeterna,
933 1841 1100 1878 tanquam
1117 1833 1250 1866 stultis-

266 1907 367 1935 simas
382 1894 529 1938 ineptias
546 1894 777 1924 contemnunt
793 1885 971 1919 exihilant.
1023 1883 1116 1917 Huic
1133 1882 1250 1927 generi

266 1949 453 1985 hominum
476 1943 621 1977 verbum
641 1938 708 1973 Dei
734 1949 805 1970 non
833 1944 882 1970 est
906 1937 1020 1969 bonus
1044 1934 1253 1973 intellectus,

267 2003 302 2035 id
329 2006 397 2038 est,
424 2006 497 2028 non
523 1991 701 2025 iudicatur
725 2000 795 2021 esse
819 1995 912 2029 grata
930 1985 1089 2019 doctrina
1109 1992 1140 2020 et
1159 1985 1252 2018 salu-

268 2052 367 2087 taris:
396 2046 531 2080 nullam
551 2042 599 2076 eis
616 2040 727 2074 adfert
746 2037 1032 2072 consolationem.

374 2133 491 2167 Multo
514 2129 632 2162 minus
659 2131 755 2168 grata
778 2130 827 2157 est
850 2120 935 2155 haec
962 2121 1119 2154 doctrina
1141 2118 1255 2166 hypo-
1279 2136 1281 2171 Ξ

272 2187 385 2226 critis,
413 2182 533 2228 quales
549 2185 631 2212 sunt
646 2174 825 2209 Pharisaei
842 2179 900 2206 aut
918 2172 1066 2212 similes,
1094 2171 1154 2216 qui
1172 2172 1254 2204 ode-
1280 2174 1282 2212 ᾗ

272 2244 356 2273 runt
387 2245 505 2267 veram
535 2228 733 2263 doctrinam
769 2233 935 2270 tanquam
959 2220 1198 2266 blasphemam
1224 2228 1256 2256 et

273 2287 490 2323 seditiosam:
518 2282 606 2314 sicut
627 2290 739 2317 nunc,
766 2276 848 2321 quia
865 2271 1173 2318 reprehenduntur
1190 2273 1257 2304 im-

274 2341 322 2385 pii
350 2337 483 2373 cultus,
509 2331 746 2364 vociferantur
764 2325 973 2364 adversarii,
1001 2324 1090 2357 laedi
1110 2323 1256 2366 gloriam

275 2390 359 2429 Dei,
384 2386 462 2422 tolli
488 2383 601 2417 cultus
625 2379 711 2419 Dei,
737 2375 920 2411 dilacerari
944 2373 1154 2414 Ecclesiam,
1181 2386 1257 2406 mo-

279 2440 349 2474 veri
376 2436 576 2472 seditiones.
627 2429 712 2470 His,
737 2435 776 2462 ut
798 2427 929 2461 Paulus
953 2426 1019 2466 ait,
1045 2423 1258 2458 habentibus

279 2490 440 2535 spiritum
466 2480 767 2528 compunctionis,
798 2479 833 2511 id
858 2485 926 2518 est,
962 2475 1174 2509 exacerbatis
1193 2476 1256 2508 ad-

280 2551 399 2575 versus
433 2537 635 2574 veritatem,
685 2528 918 2572 Evangelium
952 2537 1174 2572 nequaquam
1208 2532 1258 2559 est

279 2594 394 2627 bonus
419 2586 623 2620 intellectus.
689 2581 909 2614 Execrantur
931 2578 1023 2611 enim
1049 2584 1082 2611 et
1107 2577 1258 2610 oderunt

280 2644 337 2684 id,
377 2647 544 2682 tanquam
579 2630 904 2678 perniciosissimam
939 2635 1084 2673 pestem.-
1128 2634 1160 2661 et
1192 2625 1257 2660 hoc

280 2693 402 2728 odium
419 2685 619 2722 incenditur
637 2696 675 2718 ac
692 2683 798 2717 alitur
814 2680 986 2715 scandalis
1004 2679 1126 2713 crucis.

853 109 977 145 PHlL.
1004 107 1119 144 MEL.
1150 106 1357 144 SCRIPTA
1386 106 1681 143 EXEGETICA.

396 1798 638 1839 peccatorum,
674 1787 716 1819 de
742 1784 873 1818 auxilio
899 1782 986 1823 Dei,
1022 1783 1064 1815 de
1090 1782 1251 1815 consola-
1275 1808 1276 1812 ,

2179 110 2275 146 1312

1394 193 1549 228 Tantum
1566 194 1672 238 igitur
1687 200 1735 228 est
1751 200 1845 237 grata
1860 206 1926 228 vox
1942 202 1976 229 et
1991 196 2102 229 dulcis
2116 197 2273 231 doctrina

1292 245 1512 284 facientibus,
1541 245 1575 278 id
1594 252 1655 286 est,
1682 245 1942 286 obedientibus,
1969 246 2058 280 sicut
2073 247 2158 280 alias
2174 259 2274 290 saepe

1294 296 1410 342 inquit
1422 297 1618 341 Scriptura:
1646 293 1879 339 Evangelium
1897 304 1947 330 est
1963 298 2051 330 odor
2064 297 2173 338 vitae,
2197 298 2276 330 aliis

1294 348 1336 381 ad
1361 347 1468 380 vitam
1493 354 1556 382 etc.
1620 345 1781 380 Secunda
1806 345 1970 383 Corinth.
1988 348 2037 381 2:
2073 346 2120 380 Hi
2145 345 2276 382 habent

1295 398 1568 432 consolationem
1600 410 1639 431 ex
1671 398 1778 431 verbo
1801 396 1885 438 Dei,
1921 405 1952 431 et
1975 405 2156 441 expectant
2178 398 2276 432 auxi-

1295 450 1380 482 lium
1398 447 1462 482 Dei
1488 455 1519 482 et
1543 449 1649 483 vitam
1675 455 1867 482 aeternam:
1896 455 1928 482 et
1952 446 2015 482 hac
2039 449 2278 483 consolatione

1295 505 1461 544 superant
1486 511 1607 533 omnes
1633 511 1835 540 aerumnas,
1862 499 1951 533 sicut
1973 497 2135 533 Christus
2161 499 2278 544 inquit

1294 550 1409 584 Lucae
1432 551 1508 584 12:
1536 549 1617 583 Noli
1636 550 1758 583 timere
1776 550 1903 594 pusille
1919 562 2010 594 grex.
2044 549 2130 583 Item
2150 547 2280 583 lohan-

1295 601 1350 634 nis
1365 599 1436 635 14.:
1466 600 1545 634 Non
1562 601 1759 645 relinquam
1771 612 1831 634 vos
1842 599 2031 644 orphanos.
2058 598 2216 635 EtRom.
2229 600 2278 634 8.:

1298 651 1337 685 In
1361 649 1415 684 his
1430 651 1595 685 omnibus
1614 651 1822 685 excellenter
1839 652 2013 685 vincimus
2029 659 2172 697 propter
2189 663 2280 692 eum,

1297 703 1357 748 qui
1375 702 1497 736 dilexit
1516 714 1590 735 nos.

1399 769 1502 803 Hanc
1524 769 1728 804 concionem
1753 776 1783 803 et
1808 769 1938 803 similes
1962 769 2206 814 complectitur
2224 767 2282 803 hic

1297 820 1475 859 psalmus,
1512 833 1590 854 cum
1615 822 1681 861 ait,
1720 819 1876 854 Verbum
1899 819 1965 854 Dei
1988 832 2059 855 esse
2084 821 2280 855 doctrinam

1297 879 1430 915 gratam
1447 878 1479 905 et
1497 872 1694 907 salutarem.
1751 871 1917 904 Continet
1936 872 2042 914 igitur
2058 878 2280 916 praeceptum

1297 929 1329 956 ct
1354 923 1642 967 promissionem:
1671 921 1770 956 lubet
1797 922 1966 967 populum
1991 922 2055 956 Dei
2081 928 2283 956 constanter

1298 973 1447 1007 retinere
1472 974 1618 1007 verbum
1639 971 1724 1006 Dei:
1752 980 1842 1007 vetat
1867 984 1925 1006 eos
1948 973 2117 1006 deterreri
2143 972 2284 1007 iudiciis

1298 1024 1508 1069 impiorum,
1537 1024 1728 1065 scandalis,
1755 1030 1815 1057 aut
1839 1023 1982 1057 saevitia
2007 1024 2145 1057 mundi.
2208 1022 2284 1057 Ad-

1299 1076 1350 1108 dit
1368 1082 1399 1109 et
1417 1075 1708 1120 promissionem,
1737 1086 1814 1107 cum
1834 1081 1980 1108 testatur
1999 1086 2069 1107 esse
2087 1074 2282 1108 doctrinam

1300 1138 1371 1159 non
1401 1138 1548 1164 vanam,
1583 1120 1656 1159 non
1680 1126 1863 1166 inutilem,
1897 1126 1996 1170 quasi
2023 1125 2133 1166 dicat,
2166 1125 2207 1158 In
2229 1122 2284 1157 his

1299 1177 1564 1210 adflictionibus
1597 1176 1700 1210 etiam
1735 1182 1909 1220 expectate
1939 1175 2216 1210 consolationem
2252 1182 2284 1207 et

1298 1227 1563 1266 liberationem,
1591 1239 1680 1272 quae
1707 1227 1808 1260 vobis
1834 1227 1870 1259 in
1894 1224 1960 1260 hoc
1983 1227 2089 1260 verbo
2107 1225 2283 1271 promitti—

1299 1286 1373 1312 tur:
1402 1277 1497 1311 Haec
1517 1289 1593 1322 spes
1610 1290 1682 1311 non
1701 1279 1764 1311 erit
1782 1277 1892 1311 irrita.
1927 1276 2015 1310 Nam
2035 1274 2100 1310 hae
2120 1277 2284 1310 coelestes

1299 1329 1549 1373 promissiones
1575 1336 1657 1363 sunt
1681 1329 1800 1362 firmae
1823 1335 1854 1362 et
1878 1334 1990 1368 ratae,
2017 1328 2122 1361 modo
2148 1339 2210 1361 vos
2230 1337 2285 1360 eas

1297 1380 1365 1412 fide
1385 1379 1542 1413 retinete.

1403 1443 1461 1478 Sic
1479 1445 1586 1488 igitur
1603 1444 1794 1488 accipiatur
1811 1442 1868 1477 hic
1886 1443 2098 1487 versiculus,
2125 1450 2164 1477 ut
2181 1443 2286 1476 intel-

1299 1495 1448 1537 ligamus
1466 1506 1530 1528 nos
1546 1495 1747 1528 confirmari
1763 1495 1800 1528 in
1819 1495 1909 1527 veris
1927 1494 2189 1529 certaminibus,
2244 1492 2285 1526 In

1300 1543 1354 1578 his
1372 1546 1587 1589 experimur,
1616 1557 1704 1589 quae
1721 1546 1764 1579 sit
1781 1545 1832 1578 vis
1850 1543 1975 1578 harum
1991 1544 2287 1583 consolationum,

1301 1608 1378 1629 cum
1413 1607 1468 1629 eas
1501 1596 1540 1628 ad
1575 1607 1677 1629 usum
1702 1596 1955 1630 transferimus
2026 1594 2071 1628 Et
2095 1595 2132 1628 in
2159 1595 2288 1629 talibus

884 1683 890 1690 ‚
1146 1681 1152 1687 ,
1273 1659 1274 1670 ¹
1301 1646 1473 1679 exercitiis
1504 1643 1569 1679 hae
1602 1647 1794 1680 sententiae
1818 1647 1927 1690 magis
1952 1646 2219 1690 intelliguntur,
2254 1652 2288 1678 et

264 1708 334 1732 esse
368 1692 463 1727 hunc
489 1688 681 1734 populum,
718 1696 821 1729 quam
846 1683 950 1715 alios:
988 1688 1020 1714 et
1043 1682 1250 1720 doctrinam,
1273 1693 1274 1704 ¹

1301 1697 1389 1731 fiunt
1408 1697 1593 1732 dulciores.

1405 1764 1586 1799 Postremo
1603 1765 1722 1798 adiicit
1738 1765 1834 1799 aliud
1851 1763 2094 1809 epiphonema.

1359 1880 1462 1917 Laus
1481 1883 1557 1917 eius
1573 1888 1694 1917 manet
1711 1883 1749 1917 in
1767 1888 1963 1919 aeternum.

1407 1968 1502 2002 Ilaec
1525 1969 1704 2003 conclusio
1722 1969 1877 2003 continet
1896 1969 1997 2002 etiam
2017 1976 2239 2013 praeceptum
2257 1978 2287 2004 et

1307 2020 1588 2065 promissionem.
1649 2019 1749 2054 lubet
1773 2020 1866 2053 enim
1890 2031 2110 2063 perseverare
2136 2020 2173 2053 in
2199 2021 2289 2054 cele-

1306 2072 1440 2104 branda
1464 2071 1566 2104 laude
1584 2069 1669 2108 Dei,
1697 2071 1730 2103 id
1757 2077 1822 2111 est,
1850 2070 1887 2102 in
1910 2082 1990 2103 vera
2015 2070 2232 2104 confessione
2257 2079 2289 2105 et

1308 2123 1343 2155 in
1361 2133 1443 2155 vero
1460 2122 1566 2157 cultu.
1601 2119 1646 2154 Et
1661 2133 1862 2166 quanquam
1878 2121 1985 2154 mund
1993 2132 2031 2154 us
2047 2121 2162 2155 delere
2170 2121 2288 2155 Evan-

1307 2173 1437 2217 geliurn
1462 2179 1630 2212 conatur,
1656 2178 1823 2217 tanquam
1848 2169 2101 2215 blasphemiam
2127 2172 2208 2206 Dei:
2237 2179 2290 2207 ta-

1280 2241 1282 2258 :
1307 2236 1387 2256 men
1412 2221 1496 2256 haec
1521 2222 1704 2266 promissio
1727 2229 1891 2263 testatur,
1919 2234 1991 2256 non
2010 2234 2109 2266 posse
2127 2222 2290 2269 Evange-

1308 2275 1395 2308 lium
1421 2273 1583 2318 opprimi.
1636 2270 1682 2306 Et
1702 2274 1843 2317 quidem
1863 2273 2091 2307 concionatur
2107 2274 2150 2306 de
2166 2286 2289 2319 perpe-

1309 2333 1365 2359 tua
1388 2325 1512 2368 gloria.
1564 2323 1629 2356 His
1652 2324 1843 2367 praeceptis
1860 2330 1891 2357 et
1908 2324 2208 2357 consolationibus
2225 2336 2289 2358 nos

1309 2388 1448 2421 quoque
1472 2375 1691 2415 erudiamus,
1725 2375 1954 2408 exuscitemus
1979 2381 2008 2408 et
2034 2375 2289 2415 confirmemus,

1308 2434 1347 2460 ut
1373 2433 1405 2460 et
1424 2437 1488 2459 nos
1506 2437 1585 2459 vere
1602 2436 1742 2469 agamus
1759 2425 1834 2459 Deo
1852 2425 1996 2469 gratias,
2025 2432 2056 2459 et
2078 2431 2289 2469 praestemus

1309 2478 1338 2511 ei
1358 2488 1458 2511 veros
1476 2476 1600 2511 cultus
