<?xml version="1.0" encoding="UTF-8"?>
<!DOCTYPE html PUBLIC "-//W3C//DTD XHTML 1.0 Transitional//EN"
    "http://www.w3.org/TR/xhtml1/DTD/xhtml1-transitional.dtd">
<html xmlns="http://www.w3.org/1999/xhtml" xml:lang="en" lang="en">
 <head>
  <title>
</title>
<meta http-equiv="Content-Type" content="text/html;charset=utf-8" />
  <meta name='ocr-system' content='tesseract 3.04.00' />
  <meta name='ocr-capabilities' content='ocr_page ocr_carea ocr_par ocr_line ocrx_word'/>
</head>
<body>
  <div class='ocr_page' id='page_1' title='image "./operaquaesupersu13melauoft_0159.png"; bbox 0 0 2379 2948; ppageno 0'>
   <div class='ocr_carea' id='block_1_1' title="bbox 121 88 770 127">
    <p class='ocr_par' dir='ltr' id='par_1_1' title="bbox 121 88 770 127">
     <span class='ocr_line' id='line_1_1' title="bbox 121 88 770 127; baseline 0.003 -2"><span class='ocrx_word' id='word_1_1' title='bbox 121 89 197 126; x_wconf 74' lang='grc'>295</span> <span class='ocrx_word' id='word_1_2' title='bbox 703 88 770 127; x_wconf 84' lang='lat'>111.</span> 
     </span>
    </p>
   </div>
   <div class='ocr_carea' id='block_1_2' title="bbox 121 172 1114 725">
    <p class='ocr_par' dir='ltr' id='par_1_2' title="bbox 121 172 1114 319">
     <span class='ocr_line' id='line_1_2' title="bbox 121 172 1114 219; baseline -0.001 -12"><span class='ocrx_word' id='word_1_3' title='bbox 121 173 217 208; x_wconf 89' lang='lat' dir='ltr'>Haec</span> <span class='ocrx_word' id='word_1_4' title='bbox 233 173 397 208; x_wconf 88' lang='lat' dir='ltr'>deductio</span> <span class='ocrx_word' id='word_1_5' title='bbox 416 175 460 208; x_wconf 84' lang='lat' dir='ltr'>ad</span> <span class='ocrx_word' id='word_1_6' title='bbox 485 173 635 219; x_wconf 81' lang='lat' dir='ltr'>primam</span> <span class='ocrx_word' id='word_1_7' title='bbox 652 185 792 208; x_wconf 89' lang='lat' dir='ltr'>causam</span> <span class='ocrx_word' id='word_1_8' title='bbox 809 186 849 208; x_wconf 86' lang='lat' dir='ltr'>ex</span> <span class='ocrx_word' id='word_1_9' title='bbox 870 172 1027 216; x_wconf 84' lang='lat' dir='ltr'>vestigiis</span> <span class='ocrx_word' id='word_1_10' title='bbox 1049 183 1114 206; x_wconf 90' lang='lat' dir='ltr'>na-</span> 
     </span>
     <span class='ocr_line' id='line_1_3' title="bbox 121 221 1114 269; baseline -0.003 -10"><span class='ocrx_word' id='word_1_11' title='bbox 121 231 239 265; x_wconf 86' lang='lat' dir='ltr'>turae,</span> <span class='ocrx_word' id='word_1_12' title='bbox 272 226 375 258; x_wconf 86' lang='lat' dir='ltr'>valde</span> <span class='ocrx_word' id='word_1_13' title='bbox 403 233 499 269; x_wconf 84' lang='lat' dir='ltr'>grata</span> <span class='ocrx_word' id='word_1_14' title='bbox 524 232 574 259; x_wconf 88' lang='lat' dir='ltr'>est</span> <span class='ocrx_word' id='word_1_15' title='bbox 599 226 712 258; x_wconf 88' lang='lat' dir='ltr'>bonae</span> <span class='ocrx_word' id='word_1_16' title='bbox 736 225 866 265; x_wconf 91' lang='lat' dir='ltr'>menti,</span> <span class='ocrx_word' id='word_1_17' title='bbox 894 230 928 257; x_wconf 89' lang='lat' dir='ltr'>et</span> <span class='ocrx_word' id='word_1_18' title='bbox 948 221 1114 257; x_wconf 83' lang='lat' dir='ltr'>honestas</span> 
     </span>
     <span class='ocr_line' id='line_1_4' title="bbox 122 275 681 319; baseline 0.004 -11"><span class='ocrx_word' id='word_1_19' title='bbox 122 276 166 309; x_wconf 90' lang='lat' dir='ltr'>de</span> <span class='ocrx_word' id='word_1_20' title='bbox 183 275 259 309; x_wconf 91' lang='lat' dir='ltr'>Deo</span> <span class='ocrx_word' id='word_1_21' title='bbox 277 276 464 319; x_wconf 75' lang='lat' dir='ltr'>opiniones</span> <span class='ocrx_word' id='word_1_22' title='bbox 486 276 681 310; x_wconf 84' lang='lat' dir='ltr'>confirmat.</span> 
     </span>
    </p>

    <p class='ocr_par' dir='ltr' id='par_1_3' title="bbox 123 322 1113 512">
     <span class='ocr_line' id='line_1_5' title="bbox 224 322 1113 370; baseline -0.004 -9"><span class='ocrx_word' id='word_1_23' title='bbox 224 325 364 361; x_wconf 84' lang='lat' dir='ltr'><strong>Rursus</strong></span> <span class='ocrx_word' id='word_1_24' title='bbox 387 327 494 370; x_wconf 86' lang='lat' dir='ltr'>igitur</span> <span class='ocrx_word' id='word_1_25' title='bbox 517 332 550 359; x_wconf 89' lang='lat' dir='ltr'>et</span> <span class='ocrx_word' id='word_1_26' title='bbox 574 323 659 358; x_wconf 89' lang='lat' dir='ltr'>haec</span> <span class='ocrx_word' id='word_1_27' title='bbox 681 325 755 369; x_wconf 87' lang='lat' dir='ltr'>ipsa</span> <span class='ocrx_word' id='word_1_28' title='bbox 780 324 916 358; x_wconf 88' lang='lat' dir='ltr'>utilitas</span> <span class='ocrx_word' id='word_1_29' title='bbox 940 322 1113 370; x_wconf 85' lang='lat' dir='ltr'><strong>physices,</strong></span> 
     </span>
     <span class='ocr_line' id='line_1_6' title="bbox 125 372 1111 419; baseline -0.002 -9"><span class='ocrx_word' id='word_1_30' title='bbox 125 383 160 410; x_wconf 89' lang='lat' dir='ltr'>et</span> <span class='ocrx_word' id='word_1_31' title='bbox 177 383 348 418; x_wconf 86' lang='lat' dir='ltr'>caeterae,</span> <span class='ocrx_word' id='word_1_32' title='bbox 375 389 447 409; x_wconf 91' lang='lat' dir='ltr'>non</span> <span class='ocrx_word' id='word_1_33' title='bbox 465 376 579 409; x_wconf 92' lang='lat' dir='ltr'>solum</span> <span class='ocrx_word' id='word_1_34' title='bbox 603 375 640 408; x_wconf 91' lang='lat' dir='ltr'>in</span> <span class='ocrx_word' id='word_1_35' title='bbox 668 372 736 408; x_wconf 91' lang='lat' dir='ltr'>hoc</span> <span class='ocrx_word' id='word_1_36' title='bbox 760 376 875 419; x_wconf 91' lang='lat' dir='ltr'>operis</span> <span class='ocrx_word' id='word_1_37' title='bbox 901 375 1023 415; x_wconf 88' lang='lat' dir='ltr'>initio,</span> <span class='ocrx_word' id='word_1_38' title='bbox 1052 376 1111 409; x_wconf 88' lang='lat' dir='ltr'>sed</span> 
     </span>
     <span class='ocr_line' id='line_1_7' title="bbox 123 425 1111 467; baseline -0.001 -7"><span class='ocrx_word' id='word_1_39' title='bbox 123 427 274 461; x_wconf 83' lang='lat' dir='ltr'>subinde</span> <span class='ocrx_word' id='word_1_40' title='bbox 290 428 327 461; x_wconf 87' lang='lat' dir='ltr'>in</span> <span class='ocrx_word' id='word_1_41' title='bbox 342 434 412 460; x_wconf 91' lang='lat' dir='ltr'>toto</span> <span class='ocrx_word' id='word_1_42' title='bbox 432 437 536 459; x_wconf 91' lang='lat' dir='ltr'>cursu</span> <span class='ocrx_word' id='word_1_43' title='bbox 561 425 779 467; x_wconf 90' lang='lat' dir='ltr'>studiorum,</span> <span class='ocrx_word' id='word_1_44' title='bbox 805 432 839 459; x_wconf 92' lang='lat' dir='ltr'>et</span> <span class='ocrx_word' id='word_1_45' title='bbox 862 426 902 459; x_wconf 91' lang='lat' dir='ltr'>in</span> <span class='ocrx_word' id='word_1_46' title='bbox 925 426 1024 459; x_wconf 89' lang='lat' dir='ltr'>omni</span> <span class='ocrx_word' id='word_1_47' title='bbox 1039 426 1111 460; x_wconf 87' lang='lat' dir='ltr'>vita</span> 
     </span>
     <span class='ocr_line' id='line_1_8' title="bbox 123 478 402 512; baseline 0.004 -1"><span class='ocrx_word' id='word_1_48' title='bbox 123 478 402 512; x_wconf 82' lang='lat' dir='ltr'>considerentur.</span> 
     </span>
    </p>

    <p class='ocr_par' dir='ltr' id='par_1_4' title="bbox 122 526 1112 725">
     <span class='ocr_line' id='line_1_9' title="bbox 225 526 1112 562; baseline -0.006 0"><span class='ocrx_word' id='word_1_49' title='bbox 225 527 366 562; x_wconf 84' lang='lat' dir='ltr'>Etenim</span> <span class='ocrx_word' id='word_1_50' title='bbox 398 537 470 558; x_wconf 91' lang='lat' dir='ltr'>non</span> <span class='ocrx_word' id='word_1_51' title='bbox 493 526 607 560; x_wconf 90' lang='lat' dir='ltr'>solum</span> <span class='ocrx_word' id='word_1_52' title='bbox 633 527 671 560; x_wconf 90' lang='lat' dir='ltr'>in</span> <span class='ocrx_word' id='word_1_53' title='bbox 696 527 827 560; x_wconf 84' lang='lat' dir='ltr'>tuenda</span> <span class='ocrx_word' id='word_1_54' title='bbox 849 526 1051 560; x_wconf 86' lang='lat' dir='ltr'>valetudine</span> <span class='ocrx_word' id='word_1_55' title='bbox 1079 531 1112 558; x_wconf 90' lang='lat' dir='ltr'>et</span> 
     </span>
     <span class='ocr_line' id='line_1_10' title="bbox 123 576 1110 622; baseline -0.005 -10"><span class='ocrx_word' id='word_1_56' title='bbox 123 578 371 617; x_wconf 82' lang='lat' dir='ltr'>medicatione,</span> <span class='ocrx_word' id='word_1_57' title='bbox 398 577 458 610; x_wconf 89' lang='lat' dir='ltr'>sed</span> <span class='ocrx_word' id='word_1_58' title='bbox 476 576 581 610; x_wconf 85' lang='lat' dir='ltr'>etiam</span> <span class='ocrx_word' id='word_1_59' title='bbox 605 577 643 610; x_wconf 90' lang='lat' dir='ltr'>in</span> <span class='ocrx_word' id='word_1_60' title='bbox 665 578 897 622; x_wconf 75' lang='lat' dir='ltr'>explicatione</span> <span class='ocrx_word' id='word_1_61' title='bbox 927 576 1110 611; x_wconf 87' lang='lat' dir='ltr'>doctrinae</span> 
     </span>
     <span class='ocr_line' id='line_1_11' title="bbox 123 626 1112 672; baseline -0.003 -10"><span class='ocrx_word' id='word_1_62' title='bbox 123 628 297 668; x_wconf 82' lang='lat' dir='ltr'>coelestis,</span> <span class='ocrx_word' id='word_1_63' title='bbox 330 639 470 661; x_wconf 90' lang='lat' dir='ltr'>necesse</span> <span class='ocrx_word' id='word_1_64' title='bbox 500 634 551 661; x_wconf 91' lang='lat' dir='ltr'>est</span> <span class='ocrx_word' id='word_1_65' title='bbox 583 635 747 662; x_wconf 89' lang='lat' dir='ltr'>naturam</span> <span class='ocrx_word' id='word_1_66' title='bbox 773 626 950 669; x_wconf 89' lang='lat' dir='ltr'>hominis,</span> <span class='ocrx_word' id='word_1_67' title='bbox 996 633 1112 672; x_wconf 87' lang='lat' dir='ltr'>partes</span> 
     </span>
     <span class='ocr_line' id='line_1_12' title="bbox 122 678 1111 725; baseline -0.003 -13"><span class='ocrx_word' id='word_1_68' title='bbox 122 687 157 714; x_wconf 89' lang='lat' dir='ltr'>et</span> <span class='ocrx_word' id='word_1_69' title='bbox 171 678 375 725; x_wconf 80' lang='lat' dir='ltr'>qualitateS‚</span> <span class='ocrx_word' id='word_1_70' title='bbox 404 685 438 712; x_wconf 92' lang='lat' dir='ltr'>et</span> <span class='ocrx_word' id='word_1_71' title='bbox 462 690 646 712; x_wconf 84' lang='lat' dir='ltr'>causarum</span> <span class='ocrx_word' id='word_1_72' title='bbox 663 679 868 713; x_wconf 76' lang='lat' dir='ltr'>varietatem</span> <span class='ocrx_word' id='word_1_73' title='bbox 892 689 1111 722; x_wconf 82' lang='lat' dir='ltr'>cognoscere.</span> 
     </span>
    </p>
   </div>
   <div class='ocr_carea' id='block_1_3' title="bbox 113 735 1112 1034">
    <p class='ocr_par' dir='ltr' id='par_1_5' title="bbox 113 735 1112 1034">
     <span class='ocr_line' id='line_1_13' title="bbox 223 735 1112 782; baseline -0.001 -13"><span class='ocrx_word' id='word_1_74' title='bbox 223 735 270 770; x_wconf 90' lang='lat' dir='ltr'>Et</span> <span class='ocrx_word' id='word_1_75' title='bbox 285 749 486 782; x_wconf 77' lang='lat' dir='ltr'>quanquam</span> <span class='ocrx_word' id='word_1_76' title='bbox 499 749 538 770; x_wconf 84' lang='lat' dir='ltr'>ex</span> <span class='ocrx_word' id='word_1_77' title='bbox 557 738 775 771; x_wconf 90' lang='lat' dir='ltr'>medicorum</span> <span class='ocrx_word' id='word_1_78' title='bbox 794 736 1112 776; x_wconf 87' lang='lat' dir='ltr'>animadversione,</span> 
     </span>
     <span class='ocr_line' id='line_1_14' title="bbox 121 785 1111 833; baseline -0.001 -13"><span class='ocrx_word' id='word_1_79' title='bbox 121 787 274 833; x_wconf 89' lang='lat' dir='ltr'>primum</span> <span class='ocrx_word' id='word_1_80' title='bbox 294 785 377 821; x_wconf 87' lang='lat' dir='ltr'>haec</span> <span class='ocrx_word' id='word_1_81' title='bbox 394 788 554 822; x_wconf 85' lang='lat' dir='ltr'>doctrina</span> <span class='ocrx_word' id='word_1_82' title='bbox 572 795 727 822; x_wconf 86' lang='lat' dir='ltr'>extructa</span> <span class='ocrx_word' id='word_1_83' title='bbox 754 795 822 827; x_wconf 87' lang='lat' dir='ltr'>est,</span> <span class='ocrx_word' id='word_1_84' title='bbox 847 794 965 821; x_wconf 88' lang='lat' dir='ltr'>tamen</span> <span class='ocrx_word' id='word_1_85' title='bbox 992 794 1111 831; x_wconf 86' lang='lat' dir='ltr'>postea</span> 
     </span>
     <span class='ocr_line' id='line_1_15' title="bbox 113 835 1111 882; baseline -0.001 -11"><span class='ocrx_word' id='word_1_86' title='bbox 113 835 207 872; x_wconf 75' lang='lat' dir='ltr'>&#39;usus</span> <span class='ocrx_word' id='word_1_87' title='bbox 232 844 327 882; x_wconf 90' lang='lat' dir='ltr'>patet</span> <span class='ocrx_word' id='word_1_88' title='bbox 348 838 472 877; x_wconf 85' lang='lat' dir='ltr'>latius,</span> <span class='ocrx_word' id='word_1_89' title='bbox 506 845 539 872; x_wconf 90' lang='lat' dir='ltr'>et</span> <span class='ocrx_word' id='word_1_90' title='bbox 564 836 631 872; x_wconf 90' lang='lat' dir='ltr'>hoc</span> <span class='ocrx_word' id='word_1_91' title='bbox 655 839 790 882; x_wconf 88' lang='lat' dir='ltr'>ipsum,</span> <span class='ocrx_word' id='word_1_92' title='bbox 825 845 865 872; x_wconf 92' lang='lat' dir='ltr'>ut</span> <span class='ocrx_word' id='word_1_93' title='bbox 887 838 979 879; x_wconf 79' lang='lat' dir='ltr'>dixi,</span> <span class='ocrx_word' id='word_1_94' title='bbox 1007 838 1111 871; x_wconf 90' lang='lat' dir='ltr'>bonis</span> 
     </span>
     <span class='ocr_line' id='line_1_16' title="bbox 122 889 1110 935; baseline -0.002 -13"><span class='ocrx_word' id='word_1_95' title='bbox 122 889 302 923; x_wconf 91' lang='lat' dir='ltr'>mentibus</span> <span class='ocrx_word' id='word_1_96' title='bbox 336 896 474 932; x_wconf 84' lang='lat' dir='ltr'>gratum</span> <span class='ocrx_word' id='word_1_97' title='bbox 508 897 579 931; x_wconf 87' lang='lat' dir='ltr'>est,</span> <span class='ocrx_word' id='word_1_98' title='bbox 614 891 709 935; x_wconf 92' lang='lat' dir='ltr'>quod</span> <span class='ocrx_word' id='word_1_99' title='bbox 741 889 882 923; x_wconf 87' lang='lat' dir='ltr'>deducit</span> <span class='ocrx_word' id='word_1_100' title='bbox 905 895 1040 922; x_wconf 85' lang='lat' dir='ltr'>mentes</span> <span class='ocrx_word' id='word_1_101' title='bbox 1066 889 1110 921; x_wconf 89' lang='lat' dir='ltr'>ad</span> 
     </span>
     <span class='ocr_line' id='line_1_17' title="bbox 123 938 1110 985; baseline -0.001 -12"><span class='ocrx_word' id='word_1_102' title='bbox 123 940 342 985; x_wconf 79' lang='lat' dir='ltr'>agnitionem</span> <span class='ocrx_word' id='word_1_103' title='bbox 360 938 447 981; x_wconf 92' lang='lat' dir='ltr'>Dei,</span> <span class='ocrx_word' id='word_1_104' title='bbox 475 946 508 973; x_wconf 86' lang='lat' dir='ltr'>et</span> <span class='ocrx_word' id='word_1_105' title='bbox 525 938 718 974; x_wconf 80' lang='lat' dir='ltr'>humanam</span> <span class='ocrx_word' id='word_1_106' title='bbox 736 947 918 981; x_wconf 87' lang='lat' dir='ltr'>naturam,</span> <span class='ocrx_word' id='word_1_107' title='bbox 943 947 1110 984; x_wconf 86' lang='lat' dir='ltr'>tanquam</span> 
     </span>
     <span class='ocr_line' id='line_1_18' title="bbox 125 991 703 1034; baseline 0.002 -10"><span class='ocrx_word' id='word_1_108' title='bbox 125 991 291 1034; x_wconf 83' lang='lat' dir='ltr'>effigiem,</span> <span class='ocrx_word' id='word_1_109' title='bbox 319 991 456 1025; x_wconf 87' lang='lat' dir='ltr'>confert</span> <span class='ocrx_word' id='word_1_110' title='bbox 470 991 513 1024; x_wconf 87' lang='lat' dir='ltr'>ad</span> <span class='ocrx_word' id='word_1_111' title='bbox 532 991 703 1025; x_wconf 83' lang='lat' dir='ltr'>divinam.</span> 
     </span>
    </p>
   </div>
   <div class='ocr_carea' id='block_1_4' title="bbox 459 1094 771 1137">
    <p class='ocr_par' dir='ltr' id='par_1_6' title="bbox 459 1094 771 1137">
     <span class='ocr_line' id='line_1_19' title="bbox 459 1094 771 1137; baseline -0.003 -10"><span class='ocrx_word' id='word_1_112' title='bbox 459 1094 520 1127; x_wconf 84' lang='lat' dir='ltr'>De</span> <span class='ocrx_word' id='word_1_113' title='bbox 554 1095 771 1137; x_wconf 75' lang='lat' dir='ltr'>Principiis.</span> 
     </span>
    </p>
   </div>
   <div class='ocr_carea' id='block_1_5' title="bbox 124 1164 1116 1562">
    <p class='ocr_par' dir='ltr' id='par_1_7' title="bbox 124 1164 1114 1314">
     <span class='ocr_line' id='line_1_20' title="bbox 224 1164 1114 1211; baseline -0.004 -11"><span class='ocrx_word' id='word_1_114' title='bbox 224 1166 315 1201; x_wconf 91' lang='lat' dir='ltr'>Cum</span> <span class='ocrx_word' id='word_1_115' title='bbox 340 1167 439 1211; x_wconf 86' lang='lat' dir='ltr'>q&#39;uasi</span> <span class='ocrx_word' id='word_1_116' title='bbox 469 1167 678 1211; x_wconf 89' lang='lat' dir='ltr'>compositio</span> <span class='ocrx_word' id='word_1_117' title='bbox 708 1178 896 1210; x_wconf 90' lang='lat' dir='ltr'>corporum</span> <span class='ocrx_word' id='word_1_118' title='bbox 924 1165 1025 1198; x_wconf 91' lang='lat' dir='ltr'>initio</span> <span class='ocrx_word' id='word_1_119' title='bbox 1058 1164 1114 1196; x_wconf 87' lang='lat' dir='ltr'>in-</span> 
     </span>
     <span class='ocr_line' id='line_1_21' title="bbox 124 1215 1114 1263; baseline -0.004 -13"><span class='ocrx_word' id='word_1_120' title='bbox 124 1218 337 1261; x_wconf 81' lang='lat' dir='ltr'>vestigetur,</span> <span class='ocrx_word' id='word_1_121' title='bbox 364 1215 551 1251; x_wconf 86' lang='lat' dir='ltr'>incboatur</span> <span class='ocrx_word' id='word_1_122' title='bbox 566 1215 709 1263; x_wconf 83' lang='lat' dir='ltr'>physica</span> <span class='ocrx_word' id='word_1_123' title='bbox 728 1229 747 1251; x_wconf 86' lang='lat' dir='ltr'>a</span> <span class='ocrx_word' id='word_1_124' title='bbox 767 1217 927 1251; x_wconf 90' lang='lat' dir='ltr'>doctrina</span> <span class='ocrx_word' id='word_1_125' title='bbox 947 1217 990 1249; x_wconf 89' lang='lat' dir='ltr'>de</span> <span class='ocrx_word' id='word_1_126' title='bbox 1013 1215 1114 1259; x_wconf 84' lang='lat' dir='ltr'>prin-</span> 
     </span>
     <span class='ocr_line' id='line_1_22' title="bbox 125 1281 238 1314; baseline 0 -11"><span class='ocrx_word' id='word_1_127' title='bbox 125 1281 238 1314; x_wconf 84' lang='lat' dir='ltr'>cipns.</span> 
     </span>
    </p>

    <p class='ocr_par' dir='ltr' id='par_1_8' title="bbox 125 1314 1116 1562">
     <span class='ocr_line' id='line_1_23' title="bbox 227 1314 1115 1362; baseline -0.006 -10"><span class='ocrx_word' id='word_1_128' title='bbox 227 1318 299 1352; x_wconf 90' lang='lat' dir='ltr'>Nec</span> <span class='ocrx_word' id='word_1_129' title='bbox 328 1329 472 1362; x_wconf 89' lang='lat' dir='ltr'>prorsus</span> <span class='ocrx_word' id='word_1_130' title='bbox 504 1325 603 1350; x_wconf 89' lang='lat' dir='ltr'>vocat</span> <span class='ocrx_word' id='word_1_131' title='bbox 628 1317 721 1350; x_wconf 90' lang='lat' dir='ltr'>idem</span> <span class='ocrx_word' id='word_1_132' title='bbox 745 1316 953 1350; x_wconf 79' lang='lat' dir='ltr'>Aristoteles</span> <span class='ocrx_word' id='word_1_133' title='bbox 979 1314 1115 1359; x_wconf 86' lang='lat' dir='ltr'>princi-</span> 
     </span>
     <span class='ocr_line' id='line_1_24' title="bbox 125 1366 1116 1414; baseline -0.006 -12"><span class='ocrx_word' id='word_1_134' title='bbox 125 1370 244 1414; x_wconf 89' lang='lat' dir='ltr'>pium,</span> <span class='ocrx_word' id='word_1_135' title='bbox 278 1369 374 1414; x_wconf 87' lang='lat' dir='ltr'>quod</span> <span class='ocrx_word' id='word_1_136' title='bbox 405 1379 556 1401; x_wconf 87' lang='lat' dir='ltr'>causam.</span> <span class='ocrx_word' id='word_1_137' title='bbox 627 1366 716 1400; x_wconf 83' lang='lat' dir='ltr'>Nam</span> <span class='ocrx_word' id='word_1_138' title='bbox 744 1378 867 1399; x_wconf 87' lang='lat' dir='ltr'>causae</span> <span class='ocrx_word' id='word_1_139' title='bbox 890 1373 991 1405; x_wconf 85' lang='lat' dir='ltr'>sunt,</span> <span class='ocrx_word' id='word_1_140' title='bbox 1027 1377 1116 1409; x_wconf 87' lang='lat' dir='ltr'>qnae</span> 
     </span>
     <span class='ocr_line' id='line_1_25' title="bbox 126 1417 1116 1464; baseline -0.007 -10"><span class='ocrx_word' id='word_1_141' title='bbox 126 1427 236 1464; x_wconf 83' lang='lat' dir='ltr'>agunt</span> <span class='ocrx_word' id='word_1_142' title='bbox 256 1419 391 1464; x_wconf 89' lang='lat' dir='ltr'>aliquid</span> <span class='ocrx_word' id='word_1_143' title='bbox 420 1419 457 1451; x_wconf 92' lang='lat' dir='ltr'>in</span> <span class='ocrx_word' id='word_1_144' title='bbox 485 1418 668 1451; x_wconf 78' lang='lat' dir='ltr'>effectione</span> <span class='ocrx_word' id='word_1_145' title='bbox 693 1417 762 1456; x_wconf 88' lang='lat' dir='ltr'>rei,</span> <span class='ocrx_word' id='word_1_146' title='bbox 802 1424 862 1450; x_wconf 87' lang='lat' dir='ltr'>aut</span> <span class='ocrx_word' id='word_1_147' title='bbox 892 1422 975 1449; x_wconf 90' lang='lat' dir='ltr'>sunt</span> <span class='ocrx_word' id='word_1_148' title='bbox 1002 1422 1116 1459; x_wconf 81' lang='lat' dir='ltr'>partes</span> 
     </span>
     <span class='ocr_line' id='line_1_26' title="bbox 128 1467 1116 1512; baseline -0.007 -7"><span class='ocrx_word' id='word_1_149' title='bbox 128 1470 381 1505; x_wconf 84' lang='lat' dir='ltr'>constituentes</span> <span class='ocrx_word' id='word_1_150' title='bbox 397 1481 480 1502; x_wconf 89' lang='lat' dir='ltr'>rem.</span> <span class='ocrx_word' id='word_1_151' title='bbox 535 1467 585 1502; x_wconf 92' lang='lat' dir='ltr'>At</span> <span class='ocrx_word' id='word_1_152' title='bbox 608 1468 781 1512; x_wconf 85' lang='lat' dir='ltr'>principia</span> <span class='ocrx_word' id='word_1_153' title='bbox 799 1474 881 1500; x_wconf 89' lang='lat' dir='ltr'>sunt</span> <span class='ocrx_word' id='word_1_154' title='bbox 899 1473 1012 1510; x_wconf 85' lang='lat' dir='ltr'>partes</span> <span class='ocrx_word' id='word_1_155' title='bbox 1032 1478 1116 1499; x_wconf 89' lang='lat' dir='ltr'>con-</span> 
     </span>
     <span class='ocr_line' id='line_1_27' title="bbox 128 1518 982 1562; baseline -0.005 -6"><span class='ocrx_word' id='word_1_156' title='bbox 128 1523 330 1562; x_wconf 81' lang='lat' dir='ltr'>stituentes,</span> <span class='ocrx_word' id='word_1_157' title='bbox 357 1527 417 1553; x_wconf 90' lang='lat' dir='ltr'>aut</span> <span class='ocrx_word' id='word_1_158' title='bbox 436 1519 647 1552; x_wconf 79' lang='lat' dir='ltr'>inclinantes</span> <span class='ocrx_word' id='word_1_159' title='bbox 668 1519 711 1551; x_wconf 87' lang='lat' dir='ltr'>ad</span> <span class='ocrx_word' id='word_1_160' title='bbox 739 1518 982 1552; x_wconf 77' lang='lat' dir='ltr'>mutationem.</span> 
     </span>
    </p>
   </div>
   <div class='ocr_carea' id='block_1_6' title="bbox 129 1575 1124 2177">
    <p class='ocr_par' dir='ltr' id='par_1_9' title="bbox 129 1575 1120 1972">
     <span class='ocr_line' id='line_1_28' title="bbox 230 1575 1117 1614; baseline -0.008 0"><span class='ocrx_word' id='word_1_161' title='bbox 230 1579 437 1614; x_wconf 91' lang='lat' dir='ltr'>Aristoteles</span> <span class='ocrx_word' id='word_1_162' title='bbox 454 1586 569 1612; x_wconf 85' lang='lat' dir='ltr'>autem</span> <span class='ocrx_word' id='word_1_163' title='bbox 586 1578 714 1612; x_wconf 90' lang='lat' dir='ltr'>omissa</span> <span class='ocrx_word' id='word_1_164' title='bbox 731 1589 832 1610; x_wconf 84' lang='lat' dir='ltr'>causa</span> <span class='ocrx_word' id='word_1_165' title='bbox 852 1576 1022 1610; x_wconf 84' lang='lat' dir='ltr'>efficiente</span> <span class='ocrx_word' id='word_1_166' title='bbox 1035 1575 1117 1608; x_wconf 90' lang='lat' dir='ltr'>nni-</span> 
     </span>
     <span class='ocr_line' id='line_1_29' title="bbox 129 1627 1118 1674; baseline -0.008 -8"><span class='ocrx_word' id='word_1_167' title='bbox 129 1631 258 1666; x_wconf 84' lang='lat' dir='ltr'>versali</span> <span class='ocrx_word' id='word_1_168' title='bbox 291 1630 454 1664; x_wconf 87' lang='lat' dir='ltr'>nominat</span> <span class='ocrx_word' id='word_1_169' title='bbox 487 1630 555 1663; x_wconf 83' lang='lat' dir='ltr'>tria</span> <span class='ocrx_word' id='word_1_170' title='bbox 588 1628 761 1674; x_wconf 88' lang='lat' dir='ltr'>principia</span> <span class='ocrx_word' id='word_1_171' title='bbox 774 1655 783 1667; x_wconf 94' lang='lat'>,</span> <span class='ocrx_word' id='word_1_172' title='bbox 817 1628 1018 1666; x_wconf 78' lang='lat' dir='ltr'>materiam,</span> <span class='ocrx_word' id='word_1_173' title='bbox 1044 1627 1118 1658; x_wconf 83' lang='lat' dir='ltr'>for-</span> 
     </span>
     <span class='ocr_line' id='line_1_30' title="bbox 131 1676 1118 1726; baseline -0.007 -10"><span class='ocrx_word' id='word_1_174' title='bbox 131 1695 245 1721; x_wconf 82' lang='lat' dir='ltr'>mam,</span> <span class='ocrx_word' id='word_1_175' title='bbox 270 1689 303 1716; x_wconf 82' lang='lat' dir='ltr'>et</span> <span class='ocrx_word' id='word_1_176' title='bbox 319 1681 568 1726; x_wconf 77' lang='lat' dir='ltr'>privationem.</span> <span class='ocrx_word' id='word_1_177' title='bbox 622 1679 726 1712; x_wconf 86' lang='lat' dir='ltr'>Prius</span> <span class='ocrx_word' id='word_1_178' title='bbox 741 1678 836 1711; x_wconf 90' lang='lat' dir='ltr'>enim</span> <span class='ocrx_word' id='word_1_179' title='bbox 856 1678 999 1711; x_wconf 86' lang='lat' dir='ltr'>deducit</span> <span class='ocrx_word' id='word_1_180' title='bbox 1016 1676 1118 1710; x_wconf 87' lang='lat' dir='ltr'>audi-</span> 
     </span>
     <span class='ocr_line' id='line_1_31' title="bbox 130 1727 1119 1774; baseline -0.006 -7"><span class='ocrx_word' id='word_1_181' title='bbox 130 1742 223 1769; x_wconf 88' lang='lat' dir='ltr'>tores</span> <span class='ocrx_word' id='word_1_182' title='bbox 239 1733 281 1765; x_wconf 89' lang='lat' dir='ltr'>ad</span> <span class='ocrx_word' id='word_1_183' title='bbox 300 1732 480 1765; x_wconf 87' lang='lat' dir='ltr'>materiam</span> <span class='ocrx_word' id='word_1_184' title='bbox 500 1738 533 1764; x_wconf 89' lang='lat' dir='ltr'>et</span> <span class='ocrx_word' id='word_1_185' title='bbox 549 1742 697 1774; x_wconf 89' lang='lat' dir='ltr'>corpora</span> <span class='ocrx_word' id='word_1_186' title='bbox 722 1729 760 1761; x_wconf 91' lang='lat' dir='ltr'>in</span> <span class='ocrx_word' id='word_1_187' title='bbox 782 1735 969 1773; x_wconf 91' lang='lat' dir='ltr'>conspectu</span> <span class='ocrx_word' id='word_1_188' title='bbox 991 1727 1119 1772; x_wconf 78' lang='lat' dir='ltr'>posita,</span> 
     </span>
     <span class='ocr_line' id='line_1_32' title="bbox 132 1777 1120 1825; baseline -0.009 -7"><span class='ocrx_word' id='word_1_189' title='bbox 132 1791 166 1818; x_wconf 88' lang='lat' dir='ltr'>et</span> <span class='ocrx_word' id='word_1_190' title='bbox 183 1795 305 1818; x_wconf 88' lang='lat' dir='ltr'>eorum</span> <span class='ocrx_word' id='word_1_191' title='bbox 319 1782 551 1821; x_wconf 84' lang='lat' dir='ltr'>mutationes,</span> <span class='ocrx_word' id='word_1_192' title='bbox 577 1787 697 1825; x_wconf 85' lang='lat' dir='ltr'>postea</span> <span class='ocrx_word' id='word_1_193' title='bbox 713 1780 751 1812; x_wconf 91' lang='lat' dir='ltr'>in</span> <span class='ocrx_word' id='word_1_194' title='bbox 775 1780 843 1812; x_wconf 88' lang='lat' dir='ltr'>fine</span> <span class='ocrx_word' id='word_1_195' title='bbox 860 1777 1020 1824; x_wconf 84' lang='lat' dir='ltr'>physices</span> <span class='ocrx_word' id='word_1_196' title='bbox 1047 1778 1120 1810; x_wconf 90' lang='lat' dir='ltr'>dis-</span> 
     </span>
     <span class='ocr_line' id='line_1_33' title="bbox 132 1828 1120 1875; baseline -0.009 -6"><span class='ocrx_word' id='word_1_197' title='bbox 132 1835 216 1870; x_wconf 88' lang='lat' dir='ltr'>serit</span> <span class='ocrx_word' id='word_1_198' title='bbox 232 1835 275 1867; x_wconf 85' lang='lat' dir='ltr'>de</span> <span class='ocrx_word' id='word_1_199' title='bbox 298 1844 399 1867; x_wconf 90' lang='lat' dir='ltr'>causa</span> <span class='ocrx_word' id='word_1_200' title='bbox 415 1833 585 1865; x_wconf 86' lang='lat' dir='ltr'>efficiente</span> <span class='ocrx_word' id='word_1_201' title='bbox 608 1830 824 1871; x_wconf 86' lang='lat' dir='ltr'>universali,</span> <span class='ocrx_word' id='word_1_202' title='bbox 851 1830 933 1875; x_wconf 89' lang='lat' dir='ltr'>quia</span> <span class='ocrx_word' id='word_1_203' title='bbox 957 1828 1120 1861; x_wconf 85' lang='lat' dir='ltr'>doctrina</span> 
     </span>
     <span class='ocr_line' id='line_1_34' title="bbox 131 1879 1120 1923; baseline -0.01 -2"><span class='ocrx_word' id='word_1_204' title='bbox 131 1888 175 1921; x_wconf 90' lang='lat' dir='ltr'>de</span> <span class='ocrx_word' id='word_1_205' title='bbox 191 1885 282 1920; x_wconf 87' lang='lat' dir='ltr'>serie</span> <span class='ocrx_word' id='word_1_206' title='bbox 299 1895 482 1918; x_wconf 83' lang='lat' dir='ltr'>causarum</span> <span class='ocrx_word' id='word_1_207' title='bbox 499 1884 642 1917; x_wconf 86' lang='lat' dir='ltr'>tandem</span> <span class='ocrx_word' id='word_1_208' title='bbox 659 1881 802 1915; x_wconf 90' lang='lat' dir='ltr'>deducit</span> <span class='ocrx_word' id='word_1_209' title='bbox 826 1887 961 1914; x_wconf 88' lang='lat' dir='ltr'>mentes</span> <span class='ocrx_word' id='word_1_210' title='bbox 983 1880 1026 1912; x_wconf 90' lang='lat' dir='ltr'>ad</span> <span class='ocrx_word' id='word_1_211' title='bbox 1048 1879 1120 1923; x_wconf 90' lang='lat' dir='ltr'>pri-</span> 
     </span>
     <span class='ocr_line' id='line_1_35' title="bbox 131 1947 394 1972; baseline -0.015 0"><span class='ocrx_word' id='word_1_212' title='bbox 131 1950 224 1972; x_wconf 86' lang='lat' dir='ltr'>mam</span> <span class='ocrx_word' id='word_1_213' title='bbox 242 1947 394 1970; x_wconf 87' lang='lat' dir='ltr'>causam.</span> 
     </span>
    </p>

    <p class='ocr_par' dir='ltr' id='par_1_10' title="bbox 136 1980 1124 2177">
     <span class='ocr_line' id='line_1_36' title="bbox 237 1980 1124 2027; baseline -0.01 -6"><span class='ocrx_word' id='word_1_214' title='bbox 237 1986 379 2022; x_wconf 90' lang='lat' dir='ltr'>Ordine</span> <span class='ocrx_word' id='word_1_215' title='bbox 417 1992 533 2019; x_wconf 84' lang='lat' dir='ltr'>autem</span> <span class='ocrx_word' id='word_1_216' title='bbox 579 1984 754 2020; x_wconf 91' lang='lat' dir='ltr'>dicemus,</span> <span class='ocrx_word' id='word_1_217' title='bbox 804 1981 890 2027; x_wconf 84' lang='lat' dir='ltr'>quid</span> <span class='ocrx_word' id='word_1_218' title='bbox 927 1980 1124 2021; x_wconf 81' lang='lat' dir='ltr'>materiam,</span> 
     </span>
     <span class='ocr_line' id='line_1_37' title="bbox 137 2031 1124 2086; baseline -0.01 -13"><span class='ocrx_word' id='word_1_219' title='bbox 137 2040 221 2086; x_wconf 91' lang='lat' dir='ltr'>quid</span> <span class='ocrx_word' id='word_1_220' title='bbox 239 2040 408 2075; x_wconf 81' lang='lat' dir='ltr'>formam,</span> <span class='ocrx_word' id='word_1_221' title='bbox 435 2036 521 2082; x_wconf 89' lang='lat' dir='ltr'>qnid</span> <span class='ocrx_word' id='word_1_222' title='bbox 539 2035 773 2079; x_wconf 84' lang='lat' dir='ltr'>privationem</span> <span class='ocrx_word' id='word_1_223' title='bbox 793 2039 903 2066; x_wconf 90' lang='lat' dir='ltr'>vocet.</span> <span class='ocrx_word' id='word_1_224' title='bbox 938 2031 1007 2065; x_wconf 90' lang='lat' dir='ltr'>Sed</span> <span class='ocrx_word' id='word_1_225' title='bbox 1026 2031 1124 2075; x_wconf 91' lang='lat' dir='ltr'>prius</span> 
     </span>
     <span class='ocr_line' id='line_1_38' title="bbox 136 2081 1124 2134; baseline -0.01 -9"><span class='ocrx_word' id='word_1_226' title='bbox 136 2090 310 2130; x_wconf 80' lang='lat' dir='ltr'>recitabo,</span> <span class='ocrx_word' id='word_1_227' title='bbox 335 2088 514 2134; x_wconf 90' lang='lat' dir='ltr'>quomodo</span> <span class='ocrx_word' id='word_1_228' title='bbox 533 2099 610 2120; x_wconf 87' lang='lat' dir='ltr'>cum</span> <span class='ocrx_word' id='word_1_229' title='bbox 627 2083 818 2119; x_wconf 88' lang='lat' dir='ltr'>Aristotele</span> <span class='ocrx_word' id='word_1_230' title='bbox 834 2088 1031 2126; x_wconf 86' lang='lat' dir='ltr'>congruant</span> <span class='ocrx_word' id='word_1_231' title='bbox 1042 2081 1124 2115; x_wconf 82' lang='lat' dir='ltr'>Pla-</span> 
     </span>
     <span class='ocr_line' id='line_1_39' title="bbox 136 2137 726 2177; baseline -0.014 -1"><span class='ocrx_word' id='word_1_232' title='bbox 136 2142 231 2177; x_wconf 84' lang='lat' dir='ltr'>tonis</span> <span class='ocrx_word' id='word_1_233' title='bbox 246 2147 279 2173; x_wconf 90' lang='lat' dir='ltr'>et</span> <span class='ocrx_word' id='word_1_234' title='bbox 296 2140 496 2174; x_wconf 91' lang='lat' dir='ltr'>Stoicorum</span> <span class='ocrx_word' id='word_1_235' title='bbox 521 2137 726 2171; x_wconf 80' lang='lat' dir='ltr'>sententiae.</span> 
     </span>
    </p>
   </div>
   <div class='ocr_carea' id='block_1_7' title="bbox 139 2189 1133 2702">
    <p class='ocr_par' dir='ltr' id='par_1_11' title="bbox 139 2189 1133 2702">
     <span class='ocr_line' id='line_1_40' title="bbox 239 2189 1128 2239; baseline -0.009 -8"><span class='ocrx_word' id='word_1_236' title='bbox 239 2198 338 2231; x_wconf 84' lang='lat' dir='ltr'>Plato</span> <span class='ocrx_word' id='word_1_237' title='bbox 365 2198 431 2230; x_wconf 88' lang='lat' dir='ltr'>tria</span> <span class='ocrx_word' id='word_1_238' title='bbox 457 2195 640 2230; x_wconf 88' lang='lat' dir='ltr'>constituit</span> <span class='ocrx_word' id='word_1_239' title='bbox 659 2193 857 2239; x_wconf 87' lang='lat' dir='ltr'>principia,</span> <span class='ocrx_word' id='word_1_240' title='bbox 883 2190 1018 2233; x_wconf 89' lang='lat' dir='ltr'>Deum,</span> <span class='ocrx_word' id='word_1_241' title='bbox 1044 2189 1128 2224; x_wconf 88' lang='lat' dir='ltr'>Ma-</span> 
     </span>
     <span class='ocr_line' id='line_1_41' title="bbox 139 2241 1126 2289; baseline -0.01 -5"><span class='ocrx_word' id='word_1_242' title='bbox 139 2251 283 2289; x_wconf 81' lang='lat' dir='ltr'>teriam,</span> <span class='ocrx_word' id='word_1_243' title='bbox 309 2254 342 2281; x_wconf 80' lang='lat' dir='ltr'>et</span> <span class='ocrx_word' id='word_1_244' title='bbox 359 2247 489 2281; x_wconf 88' lang='lat' dir='ltr'>ldeam.</span> <span class='ocrx_word' id='word_1_245' title='bbox 542 2246 691 2280; x_wconf 81' lang='lat' dir='ltr'>Erudite</span> <span class='ocrx_word' id='word_1_246' title='bbox 707 2257 726 2278; x_wconf 88' lang='lat' dir='ltr'>a</span> <span class='ocrx_word' id='word_1_247' title='bbox 742 2244 817 2277; x_wconf 91' lang='lat' dir='ltr'>Deo</span> <span class='ocrx_word' id='word_1_248' title='bbox 833 2243 985 2279; x_wconf 83' lang='lat' dir='ltr'>orditur.</span> <span class='ocrx_word' id='word_1_249' title='bbox 1035 2241 1126 2275; x_wconf 92' lang='lat' dir='ltr'>Cum</span> 
     </span>
     <span class='ocr_line' id='line_1_42' title="bbox 141 2293 1127 2336; baseline -0.011 0"><span class='ocrx_word' id='word_1_250' title='bbox 141 2302 235 2336; x_wconf 88' lang='lat' dir='ltr'>enim</span> <span class='ocrx_word' id='word_1_251' title='bbox 253 2299 397 2332; x_wconf 86' lang='lat' dir='ltr'>materia</span> <span class='ocrx_word' id='word_1_252' title='bbox 411 2298 485 2331; x_wconf 89' lang='lat' dir='ltr'>sine</span> <span class='ocrx_word' id='word_1_253' title='bbox 503 2298 573 2331; x_wconf 85' lang='lat' dir='ltr'>alio</span> <span class='ocrx_word' id='word_1_254' title='bbox 589 2302 753 2330; x_wconf 90' lang='lat' dir='ltr'>movente</span> <span class='ocrx_word' id='word_1_255' title='bbox 763 2302 796 2329; x_wconf 87' lang='lat' dir='ltr'>et</span> <span class='ocrx_word' id='word_1_256' title='bbox 810 2294 999 2329; x_wconf 89' lang='lat' dir='ltr'>ordinante</span> <span class='ocrx_word' id='word_1_257' title='bbox 1010 2293 1127 2326; x_wconf 87' lang='lat' dir='ltr'>ociosa</span> 
     </span>
     <span class='ocr_line' id='line_1_43' title="bbox 140 2343 1128 2392; baseline -0.01 -6"><span class='ocrx_word' id='word_1_258' title='bbox 140 2354 205 2392; x_wconf 90' lang='lat' dir='ltr'>sit,</span> <span class='ocrx_word' id='word_1_259' title='bbox 229 2360 366 2384; x_wconf 89' lang='lat' dir='ltr'>necesse</span> <span class='ocrx_word' id='word_1_260' title='bbox 391 2355 442 2382; x_wconf 87' lang='lat' dir='ltr'>est</span> <span class='ocrx_word' id='word_1_261' title='bbox 466 2348 548 2381; x_wconf 87' lang='lat' dir='ltr'>addi</span> <span class='ocrx_word' id='word_1_262' title='bbox 572 2347 779 2381; x_wconf 88' lang='lat' dir='ltr'>efficientem</span> <span class='ocrx_word' id='word_1_263' title='bbox 805 2356 955 2379; x_wconf 87' lang='lat' dir='ltr'>causam.</span> <span class='ocrx_word' id='word_1_264' title='bbox 1008 2343 1128 2387; x_wconf 85' lang='lat' dir='ltr'>Quare</span> 
     </span>
     <span class='ocr_line' id='line_1_44' title="bbox 142 2394 1129 2440; baseline -0.012 -2"><span class='ocrx_word' id='word_1_265' title='bbox 142 2401 368 2440; x_wconf 83' lang='lat' dir='ltr'>Aristoteles,</span> <span class='ocrx_word' id='word_1_266' title='bbox 394 2399 459 2432; x_wconf 88' lang='lat' dir='ltr'>etsi</span> <span class='ocrx_word' id='word_1_267' title='bbox 477 2399 579 2432; x_wconf 89' lang='lat' dir='ltr'>initio</span> <span class='ocrx_word' id='word_1_268' title='bbox 606 2410 679 2432; x_wconf 87' lang='lat' dir='ltr'>non</span> <span class='ocrx_word' id='word_1_269' title='bbox 702 2397 784 2431; x_wconf 84' lang='lat' dir='ltr'>fecit</span> <span class='ocrx_word' id='word_1_270' title='bbox 809 2396 1027 2430; x_wconf 85' lang='lat' dir='ltr'>mentionem</span> <span class='ocrx_word' id='word_1_271' title='bbox 1053 2394 1129 2427; x_wconf 82' lang='lat' dir='ltr'>effi-</span> 
     </span>
     <span class='ocr_line' id='line_1_45' title="bbox 142 2444 1130 2492; baseline -0.012 -3"><span class='ocrx_word' id='word_1_272' title='bbox 142 2454 266 2490; x_wconf 90' lang='lat' dir='ltr'>cientis</span> <span class='ocrx_word' id='word_1_273' title='bbox 285 2462 428 2491; x_wconf 83' lang='lat' dir='ltr'>causae,</span> <span class='ocrx_word' id='word_1_274' title='bbox 453 2456 571 2483; x_wconf 79' lang='lat' dir='ltr'>tamen</span> <span class='ocrx_word' id='word_1_275' title='bbox 586 2455 705 2492; x_wconf 88' lang='lat' dir='ltr'>postea</span> <span class='ocrx_word' id='word_1_276' title='bbox 730 2460 806 2481; x_wconf 92' lang='lat' dir='ltr'>eam</span> <span class='ocrx_word' id='word_1_277' title='bbox 833 2446 1006 2481; x_wconf 84' lang='lat' dir='ltr'>adiunxit.</span> <span class='ocrx_word' id='word_1_278' title='bbox 1058 2444 1130 2478; x_wconf 92' lang='lat' dir='ltr'>De-</span> 
     </span>
     <span class='ocr_line' id='line_1_46' title="bbox 143 2495 1132 2543; baseline -0.011 -4"><span class='ocrx_word' id='word_1_279' title='bbox 143 2504 312 2539; x_wconf 90' lang='lat' dir='ltr'>mocritus</span> <span class='ocrx_word' id='word_1_280' title='bbox 328 2513 411 2535; x_wconf 88' lang='lat' dir='ltr'>vero</span> <span class='ocrx_word' id='word_1_281' title='bbox 437 2507 470 2534; x_wconf 92' lang='lat' dir='ltr'>et</span> <span class='ocrx_word' id='word_1_282' title='bbox 485 2497 675 2543; x_wconf 87' lang='lat' dir='ltr'>Epicurei,</span> <span class='ocrx_word' id='word_1_283' title='bbox 701 2511 780 2532; x_wconf 90' lang='lat' dir='ltr'>cum</span> <span class='ocrx_word' id='word_1_284' title='bbox 806 2508 952 2542; x_wconf 90' lang='lat' dir='ltr'>prorsus</span> <span class='ocrx_word' id='word_1_285' title='bbox 977 2495 1132 2540; x_wconf 89' lang='lat' dir='ltr'>relique-</span> 
     </span>
     <span class='ocr_line' id='line_1_47' title="bbox 143 2546 1133 2590; baseline -0.011 0"><span class='ocrx_word' id='word_1_286' title='bbox 143 2557 217 2590; x_wconf 86' lang='lat' dir='ltr'>rint</span> <span class='ocrx_word' id='word_1_287' title='bbox 247 2553 454 2588; x_wconf 83' lang='lat' dir='ltr'>efficientem</span> <span class='ocrx_word' id='word_1_288' title='bbox 486 2561 645 2589; x_wconf 90' lang='lat' dir='ltr'>causam,</span> <span class='ocrx_word' id='word_1_289' title='bbox 685 2561 759 2581; x_wconf 87' lang='lat' dir='ltr'>non</span> <span class='ocrx_word' id='word_1_290' title='bbox 793 2555 886 2583; x_wconf 86' lang='lat' dir='ltr'>recte</span> <span class='ocrx_word' id='word_1_291' title='bbox 916 2546 1133 2586; x_wconf 88' lang='lat' dir='ltr'>iudicarunt,</span> 
     </span>
     <span class='ocr_line' id='line_1_48' title="bbox 146 2597 1133 2652; baseline -0.009 -12"><span class='ocrx_word' id='word_1_292' title='bbox 146 2607 229 2652; x_wconf 84' lang='lat' dir='ltr'>quia</span> <span class='ocrx_word' id='word_1_293' title='bbox 254 2603 400 2638; x_wconf 87' lang='lat' dir='ltr'>materia</span> <span class='ocrx_word' id='word_1_294' title='bbox 435 2602 510 2634; x_wconf 83' lang='lat' dir='ltr'>sine</span> <span class='ocrx_word' id='word_1_295' title='bbox 541 2600 611 2633; x_wconf 90' lang='lat' dir='ltr'>alio</span> <span class='ocrx_word' id='word_1_296' title='bbox 636 2605 819 2638; x_wconf 88' lang='lat' dir='ltr'>movente,</span> <span class='ocrx_word' id='word_1_297' title='bbox 861 2611 926 2632; x_wconf 92' lang='lat' dir='ltr'>nec</span> <span class='ocrx_word' id='word_1_298' title='bbox 949 2597 1133 2632; x_wconf 84' lang='lat' dir='ltr'>distribuit</span> 
     </span>
     <span class='ocr_line' id='line_1_49' title="bbox 148 2648 1084 2702; baseline -0.009 -13"><span class='ocrx_word' id='word_1_299' title='bbox 148 2658 223 2702; x_wconf 88' lang='lat' dir='ltr'>ipsa</span> <span class='ocrx_word' id='word_1_300' title='bbox 240 2667 312 2690; x_wconf 88' lang='lat' dir='ltr'>sese</span> <span class='ocrx_word' id='word_1_301' title='bbox 329 2653 432 2688; x_wconf 88' lang='lat' dir='ltr'>certis</span> <span class='ocrx_word' id='word_1_302' title='bbox 449 2652 583 2696; x_wconf 85' lang='lat' dir='ltr'>legibus</span> <span class='ocrx_word' id='word_1_303' title='bbox 594 2677 603 2691; x_wconf 93' lang='lat'>,</span> <span class='ocrx_word' id='word_1_304' title='bbox 628 2661 695 2684; x_wconf 89' lang='lat' dir='ltr'>nec</span> <span class='ocrx_word' id='word_1_305' title='bbox 711 2649 779 2683; x_wconf 80' lang='lat' dir='ltr'>alia</span> <span class='ocrx_word' id='word_1_306' title='bbox 794 2661 942 2694; x_wconf 87' lang='lat' dir='ltr'>corpora</span> <span class='ocrx_word' id='word_1_307' title='bbox 962 2648 1084 2692; x_wconf 83' lang='lat' dir='ltr'>gignit.</span> 
     </span>
    </p>
   </div>
   <div class='ocr_carea' id='block_1_8' title="bbox 821 85 1584 129">
    <p class='ocr_par' dir='ltr' id='par_1_12' title="bbox 821 85 1584 129">
     <span class='ocr_line' id='line_1_50' title="bbox 821 85 1584 129; baseline 0.008 -6"><span class='ocrx_word' id='word_1_308' title='bbox 821 85 982 124; x_wconf 88' lang='lat' dir='ltr'><strong>INITIA</strong></span> <span class='ocrx_word' id='word_1_309' title='bbox 1008 85 1304 125; x_wconf 85' lang='lat' dir='ltr'><strong>DOCTRINAE</strong></span> <span class='ocrx_word' id='word_1_310' title='bbox 1329 90 1584 129; x_wconf 86' lang='lat' dir='ltr'>PHYSICAE.</span> 
     </span>
    </p>
   </div>
   <div class='ocr_carea' id='block_1_9' title="bbox 1134 235 1142 902">
    <p class='ocr_par' dir='ltr' id='par_1_13' title="bbox 1134 235 1142 902">
     <span class='ocr_line' id='line_1_51' title="bbox 1134 235 1142 902; baseline 0 0"><span class='ocrx_word' id='word_1_311' title='bbox 1134 235 1142 902; x_wconf 95' lang='lat' dir='ltr'> </span> 
     </span>
    </p>
   </div>
   <div class='ocr_carea' id='block_1_10' title="bbox 1150 2244 1157 2499">
    <p class='ocr_par' dir='ltr' id='par_1_14' title="bbox 1150 2244 1157 2556">
     <span class='ocr_line' id='line_1_52' title="bbox 1150 2244 1157 2499; baseline 0 57"><span class='ocrx_word' id='word_1_312' title='bbox 1150 2244 1157 2499; x_wconf 69' lang='lat' dir='ltr'>l</span> 
     </span>
    </p>
   </div>
   <div class='ocr_carea' id='block_1_11' title="bbox 2078 105 2152 140">
    <p class='ocr_par' dir='ltr' id='par_1_15' title="bbox 2078 105 2152 140">
     <span class='ocr_line' id='line_1_53' title="bbox 2078 105 2152 140; baseline 0.014 -1"><span class='ocrx_word' id='word_1_313' title='bbox 2078 105 2152 140; x_wconf 74' lang='lat'>294</span> 
     </span>
    </p>
   </div>
   <div class='ocr_carea' id='block_1_12' title="bbox 1163 173 2153 1088">
    <p class='ocr_par' dir='ltr' id='par_1_16' title="bbox 1163 173 2153 819">
     <span class='ocr_line' id='line_1_54' title="bbox 1219 173 2153 232; baseline 0.017 -25"><span class='ocrx_word' id='word_1_314' title='bbox 1219 224 1228 231; x_wconf 46' lang='lat'><strong>·</strong></span> <span class='ocrx_word' id='word_1_315' title='bbox 1263 173 1376 210; x_wconf 90' lang='lat' dir='ltr'>Addit</span> <span class='ocrx_word' id='word_1_316' title='bbox 1402 185 1516 212; x_wconf 90' lang='lat' dir='ltr'>autem</span> <span class='ocrx_word' id='word_1_317' title='bbox 1539 179 1640 214; x_wconf 88' lang='lat' dir='ltr'>Plato</span> <span class='ocrx_word' id='word_1_318' title='bbox 1666 181 1800 222; x_wconf 85' lang='lat' dir='ltr'>ideam,</span> <span class='ocrx_word' id='word_1_319' title='bbox 1836 186 1930 232; x_wconf 82' lang='lat' dir='ltr'>quod</span> <span class='ocrx_word' id='word_1_320' title='bbox 1966 194 2015 221; x_wconf 87' lang='lat' dir='ltr'>est</span> <span class='ocrx_word' id='word_1_321' title='bbox 2038 190 2153 223; x_wconf 79' lang='lat' dir='ltr'>adfine</span> 
     </span>
     <span class='ocr_line' id='line_1_55' title="bbox 1164 223 2150 276; baseline 0.017 -19"><span class='ocrx_word' id='word_1_322' title='bbox 1164 223 1368 259; x_wconf 85' lang='lat' dir='ltr'>Aristotelis</span> <span class='ocrx_word' id='word_1_323' title='bbox 1385 230 1588 271; x_wconf 88' lang='lat' dir='ltr'>sententiae,</span> <span class='ocrx_word' id='word_1_324' title='bbox 1616 232 1677 276; x_wconf 91' lang='lat' dir='ltr'>qni</span> <span class='ocrx_word' id='word_1_325' title='bbox 1692 234 1791 267; x_wconf 86' lang='lat' dir='ltr'>addit</span> <span class='ocrx_word' id='word_1_326' title='bbox 1805 236 1955 270; x_wconf 86' lang='lat' dir='ltr'>sormam</span> <span class='ocrx_word' id='word_1_327' title='bbox 1975 241 2150 275; x_wconf 81' lang='lat' dir='ltr'>materiae.</span> 
     </span>
     <span class='ocr_line' id='line_1_56' title="bbox 1164 273 2150 334; baseline 0.018 -29"><span class='ocrx_word' id='word_1_328' title='bbox 1164 274 1234 331; x_wconf 78' lang='lat' dir='ltr'>Sed</span> <span class='ocrx_word' id='word_1_329' title='bbox 1264 273 1469 310; x_wconf 87' lang='lat' dir='ltr'>Aristoteles</span> <span class='ocrx_word' id='word_1_330' title='bbox 1491 286 1627 314; x_wconf 78' lang='lat' dir='ltr'>tanturn</span> <span class='ocrx_word' id='word_1_331' title='bbox 1652 283 1817 328; x_wconf 83' lang='lat' dir='ltr'>intelligit</span> <span class='ocrx_word' id='word_1_332' title='bbox 1837 287 2010 328; x_wconf 84' lang='lat' dir='ltr'>formam,</span> <span class='ocrx_word' id='word_1_333' title='bbox 2044 302 2150 334; x_wconf 84' lang='lat' dir='ltr'>quain</span> 
     </span>
     <span class='ocr_line' id='line_1_57' title="bbox 1164 326 2150 383; baseline 0.017 -26"><span class='ocrx_word' id='word_1_334' title='bbox 1164 326 1283 383; x_wconf 78' lang='lat' dir='ltr'>induit</span> <span class='ocrx_word' id='word_1_335' title='bbox 1304 327 1459 362; x_wconf 88' lang='lat' dir='ltr'>materia.</span> <span class='ocrx_word' id='word_1_336' title='bbox 1513 328 1614 363; x_wconf 87' lang='lat' dir='ltr'>Plato</span> <span class='ocrx_word' id='word_1_337' title='bbox 1632 345 1713 367; x_wconf 90' lang='lat' dir='ltr'>vero</span> <span class='ocrx_word' id='word_1_338' title='bbox 1739 335 1854 369; x_wconf 87' lang='lat' dir='ltr'>ideam</span> <span class='ocrx_word' id='word_1_339' title='bbox 1878 338 2044 381; x_wconf 82' lang='lat' dir='ltr'>intelligit</span> <span class='ocrx_word' id='word_1_340' title='bbox 2062 340 2150 374; x_wconf 86' lang='lat' dir='ltr'>ima-</span> 
     </span>
     <span class='ocr_line' id='line_1_58' title="bbox 1164 377 2151 434; baseline 0.019 -27"><span class='ocrx_word' id='word_1_341' title='bbox 1164 387 1281 434; x_wconf 74' lang='lat' dir='ltr'>ginem</span> <span class='ocrx_word' id='word_1_342' title='bbox 1305 377 1419 420; x_wconf 88' lang='lat' dir='ltr'>operis</span> <span class='ocrx_word' id='word_1_343' title='bbox 1448 378 1484 410; x_wconf 91' lang='lat' dir='ltr'>in</span> <span class='ocrx_word' id='word_1_344' title='bbox 1511 388 1627 413; x_wconf 79' lang='lat' dir='ltr'>mente</span> <span class='ocrx_word' id='word_1_345' title='bbox 1654 384 1796 423; x_wconf 87' lang='lat' dir='ltr'>divina,</span> <span class='ocrx_word' id='word_1_346' title='bbox 1833 387 1926 421; x_wconf 85' lang='lat' dir='ltr'>iuxta</span> <span class='ocrx_word' id='word_1_347' title='bbox 1951 401 2078 433; x_wconf 86' lang='lat' dir='ltr'>quam,</span> <span class='ocrx_word' id='word_1_348' title='bbox 2111 398 2151 425; x_wconf 87' lang='lat' dir='ltr'>ut</span> 
     </span>
     <span class='ocr_line' id='line_1_59' title="bbox 1164 428 2149 483; baseline 0.016 -24"><span class='ocrx_word' id='word_1_349' title='bbox 1164 428 1212 460; x_wconf 85' lang='lat' dir='ltr'>ita</span> <span class='ocrx_word' id='word_1_350' title='bbox 1229 428 1359 467; x_wconf 86' lang='lat' dir='ltr'>dicam,</span> <span class='ocrx_word' id='word_1_351' title='bbox 1387 429 1586 472; x_wconf 86' lang='lat' dir='ltr'>exculpitnr</span> <span class='ocrx_word' id='word_1_352' title='bbox 1606 431 1738 473; x_wconf 85' lang='lat' dir='ltr'>forma,</span> <span class='ocrx_word' id='word_1_353' title='bbox 1766 448 1855 479; x_wconf 89' lang='lat' dir='ltr'>qnae</span> <span class='ocrx_word' id='word_1_354' title='bbox 1877 439 1914 471; x_wconf 89' lang='lat' dir='ltr'>in</span> <span class='ocrx_word' id='word_1_355' title='bbox 1941 443 2149 483; x_wconf 87' lang='lat' dir='ltr'>corporibus</span> 
     </span>
     <span class='ocr_line' id='line_1_60' title="bbox 1163 478 2148 531; baseline 0.016 -22"><span class='ocrx_word' id='word_1_356' title='bbox 1163 478 1396 522; x_wconf 89' lang='lat' dir='ltr'>conspicitur,</span> <span class='ocrx_word' id='word_1_357' title='bbox 1425 491 1463 511; x_wconf 89' lang='lat' dir='ltr'>ac</span> <span class='ocrx_word' id='word_1_358' title='bbox 1488 480 1578 513; x_wconf 89' lang='lat' dir='ltr'>sicut</span> <span class='ocrx_word' id='word_1_359' title='bbox 1601 480 1810 517; x_wconf 83' lang='lat' dir='ltr'>architectus</span> <span class='ocrx_word' id='word_1_360' title='bbox 1835 487 2022 531; x_wconf 82' lang='lat' dir='ltr'>imaginem</span> <span class='ocrx_word' id='word_1_361' title='bbox 2051 493 2148 524; x_wconf 78' lang='lat' dir='ltr'>aedi—</span> 
     </span>
     <span class='ocr_line' id='line_1_61' title="bbox 1164 528 2148 581; baseline 0.017 -22"><span class='ocrx_word' id='word_1_362' title='bbox 1164 528 1233 561; x_wconf 88' lang='lat' dir='ltr'>ficii</span> <span class='ocrx_word' id='word_1_363' title='bbox 1250 528 1348 572; x_wconf 90' lang='lat' dir='ltr'>prius</span> <span class='ocrx_word' id='word_1_364' title='bbox 1367 529 1403 561; x_wconf 90' lang='lat' dir='ltr'>in</span> <span class='ocrx_word' id='word_1_365' title='bbox 1420 537 1536 563; x_wconf 88' lang='lat' dir='ltr'>mente</span> <span class='ocrx_word' id='word_1_366' title='bbox 1555 532 1685 574; x_wconf 84' lang='lat' dir='ltr'>pingit,</span> <span class='ocrx_word' id='word_1_367' title='bbox 1714 534 1760 567; x_wconf 86' lang='lat' dir='ltr'>ita</span> <span class='ocrx_word' id='word_1_368' title='bbox 1778 535 1892 569; x_wconf 85' lang='lat' dir='ltr'>Deum</span> <span class='ocrx_word' id='word_1_369' title='bbox 1913 541 2039 581; x_wconf 83' lang='lat' dir='ltr'>cogitat</span> <span class='ocrx_word' id='word_1_370' title='bbox 2059 542 2148 576; x_wconf 84' lang='lat' dir='ltr'>ima-</span> 
     </span>
     <span class='ocr_line' id='line_1_62' title="bbox 1163 579 2147 633; baseline 0.016 -23"><span class='ocrx_word' id='word_1_371' title='bbox 1163 579 1282 621; x_wconf 86' lang='lat' dir='ltr'>ginem</span> <span class='ocrx_word' id='word_1_372' title='bbox 1298 579 1404 612; x_wconf 89' lang='lat' dir='ltr'>totius</span> <span class='ocrx_word' id='word_1_373' title='bbox 1422 581 1550 623; x_wconf 82' lang='lat' dir='ltr'>opificii</span> <span class='ocrx_word' id='word_1_374' title='bbox 1570 584 1716 623; x_wconf 87' lang='lat' dir='ltr'>mundi,</span> <span class='ocrx_word' id='word_1_375' title='bbox 1744 592 1777 618; x_wconf 93' lang='lat' dir='ltr'>et</span> <span class='ocrx_word' id='word_1_376' title='bbox 1800 587 1935 620; x_wconf 87' lang='lat' dir='ltr'>ordinis</span> <span class='ocrx_word' id='word_1_377' title='bbox 1960 602 2147 633; x_wconf 84' lang='lat' dir='ltr'>corporum</span> 
     </span>
     <span class='ocr_line' id='line_1_63' title="bbox 1164 630 2148 683; baseline 0.014 -22"><span class='ocrx_word' id='word_1_378' title='bbox 1164 636 1198 663; x_wconf 86' lang='lat' dir='ltr'>et</span> <span class='ocrx_word' id='word_1_379' title='bbox 1213 630 1446 663; x_wconf 86' lang='lat' dir='ltr'>animantium</span> <span class='ocrx_word' id='word_1_380' title='bbox 1471 631 1506 663; x_wconf 92' lang='lat' dir='ltr'>in</span> <span class='ocrx_word' id='word_1_381' title='bbox 1531 643 1592 665; x_wconf 87' lang='lat' dir='ltr'>sua</span> <span class='ocrx_word' id='word_1_382' title='bbox 1618 642 1735 667; x_wconf 87' lang='lat' dir='ltr'>mente</span> <span class='ocrx_word' id='word_1_383' title='bbox 1757 636 1911 678; x_wconf 88' lang='lat' dir='ltr'>primum</span> <span class='ocrx_word' id='word_1_384' title='bbox 1937 643 2033 683; x_wconf 80' lang='lat' dir='ltr'>qnasi</span> <span class='ocrx_word' id='word_1_385' title='bbox 2060 644 2148 675; x_wconf 89' lang='lat' dir='ltr'>deli-</span> 
     </span>
     <span class='ocr_line' id='line_1_64' title="bbox 1164 682 2147 728; baseline 0.013 -16"><span class='ocrx_word' id='word_1_386' title='bbox 1164 692 1304 719; x_wconf 89' lang='lat' dir='ltr'>neasse‚</span> <span class='ocrx_word' id='word_1_387' title='bbox 1348 682 1392 714; x_wconf 89' lang='lat' dir='ltr'>ad</span> <span class='ocrx_word' id='word_1_388' title='bbox 1425 683 1520 726; x_wconf 88' lang='lat' dir='ltr'>quod</span> <span class='ocrx_word' id='word_1_389' title='bbox 1553 685 1750 728; x_wconf 78' lang='lat' dir='ltr'>exemplum</span> <span class='ocrx_word' id='word_1_390' title='bbox 1785 687 1914 721; x_wconf 89' lang='lat' dir='ltr'>deinde</span> <span class='ocrx_word' id='word_1_391' title='bbox 1947 690 2147 727; x_wconf 76' lang='lat' dir='ltr'>nniversam</span> 
     </span>
     <span class='ocr_line' id='line_1_65' title="bbox 1164 730 2149 782; baseline 0.014 -20"><span class='ocrx_word' id='word_1_392' title='bbox 1164 730 1365 764; x_wconf 87' lang='lat' dir='ltr'>machinam</span> <span class='ocrx_word' id='word_1_393' title='bbox 1402 740 1433 765; x_wconf 91' lang='lat' dir='ltr'>et</span> <span class='ocrx_word' id='word_1_394' title='bbox 1466 745 1633 776; x_wconf 86' lang='lat' dir='ltr'>corpora,</span> <span class='ocrx_word' id='word_1_395' title='bbox 1683 743 1869 782; x_wconf 85' lang='lat' dir='ltr'>motusque</span> <span class='ocrx_word' id='word_1_396' title='bbox 1909 740 2088 774; x_wconf 88' lang='lat' dir='ltr'>stellarum</span> <span class='ocrx_word' id='word_1_397' title='bbox 2118 750 2149 777; x_wconf 86' lang='lat' dir='ltr'>et</span> 
     </span>
     <span class='ocr_line' id='line_1_66' title="bbox 1164 782 1575 819; baseline 0.01 -5"><span class='ocrx_word' id='word_1_398' title='bbox 1164 782 1358 815; x_wconf 82' lang='lat' dir='ltr'>animantia</span> <span class='ocrx_word' id='word_1_399' title='bbox 1379 783 1575 819; x_wconf 83' lang='lat' dir='ltr'>fabricavit.</span> 
     </span>
    </p>

    <p class='ocr_par' dir='ltr' id='par_1_17' title="bbox 1165 839 2152 1088">
     <span class='ocr_line' id='line_1_67' title="bbox 1266 839 2149 892; baseline 0.016 -20"><span class='ocrx_word' id='word_1_400' title='bbox 1266 839 1362 873; x_wconf 72' lang='lat' dir='ltr'>Haec</span> <span class='ocrx_word' id='word_1_401' title='bbox 1378 843 1550 876; x_wconf 89' lang='lat' dir='ltr'>sententia</span> <span class='ocrx_word' id='word_1_402' title='bbox 1570 842 1728 878; x_wconf 82' lang='lat' dir='ltr'>Platonis</span> <span class='ocrx_word' id='word_1_403' title='bbox 1746 857 1786 879; x_wconf 91' lang='lat' dir='ltr'>eo</span> <span class='ocrx_word' id='word_1_404' title='bbox 1803 853 1853 880; x_wconf 88' lang='lat' dir='ltr'>est</span> <span class='ocrx_word' id='word_1_405' title='bbox 1871 849 1981 892; x_wconf 83' lang='lat' dir='ltr'>magis</span> <span class='ocrx_word' id='word_1_406' title='bbox 1999 854 2149 887; x_wconf 90' lang='lat' dir='ltr'>amanda</span> 
     </span>
     <span class='ocr_line' id='line_1_68' title="bbox 1165 892 2150 939; baseline 0.013 -15"><span class='ocrx_word' id='word_1_407' title='bbox 1165 898 1198 925; x_wconf 85' lang='lat' dir='ltr'>et</span> <span class='ocrx_word' id='word_1_408' title='bbox 1229 892 1430 935; x_wconf 87' lang='lat' dir='ltr'>probanda,</span> <span class='ocrx_word' id='word_1_409' title='bbox 1465 895 1559 937; x_wconf 89' lang='lat' dir='ltr'>quod</span> <span class='ocrx_word' id='word_1_410' title='bbox 1595 895 1725 929; x_wconf 86' lang='lat' dir='ltr'>diserte</span> <span class='ocrx_word' id='word_1_411' title='bbox 1761 898 1941 939; x_wconf 86' lang='lat' dir='ltr'>adfirmat,</span> <span class='ocrx_word' id='word_1_412' title='bbox 1974 904 2150 937; x_wconf 89' lang='lat' dir='ltr'>mundum</span> 
     </span>
     <span class='ocr_line' id='line_1_69' title="bbox 1165 944 2149 994; baseline 0.014 -20"><span class='ocrx_word' id='word_1_413' title='bbox 1165 954 1237 975; x_wconf 90' lang='lat' dir='ltr'>non</span> <span class='ocrx_word' id='word_1_414' title='bbox 1254 954 1356 982; x_wconf 90' lang='lat' dir='ltr'>casu,</span> <span class='ocrx_word' id='word_1_415' title='bbox 1383 950 1443 976; x_wconf 85' lang='lat' dir='ltr'>aut</span> <span class='ocrx_word' id='word_1_416' title='bbox 1462 944 1580 989; x_wconf 82' lang='lat' dir='ltr'>aliqua</span> <span class='ocrx_word' id='word_1_417' title='bbox 1608 947 1812 981; x_wconf 88' lang='lat' dir='ltr'>necessitate</span> <span class='ocrx_word' id='word_1_418' title='bbox 1835 950 2061 994; x_wconf 79' lang='lat' dir='ltr'>confluxisse,</span> <span class='ocrx_word' id='word_1_419' title='bbox 2089 956 2149 988; x_wconf 85' lang='lat' dir='ltr'>sed</span> 
     </span>
     <span class='ocr_line' id='line_1_70' title="bbox 1167 993 2152 1042; baseline 0.014 -18"><span class='ocrx_word' id='word_1_420' title='bbox 1167 993 1444 1031; x_wconf 73' lang='lat' dir='ltr'>deliberatione„</span> <span class='ocrx_word' id='word_1_421' title='bbox 1473 1001 1505 1027; x_wconf 87' lang='lat' dir='ltr'>et</span> <span class='ocrx_word' id='word_1_422' title='bbox 1527 996 1627 1039; x_wconf 88' lang='lat' dir='ltr'>qnasi</span> <span class='ocrx_word' id='word_1_423' title='bbox 1654 1003 1726 1029; x_wconf 86' lang='lat' dir='ltr'>arte</span> <span class='ocrx_word' id='word_1_424' title='bbox 1752 997 1817 1030; x_wconf 92' lang='lat' dir='ltr'>Dei</span> <span class='ocrx_word' id='word_1_425' title='bbox 1847 1007 2041 1035; x_wconf 82' lang='lat' dir='ltr'>extructum</span> <span class='ocrx_word' id='word_1_426' title='bbox 2068 1016 2152 1042; x_wconf 77' lang='lat' dir='ltr'>esse.</span> 
     </span>
     <span class='ocr_line' id='line_1_71' title="bbox 1168 1042 2150 1088; baseline 0.012 -12"><span class='ocrx_word' id='word_1_427' title='bbox 1168 1043 1251 1076; x_wconf 90' lang='lat' dir='ltr'>Ideo</span> <span class='ocrx_word' id='word_1_428' title='bbox 1273 1044 1424 1077; x_wconf 86' lang='lat' dir='ltr'>libenter</span> <span class='ocrx_word' id='word_1_429' title='bbox 1441 1042 1531 1078; x_wconf 83' lang='lat' dir='ltr'>lianc</span> <span class='ocrx_word' id='word_1_430' title='bbox 1550 1045 1709 1080; x_wconf 85' lang='lat' dir='ltr'>Platonis</span> <span class='ocrx_word' id='word_1_431' title='bbox 1732 1051 1941 1083; x_wconf 87' lang='lat' dir='ltr'>sententiam</span> <span class='ocrx_word' id='word_1_432' title='bbox 1966 1053 2070 1087; x_wconf 88' lang='lat' dir='ltr'>initio</span> <span class='ocrx_word' id='word_1_433' title='bbox 2095 1068 2150 1088; x_wconf 92' lang='lat' dir='ltr'>re-</span> 
     </span>
    </p>
   </div>
   <div class='ocr_carea' id='block_1_13' title="bbox 1166 1095 2152 1194">
    <p class='ocr_par' dir='ltr' id='par_1_18' title="bbox 1166 1095 2152 1194">
     <span class='ocr_line' id='line_1_72' title="bbox 1166 1095 2152 1144; baseline 0.012 -16"><span class='ocrx_word' id='word_1_434' title='bbox 1166 1095 1303 1134; x_wconf 82' lang='lat' dir='ltr'>censui,</span> <span class='ocrx_word' id='word_1_435' title='bbox 1340 1102 1377 1128; x_wconf 90' lang='lat' dir='ltr'>ut</span> <span class='ocrx_word' id='word_1_436' title='bbox 1403 1096 1480 1138; x_wconf 88' lang='lat' dir='ltr'>pius</span> <span class='ocrx_word' id='word_1_437' title='bbox 1500 1096 1608 1129; x_wconf 86' lang='lat' dir='ltr'>lector</span> <span class='ocrx_word' id='word_1_438' title='bbox 1633 1110 1688 1137; x_wconf 84' lang='lat' dir='ltr'>ea,</span> <span class='ocrx_word' id='word_1_439' title='bbox 1717 1111 1804 1142; x_wconf 87' lang='lat' dir='ltr'>quae</span> <span class='ocrx_word' id='word_1_440' title='bbox 1827 1112 1931 1144; x_wconf 87' lang='lat' dir='ltr'>supra</span> <span class='ocrx_word' id='word_1_441' title='bbox 1959 1104 2049 1138; x_wconf 82' lang='lat' dir='ltr'>(licta</span> <span class='ocrx_word' id='word_1_442' title='bbox 2070 1114 2152 1140; x_wconf 90' lang='lat' dir='ltr'>sunt</span> 
     </span>
     <span class='ocr_line' id='line_1_73' title="bbox 1166 1145 1899 1194; baseline 0.008 -15"><span class='ocrx_word' id='word_1_443' title='bbox 1166 1152 1287 1179; x_wconf 87' lang='lat' dir='ltr'>contra</span> <span class='ocrx_word' id='word_1_444' title='bbox 1312 1145 1451 1178; x_wconf 74' lang='lat' dir='ltr'>fatalem</span> <span class='ocrx_word' id='word_1_445' title='bbox 1471 1148 1730 1189; x_wconf 88' lang='lat' dir='ltr'>necessitatem,</span> <span class='ocrx_word' id='word_1_446' title='bbox 1756 1158 1899 1194; x_wconf 85' lang='lat' dir='ltr'>repetat.</span> 
     </span>
    </p>
   </div>
   <div class='ocr_carea' id='block_1_14' title="bbox 1165 1210 2157 1760">
    <p class='ocr_par' dir='ltr' id='par_1_19' title="bbox 1165 1210 2157 1760">
     <span class='ocr_line' id='line_1_74' title="bbox 1268 1210 2153 1266; baseline 0.012 -22"><span class='ocrx_word' id='word_1_447' title='bbox 1268 1210 1375 1244; x_wconf 87' lang='lat' dir='ltr'>Stoici</span> <span class='ocrx_word' id='word_1_448' title='bbox 1393 1212 1462 1243; x_wconf 86' lang='lat' dir='ltr'>dno</span> <span class='ocrx_word' id='word_1_449' title='bbox 1483 1212 1655 1256; x_wconf 85' lang='lat' dir='ltr'>principia</span> <span class='ocrx_word' id='word_1_450' title='bbox 1672 1222 1821 1257; x_wconf 87' lang='lat' dir='ltr'>ponunt,</span> <span class='ocrx_word' id='word_1_451' title='bbox 1846 1213 1958 1264; x_wconf 64' lang='grc' dir='ltr'><em>λόγον</em></span> <span class='ocrx_word' id='word_1_452' title='bbox 1974 1216 2035 1253; x_wconf 78' lang='grc' dir='ltr'>καὶ</span> <span class='ocrx_word' id='word_1_453' title='bbox 2050 1218 2153 1266; x_wconf 71' lang='grc' dir='ltr'><em>ὕλην,</em></span> 
     </span>
     <span class='ocr_line' id='line_1_75' title="bbox 1165 1263 2153 1309; baseline 0.012 -16"><span class='ocrx_word' id='word_1_454' title='bbox 1165 1267 1319 1294; x_wconf 87' lang='lat' dir='ltr'>mentem</span> <span class='ocrx_word' id='word_1_455' title='bbox 1345 1269 1377 1295; x_wconf 89' lang='lat' dir='ltr'>et</span> <span class='ocrx_word' id='word_1_456' title='bbox 1400 1263 1600 1303; x_wconf 82' lang='lat' dir='ltr'>materiam,</span> <span class='ocrx_word' id='word_1_457' title='bbox 1628 1265 1688 1308; x_wconf 87' lang='lat' dir='ltr'>qui</span> <span class='ocrx_word' id='word_1_458' title='bbox 1714 1267 1808 1309; x_wconf 84' lang='lat' dir='ltr'>quod</span> <span class='ocrx_word' id='word_1_459' title='bbox 1833 1268 2039 1302; x_wconf 84' lang='lat' dir='ltr'>efficientem</span> <span class='ocrx_word' id='word_1_460' title='bbox 2072 1283 2153 1306; x_wconf 84' lang='lat' dir='ltr'>cau-</span> 
     </span>
     <span class='ocr_line' id='line_1_76' title="bbox 1166 1312 2154 1364; baseline 0.012 -20"><span class='ocrx_word' id='word_1_461' title='bbox 1166 1323 1238 1344; x_wconf 86' lang='lat' dir='ltr'>sam</span> <span class='ocrx_word' id='word_1_462' title='bbox 1264 1312 1568 1355; x_wconf 88' lang='lat' dir='ltr'>complectuntnr‚</span> <span class='ocrx_word' id='word_1_463' title='bbox 1603 1321 1694 1347; x_wconf 87' lang='lat' dir='ltr'>recte</span> <span class='ocrx_word' id='word_1_464' title='bbox 1719 1316 1884 1352; x_wconf 84' lang='lat' dir='ltr'>iudicant.</span> <span class='ocrx_word' id='word_1_465' title='bbox 1940 1319 2009 1353; x_wconf 85' lang='lat' dir='ltr'>Sed</span> <span class='ocrx_word' id='word_1_466' title='bbox 2034 1329 2154 1364; x_wconf 83' lang='lat' dir='ltr'>postea</span> 
     </span>
     <span class='ocr_line' id='line_1_77' title="bbox 1167 1363 2154 1408; baseline 0.014 -16"><span class='ocrx_word' id='word_1_467' title='bbox 1167 1363 1219 1393; x_wconf 86' lang='lat' dir='ltr'>illi</span> <span class='ocrx_word' id='word_1_468' title='bbox 1238 1369 1399 1394; x_wconf 80' lang='lat' dir='ltr'>aeternae</span> <span class='ocrx_word' id='word_1_469' title='bbox 1426 1363 1532 1394; x_wconf 80' lang='lat' dir='ltr'>menti</span> <span class='ocrx_word' id='word_1_470' title='bbox 1558 1366 1743 1407; x_wconf 84' lang='lat' dir='ltr'>compedes</span> <span class='ocrx_word' id='word_1_471' title='bbox 1769 1366 1952 1408; x_wconf 89' lang='lat' dir='ltr'>iniiciunt,</span> <span class='ocrx_word' id='word_1_472' title='bbox 1987 1382 2064 1403; x_wconf 89' lang='lat' dir='ltr'>cnm</span> <span class='ocrx_word' id='word_1_473' title='bbox 2092 1386 2154 1407; x_wconf 77' lang='lat' dir='ltr'>sua</span> 
     </span>
     <span class='ocr_line' id='line_1_78' title="bbox 1167 1412 2153 1461; baseline 0.011 -16"><span class='ocrx_word' id='word_1_474' title='bbox 1167 1412 1303 1445; x_wconf 78' lang='lat' dir='ltr'>somnia</span> <span class='ocrx_word' id='word_1_475' title='bbox 1330 1414 1373 1444; x_wconf 90' lang='lat' dir='ltr'>de</span> <span class='ocrx_word' id='word_1_476' title='bbox 1400 1413 1603 1446; x_wconf 81' lang='lat' dir='ltr'>necessitate</span> <span class='ocrx_word' id='word_1_477' title='bbox 1630 1415 1785 1453; x_wconf 86' lang='lat' dir='ltr'>addunt,</span> <span class='ocrx_word' id='word_1_478' title='bbox 1829 1419 1929 1461; x_wconf 86' lang='lat' dir='ltr'>quasi</span> <span class='ocrx_word' id='word_1_479' title='bbox 1961 1420 2021 1453; x_wconf 82' lang='lat' dir='ltr'>illa</span> <span class='ocrx_word' id='word_1_480' title='bbox 2054 1435 2153 1457; x_wconf 84' lang='lat' dir='ltr'>mens</span> 
     </span>
     <span class='ocr_line' id='line_1_79' title="bbox 1168 1463 2155 1507; baseline 0.013 -13"><span class='ocrx_word' id='word_1_481' title='bbox 1168 1463 1247 1495; x_wconf 91' lang='lat' dir='ltr'>ideo</span> <span class='ocrx_word' id='word_1_482' title='bbox 1278 1463 1381 1496; x_wconf 82' lang='lat' dir='ltr'>talem</span> <span class='ocrx_word' id='word_1_483' title='bbox 1407 1464 1537 1495; x_wconf 80' lang='lat' dir='ltr'>fuderit</span> <span class='ocrx_word' id='word_1_484' title='bbox 1569 1471 1748 1505; x_wconf 86' lang='lat' dir='ltr'>naturam,</span> <span class='ocrx_word' id='word_1_485' title='bbox 1782 1474 1814 1500; x_wconf 84' lang='lat' dir='ltr'>et</span> <span class='ocrx_word' id='word_1_486' title='bbox 1840 1469 1876 1500; x_wconf 90' lang='lat' dir='ltr'>in</span> <span class='ocrx_word' id='word_1_487' title='bbox 1901 1477 2080 1504; x_wconf 86' lang='lat' dir='ltr'>aeternnm</span> <span class='ocrx_word' id='word_1_488' title='bbox 2110 1474 2155 1507; x_wconf 85' lang='lat' dir='ltr'>ita</span> 
     </span>
     <span class='ocr_line' id='line_1_80' title="bbox 1168 1514 2156 1563; baseline 0.013 -19"><span class='ocrx_word' id='word_1_489' title='bbox 1168 1514 1255 1547; x_wconf 69' lang='lat' dir='ltr'>cient</span> <span class='ocrx_word' id='word_1_490' title='bbox 1278 1525 1372 1552; x_wconf 83' lang='lat' dir='ltr'>eam,</span> <span class='ocrx_word' id='word_1_491' title='bbox 1400 1514 1480 1557; x_wconf 80' lang='lat' dir='ltr'>quia</span> <span class='ocrx_word' id='word_1_492' title='bbox 1507 1526 1571 1547; x_wconf 87' lang='lat' dir='ltr'>nec</span> <span class='ocrx_word' id='word_1_493' title='bbox 1592 1517 1744 1558; x_wconf 87' lang='lat' dir='ltr'>potuerit</span> <span class='ocrx_word' id='word_1_494' title='bbox 1766 1518 1871 1551; x_wconf 84' lang='lat' dir='ltr'>aliam</span> <span class='ocrx_word' id='word_1_495' title='bbox 1896 1521 2065 1563; x_wconf 89' lang='lat' dir='ltr'>sundere,</span> <span class='ocrx_word' id='word_1_496' title='bbox 2093 1537 2156 1558; x_wconf 89' lang='lat' dir='ltr'>nec</span> 
     </span>
     <span class='ocr_line' id='line_1_81' title="bbox 1169 1565 2154 1611; baseline 0.014 -16"><span class='ocrx_word' id='word_1_497' title='bbox 1169 1565 1276 1606; x_wconf 88' lang='lat' dir='ltr'>possit</span> <span class='ocrx_word' id='word_1_498' title='bbox 1294 1576 1369 1597; x_wconf 87' lang='lat' dir='ltr'>eam</span> <span class='ocrx_word' id='word_1_499' title='bbox 1390 1565 1492 1597; x_wconf 87' lang='lat' dir='ltr'>aliter</span> <span class='ocrx_word' id='word_1_500' title='bbox 1507 1577 1662 1606; x_wconf 78' lang='lat' dir='ltr'>movere,</span> <span class='ocrx_word' id='word_1_501' title='bbox 1680 1580 1784 1611; x_wconf 82' lang='lat' dir='ltr'>quain</span> <span class='ocrx_word' id='word_1_502' title='bbox 1804 1570 1893 1603; x_wconf 85' lang='lat' dir='ltr'>sicut</span> <span class='ocrx_word' id='word_1_503' title='bbox 1909 1572 1980 1605; x_wconf 87' lang='lat' dir='ltr'>ruit</span> <span class='ocrx_word' id='word_1_504' title='bbox 1996 1576 2154 1609; x_wconf 83' lang='lat' dir='ltr'>materia.</span> 
     </span>
     <span class='ocr_line' id='line_1_82' title="bbox 1168 1614 2157 1659; baseline 0.012 -12"><span class='ocrx_word' id='word_1_505' title='bbox 1168 1614 1429 1659; x_wconf 82' lang='lat' dir='ltr'>Relinquanins</span> <span class='ocrx_word' id='word_1_506' title='bbox 1453 1627 1533 1657; x_wconf 80' lang='lat' dir='ltr'>ergo</span> <span class='ocrx_word' id='word_1_507' title='bbox 1559 1615 1760 1650; x_wconf 84' lang='lat' dir='ltr'>Stoicorum</span> <span class='ocrx_word' id='word_1_508' title='bbox 1794 1627 1826 1653; x_wconf 88' lang='lat' dir='ltr'>et</span> <span class='ocrx_word' id='word_1_509' title='bbox 1851 1622 2043 1657; x_wconf 84' lang='lat' dir='ltr'>multarum</span> <span class='ocrx_word' id='word_1_510' title='bbox 2069 1627 2157 1659; x_wconf 84' lang='lat' dir='ltr'>alia-</span> 
     </span>
     <span class='ocr_line' id='line_1_83' title="bbox 1169 1666 2153 1710; baseline 0.012 -12"><span class='ocrx_word' id='word_1_511' title='bbox 1169 1677 1247 1698; x_wconf 91' lang='lat' dir='ltr'>rum</span> <span class='ocrx_word' id='word_1_512' title='bbox 1276 1672 1447 1699; x_wconf 79' lang='lat' dir='ltr'>sectarum</span> <span class='ocrx_word' id='word_1_513' title='bbox 1479 1666 1728 1707; x_wconf 82' lang='lat' dir='ltr'>deliramenta,</span> <span class='ocrx_word' id='word_1_514' title='bbox 1765 1677 1799 1704; x_wconf 86' lang='lat' dir='ltr'>et</span> <span class='ocrx_word' id='word_1_515' title='bbox 1824 1668 2046 1707; x_wconf 86' lang='lat' dir='ltr'>Aristotelica</span> <span class='ocrx_word' id='word_1_516' title='bbox 2079 1689 2153 1710; x_wconf 91' lang='lat' dir='ltr'>me-</span> 
     </span>
     <span class='ocr_line' id='line_1_84' title="bbox 1169 1717 1579 1760; baseline 0.005 -11"><span class='ocrx_word' id='word_1_517' title='bbox 1169 1717 1336 1750; x_wconf 90' lang='lat' dir='ltr'>diocriter</span> <span class='ocrx_word' id='word_1_518' title='bbox 1356 1717 1579 1760; x_wconf 79' lang='lat' dir='ltr'>explicemus.</span> 
     </span>
    </p>
   </div>
   <div class='ocr_carea' id='block_1_15' title="bbox 1169 1833 2157 1919">
    <p class='ocr_par' dir='ltr' id='par_1_20' title="bbox 1169 1833 2157 1919">
     <span class='ocr_line' id='line_1_85' title="bbox 1169 1833 2157 1878; baseline 0.013 -14"><span class='ocrx_word' id='word_1_519' title='bbox 1169 1833 1242 1866; x_wconf 83' lang='lat' dir='ltr'>Cur</span> <span class='ocrx_word' id='word_1_520' title='bbox 1269 1833 1492 1866; x_wconf 68' lang='lat' dir='ltr'>Aristoteles</span> <span class='ocrx_word' id='word_1_521' title='bbox 1520 1844 1593 1867; x_wconf 79' lang='lat' dir='ltr'>uon</span> <span class='ocrx_word' id='word_1_522' title='bbox 1629 1838 1669 1867; x_wconf 80' lang='lat' dir='ltr'>ul</span> <span class='ocrx_word' id='word_1_523' title='bbox 1705 1835 1849 1871; x_wconf 68' lang='lat' dir='ltr'>Medici</span> <span class='ocrx_word' id='word_1_524' title='bbox 1884 1837 1927 1872; x_wconf 81' lang='lat' dir='ltr'>ab</span> <span class='ocrx_word' id='word_1_525' title='bbox 1962 1840 2157 1878; x_wconf 74' lang='lat' dir='ltr'>eleniente&#39;s</span> 
     </span>
     <span class='ocr_line' id='line_1_86' title="bbox 1578 1884 1752 1919; baseline 0.011 -2"><span class='ocrx_word' id='word_1_526' title='bbox 1578 1884 1752 1919; x_wconf 79' lang='lat' dir='ltr'>orditur?</span> 
     </span>
    </p>
   </div>
   <div class='ocr_carea' id='block_1_16' title="bbox 1173 1955 2161 2310">
    <p class='ocr_par' dir='ltr' id='par_1_21' title="bbox 1173 1955 2161 2310">
     <span class='ocr_line' id='line_1_87' title="bbox 1275 1955 2159 2000; baseline 0.012 -11"><span class='ocrx_word' id='word_1_527' title='bbox 1275 1955 1381 1990; x_wconf 90' lang='lat' dir='ltr'>Initio</span> <span class='ocrx_word' id='word_1_528' title='bbox 1402 1957 1438 1990; x_wconf 91' lang='lat' dir='ltr'>in</span> <span class='ocrx_word' id='word_1_529' title='bbox 1459 1958 1742 1993; x_wconf 80' lang='lat' dir='ltr'>consideratione</span> <span class='ocrx_word' id='word_1_530' title='bbox 1760 1958 1866 1995; x_wconf 89' lang='lat' dir='ltr'>huius</span> <span class='ocrx_word' id='word_1_531' title='bbox 1891 1963 2068 1999; x_wconf 88' lang='lat' dir='ltr'>inferioris</span> <span class='ocrx_word' id='word_1_532' title='bbox 2094 1979 2159 2000; x_wconf 83' lang='lat' dir='ltr'>na-</span> 
     </span>
     <span class='ocr_line' id='line_1_88' title="bbox 1173 2008 2160 2059; baseline 0.006 -17"><span class='ocrx_word' id='word_1_533' title='bbox 1173 2015 1272 2042; x_wconf 85' lang='lat' dir='ltr'>turae</span> <span class='ocrx_word' id='word_1_534' title='bbox 1291 2008 1551 2041; x_wconf 85' lang='lat' dir='ltr'>observandum</span> <span class='ocrx_word' id='word_1_535' title='bbox 1575 2017 1644 2048; x_wconf 85' lang='lat' dir='ltr'>est,</span> <span class='ocrx_word' id='word_1_536' title='bbox 1679 2011 1746 2044; x_wconf 88' lang='lat' dir='ltr'>alia</span> <span class='ocrx_word' id='word_1_537' title='bbox 1774 2025 1920 2057; x_wconf 82' lang='lat' dir='ltr'>corpora</span> <span class='ocrx_word' id='word_1_538' title='bbox 1946 2027 2017 2048; x_wconf 90' lang='lat' dir='ltr'>esse</span> <span class='ocrx_word' id='word_1_539' title='bbox 2042 2017 2160 2059; x_wconf 78' lang='lat' dir='ltr'>mixta,</span> 
     </span>
     <span class='ocr_line' id='line_1_89' title="bbox 1174 2059 2160 2110; baseline 0.009 -18"><span class='ocrx_word' id='word_1_540' title='bbox 1174 2059 1241 2093; x_wconf 90' lang='lat' dir='ltr'>alia</span> <span class='ocrx_word' id='word_1_541' title='bbox 1272 2059 1459 2102; x_wconf 87' lang='lat' dir='ltr'>simplicia.</span> <span class='ocrx_word' id='word_1_542' title='bbox 1519 2059 1611 2093; x_wconf 87' lang='lat' dir='ltr'>Sunt</span> <span class='ocrx_word' id='word_1_543' title='bbox 1639 2069 1754 2095; x_wconf 85' lang='lat' dir='ltr'>autem</span> <span class='ocrx_word' id='word_1_544' title='bbox 1790 2064 1902 2107; x_wconf 85' lang='lat' dir='ltr'>prima</span> <span class='ocrx_word' id='word_1_545' title='bbox 1930 2073 1964 2099; x_wconf 90' lang='lat' dir='ltr'>et</span> <span class='ocrx_word' id='word_1_546' title='bbox 1987 2067 2160 2110; x_wconf 88' lang='lat' dir='ltr'>simplicia</span> 
     </span>
     <span class='ocr_line' id='line_1_90' title="bbox 1175 2110 2160 2155; baseline 0.009 -13"><span class='ocrx_word' id='word_1_547' title='bbox 1175 2115 1328 2155; x_wconf 87' lang='lat' dir='ltr'>quatuor</span> <span class='ocrx_word' id='word_1_548' title='bbox 1352 2110 1541 2148; x_wconf 86' lang='lat' dir='ltr'>elementa,</span> <span class='ocrx_word' id='word_1_549' title='bbox 1576 2124 1648 2145; x_wconf 91' lang='lat' dir='ltr'>non</span> <span class='ocrx_word' id='word_1_550' title='bbox 1677 2113 1770 2146; x_wconf 90' lang='lat' dir='ltr'>enim</span> <span class='ocrx_word' id='word_1_551' title='bbox 1796 2114 1864 2146; x_wconf 83' lang='lat' dir='ltr'>iam</span> <span class='ocrx_word' id='word_1_552' title='bbox 1887 2117 1929 2148; x_wconf 91' lang='lat' dir='ltr'>de</span> <span class='ocrx_word' id='word_1_553' title='bbox 1949 2117 2044 2149; x_wconf 88' lang='lat' dir='ltr'>coelo</span> <span class='ocrx_word' id='word_1_554' title='bbox 2071 2119 2160 2152; x_wconf 89' lang='lat' dir='ltr'>dici-</span> 
     </span>
     <span class='ocr_line' id='line_1_91' title="bbox 1175 2160 2160 2210; baseline 0.008 -16"><span class='ocrx_word' id='word_1_555' title='bbox 1175 2172 1270 2201; x_wconf 88' lang='lat' dir='ltr'>mus,</span> <span class='ocrx_word' id='word_1_556' title='bbox 1307 2160 1470 2194; x_wconf 89' lang='lat' dir='ltr'>videlicet</span> <span class='ocrx_word' id='word_1_557' title='bbox 1497 2161 1608 2204; x_wconf 85' lang='lat' dir='ltr'>Ignis,</span> <span class='ocrx_word' id='word_1_558' title='bbox 1647 2162 1740 2203; x_wconf 70' lang='lat' dir='ltr'>Aer,</span> <span class='ocrx_word' id='word_1_559' title='bbox 1775 2165 1897 2210; x_wconf 80' lang='lat' dir='ltr'>Aqua,</span> <span class='ocrx_word' id='word_1_560' title='bbox 1931 2166 2053 2203; x_wconf 80' lang='lat' dir='ltr'>Terra,</span> <span class='ocrx_word' id='word_1_561' title='bbox 2105 2167 2160 2202; x_wconf 88' lang='lat' dir='ltr'>Ex</span> 
     </span>
     <span class='ocr_line' id='line_1_92' title="bbox 1176 2210 2161 2257; baseline 0.01 -14"><span class='ocrx_word' id='word_1_562' title='bbox 1176 2210 1232 2245; x_wconf 86' lang='lat' dir='ltr'>his</span> <span class='ocrx_word' id='word_1_563' title='bbox 1255 2210 1390 2244; x_wconf 88' lang='lat' dir='ltr'>Medici</span> <span class='ocrx_word' id='word_1_564' title='bbox 1415 2220 1633 2257; x_wconf 89' lang='lat' dir='ltr'>componunt</span> <span class='ocrx_word' id='word_1_565' title='bbox 1657 2215 1782 2253; x_wconf 84' lang='lat' dir='ltr'>mixta,</span> <span class='ocrx_word' id='word_1_566' title='bbox 1817 2222 1849 2248; x_wconf 90' lang='lat' dir='ltr'>et</span> <span class='ocrx_word' id='word_1_567' title='bbox 1874 2216 1911 2249; x_wconf 84' lang='lat' dir='ltr'>in</span> <span class='ocrx_word' id='word_1_568' title='bbox 1939 2214 2023 2251; x_wconf 81' lang='lat' dir='ltr'>haec</span> <span class='ocrx_word' id='word_1_569' title='bbox 2050 2220 2161 2253; x_wconf 80' lang='lat' dir='ltr'>resol—</span> 
     </span>
     <span class='ocr_line' id='line_1_93' title="bbox 1178 2261 2077 2310; baseline 0.008 -15"><span class='ocrx_word' id='word_1_570' title='bbox 1178 2269 1276 2297; x_wconf 91' lang='lat' dir='ltr'>vunt.</span> <span class='ocrx_word' id='word_1_571' title='bbox 1330 2261 1402 2296; x_wconf 87' lang='lat' dir='ltr'>Nec</span> <span class='ocrx_word' id='word_1_572' title='bbox 1418 2263 1485 2296; x_wconf 86' lang='lat' dir='ltr'>alia</span> <span class='ocrx_word' id='word_1_573' title='bbox 1501 2270 1654 2297; x_wconf 85' lang='lat' dir='ltr'>extrema</span> <span class='ocrx_word' id='word_1_574' title='bbox 1677 2265 1788 2298; x_wconf 89' lang='lat' dir='ltr'>oculis</span> <span class='ocrx_word' id='word_1_575' title='bbox 1806 2267 1900 2298; x_wconf 81' lang='lat' dir='ltr'>cerni</span> <span class='ocrx_word' id='word_1_576' title='bbox 1920 2276 2077 2310; x_wconf 85' lang='lat' dir='ltr'>possunt.</span> 
     </span>
    </p>
   </div>
   <div class='ocr_carea' id='block_1_17' title="bbox 1180 2327 2166 2577">
    <p class='ocr_par' dir='ltr' id='par_1_22' title="bbox 1180 2327 2166 2577">
     <span class='ocr_line' id='line_1_94' title="bbox 1282 2327 2162 2377; baseline 0.011 -17"><span class='ocrx_word' id='word_1_577' title='bbox 1282 2327 1438 2371; x_wconf 85' lang='lat' dir='ltr'>Quaerat</span> <span class='ocrx_word' id='word_1_578' title='bbox 1456 2329 1565 2372; x_wconf 83' lang='lat' dir='ltr'>igitur</span> <span class='ocrx_word' id='word_1_579' title='bbox 1581 2329 1711 2374; x_wconf 84' lang='lat' dir='ltr'>aliquis</span> <span class='ocrx_word' id='word_1_580' title='bbox 1723 2356 1731 2369; x_wconf 95' lang='lat'>,</span> <span class='ocrx_word' id='word_1_581' title='bbox 1758 2341 1837 2362; x_wconf 90' lang='lat' dir='ltr'>cum</span> <span class='ocrx_word' id='word_1_582' title='bbox 1854 2327 1938 2365; x_wconf 86' lang='lat' dir='ltr'>baec</span> <span class='ocrx_word' id='word_1_583' title='bbox 1955 2333 2025 2367; x_wconf 90' lang='lat' dir='ltr'>sint</span> <span class='ocrx_word' id='word_1_584' title='bbox 2048 2336 2162 2377; x_wconf 87' lang='lat' dir='ltr'>prima</span> 
     </span>
     <span class='ocr_line' id='line_1_95' title="bbox 1180 2379 2165 2424; baseline 0.007 -10"><span class='ocrx_word' id='word_1_585' title='bbox 1180 2391 1328 2424; x_wconf 88' lang='lat' dir='ltr'>corpora</span> <span class='ocrx_word' id='word_1_586' title='bbox 1353 2379 1464 2412; x_wconf 91' lang='lat' dir='ltr'>oculis</span> <span class='ocrx_word' id='word_1_587' title='bbox 1487 2379 1661 2419; x_wconf 88' lang='lat' dir='ltr'>subiecta,</span> <span class='ocrx_word' id='word_1_588' title='bbox 1695 2391 1758 2412; x_wconf 90' lang='lat' dir='ltr'>cnr</span> <span class='ocrx_word' id='word_1_589' title='bbox 1784 2392 1856 2413; x_wconf 90' lang='lat' dir='ltr'>non</span> <span class='ocrx_word' id='word_1_590' title='bbox 1889 2382 1926 2414; x_wconf 87' lang='lat' dir='ltr'>in</span> <span class='ocrx_word' id='word_1_591' title='bbox 1954 2380 2009 2417; x_wconf 85' lang='lat' dir='ltr'>his</span> <span class='ocrx_word' id='word_1_592' title='bbox 2033 2387 2165 2421; x_wconf 89' lang='lat' dir='ltr'>resistit</span> 
     </span>
     <span class='ocr_line' id='line_1_96' title="bbox 1181 2428 2165 2476; baseline 0.011 -15"><span class='ocrx_word' id='word_1_593' title='bbox 1181 2428 1379 2476; x_wconf 80' lang='lat' dir='ltr'>Physicus?</span> <span class='ocrx_word' id='word_1_594' title='bbox 1407 2431 1491 2474; x_wconf 87' lang='lat' dir='ltr'>qnid</span> <span class='ocrx_word' id='word_1_595' title='bbox 1511 2442 1598 2474; x_wconf 90' lang='lat' dir='ltr'>opus</span> <span class='ocrx_word' id='word_1_596' title='bbox 1618 2436 1666 2462; x_wconf 87' lang='lat' dir='ltr'>est</span> <span class='ocrx_word' id='word_1_597' title='bbox 1688 2442 1854 2474; x_wconf 84' lang='lat' dir='ltr'>quaerere</span> <span class='ocrx_word' id='word_1_598' title='bbox 1877 2433 1969 2467; x_wconf 90' lang='lat' dir='ltr'>ultra</span> <span class='ocrx_word' id='word_1_599' title='bbox 1990 2432 2074 2470; x_wconf 88' lang='lat' dir='ltr'>haec</span> <span class='ocrx_word' id='word_1_600' title='bbox 2091 2450 2165 2471; x_wconf 85' lang='lat' dir='ltr'>ma·-</span> 
     </span>
     <span class='ocr_line' id='line_1_97' title="bbox 1181 2480 2166 2532; baseline 0.008 -17"><span class='ocrx_word' id='word_1_601' title='bbox 1181 2481 1330 2521; x_wconf 80' lang='lat' dir='ltr'>teriam,</span> <span class='ocrx_word' id='word_1_602' title='bbox 1357 2493 1446 2525; x_wconf 87' lang='lat' dir='ltr'>quae</span> <span class='ocrx_word' id='word_1_603' title='bbox 1472 2492 1544 2513; x_wconf 91' lang='lat' dir='ltr'>non</span> <span class='ocrx_word' id='word_1_604' title='bbox 1570 2480 1727 2514; x_wconf 84' lang='lat' dir='ltr'>cernitur</span> <span class='ocrx_word' id='word_1_605' title='bbox 1748 2482 1879 2524; x_wconf 83' lang='lat' dir='ltr'>oculis,</span> <span class='ocrx_word' id='word_1_606' title='bbox 1908 2485 1977 2518; x_wconf 89' lang='lat' dir='ltr'>nisi</span> <span class='ocrx_word' id='word_1_607' title='bbox 1994 2495 2166 2532; x_wconf 88' lang='lat' dir='ltr'>quatenus</span> 
     </span>
     <span class='ocr_line' id='line_1_98' title="bbox 1182 2531 1681 2577; baseline -0.004 -12"><span class='ocrx_word' id='word_1_608' title='bbox 1182 2532 1258 2577; x_wconf 87' lang='lat' dir='ltr'>ipsa</span> <span class='ocrx_word' id='word_1_609' title='bbox 1277 2532 1446 2564; x_wconf 85' lang='lat' dir='ltr'>elementa</span> <span class='ocrx_word' id='word_1_610' title='bbox 1463 2531 1681 2564; x_wconf 84' lang='lat' dir='ltr'>cernuntur?</span> 
     </span>
    </p>
   </div>
   <div class='ocr_carea' id='block_1_18' title="bbox 1287 2597 2169 2650">
    <p class='ocr_par' dir='ltr' id='par_1_23' title="bbox 1287 2597 2169 2650">
     <span class='ocr_line' id='line_1_99' title="bbox 1287 2597 2169 2650; baseline 0.011 -19"><span class='ocrx_word' id='word_1_611' title='bbox 1287 2597 1364 2631; x_wconf 88' lang='lat' dir='ltr'>Hac</span> <span class='ocrx_word' id='word_1_612' title='bbox 1396 2597 1600 2641; x_wconf 86' lang='lat' dir='ltr'>quaestione</span> <span class='ocrx_word' id='word_1_613' title='bbox 1627 2599 1817 2642; x_wconf 86' lang='lat' dir='ltr'>explicata,</span> <span class='ocrx_word' id='word_1_614' title='bbox 1852 2601 1991 2637; x_wconf 85' lang='lat' dir='ltr'>facilins</span> <span class='ocrx_word' id='word_1_615' title='bbox 2017 2605 2169 2650; x_wconf 84' lang='lat' dir='ltr'>intelligi</span> 
     </span>
    </p>
   </div>
   <div class='ocr_carea' id='block_1_19' title="bbox 1186 2648 2000 2734">
    <p class='ocr_par' dir='ltr' id='par_1_24' title="bbox 1186 2648 2000 2734">
     <span class='ocr_line' id='line_1_100' title="bbox 1186 2648 2000 2734; baseline 0.009 -53"><span class='ocrx_word' id='word_1_616' title='bbox 1186 2649 1337 2695; x_wconf 85' lang='lat' dir='ltr'>poterit,</span> <span class='ocrx_word' id='word_1_617' title='bbox 1371 2649 1457 2692; x_wconf 84' lang='lat' dir='ltr'>quid</span> <span class='ocrx_word' id='word_1_618' title='bbox 1481 2649 1636 2734; x_wconf 52' lang='grc' dir='ltr'>5ἰ1ῖ9ἣέυᾱ</span> <span class='ocrx_word' id='word_1_619' title='bbox 1654 2648 1824 2697; x_wconf 87' lang='lat' dir='ltr'>Physicos</span> <span class='ocrx_word' id='word_1_620' title='bbox 1843 2655 2000 2690; x_wconf 83' lang='lat' dir='ltr'>materia.</span> 
     </span>
    </p>
   </div>
  </div>
 </body>
</html>
