2379 2948
234 101 305 134 951

509 182 533 206 P
542 183 552 205 t
561 181 592 204 01
602 186 615 203 e
623 186 648 203 m
657 185 673 202 ιι
683 184 696 202 e
706 185 722 201 ιι
734 183 747 201 s
768 176 952 201 Philometor.

336 233 556 268 Ptolemaeus
573 227 793 263 Philometor
811 233 913 260 natus
930 233 979 259 est
996 238 1036 259 ex
1053 225 1123 259 filia
1140 223 1216 258 An-

238 283 345 318 tiochi
372 282 514 325 Magni,
548 290 700 328 cumque
732 278 807 311 eius
836 285 928 311 aetas
951 284 1092 310 mortno
1117 282 1217 320 patre

237 333 483 379 gubernationi
505 332 664 364 nondum
689 329 814 361 idonea
833 335 938 369 esset,
966 328 1062 360 venit
1087 327 1123 359 in
1147 325 1219 359 Ae—

238 392 380 431 gyptum
406 380 604 416 Antiochus
632 377 838 425 Epiphanes
861 379 1075 418 avunculus,
1110 377 1220 409 simu-

238 437 314 469 lans
335 447 370 468 se
394 440 546 467 tutor-em
571 433 645 466 fore
672 430 810 474 nepotis
825 430 898 470 sui,
924 436 963 463 ut
981 441 1020 462 eo
1039 433 1220 472 praetextu

238 487 386 520 urbibus
401 484 549 529 Aegypti
568 482 740 528 praesidia
759 481 974 525 imponeret,
997 487 1028 512 et
1046 478 1220 522 pupillum

238 549 348 584 regno
373 535 547 579 spoliaret.
611 533 679 567 Sed
711 531 890 576 aliquanto
927 536 1002 574 post
1032 530 1220 562 discessum

239 585 409 621 Antiochi
436 586 605 618 auxilium
623 597 639 617 a
657 583 790 618 Senatu
815 581 977 615 Romano
1004 587 1114 613 mater
1137 578 1221 612 Pto-

240 638 364 671 lemaei
389 636 533 681 petivit,
567 644 599 670 et
625 635 734 680 pulsis
760 630 927 666 Antiochi
952 630 1223 675 praesidiis‘ur-

241 690 302 723 bes
321 687 463 732 recepit.

340 738 449 773 Redit
473 737 580 780 igitur
606 732 804 768 Antiochus
829 734 955 773 iratus,
981 738 1143 776 nepotem
1169 730 1224 762 vel

242 791 324 824 dolo
344 801 405 834 per
423 787 681 822 simulationem
701 785 876 817 amiciciae
888 783 941 815 vel
958 783 1064 816 armis
1081 793 1225 826 oppres-

243 853 358 875 surus.
399 839 466 873 Sed
491 837 646 872 Romani
670 836 821 878 legatum
846 834 1018 867 miserunt
1036 833 1227 877 Popilium,

244 892 305 937 qui
329 890 430 924 iussit
455 887 673 922 Antiochum
699 887 742 918 ab
760 886 919 930 Aegypto
937 885 1124 919 abstinere.
1178 884 1225 915 Ita

242 943 430 976 frustratus
448 951 508 973 sua
526 950 586 982 spe
603 933 818 976 Antiochus,
844 943 876 969 et
895 947 978 978 gens
996 935 1099 967 rediit
1115 934 1152 966 in
1161 933 1228 978 Sy-

244 993 352 1031 riam,
381 998 420 1024 ut
436 1001 539 1034 supra
556 993 736 1020 narratum
754 993 816 1022 est.
869 985 964 1020 Haec
981 983 1127 1019 historia
1146 996 1228 1028 pro-

245 1044 313 1077 lixe
340 1042 508 1075 recitatur
530 1040 567 1071 in
592 1037 757 1071 vaticinio
776 1036 916 1080 Angeli.
970 1035 1059 1069 Nam
1087 1041 1231 1079 propter

245 1094 376 1133 clades,
403 1103 489 1137 quas
513 1089 642 1133 accepit
669 1087 821 1131 populus
847 1087 1008 1120 Iudaicus
1031 1087 1068 1119 in
1094 1084 1148 1119 his
1172 1085 1230 1118 iti-

246 1144 390 1178 neribus
422 1138 610 1180 Antiochi,
644 1137 734 1172 hanc
768 1139 894 1171 seriem
927 1149 1045 1171 rerum
1070 1135 1229 1180 Angelus

247 1199 516 1232 commemorat,
543 1191 693 1235 ideoque
712 1197 867 1223 caeteros
884 1200 982 1232 reges
998 1188 1141 1222 omittit.

348 1244 417 1279 Sed
441 1243 522 1288 quia
545 1242 703 1284 exempla
727 1240 850 1273 iudicii
871 1239 983 1272 divini
1002 1239 1153 1273 illustria
1179 1249 1232 1271 se-

249 1307 359 1342 quens
389 1292 538 1329 historia
561 1292 736 1332 continet,
770 1291 925 1324 breviter
957 1302 1031 1323 eam
1055 1289 1231 1322 adiiciam.

248 1347 447 1386 Invaserat‚
477 1351 515 1378 ut
544 1343 678 1376 dictum
706 1349 774 1382 est,
809 1338 1008 1375 Antiochus
1029 1338 1234 1385 Epiphanes

248 1399 468 1442 Aegyptum,
497 1402 529 1428 et
542 1393 680 1437 nepotis
704 1393 796 1425 vitae
821 1399 1000 1436 praetextu
1026 1392 1155 1424 tutelae
1179 1390 1235 1422 in-

251 1448 357 1482 sidias
379 1451 567 1480 struxerat:
610 1444 669 1477 sed
695 1440 733 1475 hi
763 1443 886 1476 iniusti
910 1449 1055 1475 conatus
1080 1453 1153 1474 non
1177 1452 1234 1473 so-

250 1500 326 1533 lum
351 1497 444 1530 irriti
470 1496 633 1535 fuerunt,
665 1495 724 1527 sed
751 1493 855 1527 etiam
882 1493 1052 1535 singulari
1077 1491 1234 1535 exemplo

251 1549 370 1595 puniti
389 1553 480 1581 sunt.
532 1545 621 1579 Narn
647 1551 831 1589 postquam
854 1541 1054 1576 Antiochus
1077 1549 1237 1575 mortuus

253 1606 344 1640 erat,
377 1605 408 1632 et
434 1597 526 1630 filius
557 1608 595 1629 ac
626 1596 734 1627 frater
760 1594 955 1635 interfecti,
989 1606 1068 1626 cum
1102 1593 1236 1626 bellum

252 1656 341 1685 esset
356 1650 448 1682 inter
464 1647 706 1680 Alexandrum
725 1645 931 1678 seditiosum
959 1651 991 1677 et
1014 1642 1235 1676 Demetrium

253 1701 428 1735 iuniorem
455 1699 497 1731 de
527 1708 635 1739 regno
659 1695 783 1741 Syriae
815 1701 1007 1734 certantes,
1041 1692 1100 1727 hic
1120 1693 1239 1727 Ptole—

252 1763 372 1786 maeus
386 1747 608 1783 Philometor
624 1747 755 1780 bellum
772 1746 883 1779 movit
904 1745 1070 1778 adversus
1085 1744 1241 1777 Alexan-

255 1805 358 1836 drum
383 1812 499 1843 regem
524 1798 664 1844 Syriae,
699 1808 849 1841 eumque
873 1796 945 1829 acie
973 1796 1068 1829 vicit.
1121 1794 1241 1837 Quare

257 1849 471 1888 Antiocheni
507 1855 715 1892 receperunt
747 1847 1009 1887 Ptolemaeum,
1049 1853 1082 1879 et
1109 1845 1241 1888 duplici

257 1915 404 1940 corona,
443 1901 551 1934 altera
573 1899 714 1945 Syriae,
747 1899 854 1931 altera
887 1897 1057 1942 Aegypti,
1092 1908 1241 1930 corona-

257 1960 395 1989 verunt.

358 2003 405 2038 L't
434 2002 542 2046 igitur
566 1997 764 2033 Antiochus
790 1999 933 2033 alterius
960 1999 1051 2032 vitae
1076 2004 1108 2031 et
1134 2009 1242 2041 regno

259 2055 445 2089 insidiatus
470 2058 560 2091 erat,
583 2051 629 2083 ita
654 2050 782 2093 posteri
806 2050 915 2093 ipsius
939 2050 1025 2082 diris
1044 2049 1242 2093 parricidiis

259 2106 372 2139 necati
395 2109 492 2144 sunt,
521 2108 554 2135 et
577 2112 683 2144 regno
709 2100 925 2134 insidiatoris
950 2100 1082 2144 potitus
1106 2107 1155 2133 est
1183 2099 1243 2132 ille

260 2158 351 2201 ipse,
377 2155 432 2188 cni
451 2152 601 2187 insidiae
618 2157 767 2184 structae
790 2151 941 2185 fuerant.
993 2149 1088 2183 Haec
1113 2157 1162 2184 est
1189 2150 1244 2183 iu-

261 2215 310 2242 sta
328 2218 439 2250 poena
452 2230 461 2243 ‚
489 2211 526 2237 ut
541 2209 577 2235 in
595 2214 696 2235 versu
712 2202 856 2235 dicitnr:

302 2255 364 2286 εἶ’κε
381 2253 482 2285 πάθοι
498 2249 563 2283 τάκ)
581 2250 682 2290 ἔρεξε,
706 2251 774 2288 δίκη
792 2248 815 2280 τ)
834 2249 923 2280 laeta
940 2250 1074 2289 γένοιτο.

365 2306 550 2341 Caeterum
594 2303 815 2337 Ptolemaeus
857 2309 1016 2335 metuens
1054 2300 1247 2341 Romanos,

263 2360 364 2393 cessit
380 2369 487 2400 regno
507 2355 647 2402 Syriae,
673 2354 810 2398 fuitque
828 2360 946 2391 autor,
974 2359 1014 2386 ut
1035 2352 1156 2385 iunior
1172 2352 1246 2385 De-

264 2410 409 2443 metrius
441 2412 683 2441 accerseretur.
747 2404 841 2438 Huic
882 2403 979 2437 dedit
1021 2402 1244 2436 Ptolemaeus
1272 2419 1274 2432 t

265 2461 371 2493 filiam
396 2465 547 2502 ereptam
574 2455 776 2489 Alexandro
809 2455 918 2499 priori
943 2465 1081 2496 genero.
1134 2453 1246 2486 Aiunt

267 2517 380 2543 autem
406 2508 646 2541 Ptolemaeum
678 2507 713 2539 in
741 2507 874 2550 praelio
901 2505 1031 2539 vulnus
1066 2504 1247 2547 accepisse,
1272 2525 1274 2542 7

267 2567 300 2594 et
317 2560 373 2591 vix
401 2559 581 2591 defensum
606 2570 644 2590 ac
670 2563 844 2590 servatum
869 2568 952 2589 esse.
1272 2548 1274 2561 ¹

1003 2555 1245 2588 Alexandrum
1272 2573 1274 2626 ,

266 2623 348 2644 vero
364 2609 490 2642 amisso
508 2608 659 2641 exercitu
679 2608 869 2650 fugientem
892 2614 927 2641 at
948 2607 1106 2640 Arabum
1131 2616 1245 2647 regem

267 2661 421 2698 venisse,
447 2660 490 2692 ab
507 2656 573 2691 hoc
592 2670 669 2691 cum
691 2658 894 2693 interfectus
911 2664 1013 2699 esset,
1041 2663 1145 2701 caput
1159 2655 1244 2689 Pto·
1270 2633 1274 2695 l

830 89 954 127 PHlL.
983 87 1099 125 MEL.
1125 87 1334 126 SCRIPTA
1360 89 1658 127 EXEGETICA.

2181 89 2256 125 932

1268 176 1401 210 lemaeo
1419 177 1563 210 missum
1581 183 1644 217 est,
1661 176 1722 221 qui
1741 188 1813 210 non
1829 176 1940 210 multo
1962 181 2038 220 post
2055 187 2095 209 ex
2109 175 2256 208 vulnere

1271 234 1432 261 mortuus
1464 234 1525 263 est.
1578 226 1647 260 Hic
1668 228 1734 261 suit
1757 227 1868 260 exitus
1886 226 2070 270 utriusque
2087 226 2176 269 regis
2200 237 2257 259 so-

1271 278 1360 320 ceri,
1383 279 1444 324 qui
1463 279 1555 312 inter
1569 289 1604 311 se
1620 278 1740 323 impiis
1757 278 1862 311 armis
1883 282 2072 311 certarunt.

1570 376 1634 401 Pto
1644 376 1735 400 lema
1745 381 1807 399 eus
1826 374 1963 403 Physcon.

1374 433 1596 468 Ptolemaeus
1613 432 1775 480 Physcon
1801 433 1915 467 dictus
1940 444 1959 466 a
1982 431 2102 476 sagina
2127 430 2260 464 ventris

1274 485 1425 529 turpiter
1449 485 1574 520 inflati.
1636 485 1724 518 Nam
1754 480 1878 531 φύσκη
1908 483 2080 526 significat
2113 481 2263 515 crassius

1275 535 1502 573 intestinum,
1535 535 1636 569 cuius
1657 547 1740 569 usus
1761 542 1811 569 est
1827 535 1864 567 in
1881 534 2050 568 faciendis
2067 531 2264 566 farcimini-

1276 587 1352 619 bus.
1403 584 1487 618 Fuit
1509 592 1625 619 autem
1651 584 1708 618 hic
1726 584 1889 631 Physcon
1913 586 2020 619 frater
2043 581 2265 617 Philometo-

1277 637 1343 676 ris‚
1379 636 1422 668 de
1448 648 1518 680 quo
1543 636 1612 669 iam
1639 637 1770 669 dictum
1794 643 1856 672 est.
1916 634 1964 670 Et
1995 645 2197 681 quanquam
2224 632 2264 665 in

1276 685 1424 720 Eusebii
1438 684 1617 720 Chronico
1645 687 1738 720 inter
1755 685 2032 721 Philometorem
2057 693 2090 719 et
2108 682 2265 730 Physco-

1279 750 1359 771 nem
1385 737 1552 770 inseritur
1575 737 1718 782 quidam
1752 736 1960 780 Evergetes,
1993 745 2112 771 tamen
2136 734 2264 769 Strabo

1279 795 1427 823 testatur
1444 790 1594 821 eundem
1613 800 1684 821 esse
1703 786 1941 833 Physconem,
1968 789 2030 834 qui
2048 787 2181 821 ironice
2196 797 2265 818 no-

1279 839 1435 872 minatus
1450 845 1499 872 est
1516 837 1725 886 εὐεργέτης,
1754 839 1838 872 vicit
1856 839 1948 872 enim
1967 850 2088 873 omnes
2112 835 2267 871 crudeli-

1281 897 1350 924 tate
1367 896 1400 923 et
1420 890 1668 923 obscoenitate.
1722 887 1832 923 Duxit
1850 900 2026 930 sororem,
2052 900 2140 935 quae
2164 893 2268 920 antea

1283 941 1392 985 priori
1408 940 1509 974 fratri
1525 947 1634 984 nupta
1649 941 1784 981 fuerat,
1811 947 1843 973 et
1864 940 1902 972 in
1925 941 1982 973 die
2005 938 2158 984 nuptiali
2179 948 2268 981 pue-

1283 1004 1361 1025 rum
1386 991 1498 1024 filium
1522 991 1639 1024 fratris
1665 991 1702 1023 in
1727 991 1912 1035 complexu
1937 990 2061 1025 matris
2083 988 2268 1022 interfecit.

1284 1042 1478 1087 Aliquanto
1497 1048 1574 1086 post
1590 1042 1690 1075 duxit
1708 1041 1815 1075 filiam
1835 1041 1996 1085 coniugis
2014 1053 2054 1075 ex
2073 1042 2181 1074 fratre
2204 1050 2269 1071 na-

1284 1100 1375 1132 tam,
1409 1093 1593 1137 repudiata
1616 1099 1738 1126 matre.
1792 1090 1879 1126 Erat
1895 1099 2013 1126 autem
2033 1092 2066 1125 ei
2083 1090 2214 1125 filiolus
2229 1101 2269 1122 ex

1285 1144 1402 1188 priore
1419 1144 1567 1186 coniuge
1583 1150 1615 1176 et
1631 1154 1752 1177 sorore
1778 1150 1900 1182 natm,
1929 1141 2023 1178 hunc
2046 1142 2271 1176 interfectum

1286 1202 1318 1228 et
1342 1195 1531 1229 dissectum
1556 1194 1652 1228 misit
1677 1193 1783 1228 matri
1804 1194 1842 1227 in
1868 1194 1924 1227 die
1950 1195 2061 1229 natali
2076 1195 2169 1228 inter
2184 1203 2272 1235 epu-

1286 1247 1348 1279 las.

1389 1304 1461 1338 Nec
1485 1305 1553 1338 fuit
1580 1304 1702 1338 mitior
1724 1304 1764 1337 in
1792 1303 1901 1337 cives:
1930 1316 2012 1339 nam
2036 1302 2271 1337 Alexandriae

1288 1355 1505 1402 quotidianis
1523 1356 1668 1388 cedibus
1685 1366 1774 1399 pene
1792 1355 1989 1389 vastitatem
2007 1354 2134 1390 effecit.

1390 1421 1510 1465 Quare
1539 1421 1697 1456 Romani
1726 1422 1857 1465 legatos
1881 1422 2132 1455 Alexandriam
2165 1422 2273 1455 mise-

1290 1480 1392 1514 runt,
1418 1474 1510 1506 inter
1537 1485 1623 1518 qnos
1648 1473 1794 1506 fuerunt
1823 1479 1856 1506 et
1877 1472 1995 1516 Scipio
2020 1473 2214 1516 posterior,
2240 1478 2275 1506 et

1291 1524 1460 1569 Polybius
1474 1523 1690 1563 Historicus,
1713 1530 1752 1556 ut
1777 1523 1962 1556 autoritate
1987 1522 2138 1557 Senatus
2162 1522 2276 1567 impe-

1291 1581 1408 1608 rarent
1433 1574 1484 1615 ei,
1512 1581 1549 1607 ut
1572 1574 1702 1607 iniuste
1732 1573 1880 1616 grassari
1908 1574 1945 1606 in
1979 1585 2061 1607 suos
2090 1573 2277 1613 desineret,

1292 1625 1374 1670 quia
1399 1625 1548 1659 Senatus
1573 1636 1652 1657 eum
1677 1625 1885 1658 defensurus
1909 1636 1982 1657 non
2007 1631 2113 1666 esset,
2146 1636 2210 1658 nec
2237 1624 2275 1657 in

1293 1687 1438 1719 regnum
1457 1677 1681 1713 reducturus,
1711 1676 1739 1708 si
1757 1682 1899 1719 propter
1914 1675 2156 1709 crudelitatem
2174 1687 2277 1708 excu-

1293 1734 1436 1762 teretur.
1501 1725 1554 1760 Ac
1592 1726 1697 1769 legati
1737 1726 1885 1759 ridicula
1923 1726 2147 1760 deformitate
2186 1726 2277 1769 regis

1295 1784 1497 1821 conspecta,
1529 1789 1602 1809 non
1628 1777 1742 1810 solum
1774 1777 1995 1811 foedissimos
2019 1777 2129 1821 ipsius
2149 1788 2278 1818 mores,

1295 1829 1351 1861 sed
1377 1829 1479 1862 etiam
1503 1834 1737 1861 monstrosam
1769 1828 1918 1872 speciem
1944 1828 2102 1872 corporis
2127 1827 2277 1861 execrati

1295 1886 1387 1912 sunt.
1447 1877 1553 1911 Brevi
1579 1885 1655 1922 post
1679 1879 1848 1912 scelerum
1879 1890 2010 1923 poenas
2032 1878 2130 1912 dedit
2156 1884 2277 1923 tyran-

1298 1941 1362 1963 nus
1379 1927 1541 1975 Physcon
1555 1956 1565 1970 ‚
1586 1929 1715 1962 eiectus
1731 1941 1838 1973 regno
1864 1930 1907 1963 ab
1923 1928 2186 1963 Alexandrinis.

1399 1995 1504 2029 Tales
1529 1993 1698 2029 historiae
1720 1995 1867 2028 lectores
1886 1995 2100 2029 admoneant
2127 2008 2198 2029 non
2222 2007 2279 2030 so-

1298 2048 1371 2081 lum
1389 2047 1432 2079 de
1449 2045 1514 2080 Dei
1536 2046 1686 2086 iudicio,
1711 2046 1772 2091 qui
1790 2052 1936 2079 testatur
1952 2057 1987 2079 se
2004 2046 2134 2080 atrocia
2153 2046 2279 2081 delicta
2327 2063 2332 2065 >

1300 2099 1336 2131 in
1356 2095 1420 2130 hac
1436 2098 1507 2131 vita
1522 2097 1714 2130 manifestis
1731 2096 1914 2140 suppliciis
1931 2097 2075 2141 punire,
2097 2098 2154 2131 sed
2175 2098 2280 2131 etiam

1299 2150 1342 2181 de
1366 2148 1506 2181 miseria
1531 2147 1709 2181 communi
1734 2147 1870 2189 generis
1886 2145 2050 2189 humani,
2078 2154 2112 2181 et
2137 2149 2180 2182 de
2201 2149 2280 2182 dia-

1301 2198 1373 2233 boli
1389 2199 1526 2239 furore,
1552 2198 1611 2243 qui
1628 2198 1711 2231 odio
1725 2198 1795 2231 Dei
1819 2206 1851 2233 et
1867 2205 2045 2233 contemtu
2065 2199 2200 2242 generis
2214 2196 2282 2233 hu-

1302 2249 1396 2283 mani
1430 2249 1535 2284 tantis
1566 2249 1709 2292 flagitiis
1738 2249 1912 2283 deformat
1943 2250 2112 2293 imagines
2138 2248 2220 2291 Dei,
2247 2256 2282 2283 et

1301 2301 1444 2346 quidem
1469 2300 1507 2333 in
1530 2311 1668 2333 summo
1695 2300 1794 2342 loco,
1821 2300 1858 2332 in
1878 2300 2055 2344 imperiis,
2081 2301 2142 2334 ubi
2168 2300 2281 2333 excel-

1300 2352 1372 2385 lere
1403 2352 1513 2385 virtus
1542 2351 1662 2391 debet,
1689 2357 1729 2385 ut
1754 2351 1814 2384 illa
1840 2349 2018 2384 horrenda
2045 2351 2177 2384 diaboli
2202 2362 2281 2395 spe-

1301 2402 1433 2436 ctacula
1450 2401 1610 2436 universa
1629 2413 1747 2435 rerum
1764 2408 1888 2435 natura
1906 2402 2140 2435 abominetur.
2182 2400 2282 2444 Qua-

1301 2465 1337 2486 re
1352 2452 1484 2486 Filium
1503 2451 1571 2486 Dei
1587 2464 1745 2491 oremus,
1773 2459 1812 2486 ut
1835 2465 1938 2497 opera
1959 2452 2093 2485 diaboli
2119 2463 2281 2495 grassan-

1300 2503 1362 2544 tis,
1385 2516 1462 2537 cum
1482 2503 1518 2536 in
1536 2510 1609 2537 toto
1628 2515 1754 2547 genere
1771 2501 1946 2542 humano,
1973 2509 2048 2536 tum
2076 2515 2158 2536 vero
2178 2515 2280 2546 prae-

1300 2554 1400 2598 cipue
1424 2554 1461 2587 in
1479 2554 1627 2587 summis
1651 2554 1854 2594 ordinibus,
1880 2555 2054 2593 destruat,
2081 2553 2170 2587 sicut
2195 2554 2282 2587 scri-

1299 2611 1398 2649 ptum
1434 2611 1502 2645 est,
1552 2604 1684 2638 Filium
1720 2603 1786 2638 Dei
1819 2604 2020 2648 apparuisse
2052 2611 2091 2638 ut
2126 2605 2282 2638 destruat

1299 2667 1404 2700 opera
1423 2655 1568 2690 diaboli.

2361 786 2363 790 -
2360 767 2363 774 <
2358 673 2369 746 μαι-ν..
2360 631 2368 669 —ae
