2379 2948
241 149 285 182 91
517 134 725 175 SCRIPTA
752 133 827 169 pn.
849 128 965 166 MEL.
992 128 1058 165 AD
1084 127 1212 164 Hisr.
1237 125 1381 164 paor.
1406 123 1472 161 ET·
1499 122 1689 159 PHILOS.
1712 121 2028 159 SPECTANTIA.

247 240 323 272 tur,
356 235 389 262 et
413 226 587 261 retinetur
609 223 739 255 virtute
763 223 938 251 certorum
964 215 1153 254 villorum,
1187 219 1226 269 ut

249 293 353 327 supra
370 279 453 313 dixi.
508 276 781 309 Transmutatur
803 279 885 301 vero
911 266 1052 309 propria
1078 265 1227 297 membri

249 341 288 367 ut
305 327 493 365 ventriculi
522 333 554 358 et
586 322 695 366 epatis
722 326 858 353 natura.

251 391 320 418 tem
338 378 535 424 expellitur,
552 380 584 407 et
598 373 767 406 adiuvant
784 369 867 403 certi
884 368 961 401 villi
978 366 1229 410 expulsionem.

300 476 482 525 Quomodo
509 473 553 522 fit
580 474 737 508 nutritio
767 474 805 505 ιή
832 479 981 513 corpore
1009 463 1196 501 humano?

354 557 501 590 blantae
519 551 777 585 nutrimentum
796 558 858 590 per
884 546 1017 578 radices
1041 545 1233 585 excipiunt.
1259 558 1261 588 ᾖ
1286 562 1478 595 &cationes
1511 573 1550 594 ac
1583 561 1778 593 multorum
1812 562 2018 594 morborum
2043 560 2267 604 depulsiones

256 609 297 642 lii
315 606 456 641 insectis
480 611 513 637 et
535 603 572 635 in
596 600 748 645 piscibus
774 598 900 629 desunt
925 594 1096 639 quaedam
1124 601 1234 648 mem-

254 662 330 694 bra.
383 656 501 698 Quare
520 651 657 686 omissis
673 647 911 682 animantibus
929 643 1093 683 coeteris,
1120 642 1234 674 dicam

256 712 298 743 de
313 706 507 742 nutritione
526 704 564 735 in
581 711 725 744 corpore
745 695 914 731 humano,

357 756 435 791 Etsi
452 761 566 788 autem
585 757 703 796 postea
721 748 961 781 discernemus
986 754 1113 786 genera
1132 742 1238 785 adpe-

257 811 407 846 tionum,
434 813 550 839 tamen
569 813 664 835 nunc
684 811 772 832 exeo
792 798 868 830 loco
888 795 1022 839 aliquid
1039 791 1107 827 huc
1125 799 1239 825 trans-

259 860 444 894 ferendum
463 861 523 888 est.
580 851 628 886 Ut
655 850 748 883 enim
775 849 832 881 fiat
860 846 1030 884 nutritio,
1057 843 1241 877 ordinatae

260 918 341 945 sunt
358 905 593 952 adpetitiones
615 901 683 935 cibi
703 907 736 933 et
755 906 877 944 potus,
905 898 1014 929 fames
1040 902 1072 928 et
1087 894 1175 927 sitis.

362 963 560 1008 Descriptio
598 960 700 993 famis
731 958 821 1002 apud
857 956 1033 989 Galerium
1065 952 1148 986 haec
1182 958 1241 984 est.

261 1020 385 1054 Fames
411 1023 461 1049 est
484 1023 605 1047 sensus
628 1009 798 1044 suctionis
828 1017 1017 1043 venarum,
1053 1016 1141 1048 quae
1165 1014 1243 1035 cum

262 1072 357 1104 deest
375 1065 645 1103 nutrimentum,
665 1060 866 1101 mulgentur
882 1058 925 1089 ab
942 1053 1118 1088 exhaustis
1136 1065 1245 1086 mem-

264 1121 355 1154 bris.
385 1127 491 1162 quare
511 1126 588 1146 cum
606 1119 637 1144 et
654 1111 748 1153 ipsae
776 1114 905 1150 sugunt
927 1104 1181 1141 ventriculum,
1209 1103 1246 1135 fit

265 1167 464 1209 corriigatio
485 1161 674 1196 ventriculi
697 1167 730 1192 et
753 1158 897 1197 orificii,
925 1167 1013 1200 quae
1038 1167 1141 1187 sensu
1168 1165 1246 1197 per-

266 1221 405 1263 cipitur·
458 1213 598 1248 Adfluit
623 1211 728 1244 etiam
753 1208 887 1252 aliquid
914 1213 1007 1239 atrae
1033 1205 1133 1244 bilis,
1160 1215 1248 1248 quae

267 1283 328 1304 su¹i
366 1266 592 1301 mordacitate
621 1261 714 1294 acuit
739 1271 879 1292 sensum
904 1257 1004 1289 illum
1032 1254 1249 1297 corrugatio-

268 1322 335 1354 nis.
389 1316 527 1351 Deinde
551 1311 755 1354 imaginatio
775 1307 840 1342 hoc
867 1307 1002 1341 irritata
1027 1306 1167 1343 dolore,
1194 1305 1250 1337 iu-

270 1372 362 1404 dicat
381 1369 476 1401 cibos
493 1362 713 1410 quaerendos
730 1371 811 1392 esse.
1132 1405 1139 1412 .
1162 1405 1168 1410 “
1225 1405 1232 1411 -

374 1416 498 1461 Aliqui
533 1419 669 1447 tantum
696 1410 839 1447 dicunt,
861 1417 1000 1440 causam
1024 1407 1252 1449 adpetitionis

273 1482 343 1504 esse
371 1466 600 1510 frigiditatem
626 1459 837 1497 ventriculi,
866 1464 898 1490 et
926 1464 1036 1490 atram
1056 1456 1162 1488 liilein
1189 1456 1252 1487 ad-

273 1523 439 1554 fluentem
475 1517 517 1549 ad
544 1512 717 1547 orificium
741 1507 942 1542 ventriculi.
1003 1506 1071 1539 Sed
1099 1503 1162 1538 liae
1181 1517 1252 1537 non

276 1578 359 1605 sunt
386 1565 597 1612 principales
620 1573 760 1600 causae,
796 1569 917 1591 verum
948 1557 1057 1590 suctio
1086 1568 1253 1588 venarum

276 1629 325 1655 est
344 1616 548 1664 principalis
566 1625 666 1646 causa
682 1610 794 1644 famis.
839 1607 1017 1641 Omnibus
1036 1607 1128 1639 enim
1146 1618 1255 1638 inem-

274 1672 348 1705 }iris
367 1667 574 1702 naturaliter
592 1664 682 1696 inest
704 1661 757 1693 vis
774 1657 974 1693 atti-aliendi
999 1657 1255 1689 nutrimentum

277 1735 316 1755 ex
335 1720 463 1752 vicino.
517 1714 680 1749 Membra
699 1711 806 1754 igitur
830 1706 994 1741 exhausta
1019 1707 1175 1748 mulgent
1199 1717 1257 1737 ve-

277 1784 357 1809 nas,
387 1779 495 1801 venae
520 1770 648 1806 sugunt
676 1760 923 1794 ventriculum.
986 1757 1072 1790 lnde
1099 1756 1258 1800 sequitur

278 1819 466 1855 ventriculi
483 1823 515 1850 et
534 1812 659 1848 orificii
677 1810 887 1853 corriigati0‚
916 1819 1003 1852 quae
1020 1807 1178 1839 dolorem
1197 1807 1259 1838 ad-

279 1875 346 1906 fert
372 1875 512 1913 propter
546 1873 754 1898 concursum
791 1860 982 1893 multorum
1009 1869 1197 1890 nervorum
1223 1857 1259 1888 in

282 1921 429 1956 orificio.

385 1967 521 2003 Deinde
539 1965 612 1998 sitis
632 1974 732 1997 causa
752 1960 860 2003 magis
881 1959 983 1992 etiam
1002 1958 1183 2001 perspicua
1201 1965 1261 1992 est.

283 2023 416 2057 Natura
436 2017 583 2052 arefacta
601 2014 735 2055 indiget
760 2011 943 2054 rigatione.
997 2007 1043 2042 Et
1069 2009 1179 2041 suctio
1204 2021 1262 2040 ve-

283 2083 411 2106 narum
435 2067 543 2109 magis
574 2064 715 2098 arefacit
742 2061 976 2094 ventriculum
1006 2066 1037 2092 et
1062 2059 1135 2092 eius
1163 2058 1262 2091 orifi-

285 2125 390 2157 cium.
441 2116 489 2152 Et
503 2117 601 2149 cibus
618 2126 696 2147 cum
719 2113 762 2145 sit
789 2112 922 2145 calidus
948 2117 981 2143 et
1003 2110 1170 2150 solidior,
1198 2109 1263 2141 mi-

285 2185 352 2207 nus
369 2168 565 2215 opitulatur
582 2162 797 2198 arefactioni.
850 2159 1032 2205 Adpetitio
1059 2160 1168 2203 igitur
1192 2160 1265 2192 ori-

288 2232 344 2258 tur
362 2219 483 2264 frigidi
500 2224 532 2250 et
550 2214 688 2249 humidi
704 2212 932 2252 nutrimenti,
960 2223 1048 2256 quae
1061 2210 1266 2243 nominatur

288 2275 372 2308 sitis.
408 2268 567 2305 Sentitur
584 2272 700 2299 autem
719 2269 862 2307 propter
878 2262 1124 2295 arefactionem
1141 2261 1178 2293 in
1195 2261 1266 2294 ori-

290 2324 368 2357 ficio
387 2317 588 2354 ventriculi.
642 2314 693 2348 lta
713 2312 871 2347 Galenus
896 2312 1023 2345 diserte
1054 2311 1189 2356 inquit,
1215 2312 1267 2344 fa-

290 2374 357 2406 mis
383 2379 417 2405 et
442 2368 517 2404 sitis
551 2376 723 2410 organum
759 2374 830 2396 esse
860 2362 1032 2395 orificium
1069 2362 1268 2402 ventriculi,

291 2429 494 2468 propterea,
520 2418 616 2463 quod
634 2416 672 2448 in
689 2427 728 2448 eo
746 2414 822 2447 loco
839 2412 989 2446 sentitur
1005 2412 1167 2448 irritatio.

394 2478 489 2512 Haec
508 2477 551 2508 de
568 2473 722 2508 naturali
738 2473 828 2506 fame
847 2478 880 2505 et
898 2471 955 2504 siti
972 2469 1149 2506 dicuntur.
1201 2470 1270 2504 Po-

295 2540 366 2567 stea
384 2536 423 2562 ut
439 2522 634 2572 βουλιμίας
651 2529 733 2557 sunt
752 2523 840 2556 aliae
858 2532 990 2561 causae,
1013 2520 1060 2554 ita
1080 2520 1154 2553 sitis
1171 2532 1271 2565 prae-

294 2577 520 2617 ternaturalis
552 2586 612 2608 seu
633 2573 761 2605 viciosa
786 2570 892 2606 habet
922 2571 1007 2605 alias
1037 2581 1166 2604 causas.
1231 2570 1271 2603 ln

298 2631 468 2667 cruditate
487 2633 519 2660 et
549 2625 584 2657 in
601 2622 759 2657 febribus
777 2619 906 2656 halitus
925 2621 1029 2655 calidi
1046 2627 1079 2654 et
1095 2620 1273 2664 sanguinis

300 2695 339 2717 ac
365 2679 553 2726 spirituum
578 2673 736 2709 accensio
758 2672 951 2707 arefaciunt
981 2668 1217 2716 oesophagum
1242 2678 1274 2705 et

1253 254 1254 257 Ἴ
1282 212 1419 253 fauces,
1445 211 1540 245 unde
1558 209 1632 243 sitis
1647 209 1684 243 fit
1709 208 1901 242 ardentior.

912 316 1141 360 Snperssuitas
1166 326 1229 346 au·
1254 327 1255 339 i

2209 124 2257 158 92

1962 208 2092 251 Magna
2117 208 2259 241 moesti-

1282 263 1332 295 cia
1353 268 1495 306 propter
1516 259 1764 294 extinctionem
1791 259 1977 303 spirituum
2002 259 2143 292 arefacit
2169 270 2260 298 vasa,

1281 319 1314 346 et
1329 312 1487 345 accendit
1503 311 1706 353 sanguinem
1720 336 1729 350 ‚
1756 317 1794 343 ut
1819 315 1935 353 postea
1953 309 2161 351 rigationem
2184 309 2259 341 avi-

1255 401 1256 406 1
1281 363 1360 396 dius
1377 364 1544 406 adpetant
1560 368 1591 394 et
1608 358 1824 404 oesophagus
1844 367 1874 393 et
1899 370 2019 392 venae.

1550 445 1609 477 De
1636 443 1740 478 modo
1770 442 2014 478 marinoni-51

1388 509 1431 546 Et
1444 511 1488 544 ad
1508 511 1810 544 conservationem
1827 510 2038 545 valetudinis
2049 533 2058 548 ‚
2085 516 2118 543 et
2134 510 2177 542 ad
2192 521 2265 543 me-

1287 612 1474 657 praecipue
1492 611 1658 644 conducit
1678 622 1779 644 nosse
1802 612 1946 644 modum
1970 611 2193 650 nutritionis,
2224 612 2266 643 de

1289 675 1358 708 quo
1376 669 1492 695 tamen
1510 674 1549 694 eo
1569 661 1707 694 brevius
1724 661 1849 702 dicam,
1876 662 1957 706 quia
1977 673 2015 694 ex
2034 661 2268 705 descriptione

1288 713 1504 752 anatomica,
1546 711 1608 745 ubi
1646 711 1793 751 dicitur,
1827 713 1870 744 ad
1904 723 1990 756 quos
2022 724 2104 745 usus
2131 712 2267 754 singula

1290 764 1447 796 membra
1466 763 1607 795 condita
1626 762 1716 801 sint,
1743 768 1921 807 utcunque
1940 769 1972 795 et
1988 763 2074 795 ordo
2093 774 2131 795 ac
2145 763 2270 795 modiis

1292 814 1500 847 nutritionis
1518 812 1679 855 cognosci
1697 819 1850 856 possunt.

1396 863 1486 897 Cum
1507 863 1722 896 ventriculus
1743 863 1873 907 accepit
1895 863 2170 902 nutrimentum,
2198 873 2272 894 am-

1294 915 1457 960 plectitur
1483 914 1619 957 ipsum,
1654 920 1694 946 ut
1718 920 1844 957 coquat
1870 920 1902 947 et
1925 920 2037 947 vertat
2059 914 2096 945 in
2119 910 2272 957 chylum.

1295 966 1417 998 Postea
1441 962 1564 1010 chylus
1590 976 1651 1007 per
1674 962 1848 1008 πυλωρὸν
1872 963 2044 997 emittitur
2069 964 2106 996 in
2138 963 2273 996 duode-

1296 1028 1380 1048 num
1408 1015 1614 1048 intestinum
1640 1021 1671 1047 et
1707 1014 1876 1047 ieiunum.
1937 1012 1991 1047 Ex
2023 1014 2142 1046 ieiuno
2167 1024 2274 1046 venae

1298 1066 1504 1098 mesaraicae
1533 1065 1676 1108 rapiunt
1700 1065 1755 1105 id,
1783 1066 1877 1109 quod
1904 1065 2026 1109 purius
2051 1071 2083 1097 et
2106 1063 2277 1109 liquidius

1298 1123 1369 1155 est,
1397 1128 1434 1148 ac
1459 1113 1692 1149 transvehunt
1716 1115 1754 1149 in
1780 1127 1871 1158 epar.
1932 1115 2168 1148 Luculentum
2195 1125 2276 1146 vero

1301 1167 1443 1210 pellitur
1466 1178 1505 1198 ex
1525 1166 1644 1199 ieiuno
1663 1165 1699 1197 in
1725 1166 1889 1198 inferiora
1913 1165 2090 1200 intestina.
2144 1163 2277 1197 Trans-

1301 1224 1417 1250 vectus
1441 1223 1556 1249 autem
1583 1214 1705 1261 cliylus
1723 1216 1758 1248 in
1778 1228 1873 1259 epar,
1900 1216 1950 1249 ibi
1967 1215 2129 1259 coquitur
2146 1226 2184 1247 ac
2202 1226 2279 1247 ver-

1301 1268 1386 1301 titur
1409 1267 1446 1299 in
1469 1279 1617 1299 massam
1642 1266 1888 1308 sanguineam,
1916 1266 1952 1298 in
1974 1277 2042 1308 qua
2069 1265 2208 1304 insunt,
2242 1271 2281 1297 ut

1304 1318 1437 1351 dictum
1456 1323 1524 1355 est,
1553 1324 1704 1361 quatuor
1720 1315 1894 1347 humores.
1950 1314 2016 1348 Sed
2036 1312 2163 1347 horum
2183 1315 2221 1348 fit
2242 1326 2280 1347 ex

1302 1369 1418 1411 aliqua
1437 1375 1534 1410 parte
1549 1365 1733 1408 separatio.
1789 1361 1946 1398 Multum
1971 1365 2099 1397 rubrae
2117 1364 2198 1397 bilis
2222 1366 2283 1397 de-

1302 1417 1436 1449 rivatur
1452 1416 1489 1448 in
1505 1416 1702 1448 folliculum
1720 1415 1830 1454 fellis,
1857 1415 2008 1448 inultum
2028 1421 2122 1447 atrae
2139 1414 2221 1447 bilis
2245 1415 2282 1447 in

1305 1467 1461 1510 splenem
1481 1466 1742 1499 transmittitur.
1797 1463 1940 1510 Aquosa
1957 1465 2178 1508 superfluitas
2205 1477 2282 1498 cum

1306 1525 1450 1551 ventum
1469 1523 1517 1550 est
1535 1517 1577 1549 ad
1597 1528 1715 1548 cavam
1743 1527 1885 1555 venam,
1912 1515 2064 1558 plurima
2090 1514 2285 1549 effunditur

1306 1569 1343 1601 in
1358 1579 1463 1601 venas
1490 1567 1723 1609 emulgentes,
1751 1574 1783 1600 et
1807 1566 1929 1600 defluit
1951 1567 1992 1599 ad
2018 1577 2119 1599 renes
2144 1573 2177 1600 et
2195 1567 2283 1599 vesi-

1307 1631 1399 1658 cam,
1426 1617 1533 1661 sitque
1559 1617 1675 1651 urina.

1407 1666 1600 1711 Reliquum
1629 1666 1838 1708 sanguineae
1869 1678 2020 1707 massae,
2056 1667 2149 1711 quod
2174 1673 2224 1700 est
2250 1668 2287 1700 in

1308 1729 1390 1750 cava
1409 1729 1497 1749 vena
1512 1744 1520 1757 ‚
1547 1717 1773 1750 distribuitur
1789 1717 1871 1749 inde
1887 1717 1925 1749 in
1944 1724 2013 1750 tres
2030 1723 2156 1761 partes,
2209 1716 2288 1751 Una

1309 1765 1469 1800 evehitur
1488 1768 1525 1800 in
1540 1778 1656 1801 ramos
1675 1768 1912 1801 ascendentes.
1967 1766 2129 1800 Secunda
2151 1767 2188 1799 in
2204 1768 2287 1801 dex-

1311 1825 1401 1851 trum
1420 1815 1614 1851 thalamum
1633 1817 1768 1855 cordis,
1795 1824 1833 1851 ut
1855 1829 1915 1850 cor
1937 1825 1969 1851 et
1996 1818 2198 1861 pulmonem
2221 1830 2289 1851 nu-

1311 1869 1403 1905 triat,
1421 1875 1453 1900 et
1469 1875 1506 1902 ut
1522 1868 1604 1901 inde
1623 1868 1916 1901 transfundantur
1932 1867 2038 1900 rivuli
2054 1868 2092 1900 in
2109 1867 2289 1902 sinistrum

1311 1916 1504 1952 thalamum
1522 1918 1654 1957 cordis,
1680 1918 1774 1950 unde
1789 1918 1932 1961 spiritus
1947 1918 2150 1961 gignuntur.
2203 1918 2292 1952 Ter-

1312 1969 1359 2002 tia
1385 1980 1462 2011 pars
1493 1968 1703 2010 sanguineae
1736 1979 1870 2001 massae
1901 1968 2034 2002 labitur
2053 1969 2090 2001 in
2113 1980 2228 2002 ramos
2252 1981 2291 2002 ex

1313 2027 1438 2052 trunco
1465 2030 1572 2051 venae
1597 2030 1699 2051 cavae
1722 2018 1992 2058 descendentes,
2020 2019 2063 2052 ad
2086 2019 2210 2053 alenda
2234 2020 2292 2052 in-

1312 2069 1438 2102 feriora
1462 2069 1629 2104 membra.

1418 2119 1458 2151 iu
1488 2119 1765 2152 extremitatibus
1799 2126 1915 2153 autem
1951 2130 2118 2152 venarum
2153 2120 2293 2162 sanguis

1316 2170 1375 2202 ille
1392 2170 1540 2203 vertitur
1556 2170 1592 2202 in
1612 2170 1801 2203 secundam
1824 2167 2070 2203 humiditatem
2084 2196 2092 2210 ,
2120 2181 2208 2214 quae
2230 2182 2295 2203 no-

1316 2220 1471 2253 minatur
1487 2218 1692 2260 Cambium,
1718 2232 1806 2264 quae
1824 2220 1892 2253 iam
1917 2220 2084 2253 membris
2105 2221 2296 2265 adponitur

1316 2277 1349 2304 et
1366 2270 1578 2303 assimilatur
1589 2297 1597 2311 ,
1625 2282 1713 2315 quae
1730 2271 1871 2314 quidem
1887 2270 2094 2304 assimilatio
2110 2282 2229 2304 revera
2245 2277 2295 2304 est

1317 2321 1494 2365 generatio
1514 2322 1684 2365 quaedam
1696 2345 1705 2359 ,
1732 2321 1820 2353 facta
1844 2320 1971 2354 virtute
1986 2321 2172 2365 spirituum
2189 2328 2221 2355 et
2239 2333 2297 2354 ca-

1319 2371 1403 2404 loris
1422 2371 1593 2405 naturalis
1614 2371 1650 2403 in
1667 2371 1825 2415 quolibet
1850 2372 2021 2406 membro.
2075 2370 2167 2412 Quia
2193 2371 2296 2405 cuili-

1318 2423 1377 2456 bet
1394 2422 1551 2454 membro
1571 2421 1703 2461 insunt,
1730 2427 1767 2454 ut
1786 2427 1865 2455 ante
1882 2422 2014 2455 dictum
2032 2427 2099 2461 est,
2126 2423 2298 2462 attractio,

1320 2472 1483 2512 retentio,
1518 2471 1676 2505 alteratio
1703 2477 1737 2504 et
1763 2471 1929 2515 expulsio.
1970 2471 2009 2504 In
2029 2471 2188 2516 quolibet
2203 2472 2297 2505 enim

1322 2520 1396 2567 ζωὴ
1413 2519 1548 2568 φυτικὴ
1577 2527 1625 2554 est
1653 2521 1726 2565 ipse
1751 2522 1847 2555 calor
1863 2521 2049 2561 naturalis,
2072 2522 2133 2566 qui
2150 2529 2182 2556 et
2198 2523 2297 2555 fove-

1322 2579 1380 2605 tur
1402 2572 1527 2615 spiritu
1545 2571 1662 2612 vitali,
1688 2578 1720 2605 et
1744 2579 1794 2605 est
1809 2570 1934 2606 harum
1960 2571 2088 2605 virium
2111 2573 2298 2616 copulatio,

1323 2622 1485 2705 vidlelicgt
1511 2618 1729 2663 attrahendi,
1762 2621 1959 2663 retinendi,
1986 2622 2160 2657 alterandi
2184 2630 2217 2657 et
2240 2635 2299 2657 ex-

1323 2683 1365 2716 pe
1397 2683 1438 2705 en
1467 2684 1488 2704 ι.
