2379 2948
135 90 236 129 1449

133 180 195 226 qui
222 191 296 214 non
319 177 453 214 habent
485 178 668 223 episcopos
700 178 882 212 ordinaria
910 177 1130 212 successione

133 239 331 277 regnantes,

234 291 337 326 Hanc
355 290 587 335 perniciosam
604 289 810 335 opinionem
836 300 975 323 necesse
1001 296 1051 324 est
1074 301 1129 322 re-

132 344 252 379 futari.

130 495 306 537 Christus,
333 503 394 530 aut
412 496 485 529 illic
504 503 564 537 est,
591 496 702 530 nolite
718 497 871 530 credere.
926 494 1031 528 Item:
1052 493 1125 529 Re-

130 561 238 593 gnum
254 548 320 582 Dei
341 560 414 581 non
432 547 529 581 venit
552 560 631 581 cum
650 547 911 582 observatione.
967 546 1035 580 Sed
1055 544 1125 578 Ec-

130 601 232 633 clesia
255 606 393 633 tantum
418 600 461 631 ad
487 599 634 632 verbnm
657 598 721 632 Dei
746 599 887 642 alligata
906 605 973 638 est,
1001 606 1033 632 et
1059 595 1124 630 hac

129 658 248 685 mente
271 658 304 685 et
327 651 509 684 voluntate
533 650 720 684 coniuncta
747 658 796 684 est
824 650 914 683 veris
941 649 1125 689 ministris,

128 703 335 748 ubicunque
355 709 446 741 sunt,
474 714 491 734 a
509 701 638 746 quibus
657 702 762 736 discit
777 700 1028 744 Evangelium,
1057 700 1124 732 sic-

127 761 166 788 ut
182 753 341 787 Ecclesia
360 754 395 786 in
409 752 604 798 Babylone,
633 755 777 786 credens
796 753 978 786 doctrinae
997 752 1125 784 absen-

127 806 172 839 tis
190 804 379 845 Ieremiae,
399 811 518 837 tamen
537 804 611 838 eius
629 804 828 838 ministerio
845 804 1038 837 fruebatur.
1072 803 1123 835 Ita

127 868 224 890 nunc
237 856 341 890 multi
359 855 409 900 pii
427 856 520 889 inter
538 857 759 889 adversarios
770 855 952 888 voluntate
970 853 1124 887 coniun-

127 908 173 941 cti
200 915 283 942 sunt
305 919 384 940 cum
419 906 618 941 ministerio
642 905 882 940 Ecclesiarum
908 911 1126 945 nostrarum,

125 960 219 992 unde
235 960 375 992 discunt
392 956 639 1001 Evangelium.

230 1018 328 1051 Idem
348 1019 449 1050 docet
466 1015 524 1049 bic
543 1016 755 1049 versiculus:
784 1013 910 1063 Lapis
935 1026 1039 1063 quem
1070 1025 1124 1046 re-

124 1068 390 1117 probaverunt,
427 1064 487 1100 hic
511 1066 646 1114 factus
681 1071 730 1100 est
766 1066 804 1100 in
835 1072 943 1114 capul
973 1064 1123 1111 anguli.

125 1121 292 1155 Testatur
312 1120 406 1153 enim
425 1131 497 1152 non
518 1116 709 1151 humanam
726 1120 944 1160 doctrinam,
972 1125 1032 1151 ant
1058 1115 1124 1150 hu-

122 1184 247 1206 manas
263 1171 508 1205 ordinationes
526 1171 568 1202 de
586 1170 688 1211 locis,
715 1177 774 1204 aut
792 1171 1011 1205 successione
1024 1196 1032 1209 ,
1061 1169 1120 1201 sed

125 1222 310 1258 Christum
335 1234 407 1256 esse
424 1222 578 1266 lapidem
603 1222 828 1264 angularem,
855 1220 922 1256 hoc
940 1230 1011 1260 est,
1039 1220 1122 1253 fun-

123 1277 330 1310 damentum
347 1286 452 1318 super
469 1274 564 1318 quod
583 1279 738 1306 extructa
763 1281 813 1308 est
829 1272 996 1309 Ecclesia.

226 1334 377 1378 Quoties
394 1334 454 1367 lux
472 1330 660 1375 Evangelii
682 1333 718 1365 in
735 1334 954 1367 successione
974 1337 1122 1368 ordina-

123 1388 175 1421 ria
192 1385 421 1428 extinguitur,
447 1395 586 1415 necesse
604 1390 655 1416 est
673 1384 778 1416 aliam
796 1385 995 1418 doctrinam
1014 1398 1121 1431 quae-

121 1439 170 1479 ri,
198 1437 287 1471 sicut
305 1435 452 1469 dicitur:
481 1433 519 1467 Si
538 1433 618 1478 quis
634 1434 730 1466 aliud
749 1432 985 1478 Evangelium
1008 1440 1120 1476 docet,

122 1487 307 1524 anathema
332 1487 386 1521 sit.
440 1484 478 1519 Si
503 1485 617 1517 oculis
645 1482 812 1518 humanis
835 1485 1030 1520 Ecclesiam
1064 1489 1119 1521 in-

121 1548 242 1581 tuens,
264 1539 384 1572 videas
407 1542 547 1569 coetum
575 1547 647 1568 esse
669 1536 745 1569 sine
764 1544 907 1570 externo
927 1545 960 1572 et
978 1541 1119 1583 conspi-

121 1605 187 1626 cuo
215 1590 328 1635 capite
358 1596 390 1623 et
414 1588 520 1628 duce,
547 1587 678 1619 deinde
695 1589 965 1631 vagabundum,
990 1597 1023 1623 et
1046 1603 1118 1624 non

120 1641 312 1677 habentem
340 1641 376 1673 in
404 1650 474 1672 una
500 1644 593 1671 certa
620 1639 701 1671 sede
727 1639 918 1673 continuos
936 1641 1119 1686 episcopos

121 1702 155 1729 et
170 1694 430 1731 moderatores,
465 1690 581 1735 qualis
603 1689 785 1724 videbitur
808 1691 992 1735 dissipatio
1022 1692 1119 1727 esse?

122 1745 221 1790 Quid
238 1744 356 1778 minus
368 1741 532 1785 congruit
551 1741 593 1773 ad
613 1741 798 1785 politicum
819 1743 995 1782 ordinem,
1009 1757 1115 1790 quam

120 1797 246 1832 tollere
274 1794 501 1829 autoritatem
525 1792 730 1826 ordinariae
759 1795 1013 1829 successionis?
1070 1795 1118 1831 Et

119 1856 237 1884 tamen
262 1857 402 1880 necesse
426 1851 477 1877 est
505 1844 663 1887 regulam
694 1845 824 1878 teneri:
853 1845 892 1880 Si
915 1847 995 1892 quis
1019 1847 1117 1881 aliud

118 1898 356 1943 Evangelium
375 1897 496 1937 docet,
522 1893 710 1929 anathema
727 1896 782 1931 sit.

224 1957 270 1991 Et
294 1956 451 1990 retinent
478 1954 526 1999 pii
552 1954 702 1988 seiuncti
730 1956 774 1988 ab
792 1956 911 1999 impiis
930 1957 1117 2002 episcopis,

122 2022 245 2044 verum
261 2006 518 2046 ministerium,
547 2017 666 2038 veram
682 2006 965 2046 ordinationem,
994 2021 1115 2042 verum

118 2073 222 2096 usum
247 2059 575 2097 Sacramentorum,
609 2057 852 2090 remissionem
880 2066 1117 2102 peccatorum,

121 2120 155 2148 et
170 2111 404 2146 donationem
421 2108 576 2152 Spiritus
593 2109 705 2142 sancti
730 2115 762 2141 et
786 2117 920 2143 caetera
948 2111 1116 2145 beneficia

119 2162 265 2199 Christi.
320 2160 417 2194 Haec
435 2167 518 2194 sunt
543 2160 580 2192 in
603 2166 703 2193 coetu
723 2160 801 2204 pio,
831 2161 966 2195 etiamsi
986 2163 1117 2197 disces—

120 2216 203 2250 serit
220 2214 263 2247 ab
280 2212 401 2257 impiis
420 2211 592 2256 episcopis
609 2211 790 2244 ordinaria
815 2214 1034 2247 successione
1061 2227 1118 2248 re—

119 2266 326 2312 gnantibus,
344 2263 427 2309 quia
445 2263 681 2297 certissimum
693 2261 945 2298 estEcclesiam
959 2263 1024 2298 Dei
1038 2278 1117 2299 vere

119 2332 159 2353 ex
188 2316 384 2360 Evangelio
410 2315 586 2359 pendere,
621 2320 654 2347 et
685 2315 782 2347 nasci
809 2327 895 2348 voce
917 2314 1117 2360 Evangelii,

117 2377 152 2404 et
176 2381 249 2402 non
276 2374 386 2402 certas
411 2378 596 2411 personaS,
631 2372 692 2399 aut
714 2373 807 2400 certa
833 2367 910 2400 loca
936 2368 1114 2412 alligatam

118 2433 202 2456 esse.

223 2478 308 2512 Ideo
334 2477 539 2511 consolatur
557 2474 720 2511 Christus
745 2478 958 2522 Apostolos,
991 2480 1115 2513 admo-

119 2544 226 2572 nens,
254 2542 299 2563 ne
318 2535 529 2562 moveantur
554 2529 720 2561 scandalo
746 2530 1007 2574 dissipationis⁷
1035 2544 1113 2564 cum

118 2584 305 2618 eiicientur
329 2593 369 2613 ex
393 2579 591 2626 synagogis
647 2578 758 2614 Grata
787 2589 819 2615 ct
842 2582 955 2615 dulcis
976 2589 1027 2615 est
1050 2595 1115 2624 res,

117 2636 198 2681 pius
222 2643 414 2667 consensus
439 2631 686 2675 episcoporum
717 2638 750 2665 et
781 2630 1039 2672 Ecdesiarum,
1074 2641 1112 2668 ut

118 2687 249 2721 dicitur
272 2685 311 2717 in
328 2682 486 2717 Psalmo:
511 2679 603 2716 Ecce
622 2695 726 2728 quam
743 2683 898 2723 bonum,
925 2691 988 2718 etc.
1041 2684 1110 2719 Sed

745 88 808 126 IX.
864 83 1230 125 COMMENTARII
1259 83 1309 119 IN
1336 81 1578 120 PSALMOS.

309 343 397 377 Nam
416 341 572 376 Ecclesia
587 354 660 375 non
688 349 738 376 est
758 342 899 385 alligata
924 342 968 374 ad
993 348 1126 374 certum
1153 351 1154 366 ³

131 396 268 435 locum,
301 401 360 428 aut
386 401 560 427 certarum
594 405 826 438 personarum
858 392 1152 433 successionem„

131 447 222 480 sicut
240 447 332 479 clare
348 445 396 480 ait
416 442 600 486 Christus,
628 457 707 478 cum
728 445 864 478 dicent:
893 443 985 477 Ecce
1001 442 1058 477 hic
1075 450 1126 476 est
1150 474 1152 478 Α

2082 83 2175 121 1450

1181 185 1261 208 cum
1281 173 1435 218 episcopi
1460 173 1712 217 belligerantur
1735 183 1814 207 cum
1826 169 1989 213 Christo,
2017 183 2176 205 necessa-

1180 225 1234 259 rio
1258 225 1442 259 deserendi
1468 232 1561 259 sunt.
1622 223 1770 259 Interim
1795 235 1879 257 vero
1908 223 2028 257 unitas
2052 222 2175 256 Eccle-

1180 277 1250 311 siae
1271 283 1412 318 manet‚
1447 283 1652 311 conservata
1676 277 1816 310 unitate
1850 286 1952 308 verae
1981 275 2176 314 doctrinae,

1179 340 1285 373 quam
1317 339 1457 361 summo
1491 329 1608 361 studio
1638 329 1730 362 tueri
1753 329 1934 362 debemus.
1994 325 2072 359 Hoc
2097 325 2176 359 vult

1178 379 1330 420 Paulus,
1356 379 1536 424 inquiens,
1561 377 1691 424 Ephes.
1710 381 1748 413 2.
1778 377 1971 412 Ecclesiam
1989 389 2062 411 esse
2077 376 2175 410 aedi—

1178 431 1313 464 ficatam
1329 442 1435 474 supra
1461 432 1734 464 fundamentum
1754 429 2010 475 Apostolorum
2035 435 2069 462 et
2085 427 2175 461 Pro-

1177 480 1388 526 phetarum,
1417 482 1451 515 id
1479 488 1549 525 est,
1578 489 1712 516 certum
1731 483 1879 516 verbum
1897 493 1959 525 per
1976 476 2174 524 Prophetas

1178 540 1210 567 et
1226 532 1419 577 Apostolos
1436 533 1618 568 traditum.

1280 592 1375 626 Haec
1399 593 1594 626 admonitio
1621 599 1653 626 et
1678 591 1874 626 consolatio
1905 590 2098 624 necessaria
2125 596 2176 623 est

1177 645 1263 689 piis,
1296 651 1335 678 ut
1356 656 1391 677 se
1415 644 1625 678 confirment
1652 645 1820 677 adversus
1842 642 2016 676 terribilia
2042 641 2174 674 iudicia

1177 708 1319 736 eorum,
1354 695 1414 740 qui
1449 695 1524 728 sine
1559 696 1665 728 modo
1698 693 1918 739 amplificant
1954 692 2175 726 ordinariam

1177 747 1434 780 successionem
1447 773 1456 786 ,
1485 758 1564 779 cum
1589 746 1702 790 reipsa
1720 744 1787 778 hoc
1804 752 1927 789 agant,
1955 751 1995 778 ut
2014 756 2054 777 eo
2074 755 2175 787 prae-

1177 805 1275 832 textu
1314 795 1520 832 abstrahant
1553 797 1630 841 pios
1662 808 1680 829 a
1705 808 1806 829 verae
1832 796 2016 829 doctrinae
2042 795 2176 837 profes-

1177 849 1288 884 sione.
1341 848 1413 881 Nec
1431 860 1560 890 paucos
1577 845 1642 880 hae
1663 847 1804 880 fucosae
1829 847 1951 879 laudes
1975 845 2176 879 ordinariae

1177 900 1406 933 successionis
1424 899 1620 943 decipiunt.

1282 959 1351 994 Sed
1378 965 1522 1004 quaerat
1545 958 1695 1003 aliquis,
1730 954 1789 990 An
1816 968 1888 989 non
1915 956 2019 990 etiam
2046 957 2176 999 gradus

1178 1011 1309 1045 diversi
1327 1011 1397 1044 sint
1422 1022 1460 1043 ac
1479 1010 1592 1043 ordo?
1642 1008 1873 1053 Respondeo:
1902 1006 1966 1041 Est
1992 1007 2029 1039 in
2050 1006 2175 1040 Eccle-

1177 1064 1227 1096 sia
1255 1075 1335 1096 vera
1360 1061 1600 1095 ministerium
1627 1060 1800 1101 docendi,
1836 1065 1919 1092 sunt
1949 1059 2112 1092 doctores
2136 1070 2175 1091 ac

1178 1121 1333 1158 pastores
1350 1113 1494 1153 alicubi,
1510 1119 1548 1145 ut
1558 1112 1729 1156 scriptum
1746 1118 1807 1152 est,
1837 1108 1938 1143 Alios
1954 1109 2098 1155 quidem
2113 1110 2176 1142 de-

1176 1166 1229 1199 dit
1263 1166 1443 1206 doctores,
1477 1164 1565 1197 alios
1597 1170 1774 1208 pastores,
1810 1174 1853 1195 ne
1884 1161 2176 1195 circumferamur

1177 1217 1282 1250 variis
1307 1216 1421 1250 ventis
1451 1215 1644 1251 doctrinae.
1704 1214 1767 1249 Est
1799 1213 1909 1256 igitur
1934 1213 2109 1253 officium,
2143 1219 2176 1245 et

1176 1275 1257 1302 sunt
1287 1269 1417 1310 gradus
1448 1268 1638 1301 donorum.
1698 1265 1769 1300 Sed
1795 1263 1880 1298 hinc
1904 1276 1978 1297 non
2002 1265 2175 1309 sequitur,

1176 1320 1253 1353 iure
1277 1318 1398 1353 divino
1426 1319 1649 1363 episcopum,
1691 1330 1709 1351 a
1732 1318 1937 1362 presbytero
1968 1316 2175 1348 discernen-

1176 1371 1261 1403 dum
1283 1381 1366 1405 esse.
1414 1369 1488 1403 lmo
1507 1369 1752 1416 Hieronymus
1769 1375 1888 1413 aperte
1905 1373 2072 1408 testatur,
2098 1378 2173 1400 non

1176 1433 1248 1454 esse
1277 1422 1354 1454 iure
1380 1421 1504 1453 divino
1522 1421 1683 1454 diversos
1702 1422 1833 1464 gradus
1852 1419 2007 1463 episcopi
2026 1426 2059 1453 et
2076 1430 2174 1463 pres-

1174 1473 1299 1517 byteri.
1361 1471 1454 1505 Loca
1480 1479 1562 1505 nota
1598 1479 1700 1513 sunt,
1735 1473 1780 1505 ad
1812 1469 2040 1514 Eugubium,
2078 1477 2110 1503 et
2135 1470 2172 1502 in

1173 1523 1430 1556 commentario
1449 1524 1493 1555 ad
1511 1522 1647 1556 Titum.

1644 1623 1707 1660 111.

1411 1691 1463 1714 DE
1490 1691 1660 1716 onoma
1685 1690 1943 1716 ECCLESIAE.

1274 1760 1371 1796 Deus
1395 1763 1472 1796 vult
1496 1774 1601 1806 regna
1629 1774 1748 1806 gerere
1775 1774 1829 1795 res
1856 1761 2051 1804 gloriosas,
2079 1761 2171 1794 tueri

1171 1813 1366 1854 iusticiam,
1393 1814 1578 1856 coniugia,
1614 1814 1804 1854 virtutem,
1839 1813 2020 1858 depellere
2048 1818 2171 1857 tyran-

1172 1877 1256 1905 nos,
1287 1864 1414 1908 punire
1433 1871 1465 1898 et
1481 1876 1601 1897 arcere
1623 1863 1767 1908 flagitia.
1822 1863 1978 1909 Ideoque
1997 1863 2093 1897 Deus
2115 1863 2172 1897 iu-

1171 1923 1221 1949 sta
1248 1915 1395 1959 imperia
1418 1915 1585 1956 adiuvat,
1613 1922 1647 1949 et
1671 1923 1776 1950 ornat
1793 1915 1953 1949 victoriis
1979 1922 2012 1949 et
2031 1915 2170 1960 opibus.

1171 1966 1248 2000 Hac
1271 1966 1471 2000 imitatione
1496 1967 1679 2011 pontifices
1707 1974 1739 2000 et
1758 1966 1949 2001 Ecclesiam
1978 1967 2171 2000 voluerunt

1172 2030 1245 2051 esse
1272 2017 1434 2062 stipatam
1467 2030 1590 2062 regum
1622 2018 1749 2057 armis,
1787 2018 2002 2052 cumulatam
2033 2018 2172 2062 opibus,

1170 2075 1323 2102 armatos
1342 2070 1499 2112 potentia
1518 2069 1712 2114 superioris
1729 2069 1871 2113 gradus,
1899 2076 1932 2102 et
1951 2076 2096 2102 ornatos
2114 2069 2172 2101 di-

1171 2121 1382 2164 gnitatibus,
1417 2128 1456 2154 ut
1478 2119 1689 2154 Cardinales
1720 2127 1834 2153 essent
1870 2132 2029 2154 summus
2068 2131 2169 2153 sena-

1171 2179 1245 2212 tus,
1280 2172 1494 2206 antecellens
1526 2173 1671 2216 opibus,
1715 2171 1871 2216 potentia
1909 2178 1941 2205 et
1978 2171 2167 2215 dignitate:

1171 2231 1249 2268 post
1281 2221 1347 2256 hos
1375 2223 1596 2257 collocarunt
1627 2220 1924 2267 Archiepiscopos
1959 2230 1991 2256 et
2017 2221 2167 2266 Episco-

1171 2287 1244 2319 pos.
1311 2273 1415 2308 Hanc
1443 2275 1658 2318 potentiam,
1685 2280 1718 2307 et
1742 2271 1804 2306 has
1826 2285 1909 2318 opes
1936 2281 1968 2308 et
1987 2273 2164 2313 victorias,

1170 2326 1302 2371 quibus
1331 2333 1550 2370 praesentem
1587 2332 1715 2359 statum
1746 2337 1890 2370 quoquo
1924 2326 2030 2358 modo
2062 2332 2165 2358 tuen—

1169 2384 1246 2418 tur,
1274 2377 1435 2411 iudicant
1451 2389 1524 2410 esse
1546 2377 1696 2420 gloriam
1713 2375 1901 2410 Ecclesiae.
1958 2375 2033 2409 lmo
2058 2376 2163 2410 etiam

1169 2430 1399 2469 affinxerunt,
1437 2428 1620 2472 pontifices
1653 2440 1725 2461 esse
1757 2439 1949 2471 regnorum
1984 2428 2162 2467 dominos,

1169 2478 1300 2513 habere
1336 2486 1516 2525 utrunque
1553 2481 1724 2523 gladium.
1798 2477 1842 2513 Et
1880 2479 2067 2523 perfidiose
2105 2491 2163 2512 ac-

1168 2533 1441 2565 commodarunt
1474 2529 1542 2564 huc
1568 2532 1660 2566 dicta
1692 2532 1865 2576 quaedam
1900 2531 1936 2563 in
1965 2529 2162 2574 Evangelio

1167 2590 1199 2617 et
1216 2580 1424 2627 Prophetis,
1453 2590 1507 2616 ut:
1534 2583 1622 2617 Data
1643 2589 1693 2616 est
1713 2580 1801 2615 mihi
1819 2582 1935 2615 omnis
1950 2589 2101 2626 potestas
2125 2582 2161 2614 in

1167 2635 1264 2667 coelo
1299 2642 1332 2668 et
1358 2634 1395 2666 in
1422 2641 1523 2668 terra.
1586 2633 1690 2667 Item:
1719 2632 1811 2667 Ecce
1847 2635 1919 2667 duo
1950 2634 2057 2677 gladii
2090 2631 2160 2666 hic.

1165 2684 1251 2719 Item
1279 2683 1358 2719 Esa.
1385 2684 1462 2719 49.;
1491 2684 1537 2720 Et
1561 2693 1665 2720 erunt
1692 2697 1789 2729 reges
1807 2686 2000 2720 nutritores
2026 2686 2095 2720 tui.¹
2126 2691 2157 2717 et
