2379 2948
57 92 154 130 1277

54 178 219 219 victoria,
247 190 314 223 qua
333 172 508 214 Christus
529 179 614 212 vicit
630 185 809 223 peccatum
828 184 861 211 et
876 184 1042 218 mortem,

54 237 88 264 et
109 229 213 262 nobis
237 230 473 263 communicat
495 241 593 263 suam
608 229 815 272 victoriam,
838 241 877 262 ac
894 234 1042 262 testatur

54 292 119 314 nos
140 292 281 326 quoque
304 281 471 314 liberatos
493 292 565 313 esse
586 293 605 314 a
627 287 789 324 peccato,
829 285 863 312 et
886 290 905 312 a
929 285 1042 312 morte

54 338 208 366 aeterna.
261 329 308 365 Et
340 329 425 364 haec
457 331 646 374 gratiarum
676 330 765 363 actio
793 330 935 363 facienti
959 341 1039 373 pro-

54 384 148 423 dest,
175 394 249 415 non
273 389 428 415 meretur
445 382 523 414 aliis
541 381 784 414 remissionem
803 387 1041 424 peccatorum:

54 435 115 467 sed
141 440 190 466 est
212 433 249 466 in
274 445 356 466 vere
380 433 605 466 credentibus
623 432 702 465 viva
721 438 753 465 et
771 432 899 465 ardens
916 442 1042 464 conso-

54 484 139 519 latio
157 484 402 518 conscientiae.

157 543 257 577 Talis
288 542 479 589 gratiarum
510 541 600 576 actio
622 541 738 575 vocari
764 548 877 586 potest
899 540 1042 575 Sacrifi-

54 593 165 633 cium,
201 606 275 627 non
304 593 553 638 applicandum
582 606 644 637 pro
675 593 772 633 aliis,
806 599 846 626 ut
868 600 1043 625 mereatur

54 646 103 679 eis
131 645 373 679 remissionem
402 651 642 688 peccatorum,
676 651 736 678 aut
761 644 843 677 alia:
877 644 936 677 sed
960 643 1042 688 quia

55 748 92 780 in
122 746 405 786 adflicfionibus,
437 753 497 780 aut
525 747 715 786 confessio,
752 747 840 779 sicut
869 745 1042 789 scriptura

55 810 155 842 saepe
179 797 337 842 loquitur
362 798 405 829 de
430 797 599 830 sacrificio
625 797 751 831 laudis.
812 795 908 829 Haec
931 795 1043 829 adieci

53 899 144 933 mini
160 899 340 932 confertur
358 896 424 932 hoc
440 899 644 933 convivium
662 895 937 934 Melchisedech.

158 966 316 1011 Epistola
337 967 380 1000 ad
401 966 581 1000 Hebraeos
598 967 702 1000 etiam
724 973 904 1010 exaggerat
924 966 1043 1010 appel-

53 1018 222 1053 lationem
245 1016 342 1063 (Rex
367 1018 525 1051 iusticiae
550 1025 583 1051 et
601 1018 728 1062 pacis),
761 1024 794 1051 et
810 1030 873 1063 ego
892 1018 1045 1051 arbitror

53 1067 145 1103 hanc
173 1068 447 1113 appellationem
480 1066 611 1102 habere
643 1080 784 1112 gravem
816 1080 973 1109 causam,
1013 1076 1044 1102 et
1070 1086 1071 1089 ¹

53 1120 236 1154 continere
259 1119 548 1163 significationem
571 1120 737 1164 aliquam.
791 1118 922 1162 Magna
940 1119 1043 1152 etiam

53 1171 226 1214 dignitas,
267 1182 392 1214 magna
424 1171 621 1204 reverentia
651 1171 718 1205 fuit
747 1170 936 1203 ministerii
962 1182 1045 1214 pro-

53 1220 186 1267 phetici
215 1228 318 1262 tunc,
351 1221 440 1254 sicut
471 1232 543 1254 esse
569 1221 684 1257 debet.
745 1220 827 1254 Ideo
855 1233 932 1253 cum
962 1221 1043 1254 Sem

54 1279 144 1306 esset
174 1272 382 1316 praecipuus
410 1270 587 1316 Propheta
618 1278 651 1305 et
676 1270 810 1305 Doctor
841 1279 1043 1305 sanctorum

54 1325 128 1358 eius
145 1323 330 1367 temporis,
357 1323 552 1366 appellatus
569 1329 620 1356 est
635 1322 713 1357 Rex
731 1322 901 1364 iusticiae,
927 1322 964 1356 id
983 1329 1045 1363 est,

53 1387 112 1408 rex
129 1374 259 1415 iustus,
287 1379 321 1406 et
338 1373 417 1407 aliis
435 1373 608 1406 iusticiam
627 1373 844 1417 praedicans.

154 1439 251 1474 Haec
274 1440 463 1484 appellatio
487 1439 675 1474 tribuenda
695 1446 746 1473 est
762 1440 905 1484 proprie
921 1439 995 1483 regi
1012 1446 1045 1473 et

53 1492 226 1527 sacerdoti
249 1489 410 1532 Christo,
443 1502 518 1524 non
548 1491 720 1525 tribuitur
742 1489 900 1524 Levitico
930 1503 1045 1524 sacer-

53 1544 140 1579 doti.
201 1542 292 1576 Nam
322 1541 500 1576 Leviticus
531 1542 689 1586 pontifex
722 1542 891 1586 proponit
919 1543 1044 1584 legem,

52 1601 213 1640 peccata,
259 1600 409 1626 mortem
446 1599 480 1627 et
517 1599 695 1626 externam
722 1593 894 1636 politiam.
974 1592 1043 1626 Sed

53 1644 216 1681 Christus
238 1645 348 1678 donat
371 1650 403 1678 et
425 1643 602 1688 praedicat
619 1643 813 1684 iusticiam,
841 1655 910 1688 qua
928 1655 1044 1676 coram

53 1696 129 1732 Deo
153 1695 234 1730 iusti
260 1701 488 1739 reputamur,
515 1701 547 1727 et
570 1701 620 1728 est
637 1701 740 1727 autor
756 1706 868 1727 novae
885 1701 918 1728 et
935 1701 1046 1727 aeter-

53 1760 120 1781 nae
145 1746 304 1780 iusticiae
328 1752 361 1779 et
385 1746 489 1790 pacis,
543 1744 799 1779 Praedicarunt
822 1752 936 1778 autem
955 1743 1046 1778 hanc

54 1798 228 1833 iusticiam
254 1804 286 1831 et
312 1803 444 1841 patres,
471 1796 600 1841 quibus
624 1796 874 1840 promissiones
898 1796 1046 1829 traditae

54 1856 147 1884 sunt.
200 1847 249 1882 Hi
276 1848 513 1891 agnoscebant
545 1853 734 1880 venturum
763 1845 978 1885 Dominum,
1014 1853 1048 1880 et

53 1900 212 1935 sciebant
243 1911 279 1933 se
310 1899 370 1932 illa
395 1900 488 1932 dona
512 1899 556 1931 ab
579 1898 655 1942 ipso
679 1898 852 1941 accipere,
887 1898 976 1931 sicut
999 1897 1047 1931 ait

54 1949 248 1986 Iohannes:
276 1950 330 1983 Ex
354 1950 577 1994 plenitudine
602 1949 676 1982 eius
696 1961 817 1982 omnes
838 1949 1046 1992 accepimus.

55 2002 211 2047 Ideoque
223 2002 409 2045 fungentes
425 2000 622 2035 ministerio
634 1998 779 2040 Christi,
807 2000 927 2044 aliquo
941 2001 1046 2033 modo

55 2059 156 2087 erant
180 2053 255 2086 eius
276 2052 361 2098 typi.
421 2050 542 2094 Quare
566 2064 644 2085 cum
669 2050 751 2084 Sem
777 2051 972 2095 appellatus
997 2059 1047 2085 est

55 2103 131 2139 Rex
158 2103 334 2143 iusticiae‚
361 2102 595 2146 significatum
622 2109 672 2136 est
694 2109 884 2135 venturum
903 2113 975 2135 esse
992 2114 1047 2134 re-

55 2167 150 2199 gem,
178 2155 239 2200 qui
262 2166 342 2187 vere
367 2154 525 2188 restituat
550 2153 725 2187 iusticiam
745 2160 779 2187 et
798 2153 902 2186 vitam
922 2165 1046 2197 perpe-

54 2213 166 2241 tuam.

158 2263 249 2298 Cum
287 2262 395 2306 igitur
432 2264 469 2296 in
501 2261 569 2298 hoc
599 2263 738 2297 Psalmo
770 2261 883 2296 David
921 2264 1048 2308 inquit,

54 2314 237 2351 Christum
257 2326 329 2347 esse
348 2316 560 2349 sacerdotem
575 2316 768 2349 secundum
782 2315 942 2348 ordinem
955 2314 1048 2348 Mel-

55 2363 260 2405 chisedech,
288 2366 393 2399 etiam
416 2366 453 2398 in
475 2366 621 2399 nomine
641 2373 691 2400 est
707 2366 914 2409 descriptio,
944 2366 1048 2411 quale

55 2419 100 2453 sit
116 2416 349 2452 sacerdotium
362 2414 514 2458 Christi,
542 2424 573 2451 et
589 2418 682 2462 quod
700 2417 743 2450 sit
760 2417 930 2450 dissimile
942 2416 1047 2450 Levi-

55 2471 146 2511 tico,
178 2468 362 2507 videlicet,
398 2468 478 2513 quia
505 2465 639 2502 Christi
667 2468 904 2501 sacerdotium
934 2468 1047 2501 adfert

53 2521 145 2555 illud
161 2531 314 2559 novum,
340 2526 373 2552 et
391 2526 571 2552 aeternum
589 2530 735 2562 regnum
754 2519 967 2563 promissum
985 2531 1048 2562 pa-

54 2572 179 2606 tribus.
233 2570 321 2603 Tale
352 2581 499 2613 regnum
533 2582 606 2603 non
639 2577 711 2603 erat
741 2570 863 2613 politia
889 2570 1046 2603 Mosaica

55 2629 115 2657 aut
130 2621 299 2656 Levitica.
354 2620 449 2655 Haec
472 2622 515 2655 de
537 2620 774 2666 appellatione
797 2621 879 2655 satis
901 2621 946 2655 sit
966 2621 1047 2654 bre-

55 2675 145 2708 viter
160 2673 298 2707 dixisse.

652 92 714 126 IX.
766 89 1128 127 COMMENTARII
1162 91 1212 126 IN
1246 91 1487 128 PSALMOS.

1068 670 1070 687 ;
1096 646 1243 679 ctrinam
1284 652 1316 678 et
1354 645 1631 678 consolationem
1674 644 1843 677 continet.

55 704 105 730 est
130 708 218 740 opus
241 696 381 740 placens
402 695 440 727 in
457 696 706 734 reconciliato,
734 695 822 729 sicut
840 694 1041 728 obedientia
1068 698 1070 718 i

1986 91 2079 126 1278

1194 177 1376 212 Postremo
1400 185 1516 212 autem
1536 179 1573 212 in
1592 179 1660 212 fine
1676 176 1783 211 huius
1800 177 1868 211 loci
1885 177 2080 212 admonen-

1094 230 1159 263 dus
1189 236 1239 263 est
1263 229 1389 270 lector,
1423 236 1462 262 ut
1490 230 1721 274 principalem
1748 229 1972 262 collationem
1994 241 2080 262 con-

1093 281 1239 318 sideret,
1267 281 1310 312 de
1334 292 1400 324 qua
1420 292 1523 324 supra
1541 282 1711 322 diximus,
1737 281 1832 325 quod
1849 279 2011 312 videlicet
2026 291 2081 312 sa·

1094 331 1290 365 cerdotium
1314 329 1592 364 Melchisedechi
1618 338 1692 365 erat
1716 330 1948 365 sacerdotium
1974 330 2082 363 bene-

1094 383 1231 421 dicens,
1260 388 1293 414 et
1316 393 1389 414 non
1414 383 1607 416 consistens
1631 383 1668 415 in
1692 383 1843 415 externis
1867 381 1994 416 ritibus
2013 379 2082 413 Le·-

1094 433 1220 466 viticis.
1305 431 1356 465 lta
1396 438 1446 466 est
1487 434 1701 466 conveniens
1739 434 1854 476 imago
1896 431 2080 466 sacerdotii

1067 505 1068 514 1
1094 481 1238 519 Christi.

1199 542 1346 576 Tradita
1371 549 1423 576 est
1445 543 1553 585 igitur
1578 543 1614 576 in
1640 541 1707 576 hoc
1730 555 1832 575 versu
1856 542 2004 585 insignis
2022 542 2084 574 de-

1095 594 1237 638 scriptio
1264 594 1450 627 sacerdotii
1469 592 1620 634 Christi,
1649 605 1737 638 quae
1764 593 1994 637 multiplicem
2018 593 2083 625 do-

1921 642 2083 675 Primum

1095 696 1249 730 ostendit
1266 696 1459 740 principale
1474 696 1627 728 officium
1639 692 1782 732 Christi,
1808 695 1973 728 videlicet
1989 693 2085 738 quod

1097 749 1141 781 sit
1165 749 1343 785 sacerdos,
1372 753 1405 780 et
1426 747 1521 791 quod
1546 746 1652 779 suerit
1679 757 1852 789 passurus.
1919 744 2085 777 Secundo

1069 814 1071 839 3
1097 798 1264 832 describit
1290 797 1392 842 quale
1419 798 1462 830 sit
1485 798 1644 830 futurum
1664 796 1916 833 sacerdotium,
1945 794 2088 834 scilicet,

54 856 198 894 propter
223 848 386 881 usitatam
410 848 634 891 allegoriam,
661 860 728 892 qua
745 848 787 880 ad
806 859 951 880 coenam
969 845 1044 880 Do·
1069 865 1070 872 κ

1097 850 1134 882 in
1161 861 1229 893 quo
1254 849 1298 882 sit
1320 860 1413 881 unus
1436 848 1594 891 pontifex
1617 854 1795 887 aeternuS,
1823 854 1855 880 et
1878 847 2025 879 daturus
2042 844 2087 877 sit

1097 912 1151 933 res
1175 906 1350 939 aeternas,
1379 899 1560 937 videlicet,
1587 898 1761 931 iusticiam
1787 904 1819 930 et
1841 897 1949 930 vitam
1975 902 2087 929 aeter-

1097 962 1192 986 nam.
1245 950 1368 983 Tertio
1392 950 1560 983 discernit
1583 949 1817 983 sacerdotium
1833 945 1966 981 Christi
1983 959 2000 979 a
2017 945 2088 979 Le-

1097 1002 1215 1036 vitico.
1270 1000 1405 1044 Quarto
1429 1008 1575 1034 testatur
1596 1001 1690 1045 quod
1715 999 1759 1033 sit
1776 998 2010 1032 sacerdotium
2026 997 2089 1029 be-

1097 1052 1286 1093 nedicens,
1313 1059 1345 1085 et
1367 1053 1572 1095 praedicans
1590 1051 1832 1084 remissionem
1852 1055 2089 1094 peccatorum,

1098 1105 1235 1137 donans
1254 1103 1428 1136 iusticiam
1448 1111 1511 1137 etc.

1199 1161 1295 1196 Haec
1318 1163 1472 1196 breviter
1492 1161 1635 1204 collegi,
1662 1168 1700 1195 ut
1719 1160 1756 1192 in
1772 1170 1908 1193 summa
1924 1164 2089 1202 repetan-

1098 1221 1156 1248 tur
1176 1226 1214 1246 ea
1239 1225 1329 1257 quae
1351 1214 1444 1246 dicta
1469 1220 1562 1248 sunt.
1624 1212 1717 1244 lllud
1741 1218 1856 1245 autem
1882 1209 2087 1243 addendum

1098 1271 1164 1305 est,
1192 1271 1231 1298 ut
1248 1264 1285 1296 in
1304 1264 1434 1297 nostris
1452 1263 1707 1297 tentationibus
1724 1259 1815 1295 hanc
1832 1260 2028 1294 doctrinam
2044 1259 2088 1292 ad

1097 1327 1199 1349 usum
1212 1342 1221 1355 ‚
1247 1321 1280 1348 et
1297 1315 1339 1348 ad
1358 1314 1638 1348 consolationem
1655 1312 1952 1346 conscientiarum
1971 1317 2089 1344 trans-

1097 1367 1263 1399 seramuS.

1201 1423 1306 1457 Nulla
1332 1423 1425 1456 enim
1448 1429 1497 1456 est
1514 1423 1653 1456 dulcior
1669 1421 1864 1455 consolatio
1877 1447 1885 1462 ,
1913 1431 2018 1465 quam
2035 1430 2090 1452 sa-

1098 1475 1294 1508 cerdotium
1322 1472 1456 1508 Christi
1488 1474 1724 1508 considerare.
1792 1471 1883 1506 Cum
1916 1471 2011 1504 enim
2045 1470 2089 1503 sit

1099 1527 1280 1567 sacerdos,
1307 1533 1357 1559 est
1373 1526 1548 1569 placator,
1576 1525 1738 1564 victima,
1766 1523 1924 1567 precium
1950 1522 2091 1554 redem-

1099 1577 1206 1610 tionis
1222 1583 1381 1617 nostrae,
1410 1583 1442 1609 et
1459 1576 1618 1608 assiduus
1636 1574 1880 1619 interpellator
1895 1584 1958 1617 pro
1974 1571 2092 1607 nobis.

1099 1625 1145 1661 Et
1173 1639 1251 1660 cum
1278 1628 1321 1660 sit
1345 1633 1508 1660 aeternus
1525 1627 1703 1667 sacerdos,
1737 1623 1833 1658 haud
1857 1623 1964 1658 dubie
1988 1623 2091 1655 invo-

1099 1685 1217 1711 cantes
1236 1678 1400 1711 liberabit
1417 1690 1434 1710 a
1452 1684 1577 1713 morte.

1202 1736 1385 1770 Postremo
1414 1749 1492 1770 cum
1517 1736 1560 1770 sit
1587 1736 1749 1769 sacerdos
1773 1734 1966 1768 secundum
1992 1732 2090 1766 ordi-

1103 1800 1182 1821 nem
1209 1785 1492 1828 Melchisedech,
1519 1787 1704 1820 benedicet
1727 1793 1761 1820 et
1787 1785 1934 1819 donabit
1961 1795 2090 1816 novam

1101 1839 1275 1872 iusticiam
1299 1845 1332 1872 et
1355 1851 1487 1883 pacem.
1542 1837 1650 1871 Hunc
1672 1836 1885 1870 versiculum
1911 1835 1940 1868 si
1957 1846 2092 1878 propo-

1100 1902 1225 1923 nemus
1253 1889 1358 1923 nobis
1388 1890 1425 1922 in
1448 1889 1539 1923 veris
1561 1889 1747 1922 doloribus
1770 1895 1802 1922 et
1827 1885 2092 1923 certaminibus,

1101 1941 1291 1974 sentiemus
1310 1953 1389 1974 eum
1407 1941 1603 1974 uberrimas
1622 1939 1881 1973 consolationes
1899 1936 2092 1976 continere,

1101 1992 1190 2025 sicut
1216 1989 1374 2035 Epistola
1399 1993 1441 2024 ad
1461 1990 1620 2025 Ebraeos
1646 1989 1810 2024 hortatur
1834 2000 1917 2022 nos:
1946 1986 2093 2020 Haben-

1101 2050 1152 2076 tes
1168 2043 1271 2076 talem
1291 2043 1492 2087 pontificem
1510 2042 1717 2076 accedamus
1735 2053 1814 2074 cum
1833 2038 1958 2073 fiducia
1975 2044 2039 2071 etc.

1202 2101 1384 2136 Hactenus
1415 2103 1458 2135 de
1482 2100 1550 2135 hoc
1572 2101 1747 2135 versiculo
1774 2107 1806 2134 et
1830 2100 1871 2132 de
1895 2096 2090 2131 sacerdotio

1100 2150 1245 2187 Christi.
1301 2153 1405 2187 Nunc
1429 2153 1591 2186 adiiciam
1617 2164 1726 2197 pauca
1747 2152 1790 2184 de
1810 2148 2004 2184 sacerdotio
2020 2147 2093 2180 sin-

1101 2205 1264 2248 gulorum
1281 2203 1580 2239 Christianorum.

1202 2264 1381 2298 Differunt
1415 2262 1651 2296 ministerium
1692 2267 1875 2294 externum
1908 2266 1939 2292 et
1979 2269 2092 2291 sacer-

1103 2315 1252 2349 dotium.
1319 2314 1408 2356 Nam
1440 2313 1673 2347 sacerdotium
1708 2319 1757 2345 est
1787 2312 1840 2344 ius
1871 2309 2092 2353 singulorum

1102 2366 1341 2407 credentium,
1369 2366 1411 2398 ad
1432 2365 1670 2397 invocandum
1689 2370 1722 2397 et
1740 2362 2027 2401 sacrificandum,
2055 2366 2094 2392 ut

1100 2424 1218 2462 postea
1245 2417 1371 2451 dicam.
1427 2415 1495 2449 Sed
1514 2414 1751 2448 ministerium
1769 2420 1820 2446 est
1839 2412 1995 2445 executio
2014 2422 2094 2443 mu-

1102 2469 1197 2501 neris
1220 2467 1389 2507 docendi,
1416 2467 1478 2499 ubi
1503 2465 1657 2510 postulat
1681 2464 1830 2498 vocatio.
1883 2462 1961 2496 Hoc
1986 2460 2094 2494 mini-

1102 2519 1247 2552 sterium
1280 2518 1461 2561 publicum
1490 2524 1626 2550 tantum
1651 2516 1694 2548 ad
1721 2515 1801 2548 illos
1825 2514 1997 2558 pertinet,
2031 2511 2093 2557 qui

1102 2576 1183 2603 sunt
1201 2569 1266 2602 rite
1282 2569 1407 2602 vocati.
1457 2566 1524 2601 Sed
1544 2567 1656 2600 dicam
1675 2567 1718 2599 de
1734 2565 1941 2600 sacerdotio.
1989 2563 2095 2596 Prin-

1102 2620 1261 2664 cipaliter
1287 2617 1450 2652 Christus
1476 2625 1526 2652 est
1553 2618 1711 2662 pontifex
1734 2629 1793 2650 seu
1821 2616 1999 2652 sacerdos,
2026 2612 2095 2646 Hic

1070 2695 1074 2706 .
1102 2672 1196 2704 enim
1220 2677 1339 2704 manet
1356 2677 1518 2704 aeternus
1536 2670 1714 2710 sacerdos,
1742 2668 1803 2713 qui
1820 2667 2022 2701 immediate
2038 2676 2094 2697 ac-
