<?xml version="1.0" encoding="UTF-8"?>
<!DOCTYPE html PUBLIC "-//W3C//DTD XHTML 1.0 Transitional//EN"
    "http://www.w3.org/TR/xhtml1/DTD/xhtml1-transitional.dtd">
<html xmlns="http://www.w3.org/1999/xhtml" xml:lang="en" lang="en">
 <head>
  <title>
</title>
<meta http-equiv="Content-Type" content="text/html;charset=utf-8" />
  <meta name='ocr-system' content='tesseract 3.04.00' />
  <meta name='ocr-capabilities' content='ocr_page ocr_carea ocr_par ocr_line ocrx_word'/>
</head>
<body>
  <div class='ocr_page' id='page_1' title='image "./operaquaesupersu13melauoft_0250.png"; bbox 0 0 2379 2948; ppageno 0'>
   <div class='ocr_carea' id='block_1_1' title="bbox 219 116 2233 168">
    <p class='ocr_par' dir='ltr' id='par_1_1' title="bbox 219 116 2233 168">
     <span class='ocr_line' id='line_1_1' title="bbox 219 116 2233 168; baseline -0.006 0"><span class='ocrx_word' id='word_1_1' title='bbox 219 132 291 168; x_wconf 76' lang='lat'>475</span> <span class='ocrx_word' id='word_1_2' title='bbox 495 124 703 164; x_wconf 78' lang='lat' dir='ltr'>SCRIPTA</span> <span class='ocrx_word' id='word_1_3' title='bbox 730 122 805 158; x_wconf 87' lang='lat' dir='ltr'>PH.</span> <span class='ocrx_word' id='word_1_4' title='bbox 828 119 943 156; x_wconf 82' lang='lat' dir='ltr'>MEL.</span> <span class='ocrx_word' id='word_1_5' title='bbox 970 120 1036 157; x_wconf 90' lang='lat' dir='ltr'>AD</span> <span class='ocrx_word' id='word_1_6' title='bbox 1063 119 1189 156; x_wconf 87' lang='lat' dir='ltr'>HlST.</span> <span class='ocrx_word' id='word_1_7' title='bbox 1216 117 1358 155; x_wconf 81' lang='lat' dir='ltr'>PROF.</span> <span class='ocrx_word' id='word_1_8' title='bbox 1385 116 1450 153; x_wconf 86' lang='lat' dir='ltr'>ET</span> <span class='ocrx_word' id='word_1_9' title='bbox 1477 117 1666 154; x_wconf 84' lang='lat' dir='ltr'>PIIlLOS.</span> <span class='ocrx_word' id='word_1_10' title='bbox 1689 117 2005 158; x_wconf 84' lang='lat' dir='ltr'>SPECTANTIA.</span> <span class='ocrx_word' id='word_1_11' title='bbox 2159 121 2233 156; x_wconf 80' lang='lat'>476</span> 
     </span>
    </p>
   </div>
   <div class='ocr_carea' id='block_1_2' title="bbox 224 201 2236 361">
    <p class='ocr_par' dir='ltr' id='par_1_2' title="bbox 224 201 2236 361">
     <span class='ocr_line' id='line_1_2' title="bbox 324 201 2235 254; baseline -0.005 -4"><span class='ocrx_word' id='word_1_12' title='bbox 324 215 506 251; x_wconf 77' lang='lat' dir='ltr'><strong>Secundus</strong></span> <span class='ocrx_word' id='word_1_13' title='bbox 525 212 612 246; x_wconf 90' lang='lat' dir='ltr'>ordo</span> <span class='ocrx_word' id='word_1_14' title='bbox 628 207 771 254; x_wconf 89' lang='lat' dir='ltr'>proprie</span> <span class='ocrx_word' id='word_1_15' title='bbox 788 219 861 240; x_wconf 89' lang='lat' dir='ltr'>non</span> <span class='ocrx_word' id='word_1_16' title='bbox 879 207 922 240; x_wconf 90' lang='lat' dir='ltr'>ad</span> <span class='ocrx_word' id='word_1_17' title='bbox 939 206 1057 244; x_wconf 84' lang='lat' dir='ltr'>verba,</span> <span class='ocrx_word' id='word_1_18' title='bbox 1084 205 1143 237; x_wconf 90' lang='lat' dir='ltr'>sed</span> <span class='ocrx_word' id='word_1_19' title='bbox 1161 204 1204 237; x_wconf 82' lang='lat' dir='ltr'>ad</span> <span class='ocrx_word' id='word_1_20' title='bbox 1229 212 1232 244; x_wconf 73' lang='grc' dir='ltr'>ζ</span> <span class='ocrx_word' id='word_1_21' title='bbox 1257 204 1354 248; x_wconf 88' lang='lat' dir='ltr'>plum</span> <span class='ocrx_word' id='word_1_22' title='bbox 1372 205 1462 248; x_wconf 85' lang='lat' dir='ltr'>apud</span> <span class='ocrx_word' id='word_1_23' title='bbox 1482 201 1630 237; x_wconf 78' lang='lat' dir='ltr'>Paulum</span> <span class='ocrx_word' id='word_1_24' title='bbox 1649 205 1691 237; x_wconf 80' lang='lat' dir='ltr'>ad</span> <span class='ocrx_word' id='word_1_25' title='bbox 1709 203 1835 238; x_wconf 87' lang='lat' dir='ltr'>Roma.</span> <span class='ocrx_word' id='word_1_26' title='bbox 1847 205 1877 239; x_wconf 89' lang='lat'>1.</span> <span class='ocrx_word' id='word_1_27' title='bbox 1905 204 2025 239; x_wconf 86' lang='lat' dir='ltr'>Cicero</span> <span class='ocrx_word' id='word_1_28' title='bbox 2043 206 2235 251; x_wconf 86' lang='lat' dir='ltr'>aliquando</span> 
     </span>
     <span class='ocr_line' id='line_1_3' title="bbox 224 253 2236 303; baseline -0.005 -2"><span class='ocrx_word' id='word_1_29' title='bbox 224 273 376 301; x_wconf 86' lang='lat' dir='ltr'><strong>mentem</strong></span> <span class='ocrx_word' id='word_1_30' title='bbox 395 277 455 299; x_wconf 90' lang='lat' dir='ltr'>seu</span> <span class='ocrx_word' id='word_1_31' title='bbox 469 261 678 296; x_wconf 87' lang='lat' dir='ltr'>sententiam</span> <span class='ocrx_word' id='word_1_32' title='bbox 699 257 861 303; x_wconf 79' lang='lat' dir='ltr'><strong>pertinet.</strong></span> <span class='ocrx_word' id='word_1_33' title='bbox 897 256 988 291; x_wconf 83' lang='lat' dir='ltr'>Sunt</span> <span class='ocrx_word' id='word_1_34' title='bbox 1006 256 1100 289; x_wconf 89' lang='lat' dir='ltr'>enim</span> <span class='ocrx_word' id='word_1_35' title='bbox 1119 255 1207 297; x_wconf 84' lang='lat' dir='ltr'>figu-</span> <span class='ocrx_word' id='word_1_36' title='bbox 1257 255 1466 288; x_wconf 87' lang='lat' dir='ltr'>dissolutum</span> <span class='ocrx_word' id='word_1_37' title='bbox 1493 262 1605 289; x_wconf 78' lang='lat' dir='ltr'>vocat.</span> <span class='ocrx_word' id='word_1_38' title='bbox 1659 253 1787 288; x_wconf 89' lang='lat' dir='ltr'>Graeci</span> <span class='ocrx_word' id='word_1_39' title='bbox 1809 255 1996 290; x_wconf 86' lang='lat' dir='ltr'>nominant</span> <span class='ocrx_word' id='word_1_40' title='bbox 2021 254 2236 297; x_wconf 77' lang='grc' dir='ltr'><em>ἀσύνδετον,</em></span> 
     </span>
     <span class='ocr_line' id='line_1_4' title="bbox 225 301 1482 361; baseline -0.01 -10"><span class='ocrx_word' id='word_1_41' title='bbox 225 330 282 352; x_wconf 88' lang='lat' dir='ltr'>rae</span> <span class='ocrx_word' id='word_1_42' title='bbox 301 327 388 361; x_wconf 87' lang='lat' dir='ltr'>quae</span> <span class='ocrx_word' id='word_1_43' title='bbox 406 314 541 347; x_wconf 87' lang='lat' dir='ltr'>addunt</span> <span class='ocrx_word' id='word_1_44' title='bbox 560 317 695 343; x_wconf 90' lang='lat' dir='ltr'>motum</span> <span class='ocrx_word' id='word_1_45' title='bbox 713 308 887 349; x_wconf 88' lang='lat' dir='ltr'>orationi,</span> <span class='ocrx_word' id='word_1_46' title='bbox 912 314 951 341; x_wconf 90' lang='lat' dir='ltr'>ut</span> <span class='ocrx_word' id='word_1_47' title='bbox 965 304 1208 348; x_wconf 76' lang='lat' dir='ltr'>interrogatio,</span> <span class='ocrx_word' id='word_1_48' title='bbox 1258 311 1291 338; x_wconf 91' lang='lat' dir='ltr'>et</span> <span class='ocrx_word' id='word_1_49' title='bbox 1307 301 1482 340; x_wconf 80' lang='grc' dir='ltr'><strong><em>διάλιτον.</em></strong></span> 
     </span>
    </p>
   </div>
   <div class='ocr_carea' id='block_1_3' title="bbox 225 359 2237 516">
    <p class='ocr_par' dir='ltr' id='par_1_3' title="bbox 225 359 2237 516">
     <span class='ocr_line' id='line_1_5' title="bbox 225 359 2237 405; baseline -0.002 -2"><span class='ocrx_word' id='word_1_50' title='bbox 225 364 432 402; x_wconf 70' lang='lat' dir='ltr'>admiralio,</span> <span class='ocrx_word' id='word_1_51' title='bbox 459 360 651 401; x_wconf 62' lang='lat' dir='ltr'>dubitffllos</span> <span class='ocrx_word' id='word_1_52' title='bbox 680 359 822 404; x_wconf 64' lang='lat' dir='ltr'>querela</span> <span class='ocrx_word' id='word_1_53' title='bbox 846 365 907 392; x_wconf 63' lang='lat' dir='ltr'>etc·</span> <span class='ocrx_word' id='word_1_54' title='bbox 1359 359 1650 398; x_wconf 71' lang='grc' dir='ltr'><em>Πολυσύνὸετον</em></span> <span class='ocrx_word' id='word_1_55' title='bbox 1679 362 1809 396; x_wconf 87' lang='lat' dir='ltr'>dicitur</span> <span class='ocrx_word' id='word_1_56' title='bbox 1841 363 2057 396; x_wconf 85' lang='lat' dir='ltr'>contrarium</span> <span class='ocrx_word' id='word_1_57' title='bbox 2087 362 2237 405; x_wconf 87' lang='lat' dir='ltr'>schema,</span> 
     </span>
     <span class='ocr_line' id='line_1_6' title="bbox 326 411 2235 457; baseline -0.003 -3"><span class='ocrx_word' id='word_1_58' title='bbox 326 422 529 455; x_wconf 86' lang='lat' dir='ltr'>Postremus</span> <span class='ocrx_word' id='word_1_59' title='bbox 546 419 633 452; x_wconf 90' lang='lat' dir='ltr'>ordo</span> <span class='ocrx_word' id='word_1_60' title='bbox 652 417 804 451; x_wconf 77' lang='lat' dir='ltr'>maxime</span> <span class='ocrx_word' id='word_1_61' title='bbox 827 418 872 451; x_wconf 88' lang='lat' dir='ltr'>ad</span> <span class='ocrx_word' id='word_1_62' title='bbox 898 421 1073 450; x_wconf 89' lang='lat' dir='ltr'>oratorem</span> <span class='ocrx_word' id='word_1_63' title='bbox 1100 411 1209 457; x_wconf 87' lang='lat' dir='ltr'>perti-</span> <span class='ocrx_word' id='word_1_64' title='bbox 1258 412 1320 446; x_wconf 87' lang='lat' dir='ltr'>ubi</span> <span class='ocrx_word' id='word_1_65' title='bbox 1346 414 1456 447; x_wconf 88' lang='lat' dir='ltr'>oratio</span> <span class='ocrx_word' id='word_1_66' title='bbox 1482 414 1600 447; x_wconf 84' lang='lat' dir='ltr'>multis</span> <span class='ocrx_word' id='word_1_67' title='bbox 1625 413 1937 447; x_wconf 85' lang='lat' dir='ltr'>coniunctionibus</span> <span class='ocrx_word' id='word_1_68' title='bbox 1966 411 2148 455; x_wconf 80' lang='lat' dir='ltr'>cohaeret,</span> <span class='ocrx_word' id='word_1_69' title='bbox 2180 422 2235 449; x_wconf 89' lang='lat' dir='ltr'>ut:</span> 
     </span>
     <span class='ocr_line' id='line_1_7' title="bbox 226 459 1717 516; baseline -0.007 -9"><span class='ocrx_word' id='word_1_70' title='bbox 226 475 332 513; x_wconf 86' lang='lat' dir='ltr'>tinet,</span> <span class='ocrx_word' id='word_1_71' title='bbox 365 471 426 516; x_wconf 90' lang='lat' dir='ltr'>qui</span> <span class='ocrx_word' id='word_1_72' title='bbox 456 469 612 503; x_wconf 87' lang='lat' dir='ltr'>continet</span> <span class='ocrx_word' id='word_1_73' title='bbox 641 469 814 502; x_wconf 88' lang='lat' dir='ltr'>rationem</span> <span class='ocrx_word' id='word_1_74' title='bbox 849 463 1106 511; x_wconf 81' lang='lat' dir='ltr'>amplificandi,</span> <span class='ocrx_word' id='word_1_75' title='bbox 1144 459 1210 494; x_wconf 89' lang='lat' dir='ltr'>hoc</span> <span class='ocrx_word' id='word_1_76' title='bbox 1259 461 1500 509; x_wconf 88' lang='lat' dir='ltr'>Athamasque</span> <span class='ocrx_word' id='word_1_77' title='bbox 1515 463 1717 508; x_wconf 83' lang='lat' dir='ltr'>Thoasque.</span> 
     </span>
    </p>
   </div>
   <div class='ocr_carea' id='block_1_4' title="bbox 227 512 2241 716">
    <p class='ocr_par' dir='ltr' id='par_1_4' title="bbox 227 512 2241 667">
     <span class='ocr_line' id='line_1_8' title="bbox 227 512 2240 564; baseline -0.001 -4"><span class='ocrx_word' id='word_1_78' title='bbox 227 530 298 564; x_wconf 79' lang='lat' dir='ltr'>est,</span> <span class='ocrx_word' id='word_1_79' title='bbox 324 523 471 564; x_wconf 64' lang='lat' dir='ltr'>figuras,</span> <span class='ocrx_word' id='word_1_80' title='bbox 498 531 587 564; x_wconf 66' lang='lat' dir='ltr'>quae</span> <span class='ocrx_word' id='word_1_81' title='bbox 612 525 739 562; x_wconf 66' lang='lat' dir='ltr'>augent</span> <span class='ocrx_word' id='word_1_82' title='bbox 764 517 981 558; x_wconf 62' lang='lat' dir='ltr'>orationem,</span> <span class='ocrx_word' id='word_1_83' title='bbox 1014 522 1047 549; x_wconf 69' lang='lat'>⁶2</span> <span class='ocrx_word' id='word_1_84' title='bbox 1070 512 1210 556; x_wconf 65' lang='lat' dir='ltr'>longlo·</span> <span class='ocrx_word' id='word_1_85' title='bbox 1361 521 1534 556; x_wconf 75' lang='lat' dir='ltr'>Similiter</span> <span class='ocrx_word' id='word_1_86' title='bbox 1557 523 1683 555; x_wconf 84' lang='lat' dir='ltr'>cadens</span> <span class='ocrx_word' id='word_1_87' title='bbox 1701 522 1738 555; x_wconf 92' lang='lat' dir='ltr'>in</span> <span class='ocrx_word' id='word_1_88' title='bbox 1763 522 1968 556; x_wconf 85' lang='lat' dir='ltr'>nominibus</span> <span class='ocrx_word' id='word_1_89' title='bbox 1990 521 2137 563; x_wconf 87' lang='lat' dir='ltr'>dicitur,</span> <span class='ocrx_word' id='word_1_90' title='bbox 2162 534 2240 557; x_wconf 87' lang='lat' dir='ltr'>cum</span> 
     </span>
     <span class='ocr_line' id='line_1_9' title="bbox 227 568 2240 617; baseline -0.001 -10"><span class='ocrx_word' id='word_1_91' title='bbox 227 585 300 607; x_wconf 88' lang='lat' dir='ltr'>rem</span> <span class='ocrx_word' id='word_1_92' title='bbox 318 579 421 617; x_wconf 84' lang='lat' dir='ltr'>atque</span> <span class='ocrx_word' id='word_1_93' title='bbox 438 570 647 615; x_wconf 75' lang='lat' dir='ltr'>ampliorem</span> <span class='ocrx_word' id='word_1_94' title='bbox 662 568 829 602; x_wconf 79' lang='lat' dir='ltr'>efficiunt·</span> <span class='ocrx_word' id='word_1_95' title='bbox 1260 570 1368 604; x_wconf 76' lang='lat' dir='ltr'>simili</span> <span class='ocrx_word' id='word_1_96' title='bbox 1392 583 1479 605; x_wconf 84' lang='lat' dir='ltr'>sono</span> <span class='ocrx_word' id='word_1_97' title='bbox 1503 584 1645 606; x_wconf 87' lang='lat' dir='ltr'>casuum</span> <span class='ocrx_word' id='word_1_98' title='bbox 1672 573 1839 606; x_wconf 87' lang='lat' dir='ltr'>desinunt</span> <span class='ocrx_word' id='word_1_99' title='bbox 1872 579 2043 605; x_wconf 87' lang='lat' dir='ltr'>commata</span> <span class='ocrx_word' id='word_1_100' title='bbox 2066 579 2126 606; x_wconf 91' lang='lat' dir='ltr'>aut</span> <span class='ocrx_word' id='word_1_101' title='bbox 2151 573 2240 613; x_wconf 88' lang='lat' dir='ltr'>cola,</span> 
     </span>
     <span class='ocr_line' id='line_1_10' title="bbox 1260 620 2241 667; baseline 0.001 -13"><span class='ocrx_word' id='word_1_102' title='bbox 1260 628 1318 654; x_wconf 82' lang='lat' dir='ltr'>ut:</span> <span class='ocrx_word' id='word_1_103' title='bbox 1346 620 1473 655; x_wconf 84' lang='lat' dir='ltr'>Caesar</span> <span class='ocrx_word' id='word_1_104' title='bbox 1493 621 1660 663; x_wconf 86' lang='lat' dir='ltr'>Carolus,</span> <span class='ocrx_word' id='word_1_105' title='bbox 1691 623 1782 656; x_wconf 91' lang='lat' dir='ltr'>nulli</span> <span class='ocrx_word' id='word_1_106' title='bbox 1807 623 2026 666; x_wconf 80' lang='lat' dir='ltr'>superiorum</span> <span class='ocrx_word' id='word_1_107' title='bbox 2053 623 2241 667; x_wconf 89' lang='lat' dir='ltr'>imperato-</span> 
     </span>
    </p>

    <p class='ocr_par' dir='ltr' id='par_1_5' title="bbox 460 666 2240 716">
     <span class='ocr_line' id='line_1_11' title="bbox 460 666 2240 716; baseline 0.001 -12"><span class='ocrx_word' id='word_1_108' title='bbox 460 673 608 705; x_wconf 75' lang='lat' dir='ltr'>Primus</span> <span class='ocrx_word' id='word_1_109' title='bbox 633 668 720 704; x_wconf 80' lang='lat' dir='ltr'>ordo</span> <span class='ocrx_word' id='word_1_110' title='bbox 747 666 969 715; x_wconf 67' lang='lat' dir='ltr'>figurarum-</span> <span class='ocrx_word' id='word_1_111' title='bbox 1261 683 1352 710; x_wconf 85' lang='lat' dir='ltr'>rum,</span> <span class='ocrx_word' id='word_1_112' title='bbox 1381 673 1554 705; x_wconf 85' lang='lat' dir='ltr'>secundus</span> <span class='ocrx_word' id='word_1_113' title='bbox 1572 679 1623 706; x_wconf 85' lang='lat' dir='ltr'>est</span> <span class='ocrx_word' id='word_1_114' title='bbox 1639 673 1712 706; x_wconf 93' lang='lat' dir='ltr'>ullo</span> <span class='ocrx_word' id='word_1_115' title='bbox 1732 673 1768 705; x_wconf 92' lang='lat' dir='ltr'>in</span> <span class='ocrx_word' id='word_1_116' title='bbox 1783 685 1910 716; x_wconf 86' lang='lat' dir='ltr'>genere</span> <span class='ocrx_word' id='word_1_117' title='bbox 1927 673 2078 714; x_wconf 88' lang='lat' dir='ltr'>virtutis,</span> <span class='ocrx_word' id='word_1_118' title='bbox 2105 673 2240 716; x_wconf 88' lang='lat' dir='ltr'>pleros-</span> 
     </span>
    </p>
   </div>
   <div class='ocr_carea' id='block_1_5' title="bbox 231 722 2244 1128">
    <p class='ocr_par' dir='ltr' id='par_1_6' title="bbox 231 722 2242 881">
     <span class='ocr_line' id='line_1_12' title="bbox 333 722 2242 777; baseline -0.004 -14"><span class='ocrx_word' id='word_1_119' title='bbox 333 738 565 772; x_wconf 63' lang='lat' dir='ltr'>Gmmmafici</span> <span class='ocrx_word' id='word_1_120' title='bbox 582 741 762 769; x_wconf 65' lang='lat' dir='ltr'>recensent</span> <span class='ocrx_word' id='word_1_121' title='bbox 778 735 922 777; x_wconf 62' lang='lat' dir='ltr'>figuras,</span> <span class='ocrx_word' id='word_1_122' title='bbox 951 731 1105 775; x_wconf 73' lang='lat' dir='ltr'>primum</span> <span class='ocrx_word' id='word_1_123' title='bbox 1128 740 1212 773; x_wconf 79' lang='lat' dir='ltr'>pro-</span> <span class='ocrx_word' id='word_1_124' title='bbox 1262 734 1329 766; x_wconf 87' lang='lat' dir='ltr'>que</span> <span class='ocrx_word' id='word_1_125' title='bbox 1355 729 1471 756; x_wconf 88' lang='lat' dir='ltr'>autem</span> <span class='ocrx_word' id='word_1_126' title='bbox 1497 722 1624 762; x_wconf 91' lang='lat' dir='ltr'>vincit,</span> <span class='ocrx_word' id='word_1_127' title='bbox 1658 723 1901 766; x_wconf 78' lang='lat' dir='ltr'>magnitudine</span> <span class='ocrx_word' id='word_1_128' title='bbox 1924 723 2143 764; x_wconf 79' lang='lat' dir='ltr'>foelicitatis,</span> <span class='ocrx_word' id='word_1_129' title='bbox 2177 735 2242 756; x_wconf 86' lang='lat' dir='ltr'>nec</span> 
     </span>
     <span class='ocr_line' id='line_1_13' title="bbox 231 772 2241 831; baseline -0.009 -6"><span class='ocrx_word' id='word_1_130' title='bbox 231 788 489 828; x_wconf 59' lang='lat' dir='ltr'>mundationis,</span> <span class='ocrx_word' id='word_1_131' title='bbox 522 794 560 821; x_wconf 92' lang='lat' dir='ltr'>ut</span> <span class='ocrx_word' id='word_1_132' title='bbox 585 787 790 831; x_wconf 82' lang='lat' dir='ltr'>Syncopen,</span> <span class='ocrx_word' id='word_1_133' title='bbox 826 794 974 817; x_wconf 85' lang='lat' dir='ltr'>numum</span> <span class='ocrx_word' id='word_1_134' title='bbox 998 792 1061 824; x_wconf 90' lang='lat' dir='ltr'>pro</span> <span class='ocrx_word' id='word_1_135' title='bbox 1084 790 1213 812; x_wconf 89' lang='lat' dir='ltr'>numo-</span> <span class='ocrx_word' id='word_1_136' title='bbox 1262 773 1357 806; x_wconf 81' lang='lat' dir='ltr'>deest</span> <span class='ocrx_word' id='word_1_137' title='bbox 1387 773 1441 805; x_wconf 88' lang='lat' dir='ltr'>illi</span> <span class='ocrx_word' id='word_1_138' title='bbox 1471 773 1548 806; x_wconf 88' lang='lat' dir='ltr'>laus</span> <span class='ocrx_word' id='word_1_139' title='bbox 1579 772 1704 806; x_wconf 80' lang='lat' dir='ltr'>eximia</span> <span class='ocrx_word' id='word_1_140' title='bbox 1727 773 1906 807; x_wconf 82' lang='lat' dir='ltr'>bonitatis.</span> <span class='ocrx_word' id='word_1_141' title='bbox 1961 772 2088 807; x_wconf 84' lang='lat' dir='ltr'>Graeci</span> <span class='ocrx_word' id='word_1_142' title='bbox 2115 780 2241 807; x_wconf 84' lang='lat' dir='ltr'>vocant</span> 
     </span>
     <span class='ocr_line' id='line_1_14' title="bbox 232 820 1526 881; baseline -0.014 -6"><span class='ocrx_word' id='word_1_143' title='bbox 232 853 329 881; x_wconf 86' lang='lat' dir='ltr'>rum,</span> <span class='ocrx_word' id='word_1_144' title='bbox 366 838 492 871; x_wconf 87' lang='lat' dir='ltr'>deinde</span> <span class='ocrx_word' id='word_1_145' title='bbox 524 834 826 875; x_wconf 72' lang='lat' dir='ltr'>constructionis,</span> <span class='ocrx_word' id='word_1_146' title='bbox 859 840 914 867; x_wconf 92' lang='lat' dir='ltr'>ut:</span> <span class='ocrx_word' id='word_1_147' title='bbox 951 832 1054 865; x_wconf 88' lang='lat' dir='ltr'>turba</span> <span class='ocrx_word' id='word_1_148' title='bbox 1088 835 1210 863; x_wconf 88' lang='lat' dir='ltr'>ruunt.</span> <span class='ocrx_word' id='word_1_149' title='bbox 1262 820 1526 868; x_wconf 76' lang='grc' dir='ltr'><em>6,(ιοιόπτωτον.</em></span> 
     </span>
    </p>

    <p class='ocr_par' dir='ltr' id='par_1_7' title="bbox 232 882 2244 1081">
     <span class='ocr_line' id='line_1_15' title="bbox 235 882 2243 930; baseline -0.006 -3"><span class='ocrx_word' id='word_1_150' title='bbox 235 892 322 924; x_wconf 81' lang='lat' dir='ltr'>Saxa</span> <span class='ocrx_word' id='word_1_151' title='bbox 342 893 469 921; x_wconf 73' lang='lat' dir='ltr'>vocant</span> <span class='ocrx_word' id='word_1_152' title='bbox 486 885 582 927; x_wconf 79' lang='lat' dir='ltr'>Itali,</span> <span class='ocrx_word' id='word_1_153' title='bbox 608 886 732 919; x_wconf 84' lang='lat' dir='ltr'>mediis</span> <span class='ocrx_word' id='word_1_154' title='bbox 756 896 844 930; x_wconf 84' lang='lat' dir='ltr'>quae</span> <span class='ocrx_word' id='word_1_155' title='bbox 867 883 904 916; x_wconf 88' lang='lat' dir='ltr'>in</span> <span class='ocrx_word' id='word_1_156' title='bbox 930 882 1096 916; x_wconf 82' lang='lat' dir='ltr'>fluctibus</span> <span class='ocrx_word' id='word_1_157' title='bbox 1122 891 1210 913; x_wconf 79' lang='lat' dir='ltr'>aras.</span> <span class='ocrx_word' id='word_1_158' title='bbox 1365 882 1539 916; x_wconf 78' lang='lat' dir='ltr'>Similiter</span> <span class='ocrx_word' id='word_1_159' title='bbox 1554 883 1729 920; x_wconf 81' lang='lat' dir='ltr'>desinens,</span> <span class='ocrx_word' id='word_1_160' title='bbox 1756 882 1885 916; x_wconf 84' lang='lat' dir='ltr'>dicitur</span> <span class='ocrx_word' id='word_1_161' title='bbox 1902 882 1939 915; x_wconf 86' lang='lat' dir='ltr'>in</span> <span class='ocrx_word' id='word_1_162' title='bbox 1957 883 2071 915; x_wconf 86' lang='lat' dir='ltr'>verbis</span> <span class='ocrx_word' id='word_1_163' title='bbox 2089 890 2148 917; x_wconf 86' lang='lat' dir='ltr'>aut</span> <span class='ocrx_word' id='word_1_164' title='bbox 2165 882 2243 916; x_wconf 84' lang='lat' dir='ltr'>aliis</span> 
     </span>
     <span class='ocr_line' id='line_1_16' title="bbox 232 933 2244 980; baseline -0.005 -4"><span class='ocrx_word' id='word_1_165' title='bbox 232 940 309 973; x_wconf 91' lang='lat' dir='ltr'>Hoc</span> <span class='ocrx_word' id='word_1_166' title='bbox 344 938 449 971; x_wconf 89' lang='lat' dir='ltr'>modo</span> <span class='ocrx_word' id='word_1_167' title='bbox 481 937 721 980; x_wconf 78' lang='lat' dir='ltr'>perturbatam</span> <span class='ocrx_word' id='word_1_168' title='bbox 758 934 1054 968; x_wconf 83' lang='lat' dir='ltr'>constructionem</span> <span class='ocrx_word' id='word_1_169' title='bbox 1085 936 1213 964; x_wconf 83' lang='lat' dir='ltr'>vocant</span> <span class='ocrx_word' id='word_1_170' title='bbox 1263 933 1429 973; x_wconf 83' lang='lat' dir='ltr'>vocibus,</span> <span class='ocrx_word' id='word_1_171' title='bbox 1456 945 1535 966; x_wconf 88' lang='lat' dir='ltr'>cum</span> <span class='ocrx_word' id='word_1_172' title='bbox 1551 933 1659 966; x_wconf 83' lang='lat' dir='ltr'>simili</span> <span class='ocrx_word' id='word_1_173' title='bbox 1676 945 1761 966; x_wconf 85' lang='lat' dir='ltr'>sono</span> <span class='ocrx_word' id='word_1_174' title='bbox 1779 933 1946 966; x_wconf 85' lang='lat' dir='ltr'>desinunt</span> <span class='ocrx_word' id='word_1_175' title='bbox 1967 939 2156 972; x_wconf 85' lang='lat' dir='ltr'>commata,</span> <span class='ocrx_word' id='word_1_176' title='bbox 2183 939 2244 966; x_wconf 87' lang='lat' dir='ltr'>aut</span> 
     </span>
     <span class='ocr_line' id='line_1_17' title="bbox 234 982 2244 1035; baseline -0.006 -12"><span class='ocrx_word' id='word_1_177' title='bbox 234 989 466 1035; x_wconf 67' lang='lat' dir='ltr'>hyperbaton.</span> <span class='ocrx_word' id='word_1_178' title='bbox 508 986 578 1020; x_wconf 90' lang='lat' dir='ltr'>Sed</span> <span class='ocrx_word' id='word_1_179' title='bbox 594 984 656 1019; x_wconf 88' lang='lat' dir='ltr'>has</span> <span class='ocrx_word' id='word_1_180' title='bbox 672 987 797 1029; x_wconf 86' lang='lat' dir='ltr'>figuras</span> <span class='ocrx_word' id='word_1_181' title='bbox 813 983 1105 1029; x_wconf 84' lang='lat' dir='ltr'>praetermittam,</span> <span class='ocrx_word' id='word_1_182' title='bbox 1130 987 1213 1013; x_wconf 89' lang='lat' dir='ltr'>sunt</span> <span class='ocrx_word' id='word_1_183' title='bbox 1263 984 1360 1023; x_wconf 82' lang='lat' dir='ltr'>cola,</span> <span class='ocrx_word' id='word_1_184' title='bbox 1393 990 1448 1016; x_wconf 82' lang='lat' dir='ltr'>ut:</span> <span class='ocrx_word' id='word_1_185' title='bbox 1479 984 1643 1016; x_wconf 87' lang='lat' dir='ltr'>audacter</span> <span class='ocrx_word' id='word_1_186' title='bbox 1668 983 1804 1025; x_wconf 85' lang='lat' dir='ltr'>facere,</span> <span class='ocrx_word' id='word_1_187' title='bbox 1841 982 2093 1017; x_wconf 84' lang='lat' dir='ltr'>contumeliose</span> <span class='ocrx_word' id='word_1_188' title='bbox 2117 983 2244 1017; x_wconf 75' lang='lat' dir='ltr'>dicere,</span> 
     </span>
     <span class='ocr_line' id='line_1_18' title="bbox 234 1030 1836 1081; baseline -0.011 -8"><span class='ocrx_word' id='word_1_189' title='bbox 234 1041 327 1073; x_wconf 85' lang='lat' dir='ltr'>enim</span> <span class='ocrx_word' id='word_1_190' title='bbox 345 1051 362 1071; x_wconf 92' lang='lat' dir='ltr'>a</span> <span class='ocrx_word' id='word_1_191' title='bbox 381 1037 615 1081; x_wconf 83' lang='lat' dir='ltr'>grammaticis</span> <span class='ocrx_word' id='word_1_192' title='bbox 637 1037 834 1070; x_wconf 89' lang='lat' dir='ltr'>discendae.</span> <span class='ocrx_word' id='word_1_193' title='bbox 887 1033 989 1067; x_wconf 88' lang='lat' dir='ltr'>Aliae</span> <span class='ocrx_word' id='word_1_194' title='bbox 1014 1039 1150 1065; x_wconf 89' lang='lat' dir='ltr'>tantum</span> <span class='ocrx_word' id='word_1_195' title='bbox 1175 1031 1213 1062; x_wconf 91' lang='lat' dir='ltr'>in</span> <span class='ocrx_word' id='word_1_196' title='bbox 1264 1030 1836 1077; x_wconf 42' lang='lat' dir='ltr'>Graecivocant532010152524011,</span> 
     </span>
    </p>

    <p class='ocr_par' dir='ltr' id='par_1_8' title="bbox 233 1084 1214 1128">
     <span class='ocr_line' id='line_1_19' title="bbox 233 1084 1214 1128; baseline -0.011 -5"><span class='ocrx_word' id='word_1_197' title='bbox 233 1089 407 1123; x_wconf 88' lang='lat' dir='ltr'>rhetorica</span> <span class='ocrx_word' id='word_1_198' title='bbox 427 1088 631 1126; x_wconf 86' lang='lat' dir='ltr'>traduntur,</span> <span class='ocrx_word' id='word_1_199' title='bbox 657 1086 793 1119; x_wconf 86' lang='lat' dir='ltr'>tametsi</span> <span class='ocrx_word' id='word_1_200' title='bbox 812 1091 846 1118; x_wconf 89' lang='lat' dir='ltr'>et</span> <span class='ocrx_word' id='word_1_201' title='bbox 862 1085 955 1128; x_wconf 83' lang='lat' dir='ltr'>ipsae</span> <span class='ocrx_word' id='word_1_202' title='bbox 973 1084 1016 1116; x_wconf 91' lang='lat' dir='ltr'>ad</span> <span class='ocrx_word' id='word_1_203' title='bbox 1037 1092 1214 1125; x_wconf 85' lang='lat' dir='ltr'>gramma-</span> 
     </span>
    </p>
   </div>
   <div class='ocr_carea' id='block_1_6' title="bbox 233 1133 2245 1184">
    <p class='ocr_par' dir='ltr' id='par_1_9' title="bbox 233 1133 2245 1184">
     <span class='ocr_line' id='line_1_20' title="bbox 233 1133 2245 1184; baseline -0.002 -5"><span class='ocrx_word' id='word_1_204' title='bbox 233 1141 322 1173; x_wconf 59' lang='lat'>11005</span> <span class='ocrx_word' id='word_1_205' title='bbox 339 1138 556 1182; x_wconf 84' lang='lat' dir='ltr'>pertineant,</span> <span class='ocrx_word' id='word_1_206' title='bbox 581 1135 826 1180; x_wconf 60' lang='lat' dir='ltr'>Ulfoepfflltlo·</span> <span class='ocrx_word' id='word_1_207' title='bbox 879 1133 973 1167; x_wconf 67' lang='lat' dir='ltr'>Haec</span> <span class='ocrx_word' id='word_1_208' title='bbox 991 1133 1121 1165; x_wconf 55' lang='lat' dir='ltr'>“mnas</span> <span class='ocrx_word' id='word_1_209' title='bbox 1136 1142 1214 1174; x_wconf 69' lang='lat'>⁵90·</span> <span class='ocrx_word' id='word_1_210' title='bbox 1265 1152 1432 1174; x_wconf 85' lang='lat' dir='ltr'>converso</span> <span class='ocrx_word' id='word_1_211' title='bbox 1466 1140 1629 1179; x_wconf 85' lang='lat' dir='ltr'>effertur,</span> <span class='ocrx_word' id='word_1_212' title='bbox 1670 1141 1784 1184; x_wconf 72' lang='lat' dir='ltr'>poetis</span> <span class='ocrx_word' id='word_1_213' title='bbox 1813 1140 2041 1181; x_wconf 87' lang='lat' dir='ltr'>familiarior,</span> <span class='ocrx_word' id='word_1_214' title='bbox 2080 1148 2120 1174; x_wconf 93' lang='lat' dir='ltr'>ut</span> <span class='ocrx_word' id='word_1_215' title='bbox 2151 1142 2245 1184; x_wconf 88' lang='lat' dir='ltr'>apud</span> 
     </span>
    </p>
   </div>
   <div class='ocr_carea' id='block_1_7' title="bbox 234 1181 2250 1532">
    <p class='ocr_par' dir='ltr' id='par_1_10' title="bbox 234 1181 2250 1332">
     <span class='ocr_line' id='line_1_21' title="bbox 234 1181 2250 1250; baseline -0.005 -17"><span class='ocrx_word' id='word_1_216' title='bbox 234 1191 302 1222; x_wconf 59' lang='lat' dir='ltr'>eles</span> <span class='ocrx_word' id='word_1_217' title='bbox 318 1187 423 1221; x_wconf 63' lang='lat' dir='ltr'>habet</span> <span class='ocrx_word' id='word_1_218' title='bbox 439 1195 471 1220; x_wconf 63' lang='lat' dir='ltr'>et</span> <span class='ocrx_word' id='word_1_219' title='bbox 489 1187 582 1219; x_wconf 52' lang='lat' dir='ltr'>varia</span> <span class='ocrx_word' id='word_1_220' title='bbox 601 1186 763 1225; x_wconf 63' lang='grc' dir='ltr'>ΠΟΠῙῘΠἎ,</span> <span class='ocrx_word' id='word_1_221' title='bbox 792 1184 873 1229; x_wconf 62' lang='lat' dir='ltr'>qnia</span> <span class='ocrx_word' id='word_1_222' title='bbox 894 1184 979 1217; x_wconf 67' lang='lat' dir='ltr'>alias</span> <span class='ocrx_word' id='word_1_223' title='bbox 995 1182 1157 1226; x_wconf 59' lang='grc' dir='ltr'>ιΊῗΡθῘῙῘῖῠ</span> <span class='ocrx_word' id='word_1_224' title='bbox 1177 1181 1214 1214; x_wconf 62' lang='lat' dir='ltr'>fit</span> <span class='ocrx_word' id='word_1_225' title='bbox 1238 1214 1243 1250; x_wconf 53' lang='grc' dir='ltr'>ἱ</span> <span class='ocrx_word' id='word_1_226' title='bbox 1266 1190 1473 1234; x_wconf 60' lang='lat' dir='ltr'>Virgilium:</span> <span class='ocrx_word' id='word_1_227' title='bbox 1503 1190 1595 1223; x_wconf 83' lang='lat' dir='ltr'>Dare</span> <span class='ocrx_word' id='word_1_228' title='bbox 1613 1191 1781 1224; x_wconf 87' lang='lat' dir='ltr'>classibus</span> <span class='ocrx_word' id='word_1_229' title='bbox 1798 1198 1952 1231; x_wconf 82' lang='lat' dir='ltr'>austros,</span> <span class='ocrx_word' id='word_1_230' title='bbox 1975 1198 2008 1225; x_wconf 89' lang='lat' dir='ltr'>et</span> <span class='ocrx_word' id='word_1_231' title='bbox 2026 1188 2126 1235; x_wconf 77' lang='lat' dir='ltr'>&#39;apud</span> <span class='ocrx_word' id='word_1_232' title='bbox 2145 1189 2250 1225; x_wconf 50' lang='lat' dir='ltr'>Cice«</span> 
     </span>
     <span class='ocr_line' id='line_1_22' title="bbox 236 1231 2247 1285; baseline 0.002 -14"><span class='ocrx_word' id='word_1_233' title='bbox 236 1240 337 1272; x_wconf 89' lang='lat' dir='ltr'>initio</span> <span class='ocrx_word' id='word_1_234' title='bbox 350 1265 359 1277; x_wconf 85' lang='lat'>‚</span> <span class='ocrx_word' id='word_1_235' title='bbox 385 1238 470 1270; x_wconf 89' lang='lat' dir='ltr'>alias</span> <span class='ocrx_word' id='word_1_236' title='bbox 487 1237 524 1268; x_wconf 91' lang='lat' dir='ltr'>in</span> <span class='ocrx_word' id='word_1_237' title='bbox 542 1237 620 1269; x_wconf 76' lang='lat' dir='ltr'>fine.</span> <span class='ocrx_word' id='word_1_238' title='bbox 655 1235 727 1269; x_wconf 81' lang='lat' dir='ltr'>Nos</span> <span class='ocrx_word' id='word_1_239' title='bbox 745 1236 876 1268; x_wconf 86' lang='lat' dir='ltr'>erimus</span> <span class='ocrx_word' id='word_1_240' title='bbox 894 1234 1050 1267; x_wconf 89' lang='lat' dir='ltr'>contenti</span> <span class='ocrx_word' id='word_1_241' title='bbox 1070 1231 1214 1265; x_wconf 86' lang='lat' dir='ltr'>nomine</span> <span class='ocrx_word' id='word_1_242' title='bbox 1239 1252 1242 1278; x_wconf 68' lang='lat' dir='ltr'>i</span> <span class='ocrx_word' id='word_1_243' title='bbox 1266 1253 1406 1274; x_wconf 60' lang='lat' dir='ltr'>sonem:</span> <span class='ocrx_word' id='word_1_244' title='bbox 1435 1240 1515 1274; x_wconf 77' lang='lat' dir='ltr'>Non</span> <span class='ocrx_word' id='word_1_245' title='bbox 1534 1242 1687 1275; x_wconf 53' lang='lat' dir='ltr'>vidimus</span> <span class='ocrx_word' id='word_1_246' title='bbox 1704 1242 1741 1273; x_wconf 82' lang='lat' dir='ltr'>in</span> <span class='ocrx_word' id='word_1_247' title='bbox 1760 1242 1846 1274; x_wconf 83' lang='lat' dir='ltr'>urbe</span> <span class='ocrx_word' id='word_1_248' title='bbox 1863 1241 2020 1284; x_wconf 84' lang='lat' dir='ltr'>gladium</span> <span class='ocrx_word' id='word_1_249' title='bbox 2041 1241 2166 1285; x_wconf 79' lang='lat' dir='ltr'>vagina</span> <span class='ocrx_word' id='word_1_250' title='bbox 2184 1253 2247 1275; x_wconf 84' lang='lat' dir='ltr'>va-</span> 
     </span>
     <span class='ocr_line' id='line_1_23' title="bbox 236 1282 1381 1332; baseline -0.009 -9"><span class='ocrx_word' id='word_1_251' title='bbox 236 1290 371 1332; x_wconf 76' lang='lat' dir='ltr'>generis</span> <span class='ocrx_word' id='word_1_252' title='bbox 394 1289 431 1320; x_wconf 92' lang='lat' dir='ltr'>in</span> <span class='ocrx_word' id='word_1_253' title='bbox 455 1287 620 1320; x_wconf 86' lang='lat' dir='ltr'>omnibus</span> <span class='ocrx_word' id='word_1_254' title='bbox 645 1286 835 1329; x_wconf 87' lang='lat' dir='ltr'>speciebus.</span> <span class='ocrx_word' id='word_1_255' title='bbox 895 1283 1041 1318; x_wconf 86' lang='lat' dir='ltr'>Constat</span> <span class='ocrx_word' id='word_1_256' title='bbox 1068 1282 1214 1316; x_wconf 84' lang='lat' dir='ltr'>Verrem</span> <span class='ocrx_word' id='word_1_257' title='bbox 1266 1304 1381 1327; x_wconf 51' lang='lat' dir='ltr'><strong>cuum·</strong></span> 
     </span>
    </p>

    <p class='ocr_par' dir='ltr' id='par_1_11' title="bbox 236 1331 1216 1532">
     <span class='ocr_line' id='line_1_24' title="bbox 236 1331 1216 1383; baseline -0.009 -10"><span class='ocrx_word' id='word_1_258' title='bbox 236 1338 488 1383; x_wconf 86' lang='lat' dir='ltr'>rempublicam</span> <span class='ocrx_word' id='word_1_259' title='bbox 506 1337 663 1370; x_wconf 73' lang='lat' dir='ltr'>venalem</span> <span class='ocrx_word' id='word_1_260' title='bbox 682 1334 855 1376; x_wconf 82' lang='lat' dir='ltr'>habuisse,</span> <span class='ocrx_word' id='word_1_261' title='bbox 882 1341 1035 1372; x_wconf 86' lang='lat' dir='ltr'>constat,</span> <span class='ocrx_word' id='word_1_262' title='bbox 1065 1332 1136 1367; x_wconf 84' lang='lat' dir='ltr'>Uni</span> <span class='ocrx_word' id='word_1_263' title='bbox 1152 1331 1216 1366; x_wconf 89' lang='lat' dir='ltr'>uni</span> 
     </span>
     <span class='ocr_line' id='line_1_25' title="bbox 237 1385 1215 1433; baseline -0.008 -11"><span class='ocrx_word' id='word_1_264' title='bbox 237 1390 398 1433; x_wconf 85' lang='lat' dir='ltr'>odiisque</span> <span class='ocrx_word' id='word_1_265' title='bbox 421 1388 509 1420; x_wconf 75' lang='lat' dir='ltr'>viro.</span> <span class='ocrx_word' id='word_1_266' title='bbox 568 1386 723 1420; x_wconf 81' lang='lat' dir='ltr'>[tuntur</span> <span class='ocrx_word' id='word_1_267' title='bbox 754 1392 870 1419; x_wconf 89' lang='lat' dir='ltr'>autem</span> <span class='ocrx_word' id='word_1_268' title='bbox 899 1385 1107 1428; x_wconf 85' lang='lat' dir='ltr'>repetitione</span> <span class='ocrx_word' id='word_1_269' title='bbox 1142 1393 1215 1415; x_wconf 92' lang='lat' dir='ltr'>non</span> 
     </span>
     <span class='ocr_line' id='line_1_26' title="bbox 238 1433 1216 1480; baseline -0.007 -9"><span class='ocrx_word' id='word_1_270' title='bbox 238 1447 367 1471; x_wconf 87' lang='lat' dir='ltr'>temere</span> <span class='ocrx_word' id='word_1_271' title='bbox 383 1437 527 1480; x_wconf 87' lang='lat' dir='ltr'>ubique.</span> <span class='ocrx_word' id='word_1_272' title='bbox 569 1435 636 1467; x_wconf 91' lang='lat' dir='ltr'>Sed</span> <span class='ocrx_word' id='word_1_273' title='bbox 656 1448 732 1467; x_wconf 84' lang='lat' dir='ltr'>curn</span> <span class='ocrx_word' id='word_1_274' title='bbox 748 1435 880 1477; x_wconf 85' lang='lat' dir='ltr'>aliquid</span> <span class='ocrx_word' id='word_1_275' title='bbox 896 1433 1140 1466; x_wconf 79' lang='lat' dir='ltr'>vehementius</span> <span class='ocrx_word' id='word_1_276' title='bbox 1154 1444 1216 1465; x_wconf 89' lang='lat' dir='ltr'>ur-</span> 
     </span>
     <span class='ocr_line' id='line_1_27' title="bbox 239 1480 1216 1532; baseline -0.01 -11"><span class='ocrx_word' id='word_1_277' title='bbox 239 1495 319 1532; x_wconf 84' lang='lat' dir='ltr'>gent</span> <span class='ocrx_word' id='word_1_278' title='bbox 347 1494 378 1520; x_wconf 89' lang='lat' dir='ltr'>et</span> <span class='ocrx_word' id='word_1_279' title='bbox 404 1486 550 1529; x_wconf 86' lang='lat' dir='ltr'>cupiunt</span> <span class='ocrx_word' id='word_1_280' title='bbox 576 1485 709 1516; x_wconf 84' lang='lat' dir='ltr'>efficere</span> <span class='ocrx_word' id='word_1_281' title='bbox 736 1483 926 1526; x_wconf 88' lang='lat' dir='ltr'>insignius,</span> <span class='ocrx_word' id='word_1_282' title='bbox 955 1483 1048 1528; x_wconf 89' lang='lat' dir='ltr'>quod</span> <span class='ocrx_word' id='word_1_283' title='bbox 1073 1480 1216 1526; x_wconf 90' lang='lat' dir='ltr'>quidem</span> 
     </span>
    </p>
   </div>
   <div class='ocr_carea' id='block_1_8' title="bbox 239 1535 686 1572">
    <p class='ocr_par' dir='ltr' id='par_1_12' title="bbox 239 1535 686 1572">
     <span class='ocr_line' id='line_1_28' title="bbox 239 1535 686 1572; baseline -0.004 -2"><span class='ocrx_word' id='word_1_284' title='bbox 239 1538 344 1572; x_wconf 82' lang='lat' dir='ltr'>variis</span> <span class='ocrx_word' id='word_1_285' title='bbox 362 1540 404 1570; x_wconf 81' lang='lat' dir='ltr'>de</span> <span class='ocrx_word' id='word_1_286' title='bbox 422 1535 534 1569; x_wconf 88' lang='lat' dir='ltr'>causis</span> <span class='ocrx_word' id='word_1_287' title='bbox 550 1535 686 1568; x_wconf 87' lang='lat' dir='ltr'>accidit.</span> 
     </span>
    </p>
   </div>
   <div class='ocr_carea' id='block_1_9' title="bbox 1364 1089 2243 1135">
    <p class='ocr_par' dir='ltr' id='par_1_13' title="bbox 1364 1089 2243 1135">
     <span class='ocr_line' id='line_1_29' title="bbox 1364 1089 2243 1135; baseline 0.001 -13"><span class='ocrx_word' id='word_1_288' title='bbox 1364 1089 1559 1135; x_wconf 80' lang='lat' dir='ltr'>Hypallage</span> <span class='ocrx_word' id='word_1_289' title='bbox 1583 1098 1653 1130; x_wconf 90' lang='lat' dir='ltr'>est,</span> <span class='ocrx_word' id='word_1_290' title='bbox 1675 1091 1813 1135; x_wconf 90' lang='lat' dir='ltr'>quoties</span> <span class='ocrx_word' id='word_1_291' title='bbox 1839 1091 1950 1123; x_wconf 84' lang='lat' dir='ltr'>oratio</span> <span class='ocrx_word' id='word_1_292' title='bbox 1978 1090 2103 1124; x_wconf 87' lang='lat' dir='ltr'>ordine</span> <span class='ocrx_word' id='word_1_293' title='bbox 2125 1102 2243 1125; x_wconf 84' lang='lat' dir='ltr'>rerum</span> 
     </span>
    </p>
   </div>
   <div class='ocr_carea' id='block_1_10' title="bbox 1267 1350 2248 1544">
    <p class='ocr_par' dir='ltr' id='par_1_14' title="bbox 1267 1350 2248 1544">
     <span class='ocr_line' id='line_1_30' title="bbox 1368 1350 2247 1395; baseline -0.001 -10"><span class='ocrx_word' id='word_1_294' title='bbox 1368 1350 1631 1395; x_wconf 71' lang='lat' dir='ltr'>Agnominafiu,</span> <span class='ocrx_word' id='word_1_295' title='bbox 1650 1363 1728 1384; x_wconf 77' lang='lat' dir='ltr'>curn</span> <span class='ocrx_word' id='word_1_296' title='bbox 1747 1350 1981 1384; x_wconf 86' lang='lat' dir='ltr'>similitudine</span> <span class='ocrx_word' id='word_1_297' title='bbox 1994 1350 2175 1383; x_wconf 86' lang='lat' dir='ltr'>literarum</span> <span class='ocrx_word' id='word_1_298' title='bbox 2185 1351 2247 1384; x_wconf 85' lang='lat' dir='ltr'>de-</span> 
     </span>
     <span class='ocr_line' id='line_1_31' title="bbox 1267 1400 2247 1444; baseline 0 -10"><span class='ocrx_word' id='word_1_299' title='bbox 1267 1402 1440 1435; x_wconf 84' lang='lat' dir='ltr'>flectimus</span> <span class='ocrx_word' id='word_1_300' title='bbox 1465 1414 1585 1435; x_wconf 69' lang='lat' dir='ltr'>vocem</span> <span class='ocrx_word' id='word_1_301' title='bbox 1614 1401 1650 1434; x_wconf 92' lang='lat' dir='ltr'>in</span> <span class='ocrx_word' id='word_1_302' title='bbox 1678 1401 1912 1444; x_wconf 85' lang='lat' dir='ltr'>contrarium,</span> <span class='ocrx_word' id='word_1_303' title='bbox 1939 1408 1978 1434; x_wconf 85' lang='lat' dir='ltr'>ut</span> <span class='ocrx_word' id='word_1_304' title='bbox 2006 1400 2164 1444; x_wconf 90' lang='lat' dir='ltr'>Inceptio</span> <span class='ocrx_word' id='word_1_305' title='bbox 2186 1408 2247 1439; x_wconf 92' lang='lat' dir='ltr'>est,</span> 
     </span>
     <span class='ocr_line' id='line_1_32' title="bbox 1268 1448 2248 1490; baseline 0 -7"><span class='ocrx_word' id='word_1_306' title='bbox 1268 1452 1461 1485; x_wconf 89' lang='lat' dir='ltr'>amentium</span> <span class='ocrx_word' id='word_1_307' title='bbox 1492 1464 1563 1485; x_wconf 89' lang='lat' dir='ltr'>non</span> <span class='ocrx_word' id='word_1_308' title='bbox 1598 1451 1828 1484; x_wconf 80' lang='lat' dir='ltr'>amantium.-</span> <span class='ocrx_word' id='word_1_309' title='bbox 1856 1448 2082 1490; x_wconf 81' lang='lat' dir='ltr'>Magistratus</span> <span class='ocrx_word' id='word_1_310' title='bbox 2116 1455 2165 1483; x_wconf 83' lang='lat' dir='ltr'>est</span> <span class='ocrx_word' id='word_1_311' title='bbox 2194 1450 2248 1483; x_wconf 85' lang='lat' dir='ltr'>illi</span> 
     </span>
     <span class='ocr_line' id='line_1_33' title="bbox 1268 1496 2246 1544; baseline 0.002 -12"><span class='ocrx_word' id='word_1_312' title='bbox 1268 1500 1369 1532; x_wconf 91' lang='lat' dir='ltr'>oneri</span> <span class='ocrx_word' id='word_1_313' title='bbox 1386 1500 1503 1542; x_wconf 87' lang='lat' dir='ltr'>potius</span> <span class='ocrx_word' id='word_1_314' title='bbox 1522 1510 1626 1544; x_wconf 88' lang='lat' dir='ltr'>quam</span> <span class='ocrx_word' id='word_1_315' title='bbox 1647 1496 1788 1532; x_wconf 85' lang='lat' dir='ltr'>honori.</span> <span class='ocrx_word' id='word_1_316' title='bbox 1842 1496 1969 1530; x_wconf 87' lang='lat' dir='ltr'>Graeci</span> <span class='ocrx_word' id='word_1_317' title='bbox 1988 1505 2113 1532; x_wconf 88' lang='lat' dir='ltr'>vocant</span> <span class='ocrx_word' id='word_1_318' title='bbox 2131 1512 2246 1544; x_wconf 81' lang='grc' dir='ltr'><strong><em>παρο-</em></strong></span> 
     </span>
    </p>
   </div>
   <div class='ocr_carea' id='block_1_11' title="bbox 340 1547 2248 1642">
    <p class='ocr_par' dir='ltr' id='par_1_15' title="bbox 340 1547 2248 1642">
     <span class='ocr_line' id='line_1_34' title="bbox 1269 1547 2248 1593; baseline -0.001 -9"><span class='ocrx_word' id='word_1_319' title='bbox 1269 1547 1474 1593; x_wconf 70' lang='grc' dir='ltr'><em>νομασίαν,</em></span> <span class='ocrx_word' id='word_1_320' title='bbox 1514 1548 1713 1582; x_wconf 88' lang='lat' dir='ltr'>cuiusmodi</span> <span class='ocrx_word' id='word_1_321' title='bbox 1741 1554 1838 1581; x_wconf 89' lang='lat' dir='ltr'>sunt:</span> <span class='ocrx_word' id='word_1_322' title='bbox 1879 1559 1919 1580; x_wconf 88' lang='lat' dir='ltr'>ex</span> <span class='ocrx_word' id='word_1_323' title='bbox 1951 1555 2090 1582; x_wconf 90' lang='lat' dir='ltr'>oratore</span> <span class='ocrx_word' id='word_1_324' title='bbox 2121 1557 2248 1591; x_wconf 88' lang='lat' dir='ltr'>arator,</span> 
     </span>
     <span class='ocr_line' id='line_1_35' title="bbox 340 1589 1759 1642; baseline -0.005 -14"><span class='ocrx_word' id='word_1_325' title='bbox 340 1595 466 1628; x_wconf 66' lang='lat' dir='ltr'>Vicina</span> <span class='ocrx_word' id='word_1_326' title='bbox 484 1601 533 1628; x_wconf 88' lang='lat' dir='ltr'>est</span> <span class='ocrx_word' id='word_1_327' title='bbox 548 1592 957 1638; x_wconf 87' lang='lat' dir='ltr'>repetitioniCopulatio‚</span> <span class='ocrx_word' id='word_1_328' title='bbox 983 1597 1039 1624; x_wconf 87' lang='lat' dir='ltr'>ut:</span> <span class='ocrx_word' id='word_1_329' title='bbox 1057 1590 1099 1623; x_wconf 90' lang='lat' dir='ltr'>ad</span> <span class='ocrx_word' id='word_1_330' title='bbox 1116 1589 1217 1622; x_wconf 87' lang='lat' dir='ltr'>illum</span> <span class='ocrx_word' id='word_1_331' title='bbox 1270 1611 1309 1633; x_wconf 70' lang='lat' dir='ltr'>ex</span> <span class='ocrx_word' id='word_1_332' title='bbox 1325 1598 1489 1642; x_wconf 86' lang='lat' dir='ltr'>theologo</span> <span class='ocrx_word' id='word_1_333' title='bbox 1508 1598 1759 1641; x_wconf 65' lang='lat' dir='ltr'>mataeologus,</span> 
     </span>
    </p>
   </div>
   <div class='ocr_carea' id='block_1_12' title="bbox 240 1639 1221 1938">
    <p class='ocr_par' dir='ltr' id='par_1_16' title="bbox 240 1639 1221 1938">
     <span class='ocr_line' id='line_1_36' title="bbox 240 1639 1219 1686; baseline -0.009 -5"><span class='ocrx_word' id='word_1_334' title='bbox 240 1648 351 1686; x_wconf 88' lang='lat' dir='ltr'>diem,</span> <span class='ocrx_word' id='word_1_335' title='bbox 386 1645 577 1678; x_wconf 79' lang='lat' dir='ltr'>Memmius</span> <span class='ocrx_word' id='word_1_336' title='bbox 602 1651 674 1677; x_wconf 88' lang='lat' dir='ltr'>erat</span> <span class='ocrx_word' id='word_1_337' title='bbox 701 1643 903 1678; x_wconf 83' lang='lat' dir='ltr'>Memmius.</span> <span class='ocrx_word' id='word_1_338' title='bbox 957 1641 998 1675; x_wconf 89' lang='lat' dir='ltr'>In</span> <span class='ocrx_word' id='word_1_339' title='bbox 1020 1639 1084 1674; x_wconf 93' lang='lat' dir='ltr'>hac</span> <span class='ocrx_word' id='word_1_340' title='bbox 1109 1640 1219 1682; x_wconf 89' lang='lat' dir='ltr'>figura</span> 
     </span>
     <span class='ocr_line' id='line_1_37' title="bbox 240 1690 1219 1742; baseline -0.009 -11"><span class='ocrx_word' id='word_1_341' title='bbox 240 1696 416 1742; x_wconf 87' lang='lat' dir='ltr'>posterius</span> <span class='ocrx_word' id='word_1_342' title='bbox 443 1702 493 1729; x_wconf 86' lang='lat' dir='ltr'>est</span> <span class='ocrx_word' id='word_1_343' title='bbox 516 1694 702 1738; x_wconf 85' lang='lat' dir='ltr'>descriptio</span> <span class='ocrx_word' id='word_1_344' title='bbox 735 1694 882 1738; x_wconf 86' lang='lat' dir='ltr'>prioris,</span> <span class='ocrx_word' id='word_1_345' title='bbox 923 1703 1004 1726; x_wconf 89' lang='lat' dir='ltr'>nam</span> <span class='ocrx_word' id='word_1_346' title='bbox 1031 1692 1069 1723; x_wconf 90' lang='lat' dir='ltr'>in</span> <span class='ocrx_word' id='word_1_347' title='bbox 1102 1690 1219 1734; x_wconf 90' lang='lat' dir='ltr'>priore</span> 
     </span>
     <span class='ocr_line' id='line_1_38' title="bbox 242 1740 1221 1790; baseline -0.009 -9"><span class='ocrx_word' id='word_1_348' title='bbox 242 1754 375 1782; x_wconf 86' lang='lat' dir='ltr'>tantum</span> <span class='ocrx_word' id='word_1_349' title='bbox 394 1757 560 1790; x_wconf 89' lang='lat' dir='ltr'>persona,</span> <span class='ocrx_word' id='word_1_350' title='bbox 593 1745 631 1777; x_wconf 89' lang='lat' dir='ltr'>in</span> <span class='ocrx_word' id='word_1_351' title='bbox 655 1744 847 1788; x_wconf 87' lang='lat' dir='ltr'>posteriore</span> <span class='ocrx_word' id='word_1_352' title='bbox 871 1743 1021 1788; x_wconf 89' lang='lat' dir='ltr'>qualitas</span> <span class='ocrx_word' id='word_1_353' title='bbox 1048 1740 1221 1783; x_wconf 85' lang='lat' dir='ltr'>significa-</span> 
     </span>
     <span class='ocr_line' id='line_1_39' title="bbox 241 1790 1220 1837; baseline -0.01 -5"><span class='ocrx_word' id='word_1_354' title='bbox 241 1807 315 1837; x_wconf 89' lang='lat' dir='ltr'>tur,</span> <span class='ocrx_word' id='word_1_355' title='bbox 341 1803 395 1830; x_wconf 86' lang='lat' dir='ltr'>ut:</span> <span class='ocrx_word' id='word_1_356' title='bbox 424 1797 461 1829; x_wconf 88' lang='lat' dir='ltr'>in</span> <span class='ocrx_word' id='word_1_357' title='bbox 487 1793 554 1828; x_wconf 89' lang='lat' dir='ltr'>hoc</span> <span class='ocrx_word' id='word_1_358' title='bbox 578 1795 732 1829; x_wconf 84' lang='lat' dir='ltr'>tumultu</span> <span class='ocrx_word' id='word_1_359' title='bbox 762 1794 884 1828; x_wconf 89' lang='lat' dir='ltr'>consul</span> <span class='ocrx_word' id='word_1_360' title='bbox 909 1798 981 1826; x_wconf 89' lang='lat' dir='ltr'>erat</span> <span class='ocrx_word' id='word_1_361' title='bbox 1007 1791 1149 1831; x_wconf 82' lang='lat' dir='ltr'>consul,</span> <span class='ocrx_word' id='word_1_362' title='bbox 1184 1790 1220 1822; x_wconf 91' lang='lat' dir='ltr'>id</span> 
     </span>
     <span class='ocr_line' id='line_1_40' title="bbox 243 1844 1221 1888; baseline -0.008 -7"><span class='ocrx_word' id='word_1_363' title='bbox 243 1855 304 1886; x_wconf 81' lang='lat' dir='ltr'>est,</span> <span class='ocrx_word' id='word_1_364' title='bbox 330 1853 402 1879; x_wconf 65' lang='lat' dir='ltr'>erat</span> <span class='ocrx_word' id='word_1_365' title='bbox 420 1846 519 1878; x_wconf 76' lang='lat' dir='ltr'>fortis</span> <span class='ocrx_word' id='word_1_366' title='bbox 536 1851 569 1878; x_wconf 90' lang='lat' dir='ltr'>et</span> <span class='ocrx_word' id='word_1_367' title='bbox 585 1851 758 1883; x_wconf 81' lang='lat' dir='ltr'>constans,</span> <span class='ocrx_word' id='word_1_368' title='bbox 780 1844 917 1888; x_wconf 88' lang='lat' dir='ltr'>qualem</span> <span class='ocrx_word' id='word_1_369' title='bbox 935 1844 1032 1876; x_wconf 86' lang='lat' dir='ltr'>decet</span> <span class='ocrx_word' id='word_1_370' title='bbox 1048 1852 1119 1874; x_wconf 88' lang='lat' dir='ltr'>esse</span> <span class='ocrx_word' id='word_1_371' title='bbox 1136 1852 1221 1874; x_wconf 89' lang='lat' dir='ltr'>con-</span> 
     </span>
     <span class='ocr_line' id='line_1_41' title="bbox 243 1892 857 1938; baseline -0.003 -8"><span class='ocrx_word' id='word_1_372' title='bbox 243 1898 365 1931; x_wconf 86' lang='lat' dir='ltr'>sulem.</span> <span class='ocrx_word' id='word_1_373' title='bbox 420 1895 546 1928; x_wconf 86' lang='lat' dir='ltr'>Graeci</span> <span class='ocrx_word' id='word_1_374' title='bbox 565 1901 691 1927; x_wconf 86' lang='lat' dir='ltr'>vocant</span> <span class='ocrx_word' id='word_1_375' title='bbox 706 1892 857 1938; x_wconf 79' lang='grc' dir='ltr'><em>πλοκὴν.</em></span> 
     </span>
    </p>
   </div>
   <div class='ocr_carea' id='block_1_13' title="bbox 1235 722 1243 1446">
    <p class='ocr_par' dir='ltr' id='par_1_17' title="bbox 1235 722 1243 1446">
     <span class='ocr_line' id='line_1_42' title="bbox 1235 722 1243 1446; baseline 0 0"><span class='ocrx_word' id='word_1_376' title='bbox 1235 722 1243 1446; x_wconf 95' lang='lat' dir='ltr'> </span> 
     </span>
    </p>
   </div>
   <div class='ocr_carea' id='block_1_14' title="bbox 1271 1655 2250 1906">
    <p class='ocr_par' dir='ltr' id='par_1_18' title="bbox 1271 1655 2250 1906">
     <span class='ocr_line' id='line_1_43' title="bbox 1372 1655 2247 1698; baseline 0.003 -8"><span class='ocrx_word' id='word_1_377' title='bbox 1372 1657 1498 1692; x_wconf 66' lang='lat' dir='ltr'>Vicina</span> <span class='ocrx_word' id='word_1_378' title='bbox 1531 1664 1580 1691; x_wconf 89' lang='lat' dir='ltr'>est</span> <span class='ocrx_word' id='word_1_379' title='bbox 1609 1655 1692 1690; x_wconf 86' lang='lat' dir='ltr'>huic</span> <span class='ocrx_word' id='word_1_380' title='bbox 1724 1655 2012 1698; x_wconf 72' lang='grc' dir='ltr'>ἆντανεῖκλασις,</span> <span class='ocrx_word' id='word_1_381' title='bbox 2048 1669 2127 1691; x_wconf 87' lang='lat' dir='ltr'>cum</span> <span class='ocrx_word' id='word_1_382' title='bbox 2154 1659 2247 1693; x_wconf 87' lang='lat' dir='ltr'>idem</span> 
     </span>
     <span class='ocr_line' id='line_1_44' title="bbox 1271 1705 2249 1752; baseline 0 -9"><span class='ocrx_word' id='word_1_383' title='bbox 1271 1710 1416 1743; x_wconf 88' lang='lat' dir='ltr'>verbum</span> <span class='ocrx_word' id='word_1_384' title='bbox 1442 1720 1515 1741; x_wconf 89' lang='lat' dir='ltr'>non</span> <span class='ocrx_word' id='word_1_385' title='bbox 1541 1705 1633 1741; x_wconf 87' lang='lat' dir='ltr'>nihil</span> <span class='ocrx_word' id='word_1_386' title='bbox 1657 1714 1828 1741; x_wconf 86' lang='lat' dir='ltr'>mutatum</span> <span class='ocrx_word' id='word_1_387' title='bbox 1852 1714 1910 1741; x_wconf 90' lang='lat' dir='ltr'>aut</span> <span class='ocrx_word' id='word_1_388' title='bbox 1925 1714 2057 1741; x_wconf 88' lang='lat' dir='ltr'>mutata</span> <span class='ocrx_word' id='word_1_389' title='bbox 2075 1708 2249 1752; x_wconf 84' lang='lat' dir='ltr'>significa-</span> 
     </span>
     <span class='ocr_line' id='line_1_45' title="bbox 1271 1758 2250 1804; baseline -0.001 -10"><span class='ocrx_word' id='word_1_390' title='bbox 1271 1761 1367 1794; x_wconf 89' lang='lat' dir='ltr'>tione</span> <span class='ocrx_word' id='word_1_391' title='bbox 1382 1759 1563 1804; x_wconf 88' lang='lat' dir='ltr'>repetitur‚</span> <span class='ocrx_word' id='word_1_392' title='bbox 1584 1765 1623 1791; x_wconf 87' lang='lat' dir='ltr'>ut</span> <span class='ocrx_word' id='word_1_393' title='bbox 1640 1758 1833 1791; x_wconf 86' lang='lat' dir='ltr'>iucundum</span> <span class='ocrx_word' id='word_1_394' title='bbox 1849 1764 1899 1791; x_wconf 89' lang='lat' dir='ltr'>est</span> <span class='ocrx_word' id='word_1_395' title='bbox 1915 1769 2040 1798; x_wconf 89' lang='lat' dir='ltr'>amare,</span> <span class='ocrx_word' id='word_1_396' title='bbox 2067 1759 2094 1791; x_wconf 90' lang='lat' dir='ltr'>si</span> <span class='ocrx_word' id='word_1_397' title='bbox 2108 1766 2250 1794; x_wconf 88' lang='lat' dir='ltr'>curetur</span> 
     </span>
     <span class='ocr_line' id='line_1_46' title="bbox 1272 1806 2248 1856; baseline -0.001 -12"><span class='ocrx_word' id='word_1_398' title='bbox 1272 1823 1315 1844; x_wconf 90' lang='lat' dir='ltr'>ne</span> <span class='ocrx_word' id='word_1_399' title='bbox 1334 1812 1418 1856; x_wconf 89' lang='lat' dir='ltr'>quid</span> <span class='ocrx_word' id='word_1_400' title='bbox 1438 1810 1521 1842; x_wconf 86' lang='lat' dir='ltr'>insit</span> <span class='ocrx_word' id='word_1_401' title='bbox 1539 1809 1660 1841; x_wconf 88' lang='lat' dir='ltr'>amari.</span> <span class='ocrx_word' id='word_1_402' title='bbox 1703 1808 1760 1842; x_wconf 87' lang='lat' dir='ltr'>Fit</span> <span class='ocrx_word' id='word_1_403' title='bbox 1776 1816 1809 1842; x_wconf 89' lang='lat' dir='ltr'>et</span> <span class='ocrx_word' id='word_1_404' title='bbox 1826 1809 1863 1841; x_wconf 91' lang='lat' dir='ltr'>in</span> <span class='ocrx_word' id='word_1_405' title='bbox 1879 1808 2021 1842; x_wconf 88' lang='lat' dir='ltr'>talibus:</span> <span class='ocrx_word' id='word_1_406' title='bbox 2038 1806 2248 1854; x_wconf 87' lang='lat' dir='ltr'>Oppugnari</span> 
     </span>
     <span class='ocr_line' id='line_1_47' title="bbox 1272 1859 2212 1906; baseline -0.003 -12"><span class='ocrx_word' id='word_1_407' title='bbox 1272 1861 1417 1906; x_wconf 86' lang='lat' dir='ltr'>pecunia</span> <span class='ocrx_word' id='word_1_408' title='bbox 1434 1866 1547 1903; x_wconf 91' lang='lat' dir='ltr'>potest</span> <span class='ocrx_word' id='word_1_409' title='bbox 1562 1860 1676 1892; x_wconf 91' lang='lat' dir='ltr'>bonus</span> <span class='ocrx_word' id='word_1_410' title='bbox 1693 1859 1764 1900; x_wconf 88' lang='lat' dir='ltr'>vir,</span> <span class='ocrx_word' id='word_1_411' title='bbox 1793 1859 1984 1903; x_wconf 86' lang='lat' dir='ltr'>expugnari</span> <span class='ocrx_word' id='word_1_412' title='bbox 2002 1871 2074 1892; x_wconf 90' lang='lat' dir='ltr'>non</span> <span class='ocrx_word' id='word_1_413' title='bbox 2090 1866 2212 1904; x_wconf 88' lang='lat' dir='ltr'>potest.</span> 
     </span>
    </p>
   </div>
   <div class='ocr_carea' id='block_1_15' title="bbox 1272 1918 2250 2159">
    <p class='ocr_par' dir='ltr' id='par_1_19' title="bbox 1272 1918 2250 2159">
     <span class='ocr_line' id='line_1_48' title="bbox 1368 1918 2248 1964; baseline 0 -12"><span class='ocrx_word' id='word_1_414' title='bbox 1368 1919 1550 1964; x_wconf 72' lang='grc' dir='ltr'>Ἔκλειψις</span> <span class='ocrx_word' id='word_1_415' title='bbox 1566 1929 1643 1951; x_wconf 89' lang='lat' dir='ltr'>cum</span> <span class='ocrx_word' id='word_1_416' title='bbox 1661 1918 1756 1951; x_wconf 84' lang='lat' dir='ltr'>deest</span> <span class='ocrx_word' id='word_1_417' title='bbox 1772 1918 1900 1961; x_wconf 89' lang='lat' dir='ltr'>aliquis</span> <span class='ocrx_word' id='word_1_418' title='bbox 1915 1928 2013 1951; x_wconf 88' lang='lat' dir='ltr'>casus</span> <span class='ocrx_word' id='word_1_419' title='bbox 2025 1944 2034 1959; x_wconf 92' lang='lat'>,</span> <span class='ocrx_word' id='word_1_420' title='bbox 2060 1925 2116 1952; x_wconf 87' lang='lat' dir='ltr'>ut:</span> <span class='ocrx_word' id='word_1_421' title='bbox 2140 1930 2248 1962; x_wconf 83' lang='lat' dir='ltr'>egone</span> 
     </span>
     <span class='ocr_line' id='line_1_49' title="bbox 1272 1966 2250 2014; baseline -0.002 -10"><span class='ocrx_word' id='word_1_422' title='bbox 1272 1970 1392 2004; x_wconf 82' lang='lat' dir='ltr'>illam‘?</span> <span class='ocrx_word' id='word_1_423' title='bbox 1420 1980 1507 2014; x_wconf 89' lang='lat' dir='ltr'>quae</span> <span class='ocrx_word' id='word_1_424' title='bbox 1521 1968 1599 2001; x_wconf 78' lang='lat' dir='ltr'>me?</span> <span class='ocrx_word' id='word_1_425' title='bbox 1626 1979 1714 2012; x_wconf 91' lang='lat' dir='ltr'>quae</span> <span class='ocrx_word' id='word_1_426' title='bbox 1732 1967 1828 2000; x_wconf 79' lang='lat' dir='ltr'>non?</span> <span class='ocrx_word' id='word_1_427' title='bbox 1844 1966 2035 2012; x_wconf 89' lang='lat' dir='ltr'>Plaeraque</span> <span class='ocrx_word' id='word_1_428' title='bbox 2051 1968 2250 2003; x_wconf 86' lang='lat' dir='ltr'>istiusmodi</span> 
     </span>
     <span class='ocr_line' id='line_1_50' title="bbox 1272 2016 2249 2065; baseline 0 -11"><span class='ocrx_word' id='word_1_429' title='bbox 1272 2021 1471 2065; x_wconf 84' lang='lat' dir='ltr'>imperfecta</span> <span class='ocrx_word' id='word_1_430' title='bbox 1488 2019 1644 2051; x_wconf 88' lang='lat' dir='ltr'>membra</span> <span class='ocrx_word' id='word_1_431' title='bbox 1663 2016 1790 2051; x_wconf 88' lang='lat' dir='ltr'>Graeci</span> <span class='ocrx_word' id='word_1_432' title='bbox 1812 2023 1937 2051; x_wconf 78' lang='lat' dir='ltr'>vocant</span> <span class='ocrx_word' id='word_1_433' title='bbox 1954 2016 2249 2057; x_wconf 70' lang='grc' dir='ltr'><em>ἃνανταπόδοτα,</em></span> 
     </span>
     <span class='ocr_line' id='line_1_51' title="bbox 1272 2066 2248 2107; baseline -0.001 -2"><span class='ocrx_word' id='word_1_434' title='bbox 1272 2069 1339 2105; x_wconf 89' lang='lat' dir='ltr'>hoc</span> <span class='ocrx_word' id='word_1_435' title='bbox 1356 2077 1406 2104; x_wconf 88' lang='lat' dir='ltr'>est</span> <span class='ocrx_word' id='word_1_436' title='bbox 1424 2081 1497 2102; x_wconf 89' lang='lat' dir='ltr'>non</span> <span class='ocrx_word' id='word_1_437' title='bbox 1517 2069 1673 2107; x_wconf 88' lang='lat' dir='ltr'>reddita,</span> <span class='ocrx_word' id='word_1_438' title='bbox 1698 2074 1737 2101; x_wconf 92' lang='lat' dir='ltr'>ut</span> <span class='ocrx_word' id='word_1_439' title='bbox 1757 2068 1793 2100; x_wconf 86' lang='lat' dir='ltr'>in</span> <span class='ocrx_word' id='word_1_440' title='bbox 1806 2066 1958 2101; x_wconf 86' lang='lat' dir='ltr'>Galatis:</span> <span class='ocrx_word' id='word_1_441' title='bbox 1987 2067 2038 2102; x_wconf 90' lang='lat' dir='ltr'>Ne</span> <span class='ocrx_word' id='word_1_442' title='bbox 2055 2069 2248 2104; x_wconf 83' lang='lat' dir='ltr'>libertatem</span> 
     </span>
     <span class='ocr_line' id='line_1_52' title="bbox 1272 2118 2062 2159; baseline -0.003 -4"><span class='ocrx_word' id='word_1_443' title='bbox 1272 2122 1310 2155; x_wconf 91' lang='lat' dir='ltr'>in</span> <span class='ocrx_word' id='word_1_444' title='bbox 1326 2121 1545 2155; x_wconf 86' lang='lat' dir='ltr'>occasionem</span> <span class='ocrx_word' id='word_1_445' title='bbox 1565 2119 1679 2159; x_wconf 85' lang='lat' dir='ltr'>carni,</span> <span class='ocrx_word' id='word_1_446' title='bbox 1707 2119 1802 2153; x_wconf 87' lang='lat' dir='ltr'>deest</span> <span class='ocrx_word' id='word_1_447' title='bbox 1823 2118 1934 2151; x_wconf 90' lang='lat' dir='ltr'>enim:</span> <span class='ocrx_word' id='word_1_448' title='bbox 1963 2119 2062 2153; x_wconf 87' lang='lat' dir='ltr'>detis.</span> 
     </span>
    </p>
   </div>
   <div class='ocr_carea' id='block_1_16' title="bbox 244 1950 1247 2149">
    <p class='ocr_par' dir='ltr' id='par_1_20' title="bbox 244 1950 1247 2149">
     <span class='ocr_line' id='line_1_53' title="bbox 344 1950 1247 1997; baseline -0.004 -9"><span class='ocrx_word' id='word_1_449' title='bbox 344 1953 537 1988; x_wconf 81' lang='lat' dir='ltr'>Traductio</span> <span class='ocrx_word' id='word_1_450' title='bbox 569 1953 693 1997; x_wconf 89' lang='lat' dir='ltr'>repetit</span> <span class='ocrx_word' id='word_1_451' title='bbox 718 1953 864 1987; x_wconf 85' lang='lat' dir='ltr'>eandem</span> <span class='ocrx_word' id='word_1_452' title='bbox 889 1963 1011 1985; x_wconf 85' lang='lat' dir='ltr'>vocem</span> <span class='ocrx_word' id='word_1_453' title='bbox 1035 1950 1105 1983; x_wconf 90' lang='lat' dir='ltr'>alio</span> <span class='ocrx_word' id='word_1_454' title='bbox 1130 1960 1221 1984; x_wconf 86' lang='lat' dir='ltr'>casu.</span> <span class='ocrx_word' id='word_1_455' title='bbox 1244 1966 1247 1996; x_wconf 52' lang='grc' dir='ltr'>ῃ</span> 
     </span>
     <span class='ocr_line' id='line_1_54' title="bbox 245 2001 1221 2048; baseline -0.006 -10"><span class='ocrx_word' id='word_1_456' title='bbox 245 2005 317 2048; x_wconf 86' lang='lat' dir='ltr'>Qui</span> <span class='ocrx_word' id='word_1_457' title='bbox 341 2003 433 2037; x_wconf 85' lang='lat' dir='ltr'>nihil</span> <span class='ocrx_word' id='word_1_458' title='bbox 458 2002 563 2037; x_wconf 89' lang='lat' dir='ltr'>habet</span> <span class='ocrx_word' id='word_1_459' title='bbox 587 2004 625 2036; x_wconf 88' lang='lat' dir='ltr'>in</span> <span class='ocrx_word' id='word_1_460' title='bbox 654 2003 726 2037; x_wconf 78' lang='lat' dir='ltr'>vita</span> <span class='ocrx_word' id='word_1_461' title='bbox 751 2003 940 2037; x_wconf 90' lang='lat' dir='ltr'>iucundius</span> <span class='ocrx_word' id='word_1_462' title='bbox 967 2002 1058 2042; x_wconf 70' lang='lat' dir='ltr'>vita,</span> <span class='ocrx_word' id='word_1_463' title='bbox 1092 2001 1120 2033; x_wconf 92' lang='lat' dir='ltr'>is</span> <span class='ocrx_word' id='word_1_464' title='bbox 1143 2011 1221 2033; x_wconf 86' lang='lat' dir='ltr'>cum</span> 
     </span>
     <span class='ocr_line' id='line_1_55' title="bbox 244 2049 1221 2097; baseline -0.004 -10"><span class='ocrx_word' id='word_1_465' title='bbox 244 2056 373 2089; x_wconf 71' lang='lat' dir='ltr'>virtute</span> <span class='ocrx_word' id='word_1_466' title='bbox 395 2066 465 2087; x_wconf 91' lang='lat' dir='ltr'>non</span> <span class='ocrx_word' id='word_1_467' title='bbox 493 2060 607 2097; x_wconf 87' lang='lat' dir='ltr'>potest</span> <span class='ocrx_word' id='word_1_468' title='bbox 629 2053 736 2085; x_wconf 78' lang='lat' dir='ltr'>vitam</span> <span class='ocrx_word' id='word_1_469' title='bbox 760 2054 885 2088; x_wconf 88' lang='lat' dir='ltr'>colere.</span> <span class='ocrx_word' id='word_1_470' title='bbox 947 2052 1053 2097; x_wconf 86' lang='lat' dir='ltr'>Apud</span> <span class='ocrx_word' id='word_1_471' title='bbox 1079 2049 1221 2085; x_wconf 85' lang='lat' dir='ltr'>Cicero—</span> 
     </span>
     <span class='ocr_line' id='line_1_56' title="bbox 246 2100 1222 2149; baseline -0.005 -11"><span class='ocrx_word' id='word_1_472' title='bbox 246 2118 325 2138; x_wconf 82' lang='lat' dir='ltr'>nem</span> <span class='ocrx_word' id='word_1_473' title='bbox 344 2117 406 2149; x_wconf 90' lang='lat' dir='ltr'>pro</span> <span class='ocrx_word' id='word_1_474' title='bbox 429 2103 597 2137; x_wconf 85' lang='lat' dir='ltr'>Murena:</span> <span class='ocrx_word' id='word_1_475' title='bbox 630 2101 683 2136; x_wconf 89' lang='lat' dir='ltr'>Sit</span> <span class='ocrx_word' id='word_1_476' title='bbox 708 2103 859 2147; x_wconf 84' lang='lat' dir='ltr'>denique</span> <span class='ocrx_word' id='word_1_477' title='bbox 881 2103 919 2135; x_wconf 85' lang='lat' dir='ltr'>in</span> <span class='ocrx_word' id='word_1_478' title='bbox 935 2103 1075 2136; x_wconf 83' lang='lat' dir='ltr'>civitate</span> <span class='ocrx_word' id='word_1_479' title='bbox 1094 2113 1131 2134; x_wconf 89' lang='lat' dir='ltr'>ea</span> <span class='ocrx_word' id='word_1_480' title='bbox 1147 2100 1222 2145; x_wconf 87' lang='lat' dir='ltr'>pri-</span> 
     </span>
    </p>
   </div>
   <div class='ocr_carea' id='block_1_17' title="bbox 245 2151 2250 2249">
    <p class='ocr_par' dir='ltr' id='par_1_21' title="bbox 245 2151 2250 2249">
     <span class='ocr_line' id='line_1_57' title="bbox 245 2151 2181 2213; baseline -0.006 -25"><span class='ocrx_word' id='word_1_481' title='bbox 245 2168 301 2188; x_wconf 89' lang='lat' dir='ltr'>ma</span> <span class='ocrx_word' id='word_1_482' title='bbox 320 2167 392 2195; x_wconf 84' lang='lat' dir='ltr'>res,</span> <span class='ocrx_word' id='word_1_483' title='bbox 421 2161 562 2198; x_wconf 86' lang='lat' dir='ltr'>propter</span> <span class='ocrx_word' id='word_1_484' title='bbox 577 2164 680 2198; x_wconf 88' lang='lat' dir='ltr'>quam</span> <span class='ocrx_word' id='word_1_485' title='bbox 697 2152 846 2186; x_wconf 80' lang='lat' dir='ltr'>civitatis</span> <span class='ocrx_word' id='word_1_486' title='bbox 866 2159 916 2186; x_wconf 90' lang='lat' dir='ltr'>est</span> <span class='ocrx_word' id='word_1_487' title='bbox 941 2152 1098 2186; x_wconf 87' lang='lat' dir='ltr'>omnium</span> <span class='ocrx_word' id='word_1_488' title='bbox 1122 2151 1222 2194; x_wconf 84' lang='lat' dir='ltr'>prin-</span> <span class='ocrx_word' id='word_1_489' title='bbox 1371 2177 1403 2213; x_wconf 79' lang='lat' dir='ltr'>E</span> <span class='ocrx_word' id='word_1_490' title='bbox 1735 2177 1744 2185; x_wconf 77' lang='lat'><em>,</em></span> <span class='ocrx_word' id='word_1_491' title='bbox 1828 2177 1837 2186; x_wconf 80' lang='grc'>,</span> <span class='ocrx_word' id='word_1_492' title='bbox 2170 2176 2181 2189; x_wconf 72' lang='lat'><em>‚</em></span> 
     </span>
     <span class='ocr_line' id='line_1_58' title="bbox 247 2176 2250 2249; baseline -0.003 -30"><span class='ocrx_word' id='word_1_493' title='bbox 247 2216 343 2249; x_wconf 60' lang='lat' dir='ltr'>ceps,</span> <span class='ocrx_word' id='word_1_494' title='bbox 371 2204 542 2248; x_wconf 60' lang='lat' dir='ltr'>Magnum</span> <span class='ocrx_word' id='word_1_495' title='bbox 559 2202 664 2236; x_wconf 61' lang='lat' dir='ltr'>habet</span> <span class='ocrx_word' id='word_1_496' title='bbox 683 2214 786 2236; x_wconf 67' lang='lat' dir='ltr'>usum</span> <span class='ocrx_word' id='word_1_497' title='bbox 809 2202 848 2234; x_wconf 73' lang='lat' dir='ltr'>in</span> <span class='ocrx_word' id='word_1_498' title='bbox 868 2199 1154 2247; x_wconf 53' lang='lat' dir='ltr'><strong>enthymematis,</strong></span> <span class='ocrx_word' id='word_1_499' title='bbox 1182 2212 1222 2233; x_wconf 69' lang='lat' dir='ltr'>ex</span> <span class='ocrx_word' id='word_1_500' title='bbox 1407 2187 1435 2214; x_wconf 90' lang='lat' dir='ltr'>st</span> <span class='ocrx_word' id='word_1_501' title='bbox 1452 2186 1484 2213; x_wconf 87' lang='lat' dir='ltr'>et</span> <span class='ocrx_word' id='word_1_502' title='bbox 1502 2185 1646 2222; x_wconf 77' lang='lat' dir='ltr'>cognata</span> <span class='ocrx_word' id='word_1_503' title='bbox 1663 2176 1870 2219; x_wconf 74' lang='lat' dir='ltr'>Reticenua‚</span> <span class='ocrx_word' id='word_1_504' title='bbox 1898 2190 2003 2222; x_wconf 87' lang='lat' dir='ltr'>quam</span> <span class='ocrx_word' id='word_1_505' title='bbox 2020 2185 2145 2212; x_wconf 89' lang='lat' dir='ltr'>vocant</span> <span class='ocrx_word' id='word_1_506' title='bbox 2161 2191 2250 2213; x_wconf 87' lang='grc' dir='ltr'><em>απο-</em></span> 
     </span>
    </p>
   </div>
   <div class='ocr_carea' id='block_1_18' title="bbox 247 2227 2250 2446">
    <p class='ocr_par' dir='ltr' id='par_1_22' title="bbox 247 2227 2250 2446">
     <span class='ocr_line' id='line_1_59' title="bbox 1330 2227 2206 2239; baseline -0.003 0"><span class='ocrx_word' id='word_1_507' title='bbox 1330 2227 1337 2239; x_wconf 62' lang='lat'><em>,</em></span> <span class='ocrx_word' id='word_1_508' title='bbox 1956 2229 1963 2236; x_wconf 92' lang='lat'>.</span> <span class='ocrx_word' id='word_1_509' title='bbox 2199 2229 2206 2236; x_wconf 92' lang='lat'>.</span> 
     </span>
     <span class='ocr_line' id='line_1_60' title="bbox 247 2229 2250 2300; baseline -0.004 -12"><span class='ocrx_word' id='word_1_510' title='bbox 247 2267 397 2300; x_wconf 86' lang='lat' dir='ltr'>quorum</span> <span class='ocrx_word' id='word_1_511' title='bbox 418 2261 540 2287; x_wconf 80' lang='lat' dir='ltr'>natura</span> <span class='ocrx_word' id='word_1_512' title='bbox 559 2254 681 2291; x_wconf 87' lang='lat' dir='ltr'>oritur,</span> <span class='ocrx_word' id='word_1_513' title='bbox 709 2252 856 2296; x_wconf 83' lang='lat' dir='ltr'>Propter</span> <span class='ocrx_word' id='word_1_514' title='bbox 873 2253 1037 2285; x_wconf 74' lang='lat' dir='ltr'>virtutem</span> <span class='ocrx_word' id='word_1_515' title='bbox 1055 2251 1223 2284; x_wconf 85' lang='lat' dir='ltr'>nobilitas</span> <span class='ocrx_word' id='word_1_516' title='bbox 1273 2241 1451 2275; x_wconf 67' lang='lat' dir='ltr'>⁶¹⁶⁰7¹⁷7⁰W</span> <span class='ocrx_word' id='word_1_517' title='bbox 1467 2242 1545 2287; x_wconf 44' lang='grc' dir='ltr'>εμπ)</span> <span class='ocrx_word' id='word_1_518' title='bbox 1565 2235 1706 2273; x_wconf 49' lang='lat' dir='ltr'>propter</span> <span class='ocrx_word' id='word_1_519' title='bbox 1731 2229 1901 2286; x_wconf 60' lang='lat' dir='ltr'><strong>affectum,</strong></span> <span class='ocrx_word' id='word_1_520' title='bbox 1918 2229 2036 2274; x_wconf 66' lang='lat' dir='ltr'>³l¹qu³</span> <span class='ocrx_word' id='word_1_521' title='bbox 2059 2235 2250 2288; x_wconf 48' lang='lat' dir='ltr'>septenum</span> 
     </span>
     <span class='ocr_line' id='line_1_61' title="bbox 248 2279 2250 2350; baseline -0.003 -14"><span class='ocrx_word' id='word_1_522' title='bbox 248 2306 284 2337; x_wconf 87' lang='lat' dir='ltr'>in</span> <span class='ocrx_word' id='word_1_523' title='bbox 302 2305 403 2338; x_wconf 89' lang='lat' dir='ltr'>laude</span> <span class='ocrx_word' id='word_1_524' title='bbox 420 2312 487 2344; x_wconf 86' lang='lat' dir='ltr'>est,</span> <span class='ocrx_word' id='word_1_525' title='bbox 514 2304 620 2347; x_wconf 86' lang='lat' dir='ltr'>igitur</span> <span class='ocrx_word' id='word_1_526' title='bbox 640 2303 752 2336; x_wconf 87' lang='lat' dir='ltr'>virtus</span> <span class='ocrx_word' id='word_1_527' title='bbox 774 2303 883 2345; x_wconf 87' lang='lat' dir='ltr'>magis</span> <span class='ocrx_word' id='word_1_528' title='bbox 908 2302 1044 2335; x_wconf 91' lang='lat' dir='ltr'>laudari</span> <span class='ocrx_word' id='word_1_529' title='bbox 1069 2308 1223 2335; x_wconf 88' lang='lat' dir='ltr'>meretur</span> <span class='ocrx_word' id='word_1_530' title='bbox 1245 2279 1248 2327; x_wconf 75' lang='lat' dir='ltr'>l</span> <span class='ocrx_word' id='word_1_531' title='bbox 1272 2281 1610 2339; x_wconf 50' lang='lat' dir='ltr'>pfirsss&#39;faem‘hmr’</span> <span class='ocrx_word' id='word_1_532' title='bbox 1652 2286 1712 2350; x_wconf 46' lang='lat'>³¹3}</span> <span class='ocrx_word' id='word_1_533' title='bbox 1745 2291 1858 2312; x_wconf 63' lang='lat' dir='ltr'>sermo</span> <span class='ocrx_word' id='word_1_534' title='bbox 1892 2285 2178 2324; x_wconf 58' lang='lat' dir='ltr'>”nerrumpstur‘</span> <span class='ocrx_word' id='word_1_535' title='bbox 2211 2285 2250 2312; x_wconf 69' lang='lat' dir='ltr'>ut</span> 
     </span>
     <span class='ocr_line' id='line_1_62' title="bbox 249 2329 2249 2399; baseline -0.004 -11"><span class='ocrx_word' id='word_1_536' title='bbox 249 2367 351 2399; x_wconf 85' lang='lat' dir='ltr'>quam</span> <span class='ocrx_word' id='word_1_537' title='bbox 363 2355 539 2389; x_wconf 90' lang='lat' dir='ltr'>nobilitas.</span> <span class='ocrx_word' id='word_1_538' title='bbox 567 2353 735 2388; x_wconf 88' lang='lat' dir='ltr'>Ciceroin</span> <span class='ocrx_word' id='word_1_539' title='bbox 747 2351 865 2386; x_wconf 65' lang='lat' dir='ltr'>Orat:</span> <span class='ocrx_word' id='word_1_540' title='bbox 892 2351 981 2386; x_wconf 88' lang='lat' dir='ltr'>Cum</span> <span class='ocrx_word' id='word_1_541' title='bbox 997 2351 1124 2395; x_wconf 84' lang='lat' dir='ltr'>gratiae</span> <span class='ocrx_word' id='word_1_542' title='bbox 1141 2363 1222 2384; x_wconf 86' lang='lat' dir='ltr'>cau·</span> <span class='ocrx_word' id='word_1_543' title='bbox 1245 2330 1249 2391; x_wconf 80' lang='lat' dir='ltr'>l</span> <span class='ocrx_word' id='word_1_544' title='bbox 1273 2332 1462 2375; x_wconf 40' lang='lat' dir='ltr'>W¹rg¹l¹u⁵³</span> <span class='ocrx_word' id='word_1_545' title='bbox 1492 2329 1591 2372; x_wconf 72' lang='lat' dir='ltr'>QUOS</span> <span class='ocrx_word' id='word_1_546' title='bbox 1610 2341 1690 2373; x_wconf 64' lang='lat'><strong>‘⁵3⁰&#39;</strong></span> <span class='ocrx_word' id='word_1_547' title='bbox 1724 2331 1781 2362; x_wconf 64' lang='lat' dir='ltr'>sed</span> <span class='ocrx_word' id='word_1_548' title='bbox 1802 2337 1951 2374; x_wconf 57' lang='lat' dir='ltr'>praestat</span> <span class='ocrx_word' id='word_1_549' title='bbox 1969 2337 2081 2363; x_wconf 63' lang='lat' dir='ltr'><strong>m⁰¹⁰⁵</strong></span> <span class='ocrx_word' id='word_1_550' title='bbox 2107 2340 2249 2372; x_wconf 66' lang='lat' dir='ltr'><strong>mmpo‘</strong></span> 
     </span>
     <span class='ocr_line' id='line_1_63' title="bbox 250 2381 1507 2446; baseline -0.002 -10"><span class='ocrx_word' id='word_1_551' title='bbox 250 2415 284 2436; x_wconf 80' lang='lat' dir='ltr'>sa</span> <span class='ocrx_word' id='word_1_552' title='bbox 302 2403 391 2436; x_wconf 90' lang='lat' dir='ltr'>nihil</span> <span class='ocrx_word' id='word_1_553' title='bbox 409 2404 532 2443; x_wconf 81' lang='lat' dir='ltr'>facias,</span> <span class='ocrx_word' id='word_1_554' title='bbox 560 2411 675 2437; x_wconf 84' lang='lat' dir='ltr'>tamen</span> <span class='ocrx_word' id='word_1_555' title='bbox 692 2403 809 2436; x_wconf 88' lang='lat' dir='ltr'>omnia</span> <span class='ocrx_word' id='word_1_556' title='bbox 827 2409 922 2446; x_wconf 87' lang='lat' dir='ltr'>grata</span> <span class='ocrx_word' id='word_1_557' title='bbox 936 2409 1029 2436; x_wconf 86' lang='lat' dir='ltr'>sunt.</span> <span class='ocrx_word' id='word_1_558' title='bbox 1081 2399 1145 2434; x_wconf 88' lang='lat' dir='ltr'>Est</span> <span class='ocrx_word' id='word_1_559' title='bbox 1160 2412 1224 2434; x_wconf 84' lang='lat' dir='ltr'>au·</span> <span class='ocrx_word' id='word_1_560' title='bbox 1246 2393 1249 2419; x_wconf 63' lang='lat' dir='ltr'>l</span> <span class='ocrx_word' id='word_1_561' title='bbox 1274 2394 1355 2416; x_wconf 70' lang='lat' dir='ltr'>nese</span> <span class='ocrx_word' id='word_1_562' title='bbox 1373 2381 1507 2416; x_wconf 58' lang='lat' dir='ltr'>fluctus&#39;</span> 
     </span>
    </p>
   </div>
   <div class='ocr_carea' id='block_1_19' title="bbox 250 2451 2037 2547">
    <p class='ocr_par' dir='ltr' id='par_1_23' title="bbox 250 2451 2037 2547">
     <span class='ocr_line' id='line_1_64' title="bbox 250 2451 1223 2500; baseline -0.002 -15"><span class='ocrx_word' id='word_1_563' title='bbox 250 2460 319 2485; x_wconf 86' lang='lat' dir='ltr'>tem</span> <span class='ocrx_word' id='word_1_564' title='bbox 337 2451 556 2500; x_wconf 73' lang='grc' dir='ltr'><strong><em>ταυτολογία</em></strong></span> <span class='ocrx_word' id='word_1_565' title='bbox 568 2478 576 2492; x_wconf 88' lang='grc'><em>,</em></span> <span class='ocrx_word' id='word_1_566' title='bbox 603 2465 681 2486; x_wconf 89' lang='lat' dir='ltr'>cum</span> <span class='ocrx_word' id='word_1_567' title='bbox 701 2454 822 2487; x_wconf 89' lang='lat' dir='ltr'>eadem</span> <span class='ocrx_word' id='word_1_568' title='bbox 838 2465 904 2487; x_wconf 75' lang='lat' dir='ltr'>vox</span> <span class='ocrx_word' id='word_1_569' title='bbox 921 2453 1039 2486; x_wconf 88' lang='lat' dir='ltr'>odiose</span> <span class='ocrx_word' id='word_1_570' title='bbox 1057 2452 1131 2485; x_wconf 87' lang='lat' dir='ltr'>sine</span> <span class='ocrx_word' id='word_1_571' title='bbox 1150 2451 1223 2484; x_wconf 88' lang='lat' dir='ltr'>sin-</span> 
     </span>
     <span class='ocr_line' id='line_1_65' title="bbox 252 2480 2037 2547; baseline -0.005 -25"><span class='ocrx_word' id='word_1_572' title='bbox 252 2503 364 2546; x_wconf 61' lang='lat' dir='ltr'>gulari</span> <span class='ocrx_word' id='word_1_573' title='bbox 383 2502 539 2547; x_wconf 79' lang='lat' dir='ltr'>emphasi</span> <span class='ocrx_word' id='word_1_574' title='bbox 557 2504 714 2539; x_wconf 47' lang='lat' dir='ltr'>iteratur·</span> <span class='ocrx_word' id='word_1_575' title='bbox 1480 2481 1676 2517; x_wconf 77' lang='lat' dir='ltr'>Secundus</span> <span class='ocrx_word' id='word_1_576' title='bbox 1702 2481 1791 2517; x_wconf 84' lang='lat' dir='ltr'>ordo</span> <span class='ocrx_word' id='word_1_577' title='bbox 1819 2480 2037 2528; x_wconf 73' lang='lat' dir='ltr'>fiyurarum.</span> 
     </span>
    </p>
   </div>
   <div class='ocr_carea' id='block_1_20' title="bbox 251 2557 2249 2705">
    <p class='ocr_par' dir='ltr' id='par_1_24' title="bbox 251 2557 2249 2705">
     <span class='ocr_line' id='line_1_66' title="bbox 351 2557 2249 2601; baseline -0.003 -8"><span class='ocrx_word' id='word_1_578' title='bbox 351 2559 546 2600; x_wconf 68' lang='lat' dir='ltr'>Arficulus,</span> <span class='ocrx_word' id='word_1_579' title='bbox 573 2573 651 2595; x_wconf 85' lang='lat' dir='ltr'>cum</span> <span class='ocrx_word' id='word_1_580' title='bbox 669 2562 778 2596; x_wconf 87' lang='lat' dir='ltr'>multa</span> <span class='ocrx_word' id='word_1_581' title='bbox 802 2561 876 2595; x_wconf 90' lang='lat' dir='ltr'>sine</span> <span class='ocrx_word' id='word_1_582' title='bbox 899 2560 1148 2596; x_wconf 88' lang='lat' dir='ltr'>coniunctione</span> <span class='ocrx_word' id='word_1_583' title='bbox 1167 2572 1224 2593; x_wconf 90' lang='lat' dir='ltr'>co-</span> <span class='ocrx_word' id='word_1_584' title='bbox 1379 2558 1610 2601; x_wconf 76' lang='lat' dir='ltr'>interrogatio</span> <span class='ocrx_word' id='word_1_585' title='bbox 1627 2557 1744 2589; x_wconf 80' lang='lat' dir='ltr'>notior</span> <span class='ocrx_word' id='word_1_586' title='bbox 1762 2557 1869 2599; x_wconf 85' lang='lat' dir='ltr'>figura</span> <span class='ocrx_word' id='word_1_587' title='bbox 1890 2562 1956 2591; x_wconf 76' lang='lat' dir='ltr'>est,</span> <span class='ocrx_word' id='word_1_588' title='bbox 1986 2566 2088 2599; x_wconf 78' lang='lat' dir='ltr'>quarn</span> <span class='ocrx_word' id='word_1_589' title='bbox 2108 2561 2144 2587; x_wconf 86' lang='lat' dir='ltr'>ut</span> <span class='ocrx_word' id='word_1_590' title='bbox 2163 2566 2249 2598; x_wconf 86' lang='lat' dir='ltr'>opus</span> 
     </span>
     <span class='ocr_line' id='line_1_67' title="bbox 251 2604 2249 2654; baseline -0.003 -12"><span class='ocrx_word' id='word_1_591' title='bbox 251 2609 414 2650; x_wconf 81' lang='lat' dir='ltr'>haerent,</span> <span class='ocrx_word' id='word_1_592' title='bbox 440 2617 493 2643; x_wconf 83' lang='lat' dir='ltr'>ut:</span> <span class='ocrx_word' id='word_1_593' title='bbox 522 2612 621 2651; x_wconf 80' lang='lat' dir='ltr'>veni,</span> <span class='ocrx_word' id='word_1_594' title='bbox 650 2612 744 2652; x_wconf 83' lang='lat' dir='ltr'>vidi,</span> <span class='ocrx_word' id='word_1_595' title='bbox 770 2612 847 2645; x_wconf 82' lang='lat' dir='ltr'>vici.</span> <span class='ocrx_word' id='word_1_596' title='bbox 907 2613 1012 2645; x_wconf 83' lang='lat' dir='ltr'>Ferte</span> <span class='ocrx_word' id='word_1_597' title='bbox 1040 2611 1099 2645; x_wconf 91' lang='lat' dir='ltr'>citi</span> <span class='ocrx_word' id='word_1_598' title='bbox 1123 2611 1222 2643; x_wconf 87' lang='lat' dir='ltr'>flam·</span> <span class='ocrx_word' id='word_1_599' title='bbox 1276 2609 1319 2643; x_wconf 89' lang='lat' dir='ltr'>sit</span> <span class='ocrx_word' id='word_1_600' title='bbox 1337 2620 1410 2642; x_wconf 85' lang='lat' dir='ltr'>eam</span> <span class='ocrx_word' id='word_1_601' title='bbox 1429 2609 1562 2654; x_wconf 82' lang='lat' dir='ltr'>prolixe</span> <span class='ocrx_word' id='word_1_602' title='bbox 1581 2608 1786 2640; x_wconf 85' lang='lat' dir='ltr'>describere.</span> <span class='ocrx_word' id='word_1_603' title='bbox 1824 2605 2004 2647; x_wconf 72' lang='lat' dir='ltr'>Virgilius:</span> <span class='ocrx_word' id='word_1_604' title='bbox 2033 2604 2123 2646; x_wconf 79' lang='lat' dir='ltr'>Quis</span> <span class='ocrx_word' id='word_1_605' title='bbox 2139 2616 2249 2637; x_wconf 76' lang='lat' dir='ltr'>novus</span> 
     </span>
     <span class='ocr_line' id='line_1_68' title="bbox 251 2653 2249 2705; baseline -0.004 -12"><span class='ocrx_word' id='word_1_606' title='bbox 251 2672 344 2701; x_wconf 82' lang='lat' dir='ltr'>mas,</span> <span class='ocrx_word' id='word_1_607' title='bbox 373 2662 449 2693; x_wconf 77' lang='lat' dir='ltr'>date</span> <span class='ocrx_word' id='word_1_608' title='bbox 475 2660 560 2699; x_wconf 77' lang='lat' dir='ltr'>tela,</span> <span class='ocrx_word' id='word_1_609' title='bbox 591 2662 758 2705; x_wconf 86' lang='lat' dir='ltr'>impellite</span> <span class='ocrx_word' id='word_1_610' title='bbox 783 2673 906 2695; x_wconf 85' lang='lat' dir='ltr'>remos.</span> <span class='ocrx_word' id='word_1_611' title='bbox 969 2660 1031 2696; x_wconf 80' lang='lat' dir='ltr'>Est</span> <span class='ocrx_word' id='word_1_612' title='bbox 1054 2668 1086 2695; x_wconf 89' lang='lat' dir='ltr'>et</span> <span class='ocrx_word' id='word_1_613' title='bbox 1110 2672 1225 2694; x_wconf 82' lang='lat' dir='ltr'>exem·</span> <span class='ocrx_word' id='word_1_614' title='bbox 1276 2658 1334 2692; x_wconf 89' lang='lat' dir='ltr'>hic</span> <span class='ocrx_word' id='word_1_615' title='bbox 1350 2660 1478 2692; x_wconf 84' lang='lat' dir='ltr'>nostris</span> <span class='ocrx_word' id='word_1_616' title='bbox 1495 2658 1657 2691; x_wconf 86' lang='lat' dir='ltr'>successit</span> <span class='ocrx_word' id='word_1_617' title='bbox 1675 2657 1814 2690; x_wconf 86' lang='lat' dir='ltr'>sedibus</span> <span class='ocrx_word' id='word_1_618' title='bbox 1837 2653 1985 2698; x_wconf 66' lang='lat' dir='ltr'>hospes?</span> <span class='ocrx_word' id='word_1_619' title='bbox 2038 2654 2105 2688; x_wconf 87' lang='lat' dir='ltr'>Hic</span> <span class='ocrx_word' id='word_1_620' title='bbox 2129 2666 2189 2698; x_wconf 89' lang='lat' dir='ltr'>per</span> <span class='ocrx_word' id='word_1_621' title='bbox 2215 2665 2249 2686; x_wconf 90' lang='lat' dir='ltr'>se</span> 
     </span>
    </p>
   </div>
  </div>
 </body>
</html>
