2379 2948
210 135 278 170 571

216 218 360 253 aliunde
393 215 653 261 qualescunque
685 209 922 249 differentias,
965 215 1018 242 ut:
1054 208 1200 242 Animal

218 269 391 303 dividitur
417 277 477 310 pcr
500 261 714 296 differentias
743 261 778 292 in
808 260 946 304 species.
981 259 1201 293 Animalium
1226 293 1228 306 ,1

219 321 314 355 aliud
334 316 520 353 rationale,
548 320 584 345 nt
609 310 732 349 homo,
760 311 857 344 aliud
882 312 957 344 sine
984 311 1119 344 ratione
1144 316 1204 349 cst,

220 373 356 408 mbos,
384 376 511 411 eqth,
539 371 601 398 etc.

223 422 348 455 tatibus
366 418 636 454 discernuntur,
665 421 718 447 ut:
748 412 817 446 Bos
833 420 882 447 est
899 413 1030 446 animal
1049 413 1205 458 quadru-

223 483 299 516 pes,
321 474 530 507 cornutum,
558 466 737 508 mugiens,
765 471 827 498 etc.
879 463 1077 497 Habituum
1103 462 1206 495 diffe-

222 521 355 556 rentiae
386 518 472 551 alias
498 529 514 550 a
541 516 723 556 subiectis,
751 516 835 548 alias
859 516 902 547 ab
927 515 1092 553 obiectis,
1121 513 1206 546 alias

224 574 267 606 311
293 570 473 604 effectibus
493 575 701 606 sumuntur,
734 573 790 605 nt,
825 563 1009 599 habituum
1040 565 1099 597 alii
1127 569 1208 596 sunt

226 622 367 657 babitus
393 620 609 657 intellectus,
634 624 671 650 nt
696 616 865 656 noticiae,
887 617 946 648 alii
972 623 1054 649 sunt
1080 615 1206 648 volun·

225 675 324 712 tatis,
352 679 390 705 ut
408 671 564 703 virtutes.
619 667 677 701 Sic
694 668 786 711 apud
814 667 965 699 medicos
987 665 1208 699 differentiae

226 725 432 759 morborum
446 721 597 753 illustres
615 732 632 751 a
650 718 735 751 locis
750 717 879 750 affectis
897 724 1097 752 sumuntur.
1126 716 1209 748 Yir-

225 783 339 810 tutum
361 773 490 817 species
506 770 626 803 multis
644 769 788 801 obiectis
811 769 1077 802 discernuntur:
1108 765 1208 801 Aliae

227 825 429 860 immediate
452 834 529 855 cum
554 819 629 854 Deo
654 826 780 862 agunt,
808 826 845 852 ut
868 820 973 859 fides,
1001 819 1108 852 timor
1132 817 1209 857 Dei,

226 876 365 914 fiducia,
391 884 478 917 spes,
505 872 645 904 dilectio
664 870 741 904 Dei.
773 870 1075 903 Aliae‘intuentur
1093 868 1208 902 homi-

228 940 308 967 nes,
350 932 388 958 ut
423 923 560 957 iusticia
592 922 812 965 particularis
849 934 949 954 sunm
985 922 1112 966 cuique
1145 919 1209 953 tri-

227 980 354 1011 buens:
385 973 635 1018 Temperantia
653 974 857 1005 moderatur
876 973 1071 1015 voluptates
1091 971 1159 1004 cibi
1178 977 1210 1003 et

226 1037 344 1074 potus:
375 1026 523 1059 Castitas
544 1022 707 1068 prohibet
724 1024 956 1056 contaminari
976 1035 1122 1067 corpora
1149 1034 1208 1054 va-

226 1082 277 1124 gis
303 1077 533 1116 libidinibus,
568 1082 629 1108 etc.
685 1074 849 1107 Vindicta
872 1074 1045 1107 dividitur
1069 1074 1105 1106 in
1130 1073 1209 1105 vin-

227 1132 355 1163 dictam
381 1128 578 1161 ordinatam
604 1132 636 1158 et
662 1126 912 1160 inordinatam.
965 1123 1016 1157 Ac
1044 1125 1210 1157 differen-

226 1183 294 1215 tiae
319 1193 334 1212 a
361 1178 472 1212 causis
497 1183 697 1210 sumuntur.
762 1174 938 1208 Ordinata
966 1182 1032 1213 est,
1063 1187 1149 1220 quae
1176 1175 1210 1207 fit

228 1233 321 1265 iuxta
348 1231 440 1272 leges
466 1241 526 1273 per
551 1227 793 1270 magistratus,
829 1225 917 1258 11308
946 1228 1118 1270 approbat
1144 1237 1210 1257 vox

228 1281 421 1324 Evangelii.
480 1278 706 1318 Inordinata,
737 1289 824 1322 quae
841 1278 877 1310 fit
903 1277 978 1309 sine
1004 1278 1119 1320 legum
1149 1289 1210 1309 au-

228 1334 367 1368 toritate
386 1343 447 1375 per
464 1330 637 1374 privatos,
658 1327 743 1361 haec
761 1326 938 1372 prohibita
957 1335 1017 1363 est.
1064 1327 1102 1360 ln
1124 1339 1211 1372 qua-

230 1385 313 1416 libet
338 1382 444 1425 igitur
469 1380 610 1413 materia
638 1379 826 1420 diligenter
856 1390 981 1421 genera
1013 1379 1211 1423 quaerenda

231 1440 329 1473 sunt,
356 1439 395 1465 ut
413 1432 504 1464 infra
521 1430 557 1462 in
574 1430 657 1462 locis
674 1430 862 1462 dicendum
882 1429 963 1467 erit,
987 1437 1018 1461 et
1041 1435 1131 1461 recte
1158 1428 1212 1460 di-

231 1485 401 1523 videnda,
432 1488 463 1515 et
488 1481 698 1519 videndum,
738 1480 832 1512 unde
867 1480 956 1512 suini
991 1479 1212 1512 differentiae

231 1535 375 1580 possint.
432 1532 623 1565 Incurrunt
640 1538 756 1563 autem
777 1531 813 1562 in
837 1542 957 1562 sensus
981 1531 1098 1575 aliqua
1123 1530 1212 1562 acci-

231 1586 368 1622 dentia,
397 1590 429 1617 et
444 1582 644 1615 ess'ectiones
664 1582 819 1625 aliquae,
848 1594 936 1625 quae
955 1582 1008 1613 vel
1034 1581 1214 1613 deducunt

230 1636 508 1670 considerantem
539 1634 582 1665 ad
611 1632 824 1665 differentias
859 1632 943 1663 alias
972 1632 1214 1672 inveniendas,

230 1689 281 1720 xel
301 1698 364 1730 pro
384 1683 592 1718 differentiis
608 1690 833 1726 usurpantur.

394 1774 486 1814 Quae
509 1776 557 1804 esi
580 1772 681 1804 tertia
701 1771 814 1812 formu
839 1770 1061 1804 divisionum?

331 1837 452 1870 'l‘ertia
468 1836 580 1868 forma
599 1841 662 1867 est:
689 1833 828 1868 Divisio
848 1835 953 1867 totins
973 1835 1008 1866 in
1027 1841 1141 1877 partes
1155 1844 1214 1865 seu

234 1888 433 1922 essentiales
454 1898 513 1919 seu
539 1885 735 1928 integrales.
789 1884 891 1917 Hanc
914 1885 1062 1917 sormam
1090 1884 1213 1918 Cicero

233 1939 373 1984 proprie
407 1937 564 1969 nominat
606 1936 852 1980 partitionem,
893 1936 975 1980 quia
1007 1943 1121 1980 partes
1154 1947 1213 1968 seu

232 1992 386 2023 membr.-
413 1995 577 2020 recenset.
630 1985 676 2019 Et
709 1999 727 2019 a
762 1987 942 2030 superiore
974 1988 1084 2020 forma
1113 1987 1214 2018 facile

231 2040 384 2074 discerni
403 2046 522 2083 potest.
551 2036 639 2070 Nam
658 2037 784 2070 divisio
800 2038 936 2080 generis
954 2038 1090 2082 quaerit
1104 2037 1213 2070 multa

234 2091 420 2130 inferiora,
448 2091 489 2122 de
507 2088 635 2133 quibus
658 2098 766 2130 genus
784 2089 976 2132 praedicari
996 2095 1117 2132 potest.
1168 2089 1214 2120 At

233 2142 360 2176 divisio
389 2141 495 2174 totius
525 2140 560 2171 in
587 2145 701 2182 partes
730 2145 779 2171 est
810 2140 1027 2173 enumeratio
1061 2140 1212 2184 partium

233 2192 520 2227 constituentium
540 2202 647 2223 unam
666 2189 818 2234 aliquam
839 2202 930 2228 rem,
960 2197 1018 2229 nt,
1045 2191 1071 2223 si
1090 2202 1214 2233 corpo-

234 2246 281 2277 ris
300 2242 446 2276 hnmani
465 2248 576 2286 partes
595 2241 792 2281 discernas,
820 2248 936 2285 caput,
963 2242 1106 2279 collum,
1135 2240 1214 2274 tho-

234 2307 368 2334 racem,
403 2306 480 2331 cor,
517 2304 614 2336 epar,
651 2299 831 2331 ventrem,
864 2292 1041 2334 splenem,
1077 2293 1213 2333 spinam

234 2346 350 2384 dorsi,
383 2342 546 2383 brachia,
583 2343 709 2386 pedes,
745 2349 807 2375 etc.
869 2341 1022 2385 Magnus
1051 2354 1133 2375 usus
1166 2351 1213 2375 cst

235 2405 266 2429 et
286 2394 390 2429 110105
409 2396 540 2427 formae
557 2394 592 2425 iu
612 2400 681 2426 tota
703 2394 784 2428 vita.
819 2393 921 2436 Legis
940 2393 1117 2425 'Mosaicae
1135 2406 1214 2437 paz·-

237 2453 368 2479 testres
383 2452 479 2478 sunt:
508 2443 676 2482 Moralis,
704 2445 883 2477 Indicialis
902 2452 934 2478 et
951 2443 1212 2480 Cet-emonialis.

235 2497 308 2529 Nec
326 2503 461 2529 tantum
481 2496 522 2527 de
539 2494 694 2527 Mosaica
716 2496 787 2538 lege
805 2497 940 2527 ntimnr
963 2493 1027 2528 1138
1054 2495 1212 2539 partitio-

236 2559 300 2586 ne,
326 2548 385 2578 sed
417 2547 452 2577 in
483 2546 579 2577 omni
609 2547 750 2589 politica
781 2547 1037 2589 gubernatione
1069 2544 1213 2579 honesta

235 2605 317 2631 sunt
343 2604 411 2629 tres
439 2603 562 2638 partes.
615 2596 685 2629 Lex
712 2597 874 2636 moralis,
898 2610 984 2641 quae
1008 2610 1078 2630 una
1103 2605 1134 2630 et
1155 2609 1213 2629 ea·-

235 2651 313 2681 dem
339 2653 387 2679 est
412 2646 542 2689 ubique
567 2654 598 2678 et
627 2654 786 2687 aeterna,
822 2649 982 2682 videlicet
1008 2647 1214 2691 DecaloguS,

236 2708 273 2733 ut
294 2698 419 2731 usitate
443 2696 667 2729 nominamus
692 2699 856 2731 moralem
883 2699 1021 2743 Legem.
1074 2698 1212 2732 Deinde

451 127 657 164 SCRIPTA
687 125 760 159 PH.
789 121 903 157 MEL.
932 121 997 156 AD
1024 120 1151 156 HIST.
1179 119 1322 158 PROF.
1350 120 1415 157 ET
1445 120 1636 156 PHILOS.
1665 121 1985 160 SPECI'ANTIA.

1227 319 1229 333 1

2163 123 2238 160 572

1254 208 1440 243 iudicialis.
1494 206 1571 241 Etsi
1605 207 1698 240 enim
1724 207 1820 242 Most
1847 209 1963 242 sorum
1988 207 2081 242 1111111
2105 210 2148 243 ad
2174 220 2237 243 nos

1256 260 1424 303 pertinet,
1461 267 1576 293 tamen
1606 259 1739 304 ubique
1765 265 1902 303 oportet
1925 271 1997 293 esse
2023 260 2170 301 iudicia,
2205 267 2238 293 et

1228 346 1229 355 1
1256 311 1499 353 magistratus,
1534 311 1595 355 qui
1627 310 1698 344 sint
1729 316 1930 343 executores
1961 322 2173 354 poenarum,
2209 311 2237 343 si

656 362 730 396 Hae
752 363 882 406 species
899 362 1026 395 deinde
1043 361 1204 406 proprie·
1227 360 1230 364 ’

1257 361 1318 406 qni
1336 362 1468 395 violant
1493 362 1603 405 legem
1630 362 1815 400 moralem,
1844 367 1982 404 oportet
2005 361 2156 394 discerni
2174 362 2238 395 do-

1257 412 1365 445 minia
1384 424 1514 447 rerum.
1567 412 1648 446 Sint
1665 412 1772 455 igitur
1789 412 1927 457 aliquae
1951 411 2152 451 iudiciales,
2177 424 2239 445 seu

1256 463 1412 496 forenses
1429 464 1520 507 leges
1535 463 1638 497 etiam
1656 464 1692 495 in
1710 463 1787 495 aliis
1810 462 1986 507 imperiis,
2013 474 2076 495 nec
2103 473 2240 495 necesse

1259 521 1308 547 est
1329 526 1345 546 a
1372 515 1475 548 nobis
1500 515 1607 557 recipi
1626 513 1809 549 Μ11531835,
1863 513 1931 547 Sed
1960 515 2002 546 de
2020 513 2240 546 Ceremoniis

1259 565 1463 607 cogitemus.
1518 563 1593 598 Etsi
1611 562 1702 597 nihil
1719 566 1760 598 ad
1780 575 1843 597 nos
1871 565 2047 609 pertinent
2067 562 2161 596 Mosi
2186 576 2241 597 ce-

1261 615 1455 653 remoniae,
1483 623 1598 649 tamen
1625 616 1661 647 in
1691 613 1752 648 hac
1777 613 1963 648 hominum
1986 614 2241 649 consuetudine

1261 678 1398 699 necesse
1417 673 1467 700 est
1483 664 1669 699 honestum
1688 666 1849 699 ordinem
1869 667 2047 700 actionum
2066 677 2149 705 esse,
2179 677 2241 698 ne-

1261 728 1352 750 cesse
1371 724 1421 750 est
1441 728 1647 759 congressus
1665 717 1824 760 publicos
1842 717 1878 750 in
1895 717 2033 761 templis
2044 717 2123 750 etin
2140 714 2242 749 scho-

1261 769 1304 801 lis
1322 769 1448 801 ordine
1466 769 1584 813 aliquo
1603 767 1675 800 fieri
1690 795 1697 807 ,
1726 779 1864 800 necesse
1881 775 1931 801 est
1955 767 2243 812 patremfamilias

1261 819 1471 852 distribuere
1491 819 1610 851 liberis
1634 825 1791 862 tempora
1812 818 1986 859 discendi,
2013 819 2098 851 alias
2121 830 2243 862 operas

1262 870 1422 903 faciendi.
1465 870 1596 903 Paulus
1615 881 1786 902 summam
1807 869 1996 909 virtutum,
2021 881 2108 914 quae
2124 880 2243 902 neces-

1262 921 1371 954 sariae
1392 927 1474 954 sunt
1490 921 1525 953 in
1550 920 1709 966 quolibet
1731 920 1843 958 111510,
1867 918 1920 952 1115
1949 922 2061 953 verbis
2086 920 2243 964 comple-

1262 985 1324 1005 xus
1351 980 1418 1013 est,
1449 973 1486 1004 in
1513 974 1629 1015 priore
1654 972 1694 1003 ad
1723 968 1952 1004 Timotheum
1975 971 2086 1015 capite
2111 971 2242 1015 primo:

1263 1022 1406 1056 Summa
1441 1023 1598 1056 mandati
1630 1029 1679 1055 est
1714 1021 1854 1055 dilectio
1881 1034 1919 1054 ex
1942 1023 2047 1054 corde
2069 1034 2177 1066 puro,
2211 1028 2243 1054 et

1263 1074 1474 1108 conscientia
1494 1075 1604 1113 bona,
1633 1080 1664 1106 et
1681 1073 1747 1105 fide
1765 1085 1836 1106 non
1855 1072 1942 1105 ficta.
1996 1071 2097 1106 ltem:
2125 1072 2244 1106 Mitita

1265 1126 1391 1158 bonam
1414 1125 1576 1157 militiam
1596 1123 1728 1157 babens
1744 1125 1847 1156 fidem
1865 1130 1897 1156 et
1914 1123 2043 1156 bonam
2063 1123 2244 1156 conscien—

1265 1177 1359 1210 tiam.
1414 1175 1518 1209 Tales
1534 1176 1655 1208 breves
1673 1186 1826 1207 summas
1843 1174 1999 1207 arbitror
2015 1174 2129 1218 ipsum
2146 1173 2245 1218 Apo-

1263 1227 1392 1260 stolum
1409 1227 1578 1270 singulari
1602 1225 1751 1259 consilio
1780 1225 2020 1269 proposuisse,
2049 1231 2087 1258 ut
2109 1225 2246 1258 assidue

1265 1279 1301 1311 111
1317 1278 1497 1311 mentibus
1514 1278 1739 1310 circumferre
1757 1277 1930 1320 possimus
1945 1275 2140 1309 doctrinam
2165 1276 2246 1309 bre-

1265 1329 1355 1362 viter
1374 1326 1684 1372 comprehensam,
1712 1334 1743 1361 et
1761 1327 1928 1365 sciamus,
1955 1338 2041 1370 quas
2066 1338 2120 1359 res
2146 1338 2246 1370 prae-

1265 1380 1365 1422 cipue
1384 1380 1645 1422 complectatur.
1703 1374 1781 1410 Vita
1801 1376 1874 1410 Deo
1893 1377 2031 1420 placens
2049 1382 2161 1410 totum
2187 1385 2246 1419 est,

1265 1438 1398 1474 partes,
1427 1428 1513 1463 fides
1538 1437 1570 1463 et
1595 1429 1731 1462 iusticia
1753 1429 1867 1461 bonae
1884 1427 2128 1462 conscientiae.
2181 1428 2247 1462 Di-

1266 1481 1354 1513 visio
1388 1481 1516 1523 peccati
1546 1480 1580 1512 in
1606 1480 1735 1523 species
1764 1477 1847 1512 11388
1877 1485 1940 1511 851;
1977 1477 2163 1512 Peccatum
2187 1488 2247 1514 aut

1267 1538 1315 1564 est
1333 1531 1504 1574 originale
1522 1538 1579 1563 aut
1600 1531 1745 1564 actuale.
1800 1527 1987 1572 Originale
2012 1535 2063 1562 est
2089 1530 2245 1564 desectus

1268 1582 1426 1624 iusticiae
1449 1581 1649 1623 originalis,
1677 1592 1765 1626 quae
1791 1581 1940 1613 debebat
1962 1580 1998 1611 in
2025 1577 2169 1613 homine
2191 1581 2247 1615 lu-

1268 1645 1355 1668 cere.
1410 1632 1555 1665 Actnale
1572 1638 1621 1665 est
1637 1632 1725 1665 actio
1744 1638 1864 1664 contra
1882 1631 1989 1673 legem
2007 1629 2086 1663 Dei,
2136 1630 2247 1677 quue

1266 1695 1388 1717 rursus
1407 1683 1615 1716 dividimus:
1646 1681 1755 1715 Aliud
1780 1689 1830 1715 est
1855 1681 2005 1720 veniale,
2031 1681 2127 1715 aliud
2153 1694 2247 1717 mor·-

1268 1735 1347 1769 tale.
1402 1733 1561 1766 Venialia
1586 1741 1667 1767 sunt
1690 1734 1725 1765 in
1750 1733 1879 1766 renatis
1904 1732 2075 1775 originale
2103 1733 2248 1776 malum,

1268 1786 1326 1819 sed
1345 1786 1604 1818 condonatum:
1640 1784 1723 1817 item
1749 1784 1893 1817 affectus
1916 1783 2032 1817 vitiosi
2050 1792 2246 1828 pugnantes

1268 1849 1347 1870 cum
1370 1837 1442 1879 lege
1464 1835 1548 1876 Dei,
1583 1836 1710 1880 quibus
1735 1842 1852 1868 tamen
1878 1834 1926 1877 pii
1951 1842 2167 1878 repugnant,
2202 1849 2246 1870 ne

1268 1894 1387 1920 contra
1413 1887 1662 1919 conscientiam
1691 1886 1824 1918 violent
1849 1886 1958 1927 legem
1982 1885 2072 1925 Dei,
2106 1893 2139 1919 et
2162 1889 2247 1921 reti-

1268 1945 1354 1972 nent
1380 1938 1544 1971 fiduciam
1577 1937 1837 1969 misericordiae
1870 1942 2012 1979 propter
2043 1935 2155 1969 filium
2180 1937 2247 1971 Dei

1267 1989 1470 2033 promissae.
1530 1988 1699 2021 Mortalia
1728 1993 1810 2020 sunt
1831 1986 2017 2028 originalia
2041 1994 2074 2020 et
2098 1990 2246 2022 actualia

1268 2040 1384 2073 omnia
1403 2040 1439 2072 in
1457 2051 1529 2071 non
1546 2038 1688 2071 renatis.
1724 2037 1793 2071 Sed
1811 2049 1889 2070 cum
1906 2037 1947 2069 de
1965 2037 2122 2081 lapsibus
2144 2051 2246 2073 rena-

1268 2098 1384 2124 torum
1401 2090 1600 2135 loquimur,
1627 2088 1788 2122 mortalia
1807 2094 1888 2122 sunt
1909 2088 2064 2121 actiones
2088 2101 2248 2134 pugnan-

1267 2149 1317 2175 tes
1335 2153 1414 2174 cum
1434 2142 1507 2184 lege
1527 2140 1603 2178 Dei,
1621 2140 1749 2185 quibus
1766 2140 2010 2183 delinquentes
2027 2146 2147 2174 contra
2164 2154 2248 2175 con-

1267 2193 1447 2226 scientiam
1482 2191 1616 2224 violant
1644 2191 1755 2234 legem
1780 2189 1863 2230 Dei,
1898 2197 1930 2224 et
1958 2198 2142 2235 propterea
2163 2199 2247 2226 tunc

1268 2243 1319 2277 rei
1341 2244 1429 2276 fiunt
1455 2249 1615 2276 aeternae
1642 2241 1898 2280 damnationis,
1926 2241 2034 2275 effuso
2060 2249 2092 2276 et
2115 2244 2248 2277 coutri-

1269 2301 1357 2327 stato
1383 2293 1518 2337 Spiritu
1546 2299 1679 2326 sancto.
1741 2292 1969 2338 Nequaquam
2001 2293 2094 2326 enim
2123 2293 2247 2337 imagi-

1267 2346 1425 2378 nandum
1444 2351 1512 2384 est‚
1539 2342 1710 2376 Davidem
1730 2356 1807 2376 cum
1825 2343 1936 2376 sciens
1959 2350 1991 2376 et
2015 2344 2136 2376 volens
2157 2346 2247 2389 rapit

1268 2396 1412 2429 alterius
1430 2395 1631 2438 coniugem,
1660 2402 1743 2428 tnnc
1761 2393 1876 2427 adhuc
1901 2394 2050 2427 retinere
2073 2394 2247 2428 iusticiam

1268 2454 1301 2480 et
1316 2446 1487 2489 Spiritum
1513 2452 1685 2478 sanctum.
1740 2445 1808 2479 Sed
1835 2445 2029 2478 iudicemus
2053 2445 2095 2477 dc
2121 2446 2246 2480 volun-

1270 2504 1336 2531 tate
1354 2497 1443 2536 Dei,
1472 2497 1560 2529 sicut
1577 2497 1649 2540 ipse
1666 2509 1728 2530 nos
1747 2499 1855 2529 docet.
1911 2494 2010 2528 Clare
2025 2502 2140 2528 autem
2163 2498 2249 2530 scri-

1240 2573 1241 2578 ,
1268 2556 1365 2593 ptum
1392 2554 1457 2580 est:
1494 2546 1642 2592 Propter
1670 2545 1753 2581 haec
1780 2547 1874 2580 venit
1897 2546 1947 2579 ira
1975 2545 2039 2579 Dei
2064 2558 2167 2591 super
2192 2548 2248 2581 in-

1268 2599 1480 2633 obedientes.
