2379 2948
175 95 272 133 1207

175 195 280 224 num,
309 193 398 228 quae
414 181 511 215 Deus
530 180 607 213 vult
624 185 706 213 nota
726 190 810 221 esse,
838 186 877 213 ut
897 179 935 212 in
954 179 1058 213 nobis
1076 192 1167 224 quo-

775 92 899 128 PHIL.
926 90 1042 129 MEL.
1072 90 1284 129 SCRIPTA
1311 90 1615 128 EXEGETICA.

2117 96 2216 132 1208

1325 178 1471 213 Tertius
1487 175 1692 226 αἰτιολογία
1716 185 1777 213 est.
1811 178 1930 214 Parcit
1945 178 2041 213 Deus
2061 181 2217 215 infirmi-

175 246 243 279 que
263 234 502 267 accendantur
528 231 614 263 fides
639 237 672 264 et
696 242 792 274 spe5‚
817 231 942 275 petitio
958 238 991 265 et
1008 237 1169 274 expecta-
1194 243 1197 256 ι
1223 230 1286 264 tati
1314 238 1474 271 nostrae,
1507 243 1571 263 nec
1603 230 1688 263 sinit
1713 237 1886 276 tyrannos
1917 238 2085 275 perpetuo
2119 244 2218 277 gras-

175 285 224 319 tio
243 283 485 323 liberationis,
512 293 557 315 ne
575 282 677 315 fracti
699 282 947 326 desperatione
965 282 1169 315 deficiamus

175 348 194 370 a
210 334 305 376 Deo,
333 341 365 368 et
383 333 593 367 abiiciamus
613 333 870 366 confessionem
889 333 1056 367 veritatis.

277 400 421 435 Dictum
444 407 495 434 est
519 407 635 433 autem
661 412 782 444 saepe,
809 401 1062 444 gratitudinem
1083 412 1170 433 con—

176 454 290 487 tinere
316 454 403 486 duas
429 453 596 489 virtutes,
630 451 810 484 veritatem
836 459 870 485 et
893 452 1087 492 iusticiam,
1123 451 1170 484 ita

177 502 234 537 hic
253 511 345 538 extat
363 503 547 543 confessio,
575 515 664 547 quae
682 509 730 536 est
749 503 893 547 propria
910 503 1078 543 veritatis,
1107 502 1169 535 ad-

176 555 321 588 firmans
343 567 416 588 non
432 552 599 587 humanis
619 554 777 587 consiliis
793 561 827 587 et
846 554 1030 598 praesidiis
1047 553 1169 589 Eccle-

179 606 264 639 siam
287 606 425 649 colligi,
449 605 601 646 servari,
630 605 794 643 defendi,
822 605 987 646 liberari,
1030 605 1089 638 sed
1114 604 1169 637 di-

178 656 332 698 vinitus,
358 658 448 691 sicut
465 668 567 700 saepe
590 657 725 690 dictum
744 663 794 689 est
817 656 854 688 in
874 654 985 689 Osea:
1014 655 1169 690 Salvabo

178 719 242 742 vos
260 708 387 741 nonin
408 720 511 752 arcu,
540 719 613 740 non
640 707 677 740 in
697 706 836 750 gladio,
863 708 923 739 sed
952 707 990 739 in
1012 706 1169 740 Domino

178 757 255 793 Deo
270 766 398 793 vestro.
451 757 538 792 Item
564 759 602 791 in
626 756 814 791 Zacharia:
843 757 924 791 Non
942 758 979 790 in
1003 758 1169 798 exercitu,

178 822 252 843 non
276 811 313 845 in
337 812 483 850 robore,
508 811 568 843 sed
594 810 630 842 in
649 809 787 853 Spiritu
812 821 910 849 meo,
937 809 1022 842 dicit
1044 808 1171 843 Domi-

179 873 258 896 nus,
309 860 411 894 Hanc
439 861 543 893 fidem
561 860 705 894 accendi
721 859 818 892 Deus
844 860 921 893 vult
946 860 983 893 in
1000 858 1170 900 Ecclesia,

179 919 211 945 et
229 909 294 944 hac
317 912 384 945 fide
406 912 476 956 peti
500 918 531 944 et
552 911 725 955 expectari
750 910 933 945 auxilium.
988 911 1074 944 Item
1094 923 1170 944 mo-

179 969 240 996 net
264 960 321 996 hic
343 962 522 1003 Psalmus,
549 969 587 995 ut
605 961 752 995 Davidis
776 962 919 994 exilium
945 962 1012 995 fuit
1037 962 1170 995 malum

180 1014 424 1048 inextricabile
442 1011 599 1046 humano
624 1013 793 1053 consilio,
821 1014 879 1045 sed
904 1013 1033 1047 retinet
1055 1013 1172 1053 fidem,

182 1072 215 1099 et
231 1065 318 1109 petit
335 1072 368 1098 et
387 1071 543 1109 expectat
566 1077 582 1096 a
601 1064 675 1098 Deo
692 1064 960 1104 liberationem,
988 1065 1035 1098 ita
1050 1071 1170 1108 postea

180 1116 359 1161 praedicat
392 1127 428 1149 se
466 1116 640 1149 divinitus
678 1114 879 1148 restitutum
916 1126 1008 1156 esse,
1060 1122 1094 1149 et
1133 1115 1172 1147 in

181 1165 249 1200 hoc
276 1166 416 1200 Psalmo
446 1167 483 1199 in
509 1167 577 1200 fine
605 1163 691 1199 haec
715 1166 835 1209 regula
863 1167 1036 1210 generalis
1060 1166 1173 1200 tradi-

180 1225 253 1252 tur:
297 1215 533 1251 Adiutorium
570 1221 735 1250 nostrum
764 1216 803 1250 in
832 1216 978 1250 nomine
1002 1215 1174 1259 Domini,

181 1269 218 1302 id
241 1276 310 1311 est,
337 1270 375 1303 in
395 1269 578 1313 agnitione
594 1276 629 1303 et
644 1269 868 1302 invocatione
888 1268 1052 1311 Domini,
1077 1277 1140 1304 etc.

328 1399 661 1445 Argumentum
689 1408 739 1430 ac
767 1395 1039 1441 dispositio

490 1463 650 1504 Psalmi
681 1462 862 1505 CXXV.

541 1537 737 1565 Graduum
760 1535 811 1565 VI.

236 1600 304 1639 Qm·
334 1596 524 1645 confidunt
552 1600 591 1631 in
614 1598 796 1639 Dome'm),
831 1598 930 1630 sicut
952 1608 1057 1631 mons
1082 1600 1176 1631 Zion
1201 1622 1202 1629 κ
1297 1631 1304 1638 ,

1201 1640 1202 1645 ’
1229 1632 1430 1674 telligatur,
1459 1644 1491 1676 q.
1506 1632 1541 1666 d.
1560 1630 1739 1671 Fuerunt,
1765 1638 1847 1664 sunt
1872 1637 1905 1664 et
1927 1637 2032 1664 erunt
2056 1642 2220 1676 persecu-

236 1661 310 1684 non
337 1648 680 1691 commovebuntur,
706 1653 773 1682 etc.

292 1725 484 1759 Promissio
524 1732 574 1759 est
614 1735 715 1768 saepe
759 1724 925 1768 repetita,

186 1789 258 1811 esse
291 1778 512 1810 liberandam
537 1788 576 1809 ex
601 1775 845 1819 praesentibus
879 1776 1075 1816 aerumnis,
1112 1788 1175 1809 nec

184 1829 293 1862 deleri
325 1841 400 1861 eam
434 1839 534 1872 posse
566 1826 747 1860 furoribus
786 1826 995 1869 impiorum,
1038 1827 1176 1860 etiamsi

185 1892 329 1923 magnae
349 1887 452 1912 erunt
472 1878 742 1923 persecutiones,
767 1878 859 1911 utin
877 1878 988 1921 prima
1006 1878 1175 1911 concione

185 1931 319 1964 dictum
337 1938 403 1964 est:
432 1929 566 1962 Ponam
592 1928 800 1962 inimicicias
818 1929 910 1962 inter
926 1936 1123 1972 serpentem
1142 1936 1176 1962 et

185 1993 301 2014 semen
337 1981 512 2021 mulieris,
558 1987 591 2013 et
617 1991 734 2012 semen
765 1980 924 2012 mulieris
955 1980 1176 2014 conculcabit

185 2040 289 2076 capnt
312 2032 495 2076 serpentis.
529 2030 573 2064 Et
590 2030 683 2064 Psal.
700 2031 777 2065 33.:
807 2030 944 2064 Multae
961 2038 1043 2064 sunt
1061 2031 1175 2065 tribu-

184 2083 333 2117 lationes
359 2083 551 2121 iustorum,
586 2082 645 2114 sed
670 2092 709 2113 ex
734 2079 789 2113 his
822 2082 988 2115 omnibus
1010 2083 1176 2116 liberabit

184 2146 243 2167 eos
256 2134 444 2168 Dominus,
471 2132 517 2167 Et
534 2132 662 2166 Psalm.
677 2131 752 2167 44.:
779 2132 871 2166 Iacta
890 2145 1009 2166 curam
1026 2141 1118 2167 tuam
1138 2134 1174 2166 in

183 2184 320 2229 Deum,
348 2193 380 2219 et
404 2186 478 2229 ipse
496 2191 528 2218 te
549 2184 778 2223 sustentabit,
807 2195 869 2216 nec
887 2185 984 2217 dabit
1003 2185 1039 2217 in
1063 2192 1172 2218 aeter-

184 2249 269 2269 num
294 2236 561 2270 fluctuationem
586 2235 689 2268 iusto.
750 2233 802 2267 Ita
833 2232 890 2267 hie
913 2236 1175 2270 confidentibus

184 2288 221 2320 in
237 2287 433 2321 Dominum
458 2286 680 2331 promittitur
705 2285 879 2320 liberatio.

285 2354 426 2387 Primus
453 2365 574 2387 versus
600 2352 796 2396 propositio
823 2359 894 2391 est,
923 2352 1096 2387 illustrata
1125 2353 1173 2386 si-

184 2405 388 2439 militudine
408 2412 520 2438 sumta
540 2417 558 2438 a
575 2404 741 2438 firmitate
758 2404 898 2436 montis.

287 2472 471 2506 Secundus
488 2483 610 2505 versus
634 2472 797 2515 repetitio
823 2479 872 2505 est
899 2472 1170 2516 propositionis:

185 2520 370 2556 Dominus
385 2523 542 2570 protegit
558 2521 733 2570 populum
756 2535 882 2562 suum,
907 2523 996 2557 sicut
1012 2524 1096 2557 alibi
1116 2524 1172 2556 di-

184 2574 292 2607 citur:
320 2573 395 2617 Ego
421 2588 479 2608 ero
503 2587 626 2608 murus
651 2575 773 2617 igneus
799 2575 835 2607 in
862 2575 1012 2608 circuitu
1038 2587 1170 2608 eorum.

183 2622 230 2658 Et
256 2636 376 2657 rursus
403 2633 451 2658 est
477 2626 594 2659 addita
621 2626 756 2669 imago,
794 2626 883 2660 sicut
904 2624 1091 2659 Ierusalem
1119 2633 1169 2660 est

184 2675 401 2709 circumdata
419 2676 609 2709 montibus.

980 1723 1175 1758 Ecclesiam
1201 1725 1203 1758 i

1223 281 1313 322 sari,
1341 293 1385 314 ne
1402 292 1546 325 prorsus
1564 282 1722 315 deleatur
1739 279 1914 321 Ecclesia,
1942 294 1987 315 ne
2008 284 2216 327 propagatio

1223 332 1406 366 doctrinae
1422 339 1452 366 et
1474 333 1529 377 pia
1548 332 1723 366 institutio
1742 344 1887 376 prorsus
1904 333 2074 367 deleatur.
2129 333 2215 369 Ideo

1223 383 1324 417 dicit:
1361 380 1507 429 Virga,
1536 384 1571 417 id
1595 390 1664 425 est,
1690 387 1872 430 sceptrum
1896 382 2115 430 impiorum,
2145 396 2219 419 non

1219 433 1448 481 permanebit
1479 446 1591 482 super
1619 439 1715 470 sorte
1755 435 1954 477 iustorum,
1998 435 2035 469 id
2058 443 2130 478 est,
2165 443 2221 482 ty-

1223 486 1327 518 ranni
1348 498 1419 519 non
1437 493 1607 530 perpetuo
1637 486 1934 520 dominabuntur.

1323 542 1383 579 Ne
1407 543 1607 579 extendant
1635 544 1726 579 iusti
1747 543 1802 579 ad
1821 545 2056 594 iniquitatem
2084 558 2220 581 manus

1223 608 1333 638 suas,
1361 597 1397 629 id
1423 604 1492 637 est,
1531 596 1583 630 Ne
1612 597 1823 640 languefacti
1851 599 1956 632 etiam
1982 597 2102 631 Sancti
2131 597 2222 632 defi-

1224 647 1338 689 ciant,
1383 648 1553 693 impedita
1592 650 1847 692 propagatione
1881 649 2083 691 doctrinae,
2126 656 2166 683 ut
2191 649 2222 683 si

1225 696 1426 733 Antiochus
1460 699 1595 733 diutius
1621 707 1795 742 grassatus
1822 708 1927 739 esset,
1962 700 2075 734 multo
2101 701 2222 745 plures

1226 750 1454 791 defecissent,
1482 751 1595 783 multo
1622 750 1785 793 pluribus
1811 751 1897 785 locis
1915 751 2037 785 fuisset
2061 752 2220 785 deletum

1226 808 1259 835 et
1277 801 1486 845 impeditum
1503 802 1760 842 ministerium,
1788 802 1878 837 sicut
1895 815 1989 836 nnnc
2007 803 2044 836 fit
2062 802 2101 835 in
2122 801 2221 836 Tur-

1225 852 1277 885 cia
1309 859 1340 885 et
1375 853 1453 886 aliis
1483 853 1620 896 regnis,
1662 853 1722 886 ubi
1753 853 1947 898 impeditur
1977 853 2218 888 ministerium

1225 903 1417 939 doctrinae.

1329 961 1486 1004 Quartus
1504 961 1657 1006 precatio
1676 969 1738 997 est.

1330 1020 1489 1065 Quintus
1508 1021 1737 1056 comminatio
1760 1028 1822 1056 est.

1356 1150 1700 1197 Aryumentum
1734 1161 1787 1184 ac
1824 1149 2085 1194 dispositio

1516 1217 1676 1257 Psalmi
1716 1215 1923 1258 CXXVI.

1577 1291 1604 1319 G
1613 1302 1627 1319 r
1635 1300 1651 1319 a
1659 1291 1678 1319 d
1687 1301 1704 1319 u
1714 1301 1731 1319 u
1741 1301 1767 1319 m
1792 1291 1856 1319 vn.

1279 1352 1370 1386 Cum
1406 1356 1593 1386 convertet
1613 1353 1797 1386 Dominus
1822 1353 2088 1396 captivitatem
2113 1353 2220 1393 Sion,

1279 1401 1380 1448 facti
1395 1415 1527 1437 sumus
1544 1405 1642 1437 sicut
1667 1405 1912 1438 somniantes.

1328 1477 1394 1513 Est
1412 1486 1444 1512 et
1461 1477 1518 1512 hic
1530 1478 1691 1512 Psalmus
1708 1479 1908 1512 communis
1924 1478 2131 1512 consolatio.
2157 1476 2221 1511 Est

1229 1530 1324 1563 enim
1354 1531 1511 1563 narratio
1546 1530 1792 1563 adflictionum
1822 1529 2019 1570 Ecclesiae,
2058 1536 2091 1563 et
2118 1540 2221 1572 prae-

1229 1581 1337 1613 dictio
1355 1581 1607 1613 liberationum
1619 1605 1628 1619 ,
1657 1592 1746 1625 quae
1771 1586 1939 1625 tanquam
1958 1579 2146 1625 promissio
2163 1579 2222 1612 in-

1229 1684 1344 1717 tiones
1360 1681 1555 1722 Ecclesiae,
1582 1683 1642 1715 sed
1657 1681 1753 1715 Deus
1770 1694 1844 1714 eam
1870 1682 1999 1716 liberat
2019 1682 2065 1715 ita
2083 1681 2220 1715 miran-

1230 1735 1284 1767 dis
1307 1733 1442 1776 modis,
1478 1741 1517 1767 ut
1544 1733 1685 1767 liberati
1713 1732 1830 1766 simus
1854 1731 1948 1766 velut
1980 1733 2220 1771 somniantes,

1230 1786 1265 1818 id
1292 1791 1362 1825 est,
1397 1791 1597 1829 stupentes,
1630 1785 1792 1825 attoniti,
1827 1784 1996 1819 mirantes
2020 1797 2086 1818 nos
2112 1795 2220 1829 supra

1229 1844 1262 1871 et
1281 1843 1375 1869 extra
1395 1836 1541 1869 consilia
1563 1833 1719 1869 humana
1736 1842 1891 1869 servatos
1909 1847 1992 1869 esse.

1332 1886 1517 1921 Secundus
1540 1893 1572 1920 et
1590 1887 1714 1920 tertius
1732 1898 1852 1921 versus
1870 1894 1953 1921 sunt
1974 1886 2219 1932 amplificatio-

1229 1951 1290 1972 nes
1306 1938 1528 1971 liberationis
1546 1945 1579 1971 et
1596 1938 1731 1980 gaudii.

1332 1997 1489 2041 Quartus
1507 1997 1660 2041 precatio
1685 2004 1752 2031 est:
1782 1996 1960 2030 Converte
1978 1996 2216 2040 captivitatem

1228 2055 1404 2090 nostram,
1439 2049 1529 2083 sicut
1558 2055 1749 2082 torrentem
1779 2047 1932 2081 desiccas
1953 2047 1991 2080 in
2015 2048 2102 2082 locis
2125 2048 2218 2083 Ara-

1228 2101 1321 2140 biae,
1346 2100 1381 2133 id
1400 2106 1470 2141 est,
1498 2111 1643 2145 prorsus
1667 2099 1766 2132 aufer
1784 2096 1847 2132 has
1866 2110 2064 2133 aerumnas.

1332 2159 1490 2203 Quintus
1512 2166 1546 2193 et
1564 2165 1679 2192 sextus
1703 2166 1785 2193 sunt
1808 2159 2033 2192 dulcissImae
2063 2159 2217 2204 promis-

1228 2212 1364 2253 siones,
1391 2210 1626 2245 similitudine
1650 2217 1763 2244 sumta
1790 2222 1809 2243 a
1834 2210 2018 2244 laboribus
2045 2211 2217 2254 agricola-

1227 2275 1318 2298 rum.
1373 2262 1514 2296 Deinde
1537 2274 1557 2295 a
1577 2261 1714 2294 laeticia
1748 2262 1925 2295 convectis
1955 2261 2134 2306 frugibus:
2172 2263 2217 2296 ad

1227 2312 1319 2348 hanc
1338 2313 1525 2357 imaginem
1541 2313 1675 2346 confert
1693 2313 1830 2347 labores
1846 2313 2061 2352 docentium,
2079 2313 2218 2347 discen-

1226 2366 1315 2399 tium
1342 2372 1375 2399 et
1408 2364 1651 2398 confitentium
1677 2364 1714 2396 in
1744 2363 1912 2400 Ecclesia.
1983 2362 2030 2398 Et
2054 2364 2217 2407 congruit

1226 2414 1312 2450 haec
1336 2415 1528 2450 consolatio
1553 2427 1632 2448 cum
1658 2415 1751 2449 dicto
1768 2414 1891 2449 Pauli:
1918 2414 1999 2449 Non
2026 2415 2091 2448 erit
2112 2415 2216 2449 labor

1225 2474 1341 2501 vester
1367 2467 1483 2500 inanis
1506 2466 1543 2499 in
1569 2465 1737 2502 Domino.
1798 2466 1874 2500 Hac
1896 2478 1956 2510 spe
1981 2465 2216 2500 sustineamus

1224 2519 1362 2552 labores
1381 2525 1412 2551 et
1429 2529 1615 2551 aerumnas
1641 2517 1678 2550 in
1698 2518 1877 2559 docendo,
1904 2518 1941 2550 in
1961 2517 2146 2558 discendo,
2181 2524 2216 2551 et

1225 2570 1262 2602 in
1279 2569 1499 2603 consessione
1517 2567 1722 2611 Evangelii,
1748 2575 1783 2603 et
1798 2575 2016 2614 expectemus
2042 2568 2215 2602 auxilium

1224 2628 1257 2655 et
1277 2620 1532 2665 protectionem
1551 2632 1569 2654 a
1588 2618 1681 2654 Filio
1701 2618 1780 2654 Dei.
