2379 2948
224 94 297 129 963

310 173 374 209 ΙΙΙ.
393 172 549 207 Ecclesia
562 182 642 204 vera
663 180 800 213 semper
818 168 902 201 inde
916 179 1026 213 usque
1045 169 1089 202 ab
1098 166 1213 202 Adam

227 225 354 266 sensit,
390 226 427 258 in
453 221 683 257 conversione
716 231 777 253 seu
806 219 1023 263 poenitentia
1049 226 1214 264 oportere
1238 261 1240 264 Ι

227 276 371 310 existere
388 278 424 308 in
441 274 567 307 animis
585 270 771 305 hominum
789 282 890 303 veros
906 282 1071 314 pavores,
1099 278 1131 304 et
1149 271 1214 302 do-

228 327 338 360 lorem
366 332 483 358 ortum
508 336 547 356 ex
570 322 750 366 agnitione
774 321 846 354 irae
864 320 929 355 Dei
947 322 1114 355 adversus
1131 333 1213 363 pec-

229 384 361 416 catum,
389 382 422 408 et
444 386 565 408 rursus
589 374 675 416 erigi
703 372 840 406 animos
860 372 945 413 fide,
973 372 1007 405 id
1027 380 1096 414 est,
1124 372 1215 404 fidu-

229 428 279 461 cia
310 425 571 459 misericordiae
601 430 816 457 monstratae
851 424 888 455 in
920 423 1215 467 promissionibus

227 484 370 521 propter
388 476 640 516 Medffltorem,
667 482 700 509 et
720 474 887 519 consequi
909 471 1069 508 homines
1093 473 1215 506 remis-

227 528 361 561 sionem
381 534 602 571 peccatorum
625 532 768 570 propter
783 524 1018 558 Mediatorem
1042 525 1110 559 fide
1138 535 1215 567 gra-

231 579 293 623 tis,
322 590 395 612 non
414 585 556 622 propter
572 578 658 620 legis
675 577 930 621 impletionem.

330 646 462 681 Contra
480 644 564 679 haec
581 645 802 678 contendunt
828 645 987 677 doctores
1003 641 1103 684 regni
1126 653 1217 686 pon-

230 698 349 738 tificii,
378 709 514 741 semper
530 697 768 730 dubitandum
788 706 877 733 esse,
899 706 943 726 an
960 704 1218 736 consequamur
1244 717 1245 723 ,

230 749 492 785 remissionem,
521 759 559 780 ac
583 748 611 780 si
636 747 693 779 cui
716 746 906 788 contingit,
934 743 1011 776 dari
1037 755 1111 775 eam
1135 755 1217 787 pro-

231 806 308 843 pter
338 799 568 833 sufficientem
597 796 863 835 contritionem,
902 801 941 827 ut
974 801 1110 827 vocant.
1171 791 1218 827 Et

231 862 310 883 cum
329 860 511 893 nunquam
529 847 627 886 scias,
657 859 701 879 an
723 845 871 879 sufficiat
888 845 1066 883 contritio,
1095 845 1219 878 iubent
1244 878 1246 893 1

230 912 367 944 semper
391 899 564 932 dubitare.
623 896 700 929 Hoc
728 904 777 930 est
802 908 838 929 re
862 896 936 939 ipsa
971 896 1110 928 abolere
1136 908 1217 940 pro-

231 951 434 984 missionem
453 950 490 982 in
507 948 699 991 Evangelio
719 947 895 981 traditam.

316 1052 481 1086 lV.Vera
492 1050 648 1084 Ecclesia
667 1061 803 1094 semper
822 1049 904 1083 inde
923 1061 1033 1095 usque
1049 1049 1218 1082 abAdam

231 1104 338 1137 sensit
369 1101 459 1136 hanc
492 1102 704 1135 imbecillem
733 1098 916 1134 hominum
943 1109 1124 1141 naturam,
1157 1112 1220 1132 ne-

232 1166 407 1199 quaquam
433 1164 533 1197 posse
557 1153 754 1186 satisfacere
778 1152 845 1195 legi
870 1150 956 1196 Dei,
991 1152 1052 1185 sed
1078 1159 1219 1194 agentes

231 1205 485 1249 poenitentiam
512 1210 544 1236 et
568 1204 635 1236 fide
667 1209 799 1236 erectos
826 1203 968 1236 incoare
993 1203 1219 1236 dilectionem

234 1263 265 1290 et
287 1256 544 1294 obedientiam,
579 1261 612 1287 et
635 1251 765 1287 habere
796 1253 971 1287 iusticiam
995 1254 1109 1287 bonae
1134 1265 1220 1286 con-

235 1306 417 1344 scientiae,
443 1317 555 1350 neque
572 1311 688 1337 tamen
706 1305 816 1337 iustos
833 1316 923 1345 esse,
950 1304 986 1336 id
1004 1312 1070 1345 est,
1095 1316 1220 1337 recon-

233 1357 367 1390 ciliatos
383 1363 415 1390 et
432 1362 590 1399 acceptos
608 1356 651 1387 ad
670 1355 779 1388 vitam
801 1362 978 1388 aeternam
1003 1361 1145 1399 propter
1170 1356 1220 1387 le-

234 1408 285 1451 gis
318 1406 577 1451 impletionem.
612 1406 671 1438 sed
702 1412 845 1449 propter
868 1405 1104 1438 Mediatorem
1138 1404 1218 1439 fide.

233 1457 309 1491 Hac
330 1458 397 1490 fide
419 1469 480 1490 seu
503 1456 629 1490 fiducia
659 1468 796 1500 semper
823 1468 904 1489 vera
928 1454 1083 1490 Ecclesia
1105 1455 1218 1490 Deum

235 1508 425 1543 invocavit.

311 1575 444 1608 Contra
460 1571 544 1607 haec
561 1574 845 1607 manifestissime
864 1575 1079 1618 scripserunt
1098 1576 1219 1608 docto—

235 1638 289 1660 res
303 1625 401 1669 regni
422 1625 603 1669 pontificii,
623 1622 803 1657 hominem
822 1636 920 1668 posse
936 1625 1132 1658 satisfacere
1151 1626 1219 1668 legi

232 1676 321 1717 Dei,
349 1683 381 1709 et
396 1677 527 1710 iustum
545 1687 616 1708 esse
632 1675 836 1719 impletione
855 1676 954 1718 legis.
1007 1675 1157 1716 Deinde,
1181 1683 1219 1709 ut

233 1728 431 1762 doctrinam
452 1727 493 1759 de
510 1726 578 1759 fide
601 1727 774 1767 obruant,
801 1727 927 1760 dicunt
952 1738 1089 1770 semper
1114 1727 1218 1760 dubi-

232 1780 380 1812 tandum
398 1789 485 1815 esse,
513 1789 558 1809 an
576 1777 685 1810 simus
702 1777 738 1809 in
756 1778 883 1820 gratia,
912 1783 945 1810 et
962 1785 1092 1820 negant
1110 1778 1217 1811 dubi—

233 1830 381 1863 tationes
410 1835 443 1861 et
482 1827 565 1860 alias
602 1828 746 1861 vitiosas
780 1828 1029 1861 inclinationes
1066 1840 1221 1871 pugnare

234 1892 312 1914 cum
330 1880 404 1922 lege
420 1877 496 1912 Dei.
552 1877 593 1911 In
616 1877 683 1912 hoc
699 1885 771 1912 toto
791 1879 938 1912 articulo
963 1880 1217 1914 transformant

234 1930 425 1964 adversarii
442 1928 675 1972 Evangelium
699 1929 736 1962 in
762 1927 1038 1974 philosophiam.

335 1995 474 2030 Scimus
506 2002 621 2028 autem
655 2002 687 2029 et
718 2007 800 2036 nos,
838 2003 869 2029 et
901 1996 1072 2029 acerrimo
1103 1996 1220 2030 studio

234 2050 420 2086 docemus,
446 2045 581 2090 requiri
598 2046 821 2088 disciplinam
838 2047 1028 2087 divinitus,
1057 2054 1089 2080 et
1106 2047 1217 2081 viola-

234 2100 368 2133 tionem
392 2096 600 2140 disciplinae
626 2095 756 2139 puniri.
811 2095 880 2129 Sed
906 2103 1017 2130 tamea
1045 2098 1142 2131 aliud
1170 2105 1220 2131 est

233 2149 369 2184 iusticia
391 2148 491 2187 fidei,
523 2147 620 2180 aliud
651 2146 818 2190 diciplina
840 2158 900 2180 seu
930 2160 1068 2180 morum
1093 2150 1221 2191 guber-

233 2201 342 2235 natio.
397 2198 486 2232 Cum
505 2204 619 2231 autem
639 2197 829 2230 adversarii
853 2198 1005 2231 obruant
1023 2199 1219 2232 doctrinam

233 2253 275 2285 de
297 2251 383 2288 fide,
418 2248 592 2292 sepeliunt
614 2245 817 2288 Christum,
851 2249 1041 2282 obscurant
1069 2251 1220 2293 promis-

234 2302 368 2335 sionem
392 2300 430 2333 in
453 2298 647 2341 Evangelio
677 2299 861 2340 traditam,
898 2307 1129 2343 corrumpunt
1156 2303 1220 2334 do-

235 2353 383 2386 ctrinam
401 2352 444 2384 de
460 2362 540 2383 vera
559 2350 794 2383 invocatione.
849 2350 902 2383 Ac
926 2357 1062 2384 tantum
1089 2357 1138 2384 est
1168 2358 1219 2385 te-

233 2404 421 2436 nebrarum
440 2401 533 2445 apud
551 2412 627 2443 eos,
655 2407 693 2434 ut
709 2402 924 2434 contendant
945 2402 1116 2435 vocabulo
1138 2403 1218 2435 fidei

234 2465 306 2485 non
329 2452 516 2495 significari
546 2452 709 2484 fiduciam
742 2452 1021 2490 misericordiae,
1058 2454 1115 2486 sed
1141 2460 1218 2486 tan·
1243 2464 1246 2495 5

233 2510 309 2537 tum
326 2503 491 2535 noticiam
511 2499 695 2544 historiae,
723 2502 947 2537 coniunctam
973 2515 1052 2537 cum
1077 2504 1218 2538 dubita-
1244 2498 1245 2502 ¹

233 2554 328 2587 tione
347 2553 389 2585 de
407 2553 526 2595 gratia.

816 85 943 123 PHIL.
970 82 1087 121 MEL.
1113 84 1322 121 SCRIPTA
1350 82 1654 122 EXEGETICA.

2180 87 2257 125 964

1370 167 1415 202 V.
1443 167 1496 202 De
1520 168 1756 202 satisfactione
1773 168 1943 203 canonica
1965 177 2000 205 et
2023 170 2258 218 indulgentiis

1266 230 1379 252 meras
1397 231 1507 263 nugas
1525 220 1665 255 docent.

1370 277 1431 312 Vl.
1459 277 1694 312 Horribiliter
1712 276 1957 323 prophanatur
1974 277 2092 313 Coena
2110 280 2258 317 Domini

1267 328 1388 361 multis
1405 330 1595 364 erroribus.
1624 329 1781 372 Fingunt
1793 330 1983 363 adversarii
1995 333 2259 367 transsubstan-

1267 379 1469 421 tiationem,
1503 387 1536 414 et
1559 381 1647 413 falso
1672 381 1796 414 dicunt
1817 393 1853 414 se
1877 381 2005 414 offerre
2023 380 2153 415 Filium
2183 381 2260 425 Dei,

1268 437 1301 463 et
1328 427 1419 464 hanc
1456 442 1554 464 suam
1581 432 1798 465 oblationem
1830 432 1957 465 mereri
1989 432 2067 465 aliis
2090 446 2130 467 ex
2153 445 2260 477 opere

1268 488 1425 524 operato.
1483 480 1560 515 Hae
1591 480 1892 527 prophanationes
1925 480 2147 519 horribiliter
2177 484 2260 518 irri-

1269 538 1344 565 tant
1362 532 1450 564 iram
1468 531 1546 565 Dei.

1357 598 1442 632 vll.
1457 598 1603 643 Semper
1620 612 1699 633 vera
1716 598 1871 634 Ecclesia
1889 598 1969 645 Dei,
1986 600 2070 634 inde
2087 611 2198 646 usque
2215 600 2260 634 ab

1270 650 1385 682 Adam
1411 650 1537 691 sensit,
1571 662 1677 694 opera
1709 663 1726 684 a
1753 650 1830 685 Deo
1862 653 2027 685 mandata
2049 662 2122 685 esse
2145 651 2260 685 cultus

1270 699 1357 741 Dei,
1384 700 1420 734 id
1438 707 1509 741 est,
1537 701 1651 734 officia
1670 700 1736 734 Dei
1755 703 1928 745 placentia
1941 730 1950 744 ‚
1975 710 2010 737 et
2025 701 2261 748 quibusDeus

1271 763 1307 784 se
1332 748 1469 785 honore
1494 751 1583 785 affici
1611 753 1841 795 pronunciat,
1870 765 1933 786 nec
1960 765 2032 787 esse
2058 753 2173 787 cultus
2189 752 2261 789 Dei

1274 814 1379 846 opera
1397 803 1587 845 excogitata
1604 803 1678 835 sine
1696 804 1862 836 mandato
1878 802 1955 837 Dei.
2008 803 2096 838 Nam
2122 804 2151 836 si
2173 802 2260 837 haee

1272 860 1384 886 essent
1412 853 1544 892 cultus,
1571 854 1729 887 excusari
1750 861 1782 887 et
1810 855 2005 898 prodigiosi
2031 855 2146 889 cultus
2167 851 2262 888 Eth—

1272 904 1433 937 nicorum
1450 911 1604 948 possent.

1364 968 1466 1002 VIII.
1485 968 1563 1003 Hoc
1580 981 1699 1003 errore
1716 970 1856 1013 fingunt
1871 971 2075 1012 adversarii,
2092 971 2263 1004 monasti-

1273 1032 1335 1053 cen
1356 1027 1389 1053 et
1408 1020 1619 1054 coelibatum
1637 1032 1710 1054 esse
1729 1021 1874 1054 eximios
1890 1020 1957 1054 Dei
1980 1022 2110 1062 cultus,
2137 1019 2262 1066 prohi-

1273 1072 1359 1104 bent
1370 1071 1574 1114 coniugium
1593 1072 1657 1105 toti
1675 1072 1792 1104 ordini
1815 1073 2059 1116 sacerdotum,
2081 1079 2113 1105 et
2135 1073 2262 1106 distra-

1272 1128 1397 1155 xerunt
1409 1122 1586 1164 coniuges.
1615 1121 1776 1168 Cumque
1792 1123 1846 1156 lex
1857 1124 2050 1157 coelibatus
2066 1123 2112 1157 sit
2129 1123 2261 1157 iniusta

1273 1180 1306 1206 et
1328 1173 1578 1216 impossibilis,
1606 1174 1726 1207 multis
1748 1174 1853 1208 exitio
1884 1181 1954 1215 est,
1982 1186 2133 1219 quorum
2159 1186 2261 1207 men-

1273 1231 1323 1258 tes
1345 1231 1379 1257 et
1401 1236 1548 1268 corpora
1574 1232 1719 1268 propter
1742 1223 1808 1258 hoc
1831 1225 2013 1259 vinculum
2040 1225 2262 1269 polluuntur,

1273 1281 1306 1308 et
1337 1287 1489 1319 quorum
1512 1275 1623 1308 animi
1644 1276 1889 1320 impediuntur
1912 1274 1977 1309 hac
1999 1288 2070 1310 una
2096 1276 2190 1320 lege,
2218 1287 2263 1309 ne

1272 1324 1387 1358 Deum
1419 1333 1511 1359 recte
1542 1325 1709 1359 invocare
1748 1327 1894 1371 possint.
1955 1326 2067 1360 Porro
2100 1326 2262 1360 omnium

1274 1388 1358 1409 voce
1375 1377 1550 1409 abolenda
1567 1383 1617 1410 est
1632 1377 1704 1418 lex,
1731 1389 1820 1422 quae
1845 1378 1994 1421 impedit
2018 1389 2135 1411 veram
2157 1377 2262 1411 invo—

1273 1427 1446 1460 cationem
1463 1426 1540 1460 Dei.

1378 1484 1439 1519 IX.
1467 1484 1659 1519 Ecclesiam
1672 1485 1863 1518 adversarii
1882 1485 2135 1520 transformant
2153 1487 2191 1519 in
2207 1498 2263 1520 re-

1273 1548 1381 1579 gnum
1405 1537 1641 1569 mundanum.
1683 1533 1730 1569 Et
1751 1533 1951 1581 κακοζηλία
1973 1537 2176 1580 politiarum
2195 1535 2264 1572 hu-

1275 1599 1458 1619 manarum
1474 1586 1583 1630 gignit
1600 1586 1732 1618 multos
1749 1597 1896 1621 errores.
1951 1587 2133 1621 Tribuunt
2157 1587 2262 1623 Petro

1273 1643 1479 1681 potestatem
1505 1636 1741 1670 transferendi
1762 1648 1869 1686 regna
1888 1638 2024 1672 mundi.
2079 1638 2264 1674 Tribuunt

1274 1686 1458 1732 Episcopis
1480 1693 1685 1731 potestatem
1711 1688 1921 1722 instituendi
1945 1689 2082 1729 cultus,
2108 1697 2264 1734 potesta-

1274 1746 1344 1772 tem
1373 1739 1586 1782 praetoriam
1615 1750 1675 1771 seu
1700 1739 1829 1781 regiam
1859 1739 2145 1784 interpretandae
2175 1741 2263 1774 scri-

1274 1796 1414 1833 pturae,
1442 1802 1521 1822 cum
1544 1789 1789 1832 interpretatio
1815 1790 1858 1824 sit
1883 1791 2037 1835 donum,
2065 1804 2138 1826 non
2162 1799 2263 1836 pote·

1273 1847 1355 1874 stas.
1407 1839 1569 1885 Denique
1593 1837 1659 1872 hoc
1679 1846 1836 1883 tempore
1853 1842 2050 1876 dominatio
2066 1842 2262 1887 Episcopo-

1273 1903 1353 1924 rum
1369 1902 1513 1935 prorsus
1530 1897 1581 1924 est
1596 1890 1710 1923 aliena
1726 1891 1770 1923 ab
1786 1889 1981 1934 Evangelio
1997 1905 2158 1926 munere.

1374 1941 1557 1975 Postremo
1579 1941 1751 1974 admoniti
1777 1953 1871 1975 nunc
1895 1943 2107 1985 adversarii,
2135 1955 2261 1987 magna

1274 1992 1465 2036 pertinacia
1494 2003 1629 2025 errores
1651 1998 1683 2025 et
1707 1991 1801 2025 idola
1827 1993 2044 2035 defendunt,
2081 2001 2113 2029 et
2141 2002 2261 2030 vetant

1275 2055 1360 2086 pure
1377 2044 1501 2076 docere
1516 2041 1768 2086 Evangelium‚
1792 2042 2036 2078 etNeroniana
2053 2045 2261 2082 crudelitate

1276 2092 1438 2127 homines
1448 2092 1616 2127 honestos
1626 2100 1657 2126 et
1667 2094 1744 2137 pios
1758 2093 1996 2139 interficiunt,
2011 2108 2083 2130 non
2094 2097 2198 2130 aliam
2214 2097 2261 2131 ob

1274 2156 1424 2185 causam,
1440 2145 1509 2178 nisi
1526 2151 1670 2188 propter
1686 2155 1786 2177 verae
1797 2145 1979 2179 doctrinae
1994 2148 2261 2191 professionem.

1272 2195 1367 2229 Haec
1384 2196 1446 2240 qui
1462 2196 1595 2229 faciunt
1615 2201 1648 2228 et
1665 2196 1833 2238 probant,
1858 2194 1923 2230 hos
1938 2209 2010 2231 esse
2026 2199 2183 2232 membra
2202 2210 2260 2232 re-

1273 2247 1331 2289 gni
1348 2246 1509 2290 imperii,
1534 2258 1594 2279 seu
1612 2243 1843 2288 Antichristi,
1870 2247 2027 2292 ipsorum
2046 2249 2153 2294 impia
2178 2261 2259 2294 per-

1273 2297 1402 2331 tinacia
1421 2304 1453 2330 et
1474 2297 1615 2330 saevitia
1635 2298 1840 2331 ostendunt.

1373 2347 1446 2381 Nec
1469 2354 1551 2381 sunt
1571 2348 1740 2381 obscurae
1764 2349 2040 2391 controversiae,
2067 2351 2110 2384 de
2128 2351 2259 2396 quibus

1271 2398 1493 2439 disserimus,
1527 2399 1586 2432 sed
1621 2410 1638 2431 a
1669 2399 1737 2442 piis
1761 2400 1860 2432 facile
1884 2401 2073 2434 diiudicari
2098 2409 2258 2446 possunt.

1273 2448 1355 2482 Ideo
1374 2450 1487 2482 bonae
1505 2449 1633 2483 mentis
1649 2449 1780 2492 gloriae
1796 2450 1861 2484 Dei
1886 2458 1918 2485 et
1935 2452 2040 2485 saluti
2064 2463 2146 2486 suae
2173 2465 2258 2486 con-

1270 2500 1396 2533 sulant.
1449 2499 1555 2542 Quod
1572 2512 1654 2533 vero
1673 2501 1775 2534 multi
1803 2513 1822 2534 a
1840 2502 1943 2535 nobis
1958 2502 2191 2544 dissentiunt,
2218 2501 2256 2537 hi

1271 2557 1329 2583 aut
1352 2557 1436 2584 sunt
1451 2549 1637 2593 Epicurei,
1665 2558 1724 2584 aut
1750 2549 1968 2597 hypocritae,
1995 2553 2156 2588 fascinati
2178 2554 2256 2598 opi-

1271 2601 1378 2634 nione
1402 2602 1601 2635 autoritatis
1623 2602 1847 2646 pontificum,
1880 2610 1940 2637 aut
1964 2604 2153 2648 sapientiae
2175 2615 2255 2638 suae

1243 2647 1244 2670 ³
1271 2652 1521 2694 admiratione,
1548 2654 1590 2686 de
1607 2653 1735 2698 quibus
1760 2653 1799 2685 in
1821 2651 1969 2688 Daniele
1993 2656 2160 2700 scriptum
2186 2661 2252 2688 est:
