2379 2948
174 100 247 136 439

276 184 317 217 In
350 184 577 218 iureiurando
609 182 738 215 civium
761 179 1035 215 Atheniensium
1059 187 1159 215 erant

175 233 260 268 haec
280 236 401 268 verba:
426 234 593 277 Pugnabo
614 244 676 276 pro
693 232 818 273 sacris,
845 239 877 266 et
895 232 1007 272 solus,
1036 238 1070 265 et
1087 243 1158 264 una

176 297 254 318 cum
272 286 360 319 aliis.
414 284 450 316 ld
470 283 664 325 exemplum
683 295 701 315 a
718 283 786 326 piis
800 290 979 326 sumptum
997 289 1058 316 est.
1093 281 1160 315 At-

176 348 243 380 que
269 337 314 369 ita
342 335 467 367 debent
493 334 622 366 sentire
647 334 797 366 maxime
823 333 998 378 principes
1025 333 1096 377 pii,
1124 344 1159 365 se

175 398 271 418 arma
294 396 428 428 gerere,
455 391 494 417 ut
512 396 628 416 veram
645 384 853 426 doctrinam,
881 396 947 429 qua
965 383 1076 427 gloria
1093 382 1158 416 Dei

175 443 338 475 ornatur,
364 442 582 468 conservent.

284 492 322 525 ln
341 492 481 526 Psalmo
499 494 645 527 dicitur:
673 493 749 537 Ego
766 494 837 527 dixi
857 493 905 525 dii
926 493 1015 525 estis.
1058 490 1158 524 Hanc

175 543 447 586 appellationem
466 543 561 577 Deus
577 546 626 578 eis
642 545 779 582 tribuit,
806 551 912 577 utres
929 544 1065 576 divinas
1083 549 1160 574 tue-

173 601 296 634 antur,
324 607 441 627 veram
459 595 699 639 relligionem,
730 595 923 634 iusticiam,
948 601 980 627 et
999 605 1132 637 pacem.

174 704 269 737 tione
293 705 513 748 quarundam
553 705 638 738 iuris
670 704 936 748 quaestionum,
980 703 1017 734 in
1050 702 1158 734 colla-

174 754 270 788 tIOne
301 755 386 787 iuris
417 762 561 787 naturae
584 762 615 787 et
641 755 835 787 foederum.
901 754 942 786 In
970 753 1158 786 collatione

174 804 259 838 iuris
285 812 450 845 naturae,
494 811 525 837 et
550 805 657 837 officii
687 805 923 838 subditorum.
985 803 1156 847 Proposui

173 856 370 898 exemplum
388 855 602 899 quaestionis
618 855 836 895 iuridicialis,
861 855 896 887 in
915 867 985 899 quo
1004 862 1157 898 apparet,

173 907 215 938 ad
234 917 352 938 causas
369 918 441 937 non
459 913 594 939 tantum
616 904 809 939 rhetoricos
834 906 974 939 libellos
997 906 1157 938 adseren·
1185 940 1186 943 Ἰ

173 958 236 989 dos
253 968 335 991 esse.
364 956 433 989 Sed
452 957 555 989 etiam
575 957 671 990 illius
685 957 793 1000 ipsius
810 957 897 990 iuris
909 956 1158 999 cognitionem,
1184 969 1185 994 3

172 1007 210 1038 in
229 1019 298 1051 quo
317 1014 473 1040 versatur
490 1008 639 1052 questio.
693 1007 796 1040 Fient
813 1015 929 1040 autem
947 1007 1064 1040 omnia
1083 1008 1158 1051 ple-

171 1057 271 1090 niora
285 1085 293 1098 ,
321 1070 399 1090 curn
420 1060 585 1091 accedent
602 1065 809 1091 ornamenta
826 1065 858 1091 et
875 1058 1029 1090 affectus.

1184 568 1187 606 i

1184 609 1187 624 Ι

278 652 327 686 lta
353 653 449 685 vides
473 654 749 687 confutationem
777 653 908 685 versari
940 652 977 684 in
1007 651 1158 695 explica—
1184 633 1187 712 i

1184 757 1186 777 ι

1184 780 1187 790 ,

272 1114 458 1148 Defensori
475 1116 656 1148 adduntur
671 1116 729 1148 alii
748 1116 891 1159 quidam
906 1115 987 1154 loci,
1016 1114 1077 1148 ubi
1095 1114 1156 1146 de-

171 1165 281 1198 fensio
299 1177 361 1210 per
377 1177 412 1198 se
438 1166 576 1198 infirma
594 1174 655 1199 est.
713 1165 849 1199 Vocant
874 1173 990 1199 autem
1014 1177 1156 1198 conces-

170 1216 305 1248 sionem
317 1243 325 1255 ,
354 1228 432 1249 cum
449 1228 528 1249 reus
545 1229 618 1249 non
637 1224 775 1249 excusat
792 1217 937 1255 crimen,
965 1217 1022 1249 sed
1038 1216 1157 1249 studet

170 1267 349 1310 mitigare,
374 1273 407 1300 et
424 1267 510 1311 petit
529 1267 596 1300 sibi
614 1267 751 1299 veniam
770 1268 856 1301 dari.
912 1267 1011 1300 Talis
1035 1267 1155 1300 defen-

168 1317 220 1350 sio
247 1329 306 1351 seu
333 1319 509 1351 concessio
537 1325 606 1351 tres
632 1319 726 1351 locos
745 1315 865 1352 hahet:
893 1317 1157 1360 Purgationem,

169 1369 435 1402 translationem
458 1368 635 1409 criminis,
663 1375 695 1402 et
717 1369 1011 1412 deprecationem.
1064 1368 1156 1401 Pur-

168 1419 262 1462 gatio
280 1426 347 1457 est,
377 1430 443 1463 qua
462 1419 578 1463 aliqua
602 1431 641 1451 ex
668 1427 763 1461 parte
788 1420 925 1452 levatur
951 1420 1073 1462 culpa,
1101 1419 1154 1450 vi-

168 1469 313 1509 delicet,
348 1481 426 1502 cuin
449 1480 616 1511 negamus
643 1470 725 1501 dolo
753 1481 824 1502 esse
848 1470 997 1509 sactum,
1025 1476 1065 1502 ut
1088 1469 1152 1501 seci

168 1531 299 1560 errore,
326 1520 391 1553 feci
408 1520 527 1559 iratus,
556 1532 629 1552 non
645 1520 710 1552 feci
727 1520 845 1553 animo
863 1520 1017 1554 ledendi.
1058 1519 1154 1552 Haec

167 1577 250 1603 sunt
267 1571 393 1614 partim
415 1583 454 1603 ex
473 1570 585 1603 causis
603 1571 845 1610 efficientibus,
865 1571 991 1614 partim
1009 1583 1047 1603 ex
1064 1571 1152 1603 fina-
1178 1600 1180 1608 Α

168 1621 261 1654 libus
285 1622 406 1660 ducta,
434 1628 466 1654 et
491 1619 623 1654 habent
646 1621 904 1654 excusationem
929 1621 1033 1653 etiam
1059 1622 1151 1665 apud

168 1671 450 1704 Iurisconsultos.
522 1671 725 1704 Translatio
770 1672 928 1704 criminis
969 1672 1150 1716 aliquanto

166 1722 388 1766 probabilior
402 1729 462 1762 est,
488 1734 591 1766 quam
613 1723 785 1765 purgatio,
812 1735 890 1756 cum
909 1722 1047 1766 culpam
1067 1734 1152 1755 con-

165 1773 311 1806 ferimus
336 1773 372 1805 in
397 1773 501 1812 alios,
530 1780 567 1806 ut
594 1773 658 1805 seci
686 1774 799 1806 iussus
823 1774 867 1806 ab
890 1773 977 1813 alio,
1004 1774 1150 1817 promisi

166 1831 304 1857 coactus
321 1830 429 1864 metu,
456 1824 517 1868 qui
533 1824 625 1857 cadit
641 1829 675 1855 in
695 1824 810 1856 virum
828 1830 1057 1857 constantem.
1084 1823 1151 1856 Hic

166 1875 264 1908 locus
279 1885 441 1916 magnam
458 1875 528 1906 vim
545 1872 649 1907 habet
667 1876 758 1917 apud
782 1873 1066 1908 Iurisconsultos.

267 1931 477 1977 Deprecatio
496 1934 538 1965 ad
559 1941 732 1966 oratorem
751 1934 860 1977 magis
877 1933 1029 1977 pertinet
1045 1946 1150 1978 quam

165 1985 208 2018 ad
226 1983 507 2017 Iurisconsultos.
562 1983 656 2016 Haec
680 1984 956 2017 misericordiam
983 1985 1088 2027 petit,
1119 1992 1151 2018 et

166 2042 323 2068 versatur
340 2034 375 2066 in
393 2034 478 2066 locis
502 2034 700 2067 affectuum.
753 2033 987 2067 Commovent
1013 2035 1150 2068 miseri-

166 2086 343 2123 cordiam,
370 2085 420 2117 rei
443 2092 552 2122 aetas,
587 2085 757 2127 dignitas,
791 2085 860 2117 vita
887 2086 1043 2118 modeste
1065 2092 1150 2120 acta.

167 2136 367 2170 Sumuntur
382 2142 586 2178 argumenta
602 2143 634 2168 et
651 2148 668 2168 a
686 2135 868 2168 clementia
888 2135 1025 2170 iudicis.
1080 2135 1150 2169 Ex-

167 2188 279 2231 empla
299 2193 416 2220 extant
440 2187 531 2229 apud
550 2185 756 2219 Ciceronem
774 2198 838 2229 pro
854 2185 1007 2229 Ligario.
1062 2186 1150 2219 Nam

168 2238 203 2269 in
230 2236 334 2270 huius
357 2237 580 2277 defensione,
613 2249 693 2270 cum
726 2244 813 2270 esset
839 2249 900 2280 per
931 2249 966 2269 se
1001 2237 1150 2275 infirma,

168 2285 360 2321 adhibendi
376 2289 520 2321 suerunt
536 2287 604 2321 loci
620 2287 787 2326 extranei,
815 2295 868 2321 ut:
896 2286 1002 2320 Nulla
1019 2289 1061 2319 de
1080 2288 1151 2320 vir-

168 2339 302 2372 tutibus
322 2339 390 2372 tuis
409 2338 589 2382 plurimis,
617 2350 680 2372 nec
697 2339 830 2379 gratior
843 2365 851 2379 ‚
877 2350 942 2371 nec
959 2339 1152 2370 admirabi-

170 2389 238 2421 lior
273 2389 513 2422 misericordia
547 2395 608 2422 est.
670 2388 843 2422 Homines
869 2389 962 2421 enim
986 2389 1029 2421 ad
1057 2389 1152 2422 Deos

170 2439 268 2471 nulla
286 2451 321 2471 re
341 2440 483 2483 propius
499 2441 669 2473 accedunt
686 2447 749 2475 etc.
1177 2414 1180 2469 l

272 2497 453 2531 Peroratio
471 2499 509 2530 in
526 2495 592 2531 hoc
609 2506 720 2537 statu,
747 2506 785 2532 ut
802 2511 917 2542 supra,
946 2495 1050 2532 hahet
1065 2500 1151 2532 (luas

169 2555 303 2592 partes,
331 2548 576 2591 repetitionem
594 2550 848 2593 propositionis
873 2557 905 2584 et
925 2556 1150 2594 argumento-

168 2611 247 2632 rum
266 2599 507 2645 quorundam,
533 2606 565 2632 et
582 2600 727 2634 idoneos
742 2601 896 2638 affectus,

1176 2595 1178 2606 t

1177 2616 1179 2626 ι

1175 2629 1180 2691 Ι

416 97 625 134 SCRIPTA
653 97 730 132 PH.
759 95 874 130 MEL.
905 93 970 129 AD
999 94 1125 130 HIST.
1155 92 1297 130 PROF.
1325 93 1391 130 ET
1418 93 1609 131 PHILOS.
1638 95 1957 138 SPECTANTIA.

2119 95 2195 132 440

1465 181 1525 214 De
1551 180 1715 215 statibus
1745 182 1940 229 legalibus.

1313 254 1360 288 Hi
1379 256 1529 289 maxime
1547 256 1726 300 pertinent
1743 257 1786 289 ad
1804 253 1940 289 scholas
1956 263 1988 289 et
2008 257 2195 291 doctorum

1212 305 1485 349 disputationes,
1512 319 1550 339 ac
1567 319 1691 349 magna
1709 319 1746 339 ex
1764 313 1861 351 parte
1881 320 1921 340 ex
1937 307 2118 342 dialectica
2140 307 2195 340 iu-

1212 357 1320 389 dicari
1341 365 1496 400 possunt.
1550 357 1641 390 Sunt
1657 365 1790 391 autem:

1365 424 1546 457 Definitio.

1365 474 1573 507 Contrariae
1590 475 1690 518 leges,

1366 525 1543 569 Scriptum
1561 533 1594 559 et
1613 527 1797 562 sententia.

1366 574 1596 618 Ambiguum.

1365 624 1616 661 Ratiocinatio,

1366 675 1579 710 Translatio.

1315 741 1483 776 Definitio
1502 749 1568 783 est,
1595 755 1673 776 cum
1698 751 1758 777 aut
1781 745 1824 777 de
1841 746 2002 779 vocabuli
2023 746 2197 791 interpre—

1212 793 1345 827 tatione
1363 794 1609 834 contenditur,
1633 801 1693 827 aut
1710 794 1794 838 quid
1812 796 1856 828 sit
1873 806 1927 829 res
1943 797 2195 831 declarandum

1213 851 1273 877 est.
1326 844 1480 887 7Alaguus
1501 856 1584 877 usus
1609 852 1661 878 est
1686 846 1932 879 definitionum
1964 847 2002 880 in
2031 849 2196 882 omnibus

1213 896 1367 928 materiis
1385 893 1591 937 theologicis
1609 903 1642 929 et
1667 896 1879 931 forensibus.
1934 897 2054 940 Quare
2077 899 2197 932 adole-

1212 953 1344 979 scentes
1362 946 1549 989 diligenter
1566 947 1749 979 exercendi
1767 955 1850 980 sunt
1868 948 1904 980 in
1926 948 2086 981 doctrina
2112 950 2197 982 defi-

1183 1001 1185 1033 2'
1211 997 1412 1035 nitionnm,
1440 1003 1472 1030 et
1489 997 1757 1035 assuefaciendi‚
1786 1005 1822 1030 ut
1848 1005 1881 1032 et
1905 999 1970 1043 ipsi
1998 999 2140 1043 proprie
2165 1006 2198 1032 et

1211 1047 1392 1091 perspicue
1410 1048 1579 1081 definiant
1594 1059 1672 1080 cum
1696 1060 1784 1092 opus
1801 1056 1868 1090 est,
1897 1056 1928 1083 et
1943 1050 2058 1083 statim
2077 1050 2196 1083 videre

1183 1098 1185 1108 ⁴
1211 1098 1457 1131 definitionum
1478 1098 1567 1130 vicia
1586 1099 1733 1142 possint.
1768 1098 1807 1132 Id
1826 1101 1993 1133 mediocri
2013 1100 2196 1142 diligentia

1210 1155 1314 1193 atque
1331 1149 1579 1182 exercitatione
1595 1150 1731 1194 assequi
1749 1158 1913 1193 possunt,
1941 1158 2032 1184 recte
2046 1150 2196 1193 cognitis

1210 1200 1402 1243 praeceptis
1429 1199 1631 1234 dialecticis,
1691 1198 1863 1244 Exempla
1892 1201 2092 1245 suppeditat
2121 1213 2196 1233 non

1209 1251 1316 1283 modo
1333 1250 1456 1290 lecti0‚
1484 1251 1542 1283 sed
1560 1250 1664 1283 etiam
1689 1262 1773 1284 usus
1795 1263 1924 1285 rerum.
1975 1251 2105 1294 Magna
2129 1248 2197 1284 hoc

1209 1308 1366 1344 tempore
1381 1300 1536 1345 quaestio
1555 1308 1615 1342 est,
1644 1313 1689 1333 an
1708 1301 1817 1334 Missa
1836 1313 1897 1335 seu
1913 1301 2031 1336 Coena
2046 1301 2195 1336 Domini

1209 1352 1253 1385 sit
1268 1351 1487 1385 sacrificium.

1310 1417 1379 1450 Hic
1409 1418 1654 1461 exponendum
1680 1424 1731 1451 est
1768 1417 1852 1462 quid
1887 1418 1931 1450 sit
1960 1417 2193 1459 Sacrificium,

1208 1469 1302 1513 quod
1321 1481 1398 1501 cum
1417 1468 1628 1510 intelligitur
1646 1479 1718 1500 esse
1733 1478 1840 1510 ορυε,
1868 1480 1931 1511 pro
1956 1468 2033 1501 aliis
2060 1469 2193 1502 facien-

1207 1520 1309 1557 dum,
1338 1525 1377 1552 ut
1405 1525 1580 1551 mereatur
1611 1518 1659 1551 eis
1687 1518 1929 1550 remissionem
1959 1525 2194 1561 peccatorum,

1206 1570 1366 1614 sequitur
1384 1569 1574 1601 sacerdotis
1594 1581 1700 1612 opus,
1730 1568 1941 1601 celebrantis
1958 1581 2102 1602 coenam
2116 1568 2192 1604 Do-

1206 1620 1312 1660 mini,
1346 1631 1570 1663 nequaquam
1595 1631 1666 1652 esse
1691 1619 1911 1653 sacrificium.
1968 1618 2059 1652 Nam
2084 1621 2194 1654 solius

1205 1668 1338 1703 Christi
1357 1682 1450 1702 mors
1472 1669 1627 1713 precium
1651 1670 1737 1710 fuit,
1761 1670 1855 1715 quod
1875 1671 2018 1703 caeteris
2035 1672 2194 1704 mereba—

1206 1728 1265 1754 tur
1281 1720 1523 1754 remissionem
1549 1727 1782 1764 peccatorum.
1835 1718 1899 1753 Est
1923 1728 2037 1755 autem
2066 1721 2192 1765 impie-

1177 1782 1179 1791 *
1206 1778 1278 1811 tas,
1315 1772 1504 1804 transferre
1539 1771 1687 1814 gloriam
1715 1769 1850 1805 Christi
1884 1771 1921 1803 in
1946 1783 2035 1815 opus
2059 1773 2191 1805 sacrifi-

1205 1822 1287 1861 culi,
1311 1823 1400 1855 sicut
1421 1823 1463 1855 ad
1477 1821 1614 1855 Ebreos
1631 1823 1800 1867 scriptum
1819 1828 1885 1855 est:
1914 1821 1991 1856 Una
2011 1823 2193 1856 oblatione

1205 1873 1402 1907 consumati
1418 1885 1547 1906 sumus.

1306 1939 1518 1984 Disputatur
1539 1939 1576 1971 in
1593 1937 1760 1979 Ecclesia,
1783 1939 1867 1984 quid
1889 1940 1933 1973 sit
1954 1938 2192 1982 Poenitenfia,

1205 1991 1272 2026 hoc
1289 1999 1349 2031 est,
1373 1990 1557 2023 conversio
1575 1987 1731 2022 hominis
1748 1991 1789 2022 ad
1808 1990 1985 2032 pietatem,
2006 2002 2095 2034 quos
2114 2004 2190 2024 mo-

1205 2050 1260 2077 tus
1276 2041 1464 2075 contineat.
1516 2039 1589 2073 Nos
1607 2040 1827 2084 perspicuam
1846 2041 2089 2074 definitionem
2117 2049 2190 2074 tra-

1177 2113 1179 2121 ‹
1205 2095 1287 2126 dere
1305 2092 1468 2131 solemus,
1498 2091 1752 2134 poenitentiam
1772 2098 1930 2124 constare
1950 2090 2003 2125 his
2021 2092 2192 2135 partibus,

1205 2143 1429 2178 Contritione
1448 2149 1480 2175 et
1496 2141 1601 2182 Fide,
1630 2149 1789 2185 utsupra
1810 2142 1942 2175 dictum
1966 2149 2027 2176 est.
2081 2141 2187 2187 Apud

1205 2194 1411 2228 Ciceronem
1429 2199 1478 2226 est
1496 2193 1692 2231 exemplum
1713 2193 1748 2225 in
1766 2191 1924 2226 Norbani
1946 2205 2065 2234 cansa,
2094 2195 2189 2238 quod

1205 2246 1250 2279 sit
1275 2245 1407 2278 crimen
1434 2244 1524 2276 lesae
1548 2244 1748 2278 maiestatis.
1805 2243 1842 2277 ln
1867 2243 2029 2288 Epistola
2053 2246 2096 2278 ad
2113 2243 2190 2279 Ro-

1206 2307 1330 2329 manos
1361 2295 1578 2338 disputatur,
1618 2307 1706 2340 quae
1736 2307 1789 2328 res
1818 2295 1880 2336 sit,
1913 2302 2056 2339 propter
2083 2306 2189 2339 quam

1208 2347 1288 2381 iusti
1315 2346 1609 2389 pronunciamur,
1642 2346 1676 2378 id
1703 2353 1771 2383 est,
1806 2346 1936 2390 accepti
1961 2357 2077 2379 coram
2101 2344 2188 2386 Deo,

1207 2396 1272 2430 hoc
1290 2404 1358 2435 est,
1384 2397 1501 2429 sintne
1516 2404 1634 2443 nostra
1651 2398 1842 2437 benefacta,
1870 2397 2017 2436 iusticia,
2045 2402 2188 2439 propter

1205 2459 1311 2493 quam
1332 2447 1440 2480 simus
1464 2448 1594 2492 accepti
1612 2447 1697 2481 Deo.
1754 2447 1846 2487 Aut,
1871 2460 1914 2480 an
1934 2447 2042 2479 simus
2056 2447 2188 2491 accepti

1204 2507 1349 2543 propter
1374 2499 1490 2540 aliud,
1526 2499 1656 2532 scilicet
1683 2506 1825 2543 propter
1845 2496 2036 2532 Christum.
2089 2496 2187 2537 Fide,

1205 2547 1272 2583 hoc
1295 2557 1362 2589 est,
1394 2550 1519 2583 fiducia
1549 2550 1811 2583 misericordiae
1839 2555 1982 2593 propter
2005 2545 2186 2582 Christum

1205 2612 1406 2645 promissae.

1309 2658 1359 2693 Ita
1380 2658 1512 2692 Paulus
1527 2644 1650 2692 definit
1666 2657 1961 2694 iustificationem.
