2379 2948
152 123 225 158 279

155 205 259 239 semel
279 217 356 238 cum
373 204 472 242 Sole,
499 209 537 235 ut
554 201 685 233 dictum
702 204 771 237 est,
799 208 904 241 super
919 203 1038 229 centro
1055 206 1133 228 mo-

157 256 220 289 bili
234 282 242 295 ,
270 256 362 300 quod
382 266 458 286 cum
480 251 677 295 proximum
694 255 744 281 est
760 254 879 281 centro
896 246 1042 287 mundi,
1068 245 1132 279 tri-

158 308 224 340 hus
249 305 414 348 gradibus
437 303 480 334 ab
507 312 546 332 eo
569 299 695 340 distat,
736 299 794 332 sed
826 310 905 331 cum
930 297 1133 340 longissime

159 358 273 395 abest,
301 354 322 386 9
340 352 502 395 gradibus
521 361 539 383 a
555 356 674 383 centro
690 349 815 383 mundi
830 349 945 381 distat.
985 347 1135 391 Propter

159 405 249 439 hanc
266 403 375 437 centri
399 400 632 434 mobilitatem
655 400 712 441 fit,
747 406 788 433 ut
813 398 959 444 epicycli
982 398 1135 431 ambitus

161 455 332 488 describat
349 453 493 495 figuram
517 462 590 484 non
610 450 833 493 circularem,
868 456 908 482 ut
933 449 969 481 in
993 447 1135 481 caeteris

160 504 313 537 Planetis
332 501 574 545 superioribus
591 501 776 539 omnibus,
811 511 925 544 neque
950 498 1135 531 lenticula-

161 566 233 587 rem
252 560 284 587 et
301 552 493 597 aequaliter
513 562 744 595 compressam
768 550 859 584 circa
884 549 1059 586 medium,
1097 553 1136 580 ut

163 605 201 636 in
216 603 316 637 Luna
333 604 381 643 fit,
407 603 463 634 sed
483 603 617 635 ovalem
636 602 801 645 figuram,
829 599 1060 644 inaequaliter
1077 609 1136 630 ro-

163 656 331 693 tundam,
364 653 461 685 cuius
482 664 560 695 pars
577 652 665 685 circa
681 663 851 696 apogeum
871 658 921 684 est
944 649 1067 688 latior,
1103 654 1137 681 et

164 705 254 738 circa
274 703 449 747 perigeum
467 703 606 736 arctior.

273 754 350 787 Hoc
374 759 473 785 motu
505 751 688 785 eccentrici
713 757 783 785 tam
804 749 980 794 inaequali
1002 749 1055 788 fit,
1097 753 1138 781 ut

166 805 339 849 epicyclus
364 803 533 836 Mercurii
562 802 727 835 altissime
753 814 772 834 a
802 808 894 834 terra
922 799 1136 835 sustollatur,

165 856 307 900 quando
326 860 421 887 tenet
439 864 597 896 apogeon
615 852 795 896 aequantis
812 852 849 883 in
866 852 900 885 9.
913 851 1023 893 gradu
1033 848 1137 882 Scor-

164 905 230 949 pii,
257 905 352 949 quod
369 903 539 946 contingit
556 902 744 947 quotannis
767 913 886 934 mense
902 899 1070 938 Octobri,
1106 905 1138 931 et

164 966 284 988 rursus
298 956 526 987 admoveatur
543 956 584 985 ad
602 959 729 985 terram
745 953 832 985 adeo
851 963 971 994 prope,
997 956 1036 982 ut
1052 961 1138 993 qua-

165 1006 325 1047 draginta
355 1012 465 1036 terrae
490 1003 756 1035 semidiametris
779 1001 1012 1045 propinquior
1037 999 1138 1032 nobis

166 1056 242 1095 fiat,
278 1066 382 1098 quam
405 1053 472 1085 suit
494 1053 532 1084 in
556 1063 699 1096 apogeo.
752 1051 892 1085 Accidit
913 1057 1028 1082 autem
1054 1047 1139 1083 haec

165 1104 336 1138 Mercurii
367 1104 408 1136 ad
438 1109 565 1135 terram
591 1101 748 1144 proxima
771 1101 918 1134 accessio
943 1099 1136 1143 quotannis

164 1155 238 1193 bis,
281 1153 386 1186 semel
417 1164 495 1185 cum
527 1157 621 1185 tenet
650 1157 810 1185 centrum
833 1150 977 1195 epicycli
1003 1161 1138 1183 nonum

162 1205 307 1247 gradum
323 1203 475 1236 Piscium
488 1229 497 1243 ,
524 1208 557 1235 et
577 1202 703 1235 iterum
728 1213 807 1235 cum
823 1200 995 1245 percurrit
1011 1199 1044 1233 9.
1062 1210 1139 1243 gra—

163 1255 248 1287 dum
265 1252 410 1293 Cancri,
448 1253 543 1296 quod
561 1252 599 1285 fit
614 1264 732 1285 mense
751 1251 944 1284 Februario
969 1257 1001 1283 et
1024 1250 1140 1290 Iunio,

165 1304 294 1349 quibus
311 1303 508 1341 mensibus,
535 1303 678 1336 utinfra
696 1303 851 1342 dicetur,
878 1301 981 1334 etiam
1007 1301 1139 1342 digres-

166 1355 283 1387 siones
310 1365 370 1386 seu
388 1352 573 1385 distantiae
591 1351 763 1384 B‘Iercurii
782 1364 799 1383 a
817 1352 899 1384 Sole
918 1351 1140 1392 longissimae

164 1404 262 1444 fiunt,
279 1410 312 1437 et
327 1401 420 1435 haud
440 1401 546 1434 dubie
562 1413 687 1445 corpus
706 1413 845 1446 quoque
863 1401 958 1433 illius
973 1399 1141 1442 grandius

165 1460 326 1498 apparet,
351 1453 414 1485 ubi
430 1452 595 1486 cernitur.

268 1503 337 1537 Sed
363 1505 484 1537 Venus
516 1502 656 1534 orbium
687 1513 834 1534 numero
859 1506 892 1534 et
916 1499 984 1533 situ
1008 1497 1100 1532 nihil
1122 1512 1140 1532 a

167 1554 280 1587 tribus
313 1553 555 1596 superioribus
589 1552 725 1591 differt,
765 1549 870 1584 habet
902 1550 1004 1583 etiam
1029 1562 1139 1583 unum

166 1604 287 1646 apogei
306 1604 434 1642 locum,
463 1609 494 1635 et
509 1602 651 1647 quidem
670 1603 763 1635 iuxta
780 1601 1002 1646 quorundam
1020 1612 1140 1633 recen-

164 1655 252 1687 tium
284 1652 490 1686 sententiam
521 1664 741 1684 communem
773 1664 850 1684 cum
874 1650 966 1684 Solis
999 1662 1140 1694 apogeo,

165 1704 259 1748 quod
274 1701 338 1736 liae
351 1709 460 1735 aetate
474 1703 509 1733 in
525 1702 680 1744 7.gradu
690 1701 816 1734 Cancri
833 1701 1060 1734 constitutum
1071 1712 1141 1733 esse

165 1753 394 1786 recentissimi
412 1752 558 1784 artifices
580 1752 812 1787 tradiderunt.
846 1751 964 1793 Quare
982 1758 1138 1783 centrum

166 1804 309 1848 epicycli
343 1802 489 1835 Veneris
525 1813 603 1834 cum
631 1801 713 1835 Sole
743 1802 780 1834 in
813 1802 936 1845 primis
968 1801 1138 1844 partibus,

165 1852 367 1896 Capricorni
384 1853 487 1895 paulo
510 1858 586 1895 post
609 1853 770 1885 brumam
795 1853 837 1885 ad
859 1858 987 1884 terram
1009 1851 1139 1885 accedIt

165 1903 339 1945 proxime,
366 1909 405 1936 ut
428 1913 489 1934 suo
516 1902 629 1934 calore
653 1902 793 1944 frigoris
816 1901 887 1933 vim
910 1901 1064 1944 mitiget,
1107 1908 1139 1935 et

165 1960 291 1986 terram
307 1953 478 1985 foecundo
505 1949 652 1984 humore
677 1958 880 1995 conspergat
904 1952 1076 1984 efficacius
1099 1963 1136 1983 ex

165 2003 328 2046 propiore
354 2001 551 2035 intervatlo.
622 2000 679 2034 Fit
709 2008 823 2034 autem
858 2002 960 2033 nobis
994 2001 1139 2045 propior

164 2060 264 2090 tunc,
293 2064 396 2096 quam
413 2064 490 2084 cum
509 2051 546 2083 in
562 2062 692 2095 apogeo
710 2051 795 2092 suit,
831 2051 947 2094 spacio
964 2052 1072 2084 ferme
1093 2051 1137 2084 17

164 2103 503 2136 semidiametrorum
519 2108 642 2134 terrae.

264 2151 406 2186 Praeter
432 2149 496 2184 hos
520 2152 622 2184 orbes
652 2150 771 2184 Venus
794 2157 827 2184 et
845 2151 1044 2185 Mercurius
1064 2152 1136 2195 epi-

165 2202 278 2246 cyclos
295 2200 436 2242 habent,
453 2202 488 2234 in
505 2202 634 2246 quibus
649 2202 811 2235 seruntur
824 2202 913 2235 sicut
927 2208 995 2234 tres
1010 2202 1137 2246 reliqui

166 2251 328 2285 Planetae
342 2279 349 2293 ,
374 2253 410 2285 in
427 2252 607 2295 superiore
624 2258 722 2296 parte
740 2253 934 2285 secundum
954 2252 1135 2294 signorum

166 2303 344 2343 ordinem,
371 2303 406 2334 in
423 2303 589 2335 inferiore
608 2314 690 2335 vero
708 2309 803 2345 parte
820 2309 939 2335 contra
956 2303 1135 2345 signorum

165 2352 337 2387 ordinem.
391 2354 458 2387 Sed
484 2364 555 2385 non
575 2358 714 2385 servant
729 2353 825 2384 illam
841 2353 950 2395 legem
968 2353 1003 2384 in
1020 2353 1136 2395 perio-

166 2401 237 2439 dis,
265 2414 366 2445 quam
388 2410 552 2446 perpetuo
570 2409 764 2447 sequuntur
778 2408 846 2436 tres
865 2403 1070 2446 superiores,
1098 2410 1136 2436 ut

167 2450 344 2483 coniuncti
365 2465 441 2484 cum
459 2452 539 2485 Sole
564 2459 703 2487 teneant
729 2464 881 2486 summas
904 2453 1038 2496 apsides
1061 2453 1135 2497 epi-

165 2500 360 2544 cyclorum,
399 2509 429 2534 et
455 2502 565 2534 eidem
589 2503 738 2546 oppositi
761 2503 955 2546 retrogradi
984 2503 1072 2542 sint,
1103 2510 1135 2536 et

167 2550 253 2581 imas
286 2551 420 2593 apsides
452 2563 511 2584 seu
537 2553 671 2594 perigea
697 2553 930 2598 epicyclorum
953 2560 1135 2597 occupent,

164 2601 222 2632 sed
240 2597 276 2632 hi
295 2601 364 2633 duo
390 2601 550 2634 seruntur
573 2602 643 2635 suis
669 2604 878 2647 quibusdam
899 2603 1135 2647 peculiaribus

163 2650 296 2692 legibus
312 2657 346 2683 et
361 2650 523 2692 diversis,
552 2651 596 2685 ita
612 2659 650 2685 ut
666 2651 786 2687 Venus
802 2666 907 2688 unam
923 2654 960 2687 in
979 2653 1132 2699 epicyclo

395 116 603 154 SCRIPTA
631 115 705 150 PH.
734 110 851 147 MEL.
878 109 944 145 AD
971 109 1099 147 fflsT.
1125 106 1268 145 PROF.
1296 105 1361 142 ΕΤ
1390 104 1580 141 PfflLos.
1607 105 1933 145 ΞΡΕΕΤΑΝΤΙΑ.

2094 112 2171 147 280

1186 204 1249 227 suo
1283 192 1471 237 periodum
1495 192 1656 225 absolvat
1682 192 1786 235 paulo
1811 195 1961 238 amplius
1984 208 2088 240 quam
2116 196 2162 230 19

1187 244 1382 284 mensibus,
1408 240 1475 276 hoc
1493 249 1560 283 est,
1587 242 1710 275 diebus
1724 241 1812 283 583,
1840 240 1934 278 horis
1949 247 2011 281 22.

1289 293 1379 326 Nam
1399 294 1528 326 diurno
1545 299 1645 326 motu
1663 293 1700 325 in
1716 293 1870 337 epicyclo
1883 305 1945 327 suo
1955 295 2075 329 Venus
2085 308 2168 339 pro-

1160 353 1161 359 *
1188 344 1349 387 grediens
1367 343 1508 377 conficit
1525 344 1659 377 minuta
1676 343 1725 378 37
1741 344 1822 384 sere,
1848 345 1942 388 quod
1953 346 2166 379 curriculum

1190 406 1234 427 ne
1250 394 1356 427 breve
1374 394 1593 427 existimetur
1615 405 1708 434 esse,
1743 394 1922 427 sciendum
1947 401 2015 435 est,
2051 396 2167 440 epicy-

1188 445 1280 477 clum
1299 443 1448 476 Veneris
1465 445 1552 477 adeo
1571 456 1642 477 esse
1659 445 1830 488 amplum,
1856 451 1895 478 ut
1911 444 1986 478 eius
2000 444 2170 478 diameter

1189 494 1366 527 contineat
1397 494 1586 527 diametros
1616 501 1728 527 terrae
1759 493 1833 530 570
1845 500 1876 538 ξ.
1945 494 2064 538 Quare
2094 507 2170 528 am-

1188 545 1283 577 bitus
1302 544 1449 589 epicycli
1465 545 1635 577 maximus
1659 545 1815 578 continet
1842 545 2031 595 diametrqs
2057 551 2170 578 terrae

1192 593 1289 628 1794
1300 595 1384 633 fere,
1402 594 1463 638 qui
1479 606 1646 627 numerus
1663 595 1691 627 si
1707 595 1743 627 in
1754 595 1826 628 360
1838 596 1964 638 gradus
1980 595 2170 629 distribue-

1189 652 1246 678 tur
1256 643 1458 688 aequaliter,
1471 645 1631 677 ostendet
1646 645 1751 678 unius
1768 646 1896 688 gradus
1913 657 2031 680 arcum
2046 646 2083 678 in
2095 646 2171 689 epi-

1190 695 1286 740 cyclo
1298 694 1439 738 aequari
1451 694 1554 738 paulo
1566 694 1682 727 minus
1692 695 1849 740 quinque
1859 697 2038 730 diametris
2046 703 2170 730 terrae.

1295 743 1398 777 Unde
1413 752 1530 788 postea
1546 745 1742 787 colligitur,
1770 747 1937 778 diurnum
1954 746 2170 780 curriculum

1193 794 1341 827 Veneris
1360 795 1396 826 in
1415 795 1581 839 epicycIO,
1609 795 1702 839 quod
1721 795 1873 828 diximus
1888 796 1958 828 fere
1974 796 2023 829 37
2051 797 2170 829 minu—

1191 851 1308 878 torum
1326 856 1409 884 esse,
1437 845 1618 877 continere
1634 845 1892 887 longitudinem
1911 845 2017 878 trium
2036 847 2171 879 diame-

1191 902 1325 928 trorum
1343 902 1466 929 terrae.
1518 894 1612 927 Hinc
1637 895 1813 928 aestimari
1833 896 1998 929 velocitas
2022 895 2171 929 Veneris

1192 952 1326 988 potest,
1353 945 1494 989 quaein
1511 942 1596 978 hora
1615 958 1683 978 una
1705 953 1841 979 tantum
1866 946 2023 989 spacium
2046 946 2083 978 in
2107 958 2170 979 suo

1192 995 1346 1040 epicyclo
1379 995 1568 1038 percurrit,
1610 1003 1741 1040 quanta
1774 1002 1824 1029 est
1855 997 2019 1030 diametri
2054 1003 2167 1029 terrae

1193 1051 1311 1078 octava
1331 1056 1429 1088 pars,
1455 1057 1543 1090 quae
1559 1046 1715 1080 continet
1737 1046 1887 1090 amplius
1911 1047 2071 1080 ducentis
2087 1046 2170 1079 mil-

1194 1095 1340 1128 liaribus
1358 1096 1576 1137 germaniciS.

1294 1145 1494 1178 Mercurius
1524 1157 1607 1178 vero
1631 1147 1805 1190 percurrit
1828 1153 1942 1180 totum
1966 1158 2067 1180 suum
2095 1146 2170 1190 epi-

1193 1195 1328 1240 cyclum
1346 1195 1450 1239 paulo
1470 1195 1583 1236 citius,
1610 1208 1713 1241 quam
1734 1203 1886 1241 quatuor
1900 1196 2075 1229 mensium
2091 1207 2171 1240 spa-

1194 1247 1266 1286 cio,
1293 1243 1360 1278 hoc
1375 1253 1441 1286 est,
1469 1247 1593 1279 diebus
1612 1245 1697 1287 115,
1714 1244 1809 1279 horis
1824 1248 1885 1282 21.
1940 1245 1992 1279 Ita
2014 1253 2054 1280 ut
2081 1258 2170 1291 quo-

1193 1296 1279 1328 tidie
1304 1296 1342 1328 in
1365 1296 1520 1341 epicyclo
1546 1297 1708 1330 conficiat
1747 1303 1846 1329 motu
1881 1297 2019 1340 aequali
2042 1297 2171 1339 gradus

1194 1352 1279 1386 tres,
1304 1346 1440 1380 minuta
1457 1357 1523 1380 sex.
1575 1345 1626 1378 Ita
1641 1346 1752 1378 multo
1777 1346 1993 1379 existimatur
2017 1346 2171 1379 velocior

1194 1393 1394 1428 Mercurius
1411 1395 1448 1427 in
1464 1396 1537 1428 suo*
1553 1395 1706 1440 epicyclo
1728 1407 1832 1439 quam
1849 1395 1986 1436 Venus,
2026 1403 2169 1440 propter

1196 1445 1343 1490 epicycli
1362 1445 1581 1488 parvitatem,
1609 1445 1707 1478 cuius
1724 1446 1893 1479 diameter
1909 1453 2034 1490 aequat
2053 1447 2170 1489 longi-

1195 1495 1319 1528 tudine
1344 1495 1532 1529 diametros
1555 1502 1667 1528 terrae
1691 1496 1947 1540 quinquaginta
1968 1503 2001 1529 et
2024 1497 2168 1529 bessem.

1194 1543 1359 1578 Ambitus
1374 1545 1479 1588 igitur
1500 1543 1605 1578 liuius
1627 1545 1775 1590 epicycli
1799 1547 1954 1579 continet
1978 1546 2167 1580 diametros

1195 1601 1306 1628 terrae
1325 1596 1394 1630 159
1412 1602 1444 1628 et
1459 1596 1687 1640 quadrantem
1705 1597 1824 1631 ferme.
1868 1595 1971 1630 Unde
1989 1596 2168 1640 colligitur

1194 1645 1298 1678 unius
1314 1647 1440 1688 gradus
1458 1658 1576 1679 arcum
1595 1646 1631 1678 in
1657 1647 1811 1691 epicyclo
1830 1645 2002 1680 Mercurii
2026 1647 2168 1692 aequari

1195 1697 1354 1728 nondum
1388 1696 1452 1728 toti
1490 1697 1749 1728 semidiametro
1774 1703 1903 1737 terrae,
1945 1698 2004 1729 sed
2031 1704 2167 1730 tantum

1195 1746 1406 1778 milliaribus
1424 1746 1497 1780 760
1513 1746 1731 1788 germanicis.
1758 1745 1937 1780 Percurrit
1954 1747 2062 1790 igitur
2071 1745 2169 1780 Mer-

1194 1797 1312 1829 curius
1330 1797 1367 1828 in
1384 1808 1446 1829 suo
1471 1797 1623 1841 epicyclo
1647 1796 1804 1841 quotidie
1830 1797 1984 1841 spacium
2012 1798 2168 1840 longitu—

1193 1846 1276 1879 dine
1306 1847 1450 1891 aequale
1482 1859 1554 1879 non
1582 1848 1663 1880 totis
1686 1848 1822 1880 duabus
1844 1847 2024 1880 diametris
2047 1854 2168 1888 terrae,

1193 1898 1252 1929 sed
1271 1904 1406 1931 tantum
1425 1897 1638 1930 milliaribus
1651 1898 1857 1939 germanicis
1872 1897 1984 1932 2356.
2036 1896 2078 1930 In
2094 1909 2165 1931 una

1192 1958 1274 1981 vero
1297 1945 1382 1980 hora
1399 1954 1558 1990 peragrat
1574 1947 1739 1980 milliaria
1756 1948 1952 1989 germanica
1969 1946 2028 1981 98.

1290 1997 1363 2031 Iam
1394 1998 1421 2029 si
1447 1997 1602 2030 conferes
1626 1998 1808 2042 utriusque
1831 1997 1996 2031 Planetae
2029 2005 2164 2032 motum

1192 2049 1229 2081 in
1246 2048 1417 2093 epicyclo,
1454 2059 1573 2080 cernes
1593 2047 1764 2081 Venerem
1789 2048 1826 2080 in
1852 2046 1938 2081 hora
1960 2060 2031 2082 una
2057 2049 2165 2093 duplo

1191 2098 1330 2141 longius
1345 2099 1499 2142 spacium
1515 2110 1715 2141 percurrere
1727 2110 1831 2143 quam
1842 2097 2059 2132 Mercurium
2070 2125 2080 2139 ,
2106 2100 2167 2144 qui

1192 2156 1308 2182 tamen
1325 2149 1538 2182 existimatur
1554 2149 1638 2181 ferri
1656 2149 1692 2181 in
1718 2149 1871 2194 epicyclo
1897 2149 2061 2190 velocius,
2085 2161 2165 2183 cum

1191 2200 1263 2243 ipse
1279 2206 1348 2232 tres
1363 2200 1489 2242 gradus
1504 2206 1537 2233 et
1553 2200 1749 2233 dextantem
1768 2200 1936 2244 quotidie,
1965 2199 2085 2234 Venus
2101 2212 2165 2234 au-

1191 2257 1258 2283 tem
1277 2250 1380 2293 paulo
1402 2250 1553 2293 amplius
1571 2262 1675 2294 quam
1693 2250 1880 2283 dimidium
1904 2251 2010 2284 unius
2035 2251 2162 2294 gradus

1191 2300 1361 2333 conficiat.
1415 2299 1483 2333 Sed
1500 2311 1599 2333 causa
1617 2308 1684 2340 est,
1713 2302 1806 2344 quod
1832 2313 1924 2334 unus
1941 2302 2068 2344 gradus
2087 2301 2161 2344 e'pi-

1191 2351 1278 2395 cycli
1290 2350 1435 2384 Veneris
1452 2351 1598 2394 decuplo
1614 2358 1663 2384 est
1680 2351 1791 2383 maior
1808 2364 1911 2396 quam
1928 2363 2020 2385 unus
2035 2351 2162 2393 gradus

1190 2401 1227 2433 in
1246 2401 1399 2446 epicyclo
1419 2400 1599 2434 Mercurii.
1628 2400 1742 2434 Habet
1759 2402 1852 2434 enim
1868 2401 1982 2434 Venus
2001 2401 2160 2434 omnium

1189 2451 1413 2484 Planetarum
1442 2451 1629 2485 maximum
1664 2452 1878 2497 epicyclum,
1918 2451 2053 2484 ratione
2078 2452 2160 2484 reli-

1189 2514 1338 2546 quorum
1366 2513 1508 2535 suorum
1532 2503 1680 2535 orbium.
1743 2502 1909 2544 Qualium
1936 2502 2029 2534 enirn
2055 2502 2159 2535 semi—

1188 2553 1355 2585 diameter
1373 2552 1555 2585 eccentrici
1572 2551 1719 2586 Veneris
1740 2551 1843 2585 habet
1870 2559 1983 2595 partes
2006 2552 2073 2593 60,
2106 2559 2158 2585 ta-

1187 2603 1274 2636 lium
1293 2603 1549 2636 semidiameter
1565 2603 1710 2648 epicycli
1730 2601 1835 2635 hahet
1850 2602 1899 2636 43
1917 2609 2042 2646 partes.
2079 2602 2157 2636 Hoc

1186 2660 1256 2695 est,
1283 2653 1311 2686 si
1328 2653 1586 2687 semidiametro
1609 2652 1752 2698 epicycli
1774 2653 1987 2687 adderentur
2011 2652 2058 2686 17
2076 2664 2156 2697 par-
