2379 2948
81 113 167 150 945
495 111 541 150 V.

82 202 153 235 siae
179 199 395 234 calamitates
418 199 618 245 plerunque
640 199 820 241 oriantur,
845 199 1010 233 videlicet
1033 201 1078 234 ab

81 252 165 297 ipsis
182 249 360 284 Ecclesiae
380 251 689 294 gubernatoribus.

184 301 323 336 Deinde
346 302 395 346 pii
420 300 485 335 hac
508 302 750 335 consolatione
769 300 871 334 valde
888 301 1077 334 confirma-

80 354 231 397 bantur,
261 354 356 399 quod
383 352 642 397 prospiciebant
666 352 797 385 exitum
824 358 857 385 et
881 352 985 385 finem
1012 350 1077 385 ho-
1101 389 1103 395 s

473 401 549 436 Etsi
572 403 667 435 euim
686 402 843 436 sciebant
859 403 996 448 aliquot
1012 416 1076 436 an—
1101 429 1103 436 .

80 417 160 438 rum
186 405 417 439 tumultuum.

81 467 147 489 nos
171 462 404 499 grassaturam
431 466 502 487 esse
518 453 698 487 saevitiam
716 453 928 497 impiorum,
956 460 1073 487 tamen

82 514 177 541 certo
202 513 329 540 norant
347 517 382 538 se
399 517 471 537 non
491 505 618 537 frustra
638 504 825 545 dimicare,
852 506 909 538 sed
931 506 1074 539 tandem

82 564 350 602 recuperaturos
376 567 448 588 esse
473 555 643 599 patriam,
679 555 849 600 templum
874 562 908 590 et
930 556 1075 589 liberta-

80 615 163 644 tem.
216 608 310 642 Haec
332 618 409 651 spes
432 606 528 639 viros
545 606 654 640 fortes
671 607 922 648 confirmabat,
946 614 985 641 ut
1000 619 1074 640 non

81 660 286 693 dubitarent
309 669 404 691 arma
429 669 563 700 capere.
619 657 701 691 Ideo
727 664 759 691 et
779 664 916 702 tempus
934 659 1074 703 praedi-

82 710 193 749 citur,
227 716 259 743 et
284 708 499 752 respondent
526 715 681 742 eventus.
755 707 851 742 lntra
877 709 1073 743 triennium

81 760 300 805 recuperavit
322 758 536 793 Macabaeus
566 760 759 804 templum,
797 759 894 794 Haec
924 760 1073 794 victoria

80 812 190 855 magis
219 811 322 844 etiam
351 810 488 843 animos
511 811 649 844 addidit
673 811 758 855 piis,
791 818 829 845 ut
853 811 986 845 bellum
1013 823 1074 845 ur-

80 868 211 906 gerent.

181 912 362 947 Postremo
393 912 587 956 praedictio
623 913 806 946 confirmat
838 913 914 957 pios
950 920 1073 947 contra
1099 932 1100 935 =

79 964 308 1005 scandatum,
342 964 378 996 id
409 971 479 1002 est,
516 971 638 997 contra
671 964 842 998 clamores
868 965 1074 1009 impiorum,

80 1014 142 1060 qui
167 1015 425 1055 vociferantur,
460 1015 621 1058 potestati
649 1015 850 1048 ordinariae
874 1015 1074 1060 obsequen-

80 1067 165 1099 dum
198 1077 293 1107 esse,
328 1066 552 1099 sentiendum
586 1077 658 1099 esse
689 1078 768 1099 curn
799 1066 932 1099 maiore
964 1074 1074 1111 parte.

80 1115 133 1151 lta
159 1124 244 1151 tunc
270 1124 371 1150 erant
397 1114 490 1150 haud
518 1117 624 1150 dubie
648 1117 772 1158 multi,
799 1117 868 1162 ,qui
895 1129 976 1150 suae
1003 1118 1073 1150 im-

79 1169 200 1213 pietati
234 1175 266 1201 et
296 1168 454 1210 ignaviae
485 1165 577 1200 hanc
610 1168 867 1201 excusationem
895 1175 1074 1212 praetexe-

78 1221 176 1255 bant.
230 1219 315 1253 Esse
338 1219 423 1252 boni
448 1219 533 1252 civis
553 1220 795 1263 obtemperare
810 1219 1074 1262 magistratibus

81 1279 115 1305 et
137 1271 382 1316 pontificibus,
409 1282 471 1303 nec
495 1270 681 1303 dissentire
706 1283 723 1303 a
752 1270 882 1303 maiore
908 1277 1006 1314 parte
1022 1270 1073 1303 ci-

80 1323 191 1357 vium.
246 1319 455 1354 Inhonestas
476 1328 508 1354 et
526 1321 709 1354 seditiosas
727 1333 800 1354 esse
815 1333 937 1354 omnes
953 1322 1072 1354 seiun-

80 1374 214 1407 ctiones
246 1373 290 1406 ab
322 1372 505 1405 ordinaria
534 1379 724 1416 potestate,
757 1384 818 1405 scu
847 1384 865 1405 a
890 1372 1072 1405 communi

81 1435 255 1458 consensu
287 1423 429 1456 maioris
463 1424 587 1466 partis.
648 1421 828 1456 Adversus
853 1420 917 1456 hos
941 1423 1073 1467 plausi-

79 1476 170 1509 biles
196 1486 375 1508 sermones
400 1475 603 1507 consolatur
626 1472 722 1507 Deus
746 1474 841 1518 pios,
872 1480 906 1507 et
929 1475 1074 1507 damnat

81 1526 252 1559 maiorem
284 1532 416 1569 partem
441 1525 659 1559 deficientem
686 1537 704 1557 a
728 1525 820 1568 lege,
858 1532 891 1559 et
912 1525 1074 1559 adfirmat

82 1577 150 1610 sibi
176 1577 312 1620 placere
335 1587 464 1620 paucos
489 1575 588 1615 illos,
616 1576 677 1621 qui
702 1576 813 1620 legem
835 1576 994 1610 divinam
1012 1576 1073 1609 de-

80 1628 213 1662 fensuri
233 1635 324 1662 sunt.

185 1678 261 1712 Hac
278 1678 351 1722 ipsa
371 1677 613 1711 consolatione
628 1684 660 1711 et
678 1678 781 1711 nobis
797 1689 893 1711 nunc
909 1690 998 1722 opus
1014 1684 1075 1719 est,

83 1731 120 1764 in
148 1727 422 1775 reprehensione
442 1728 639 1769 idolorum,
667 1741 755 1774 quae
772 1729 968 1762 defendunt
984 1741 1075 1773 pon-

82 1781 202 1815 tifices.
258 1779 432 1814 Usitatum
459 1786 509 1813 est
526 1777 734 1813 hominibus
751 1780 920 1813 dimicare
937 1781 980 1813 de
996 1780 1074 1824 opi-

82 1833 150 1866 bus
177 1838 210 1865 et
241 1832 284 1864 de
317 1828 527 1865 honoribus.
591 1829 687 1864 Haec
710 1831 822 1875 reipsa
849 1837 1076 1875 propugnant

82 1883 229 1928 plurimi
253 1880 443 1926 Episcopi,
478 1881 650 1916 Canonici
677 1879 869 1922 Monachi,
894 1888 927 1915 et
952 1894 1075 1915 eorum

84 1934 209 1975 amici,
242 1945 320 1966 cum
348 1933 438 1966 tueri
464 1944 544 1966 suos
567 1932 658 1965 ritus
682 1939 715 1966 et
741 1944 800 1966 sua
822 1932 918 1966 idola
943 1944 1076 1966 conan-

86 1993 154 2018 tur.
206 1983 252 2018 Et
277 1991 481 2028 praetexunt
502 1981 679 2017 Ecclesiae
704 1995 854 2023 nomen,
880 1983 988 2029 idque
1011 1983 1076 2017 tri-

86 2036 202 2068 buunt
226 2047 287 2068 suo
311 2035 444 2075 coetui,
472 2035 532 2080 qui
557 2034 774 2070 dominatur.

87 2086 239 2120 tendunt
261 2098 333 2119 non
357 2087 609 2119 discedendum
628 2097 701 2119 esse
718 2087 761 2119 ab
777 2086 957 2119 ordinaria
978 2093 1078 2130 pote-

89 2143 196 2178 state,
222 2149 310 2181 quae
338 2137 473 2170 etiamsi
497 2137 690 2183 aliquando
715 2138 803 2170 levia
828 2137 946 2182 aliqua
964 2144 1077 2171 errata

91 2342 140 2374 ris
175 2338 322 2373 humani
354 2340 439 2372 boni
469 2341 670 2382 consulere,
704 2350 734 2375 et
762 2342 874 2375 lenire
900 2342 1080 2375 moderata

91 2391 392 2436 interpretatione.

195 2442 346 2485 Quoties
370 2442 437 2474 iam
461 2439 515 2474 his
533 2443 656 2485 viginti
676 2444 777 2477 annis
792 2441 854 2476 has
870 2443 976 2476 audio
997 2455 1083 2476 con-

93 2493 236 2526 ciones?
296 2491 445 2535 Quoties
470 2490 557 2524 mihi
584 2494 642 2526 illa
671 2507 736 2527 vox
759 2495 894 2528 obiecta
915 2501 986 2534 est,
1016 2507 1083 2528 κα·

94 2543 161 2579 κὸν
186 2540 226 2578 εὖ
251 2541 422 2589 κείμενον
443 2541 494 2588 μὴ
516 2543 695 2589 κινητέον,
763 2544 809 2579 Et
832 2552 870 2578 ut
896 2553 1083 2589 parentum

95 2595 218 2629 deliria
231 2623 239 2636 ,
267 2595 312 2628 ita
334 2597 505 2640 quaedam
523 2593 700 2628 Ecclesiae
718 2602 829 2628 errata
847 2597 1029 2629 toleranda
1051 2603 1084 2629 et

97 2646 350 2680 dissimulanda
376 2658 465 2683 esse,
492 2658 535 2678 ne
559 2646 769 2679 medicando
795 2647 874 2690 plus
894 2647 974 2679 mali
993 2647 1085 2680 exci-

98 2704 201 2731 tetur.

151 2750 326 2780 niumm.
358 2750 460 2782 Orsa.
486 2750 568 2781 Vei..
597 2749 692 2781 XIII.

595 112 645 147 IN
672 110 933 147 DANIELEM
961 109 1279 147 PROPHETAM
1305 109 1730 150 COMMENTARIUS.

1098 989 1100 996 Α
1127 965 1335 1009 corporibus
1360 964 1494 1009 populi.

829 2033 968 2068 Deinde
990 2047 1074 2068 con·
1102 2051 1104 2071 χ

2057 114 2132 150 946

1131 200 1353 240 flammatur,
1391 210 1538 243 magnae
1568 205 1767 245 sequuntur
1797 199 1940 240 ruinae,
1978 213 2126 245 magnae

1133 250 1413 289 dilacerationes,
1441 262 1530 295 quae
1544 251 1664 295 plures
1681 262 1817 285 errores
1833 258 1866 286 et
1880 250 2014 286 maiora
2033 254 2124 287 mala

1133 301 1295 347 pariunt,
1323 308 1362 334 ut
1381 313 1459 334 vere
1476 301 1559 335 dicit
1576 300 1752 337 Homerus
1770 303 1813 335 de
1830 302 1910 336 lite:

1208 354 1303 384 Parva
1318 362 1401 384 metu
1418 357 1515 394 primo
1532 366 1606 385 mox
1625 367 1686 386 sese
1703 358 1815 386 attollit
1831 358 1863 386 iu
1880 367 1976 395 auras,

1204 405 1435 447 Ingrediturque
1450 408 1534 444 solo,
1559 413 1588 436 et
1603 414 1692 446 caput
1708 410 1785 437 inter
1801 409 1904 438 nubila
1922 408 2036 438 condit.

1233 454 1397 499 Denique
1421 454 1517 498 pleni
1542 461 1625 488 sunt
1640 455 1723 488 libri
1741 454 1846 489 huius
1864 453 2123 501 philosophiae,

1129 506 1173 539 de
1198 503 1264 539 hac
1289 505 1552 546 moderatione,
1577 517 1667 550 quae
1691 512 1784 540 vetat
1806 507 1936 540 formas
1953 508 2123 551 imperio-

1128 569 1208 590 rum
1232 568 1374 590 movere
1398 568 1438 588 ac
1455 556 1617 594 turbare,
1645 556 1782 590 etiamsi
1802 569 1868 602 qua
1889 555 2019 592 habent
2037 559 2121 592 vitia

1128 620 1202 642 non
1231 607 1333 641 levia.
1385 606 1461 640 Hae
1486 613 1568 640 sunt
1590 607 1673 640 illae
1692 608 1907 649 blanditiae,
1932 610 1975 642 de
1993 610 2121 652 quibus

1128 659 1165 692 in
1196 665 1292 693 textu
1320 658 1422 692 dicit:
1466 657 1603 692 Multos
1630 658 1799 692 invitatos
1823 671 1897 692 esse
1923 659 2122 701 blanditus,

1127 716 1166 743 ut
1184 710 1257 753 regi
1276 716 1309 743 et
1327 709 1485 754 pontifici
1502 709 1779 746 adsentirentur.

1230 761 1298 795 Sed
1325 758 1431 794 huius
1448 757 1695 804 philosophiae
1712 767 1824 794 metae
1840 762 2012 806 quaedam
2028 768 2121 799 sunt,

1127 811 1256 846 Civilia
1288 824 1415 851 onera,
1455 811 1595 844 civilem
1630 811 1836 845 servitutem
1867 819 1941 846 arte
1967 813 2121 846 feramus

1127 876 1166 896 ac
1188 863 1399 902 toleremus,
1427 863 1670 895 condonemus
1692 861 1851 906 imperiis
1871 863 2119 907 negligentiam

1126 914 1361 958 multiplicem
1389 914 1426 946 in
1449 913 1610 954 iudiciis,
1638 914 1675 946 in
1699 913 1842 946 tuendis
1866 915 2062 947 commodis
2084 921 2117 948 et

1547 964 1615 998 Sed
1641 964 1789 1007 gloriam
1805 964 1870 998 Dei
1894 973 1925 998 et
1943 964 2025 998 Filii
2044 966 2119 998 eius

1127 1014 1207 1050 Iesu
1225 1014 1355 1050 Christi
1379 1015 1615 1049 anteferamus
1636 1015 1803 1049 omnibus
1819 1016 1924 1049 rebus
1945 1013 2122 1057 humanis,

1126 1067 1306 1111 imperiis,
1336 1065 1547 1099 concordiae
1562 1066 1742 1109 publicae,
1766 1067 1895 1100 uostris
1911 1064 2120 1108 honoribus,

1126 1125 1268 1151 nostrae
1299 1117 1410 1158 vitae,
1444 1117 1534 1150 sicut
1556 1115 1717 1151 Christus
1739 1117 1844 1150 dixit:
1879 1116 1953 1160 Qui
1976 1118 2120 1161 negabit

1126 1181 1182 1202 me
1208 1181 1325 1202 coram
1348 1166 1572 1207 hominibus,
1601 1168 1736 1212 negabo
1761 1176 1792 1202 et
1818 1179 1880 1211 ego
1902 1181 1980 1202 eum
2000 1181 2118 1203 coram

1126 1227 1225 1264 patre
1250 1231 1327 1252 meo
1352 1218 1505 1254 coelesti.
1565 1218 1611 1253 Et
1635 1217 1799 1263 Apostoli
1824 1219 1947 1253 iubent
1972 1221 2119 1253 manda-

1127 1278 1201 1305 tum
1234 1270 1301 1303 Dei
1335 1270 1508 1303 anteferre
1537 1269 1747 1303 concordiae
1776 1282 1858 1303 suae
1889 1270 2118 1314 reipublicae,

1126 1335 1205 1356 cum
1228 1322 1344 1355 aiunt:
1374 1319 1528 1364 Oportet
1544 1320 1620 1354 Deo
1639 1321 1750 1363 magis
1770 1321 1914 1353 obedire
1928 1333 2034 1366 quam
2052 1319 2119 1354 ho·-

1126 1372 1294 1406 minibus.
1346 1369 1392 1405 Et
1408 1371 1539 1405 Paulus
1562 1372 1700 1416 inquit:
1730 1370 1768 1405 Si
1788 1371 1867 1416 quis
1883 1371 1980 1404 aliud
1996 1370 2120 1405 Evan-

1126 1424 1255 1467 gelium
1282 1422 1442 1461 docebit,
1476 1420 1660 1456 anathema
1684 1421 1747 1460 sit,
1772 1422 1810 1455 id
1837 1429 1904 1456 est:
1939 1420 2118 1456 Discedite

1126 1476 1171 1508 ab
1196 1474 1388 1518 impiorum
1413 1474 1572 1507 cultuum
1600 1473 1865 1514 defensoribus,
1907 1480 2074 1519 tanquam
2098 1485 2119 1507 a

1126 1525 1303 1559 damnatis
1321 1537 1338 1557 a
1356 1523 1448 1558 Deo.

1230 1576 1286 1610 Ad
1302 1573 1388 1609 haec
1404 1576 1495 1609 dicta
1512 1575 1683 1608 addamus
1699 1574 1870 1608 iudicium
1880 1574 1946 1608 Dei
1963 1572 2020 1608 bic
2035 1587 2118 1619 pro-

1126 1628 1280 1672 positum
1305 1627 1342 1660 in
1366 1626 1552 1667 vaticinio,
1578 1627 1673 1671 quod
1698 1626 1873 1659 minorem
1892 1632 2027 1669 partem
2043 1626 2118 1659 dis-

1127 1678 1337 1712 sentientem
1375 1689 1394 1710 a
1426 1689 1506 1720 rege
1537 1683 1569 1710 et
1601 1689 1618 1710 a
1651 1677 1817 1721 pontifice
1849 1677 2040 1721 approbat,
2084 1684 2118 1710 et

1128 1730 1273 1763 damnat
1309 1727 1487 1773 principes
1525 1728 1756 1761 defendentes
1789 1727 1939 1771 impium
1971 1728 2117 1763 cultum.

1127 1779 1199 1814 Nec
1213 1786 1295 1814 sunt
1310 1779 1400 1812 levia
1418 1785 1530 1812 errata
1549 1779 1747 1822 pontificiae
1764 1778 1889 1823 partis,
1916 1790 2004 1823 quae
2020 1785 2118 1812 taxa-

1128 1843 1218 1867 mus.
1270 1828 1346 1864 Etsi
1372 1830 1465 1862 enim
1491 1829 1596 1864 astuti
1621 1829 1765 1875 quidam
1784 1836 1959 1875 quaerunt
1974 1829 2118 1872 religio-

1128 1894 1215 1915 num
1248 1881 1532 1921 conciliafiones,
1566 1888 1600 1914 et
1630 1881 1777 1914 miscent
1802 1892 1925 1914 omnes
1950 1877 2119 1921 ethnicas,

1129 1933 1287 1966 iudaicas
1320 1939 1353 1966 et
1385 1932 1640 1974 evangelicam,
1674 1938 1791 1965 tamen
1821 1929 1886 1964 hae
1910 1931 2118 1975 praestigiae

1130 1983 1167 2016 in
1196 1982 1388 2016 Ecclesiam
1420 1994 1643 2028 nequaquam
1674 1983 1913 2016 admittendae
1945 1988 2045 2022 sunt,
2080 1982 2119 2015 in

1130 2047 1198 2079 qua
1228 2034 1362 2078 fulgere
1391 2034 1450 2067 lux
1473 2034 1595 2072 debet,
1631 2045 1736 2078 quam
1762 2045 1824 2076 per
1846 2030 2119 2076 Prophetarum,

1102 2084 1104 2122 ἶ
1131 2084 1265 2119 Christi
1289 2092 1322 2119 et
1340 2084 1595 2129 Apostolorum
1620 2096 1738 2118 vocem
1753 2082 1850 2117 Deus
1872 2091 2035 2118 aeternus
2053 2095 2118 2117 no-

1103 2154 1105 2158 .
1130 2137 1185 2171 bis
1204 2136 1362 2170 tradidit.

88 2186 216 2226 habet,
240 2195 356 2221 tamen
381 2200 563 2233 nunquam
589 2189 758 2233 receperit
785 2188 911 2233 impias
936 2194 1078 2221 senten·
1103 2195 1107 2236 ξ

90 2240 175 2279 tias,
208 2244 265 2271 aut
294 2238 403 2271 idola:
437 2251 508 2272 esse
533 2240 648 2272 bonae
672 2240 799 2273 mentis
825 2240 996 2284 quaedam
1023 2239 1079 2271 in-
1104 2252 1106 2260 ⁴

91 2290 274 2323 commoda
300 2290 563 2331 gubernationis
586 2291 622 2323 in
640 2297 734 2324 tanta
753 2289 957 2324 infirmitate
975 2302 1079 2333 gene·
1105 2302 1107 2310 *

1235 2186 1418 2230 Quantum
1450 2185 1556 2219 fuerit
1582 2186 1826 2224 tenebrarum,
1860 2182 1976 2218 adhuc
2002 2192 2119 2218 osten-

1132 2240 1222 2273 dunt
1238 2238 1386 2271 frivolae
1398 2238 1619 2282 quaestiones
1633 2237 1669 2269 in
1684 2236 1935 2270 sententiariis:
1957 2234 2015 2268 An
2025 2235 2120 2270 Deus

1134 2290 1243 2334 possit
1266 2289 1466 2332 praecipere
1485 2295 1523 2321 ut
1537 2287 1620 2321 odio
1640 2285 1835 2320 habeatur?
1887 2286 1985 2329 Quid
2004 2298 2121 2320 come-

1134 2343 1194 2375 dat
1219 2352 1296 2373 mus
1320 2341 1449 2373 rodens
1471 2345 1711 2372 consecratum
1737 2337 1891 2381 panem?
1949 2336 2018 2371 Sed
2045 2335 2122 2378 hae,

1135 2392 1323 2437 inquiunt,
1351 2402 1543 2434 paucorum
1569 2397 1601 2423 et
1622 2388 1821 2421 ociosorum
1845 2387 1995 2431 ineptiae
2011 2395 2122 2427 erant,

1135 2456 1199 2476 nec
1226 2448 1409 2486 propterea
1436 2439 1610 2477 Ecclesia,
1646 2437 1713 2472 hoc
1736 2445 1804 2479 est,
1832 2446 1949 2472 coetus
1974 2437 2124 2483 Episco-

1136 2505 1261 2539 pornm
1286 2499 1318 2526 et
1343 2492 1503 2525 omnium
1528 2491 1743 2535 prudentum
1767 2489 2044 2532 gubernatorum
2067 2502 2125 2524 ac-

1136 2544 1249 2579 cusari
1268 2544 1383 2577 debet.

1240 2595 1317 2628 Imo
1344 2603 1471 2626 nervos
1494 2589 1788 2636 reprehendimus
1814 2590 2125 2630 idolomaniarum,

1138 2658 1226 2691 quos
1259 2644 1387 2677 summi
1420 2643 1607 2687 praecipue
1635 2649 1801 2682 tuentur,
1849 2642 1909 2687 qui
1941 2655 2012 2676 non
2045 2649 2126 2675 sunt

268 2696 356 2730 Nam
387 2709 466 2730 cum
495 2698 599 2730 motis
623 2697 804 2731 erroribus
829 2697 1004 2731 discordia
1029 2698 1085 2730 in-
1109 2719 1113 2741 ὲ
1137 2697 1229 2729 levia
1260 2701 1390 2736 errata,
1424 2706 1488 2728 nec
1512 2693 1641 2728 fucosis
1665 2694 1949 2728 excusationibus
1972 2693 2127 2736 mitigari

1575 2744 1625 2780 60
