2379 2948
280 98 374 133 1007

275 182 458 216 Menelaus
475 179 607 215 Oniam
624 177 770 212 interfici
791 177 941 218 curavit,
968 184 1001 211 et
1023 177 1162 211 attraxit
1180 176 1256 210 An-

274 231 429 267 tiochum
455 229 696 274 Epiphanem,
724 229 856 261 occisus
880 229 1021 261 tandem
1045 240 1063 261 a
1084 229 1155 260 filio
1181 228 1256 259 Au-

274 284 381 317 tiochi
406 280 620 325 Epiplianis,
657 280 751 324 quod
778 280 832 312 sax
857 278 977 312 fuisset
1004 279 1086 311 belli
1114 279 1256 311 Iudaici.
1282 298 1284 304 ·
1309 280 1394 312 tiant
1417 279 1567 312 maiores
1593 277 1840 321 dissipationes
1865 283 2035 321 quantum
2063 283 2187 320 potest.

276 334 375 367 lason
402 334 439 364 in
458 332 561 364 exilio
585 333 676 374 apud
705 329 1000 362 Lacedaemonios
1018 337 1177 363 mortuus
1195 336 1255 361 est.
1282 344 1284 350 ⁴

379 383 512 416 Interea
525 379 723 414 Antiochus
733 378 936 424 Epiphanes
952 378 1162 412 horrendam
1178 391 1257 411 cru-

273 434 451 467 delitatem
476 439 549 465 toto
571 431 735 465 octennio
757 431 908 464 exercuit
927 431 962 463 in
982 430 1120 464 Iudaea.
1177 429 1257 461 Ido-

274 486 346 517 lum
372 483 556 527 intemplo
574 482 777 521 collocavit,
807 494 965 524 magnam
993 480 1256 514 multitudinem

274 533 459 568 hominum
486 533 631 571 occidit,
665 532 811 565 vastavit
835 533 973 575 oppida.
1037 531 1104 564 Sed
1138 531 1257 577 paula-

275 586 337 619 tim
362 584 457 618 Deus
487 584 650 628 repressit
682 583 756 615 eius
781 583 969 615 exercitum
996 583 1138 614 ductore
1172 580 1257 613 luda

276 635 484 675 Macabaeo,
525 642 565 668 ut
605 633 774 678 reliquiae
811 631 986 666 Ecclesiae
1025 639 1258 666 servarentur.

276 685 475 719 Interfectio
493 685 578 718 Iuda
596 684 786 717 Macabaeo
814 684 849 716 in
872 684 944 716 acie
966 683 1073 716 frater
1092 680 1258 715 Ionatlias

275 737 369 769 varia
393 737 535 769 fortuna
559 735 724 778 praefuit,
758 735 818 778 qui
851 746 930 766 cnm
961 734 1099 766 duobus
1132 733 1213 766 filiis
1240 746 1257 765 a

277 784 462 830 Triphone
495 786 637 831 Syriaco
674 797 733 828 pcr
772 785 930 817 fraudem
965 784 1168 817 interfectus
1200 791 1258 816 est.

275 836 413 870 Deinde
440 837 561 869 tertius
586 837 692 868 frater
716 835 837 868 Simon
863 847 940 867 cum
966 835 1067 867 annis
1091 836 1161 867 fere
1181 842 1258 867 octo

277 888 500 932 praefuisset,
528 900 545 919 a
565 898 692 930 genero
710 885 910 919 interfectus
931 892 991 918 est.

377 937 500 971 Postea
526 939 590 970 sub
613 935 767 968 Hircano
792 936 863 968 filio
889 935 1044 969 Simonis
1062 934 1259 968 Antiochus

277 988 378 1022 Soter
393 988 577 1021 obsidione
596 987 703 1019 cinxit
723 985 987 1031 lerosolymam,
1016 994 1048 1019 et
1073 987 1163 1019 fame
1179 989 1257 1019 coe-

277 1040 325 1082 git
353 1051 432 1071 eum
464 1039 574 1071 facere
606 1037 830 1070 deditionem.
887 1036 1008 1069 Postea
1035 1037 1258 1081 tranquillio-

277 1102 349 1122 rem
381 1089 670 1132 gubernationem
700 1085 837 1120 habuit:
874 1088 931 1119 sed
964 1088 1025 1119 filii
1060 1088 1150 1120 inter
1188 1100 1259 1120 sese

277 1140 511 1179 dimicarunt,
541 1139 602 1184 qui
624 1139 692 1171 iam
712 1151 782 1170 non
808 1138 963 1171 contenti
981 1138 1083 1171 titulo
1103 1150 1259 1171 summo—

277 1202 353 1223 rum
373 1191 612 1227 sacerdotum,
642 1200 737 1231 reges
762 1190 865 1221 etiam
891 1188 960 1220 dici
988 1189 1161 1224 volebant.
1214 1187 1260 1221 Et

278 1241 516 1273 Alexandrum
542 1240 653 1272 filium
679 1238 824 1272 Ilircani
858 1238 1078 1271 Ptolemaeus
1100 1239 1260 1272 Lamirus

277 1303 402 1334 magno
433 1291 566 1334 praelio
594 1290 697 1329 vicit,
731 1297 762 1322 et
792 1290 905 1330 coegit
935 1290 1090 1333 captivos
1115 1289 1261 1323 Iudaeos

278 1342 370 1374 vesci
388 1348 482 1374 cocta
507 1352 610 1373 carne
628 1352 816 1383 puerorum
837 1340 996 1372 Iudaicae
1019 1341 1141 1382 gentis.
1195 1340 1261 1374 Hic

279 1392 477 1424 Alexander
502 1397 533 1422 et
552 1391 589 1422 in
608 1390 694 1422 festo
718 1390 1024 1422 tabernaculorum
1051 1391 1187 1423 circiter
1204 1402 1259 1423 sex

279 1442 390 1474 millia
418 1439 602 1473 hominum
629 1441 664 1472 in
688 1441 774 1473 urbe
801 1439 1013 1485 Ierosolyma
1036 1440 1072 1472 in
1091 1441 1261 1474 seditione

279 1492 478 1527 trucidavit.
532 1490 667 1523 Deinde
690 1491 893 1523 sexennium
919 1503 996 1523 cum
1024 1491 1161 1524 Iudaeis
1186 1492 1260 1524 bel-

281 1544 352 1576 lnm
368 1542 489 1585 gessit,
517 1542 576 1586 qui
596 1542 848 1574 accersiverant
865 1541 1092 1576 Demetrium.

380 1592 496 1625 Huius
512 1592 575 1624 filii
594 1591 769 1624 Hircanus
796 1593 969 1624 secundus
987 1599 1018 1625 et
1035 1591 1262 1624 Aristobulus

280 1644 382 1677 etiam
408 1644 499 1675 inter
523 1655 556 1675 se
586 1643 628 1674 de
661 1654 767 1684 regno
795 1642 1018 1675 dimicarunt.
1073 1641 1262 1684 Pompeius

279 1694 435 1727 Hircano
452 1693 598 1726 tradidit
616 1704 790 1725 summum
815 1692 1046 1726 sacerdotium
1072 1693 1262 1726 interfectis

280 1745 405 1788 viginti
424 1745 562 1776 duobus
579 1743 736 1776 millibus
758 1742 977 1778 ludaeorum.
1016 1742 1262 1776 Aristobulum

280 1807 363 1828 vero
387 1794 539 1829 Romam
560 1794 724 1834 abduxit,
755 1794 849 1826 unde
874 1806 952 1827 cum
973 1794 1115 1835 fugisset
1138 1800 1171 1826 et
1190 1795 1263 1826 bel—

280 1846 352 1879 lum
371 1846 407 1877 in
427 1844 554 1877 Iudaea
579 1845 758 1884 movisset,
787 1856 907 1877 rursus
925 1851 1046 1888 captus
1065 1851 1115 1877 est
1140 1851 1171 1877 et
1189 1844 1263 1878 Ro-

281 1908 373 1929 mam
391 1896 515 1927 missus
528 1921 536 1934 ,
560 1896 700 1928 tandem
720 1907 852 1927 veneno
871 1895 1042 1928 extinctus
1060 1903 1120 1928 cst.

384 1945 581 1979 Aristobuli
606 1945 697 1977 filius
725 1944 924 1987 Antigonus
955 1958 1032 1978 cum
1060 1942 1262 1979 Parthicum

282 1997 469 2030 exercitum
501 1996 535 2027 in
574 1994 736 2027 Iudaeam
765 1996 980 2035 adduxisset,
1016 1997 1139 2029 fraude
1175 1997 1262 2040 cepit

282 2047 477 2080 Hircanum
505 2052 686 2089 patruum,
721 2053 753 2078 et
777 2046 807 2078 ei
832 2058 1006 2079 summum
1030 2047 1262 2079 sacerdotium

283 2098 421 2142 eripuit.
483 2095 612 2130 Urbem
644 2094 766 2129 Parthi
797 2096 989 2139 diripiunt,
1025 2105 1141 2140 postea
1173 2096 1263 2130 bella

283 2161 362 2182 cum
382 2147 521 2180 Herode
541 2146 659 2189 gessit:
690 2147 746 2179 sed
767 2147 944 2180 Antonius
963 2146 1173 2180 Antiochiae
1193 2148 1261 2181 ius-

284 2200 327 2232 sit
345 2210 423 2231 eum
444 2197 603 2231 interfici.
646 2197 769 2230 Postea
787 2196 944 2230 Herodes
962 2199 1058 2230 solus
1076 2210 1182 2240 regno
1202 2212 1263 2243 po-

283 2250 367 2283 titus
385 2256 452 2288 est,
476 2255 507 2281 et
525 2259 685 2290 magnam
703 2248 943 2281 crudelitatem
963 2250 1125 2282 exercuit.

384 2298 478 2331 Haec
505 2305 574 2331 tota
604 2297 683 2330 Ilias
714 2299 879 2341 postremi
911 2300 1077 2343 temporis
1105 2299 1264 2332 Iudaicae

285 2350 427 2393 politiae
452 2350 623 2391 significat
648 2350 777 2382 similes
802 2350 1026 2382 confusiones
1046 2350 1082 2381 in
1110 2351 1264 2394 imperiis

285 2398 390 2432 huius
414 2407 568 2432 senectae
592 2400 733 2437 mundi,
763 2412 847 2444 quas
871 2401 1044 2443 sapienter
1066 2401 1264 2440 toleremus,

286 2462 329 2481 ne
348 2457 488 2493 propter
504 2450 666 2482 scandala
685 2451 883 2483 deficiamus
910 2464 925 2482 a
945 2450 1029 2485 Deo.
1083 2451 1150 2483 Sed
1173 2460 1264 2485 certo

287 2507 476 2533 statuamus
495 2498 661 2546 interhas
679 2502 900 2534 confusiones
918 2501 1047 2534 Filium
1067 2502 1130 2534 Dei
1150 2510 1264 2535 tamen

286 2549 475 2582 Ecclesiam
508 2551 735 2584 collecturum
768 2559 800 2585 et
837 2559 1054 2585 servaturum
1088 2565 1168 2587 esse.
1224 2553 1264 2586 In

288 2598 377 2632 hanc
397 2611 458 2631 nos
477 2601 694 2634 includamus
713 2609 744 2634 et
765 2608 922 2645 petamus
940 2603 1191 2645 mitigationem
1209 2616 1265 2636 ca-

288 2651 502 2689 lamitatum,
539 2650 626 2683 sicut
663 2653 828 2695 praecipit
856 2653 1047 2687 Dominus:
1089 2653 1197 2688 Orate
1228 2662 1265 2688 ut

867 91 994 128 PHIL.
1021 90 1137 127 MEL.
1162 91 1370 127 SCRIPTA
1398 89 1694 126 EXEGEthA.

1289 2637 1296 2646 ‚
1318 2604 1519 2637 obedientes
1537 2611 1568 2637 et
1585 2605 1722 2648 ingrati.

2193 91 2289 125 1008

1309 177 1446 221 possitis
1480 177 1631 218 effugere
1665 174 1842 208 venientia
1877 175 1981 210 mala.
2040 175 2112 209 Suo
2142 175 2290 221 quisque

1310 229 1386 260 loco
1408 228 1523 260 foveat
1546 238 1790 259 aerumnosam
1816 225 2027 266 Ecclesiam,
2052 232 2084 259 et
2106 232 2222 259 caveat
2246 237 2290 258 ne

2239 275 2291 309 lta

1311 336 1394 362 tunc
1413 340 1552 373 quoque
1569 335 1702 361 servata
1726 334 1775 360 est
1799 325 1964 360 Ecclesia.
2021 326 2179 359 Fuerunt
2197 326 2291 359 euim

1310 379 1472 420 Simeon,
1508 376 1715 418 Zacharias,
1749 375 1951 417 Elisabeth,
1986 376 2136 415 Hanna,
2162 374 2291 417 Blaria,

1313 427 1437 474 Ioseph
1455 436 1488 462 et
1503 429 1563 462 alii
1583 429 1695 469 multi,
1720 429 1780 474 qui
1799 435 1889 461 recte
1908 427 2020 461 Deum
2041 428 2293 460 invocaverunt

1311 487 1343 513 et
1367 487 1458 513 recte
1481 481 1692 520 docuerunt,
1726 491 1927 524 quanquam
1953 479 2019 511 alia
2042 478 2148 522 impia
2172 476 2294 509 multi-

1311 532 1394 564 tudo
1420 531 1523 572 longe
1547 531 1658 563 rnaior
1683 530 1767 570 suit,
1795 536 1828 562 et
1852 529 1963 563 tenuit
1992 528 2293 572 gubernationem,

1312 587 1344 614 et
1363 581 1516 614 familiae
1531 581 1805 622 gubernatorum
1826 581 1916 613 inter
1940 592 2012 613 sese
2030 579 2255 612 dimicabant.

1413 631 1591 664 Hactenus
1619 631 1691 664 dixi
1723 643 1791 676 quo
1817 638 1972 674 tempore
1999 630 2225 662 concionatus
2249 627 2294 661 sit

1313 680 1526 721 Malachias,
1553 688 1585 714 et
1603 693 1690 726 quae
1706 681 1918 714 calamitates
1936 682 1971 713 in
1989 681 2050 713 illo
2067 680 2197 725 populo
2218 684 2295 722 post

1313 745 1390 765 eum
1409 724 1575 777 sequutzie
1590 732 1672 765 sint.
1714 731 1769 764 Ad
1791 729 1878 764 hanc
1899 729 2080 765 historiam
2101 729 2293 775 praedictio

1312 784 1571 816 accomodanda
1605 789 1672 822 est,
1707 794 1795 826 quae
1826 789 1865 815 ut
1894 789 1976 815 tunc
2002 782 2070 815 fuit
2093 791 2294 814 commone-

1311 835 1434 874 factio,
1463 845 1504 866 ne
1530 834 1716 866 deficerent
1741 832 1859 865 Iudaei
1885 845 1901 865 a
1920 832 2013 872 Deo,
2040 840 2072 865 et
2091 830 2296 870 consolatio,

1313 886 1358 918 ita
1375 885 1474 917 nobis
1493 896 1631 929 quoque
1656 884 1691 915 in
1717 881 1779 916 hac
1804 890 1939 917 senecta
1964 883 2088 916 mundi
2109 883 2152 916 sit
2171 892 2295 915 conso-

1312 936 1396 968 latio
1415 943 1446 968 et
1463 934 1764 968 commonefactio.

1464 1021 1596 1054 Dileoei
1624 1031 1684 1053 vos
1711 1019 1804 1053 dicit
1832 1020 2027 1053 Dominus.

1415 1086 1606 1130 Praecipua
1626 1087 1748 1120 concio
1769 1087 1851 1119 inde
1867 1099 1976 1132 usque
1994 1087 2038 1119 ab
2057 1085 2159 1118 initio
2180 1085 2216 1117 in
2226 1081 2298 1118 Ec-

1313 1137 1415 1170 clesia
1450 1138 1570 1169 eadem
1607 1145 1674 1177 est,
1708 1137 1870 1171 videlicet
1901 1137 2022 1170 concio
2060 1135 2297 1179 poenitentiae

1314 1196 1346 1221 et
1374 1188 1589 1220 remissionis
1621 1196 1839 1232 peccatorum
1872 1195 2013 1232 propter
2046 1186 2295 1219 Mediatorem:

1316 1238 1364 1271 Ita
1384 1239 1498 1272 statim
1519 1245 1595 1282 post
1619 1239 1754 1282 lapsum
1779 1239 1972 1281 primorum
1993 1244 2178 1282 parentum
2196 1248 2298 1270 accu-

1314 1297 1410 1323 satur
1429 1296 1624 1332 peccatum,
1654 1296 1685 1322 et
1703 1290 1844 1322 additur
1866 1290 2059 1322 consolatio
2079 1287 2297 1330 promulgata

1316 1340 1558 1383 promissione.
1612 1339 1663 1372 Ac
1694 1352 1747 1372 res
1779 1340 1853 1383 ipsa
1879 1339 2030 1372 ostendit
2060 1339 2095 1370 in
2132 1337 2296 1370 omnibus

1315 1387 1500 1433 Prophetis
1525 1387 1585 1421 has
1611 1390 1697 1422 duas
1720 1390 1880 1423 materias
1903 1390 2105 1433 praecipuas
2128 1399 2216 1420 esse:
2248 1386 2297 1420 Ita

1316 1438 1371 1472 hic
1388 1440 1526 1472 orditur
1543 1441 1584 1472 de
1611 1440 1850 1480 accusatione,
1877 1442 1934 1473 sed
1960 1440 2056 1482 prius
2084 1450 2297 1472 commemo—

1316 1497 1368 1523 rat
1387 1489 1573 1528 beneficia,
1602 1497 1640 1522 ut
1664 1490 1835 1523 accusatio
1855 1491 1913 1523 fiat
1934 1490 2080 1524 tristior.

1417 1540 1488 1573 Nec
1510 1552 1590 1573 vero
1615 1541 1818 1582 magnitudo
1841 1540 2090 1573 beneficiorum
2108 1539 2221 1573 verbis
2239 1551 2298 1573 ex-

1317 1591 1400 1633 poni
1419 1598 1545 1634 potest,
1569 1591 1626 1622 sed
1644 1591 1760 1635 aliquo
1779 1592 1884 1624 modo
1902 1591 2084 1634 cogitanda
2101 1597 2164 1624 est.
2203 1589 2298 1624 Deus

1317 1639 1410 1674 hunc
1425 1638 1600 1687 'populum
1618 1648 1857 1684 segregaverat
1874 1643 1918 1674 ab
1936 1642 2100 1675 omnibus
2124 1641 2298 1684 gentibus,

1316 1692 1352 1724 in
1370 1689 1434 1724 hoc
1455 1692 1583 1736 populo
1602 1703 1636 1724 se
1656 1693 1834 1736 patefecit,
1861 1693 1958 1725 dedit
1976 1693 2006 1725 ei
2028 1693 2138 1735 legem
2165 1699 2197 1725 et
2215 1703 2298 1735 pro-

1317 1743 1516 1775 missionem
1548 1743 1696 1785 grafiae,
1729 1743 1914 1776 affirmavit
1955 1743 2004 1776 ibi
2034 1754 2069 1776 se
2104 1741 2297 1776 Ecclesiam

1317 1794 1545 1827 collecturum
1565 1805 1635 1825 esse
1647 1820 1655 1833 ,
1682 1793 1843 1827 attribuit
1860 1801 1986 1827 certam
2003 1795 2117 1826 sedem
2129 1820 2137 1834 ,
2164 1801 2196 1827 et
2213 1793 2299 1826 assi-

1318 1844 1395 1877 duis
1412 1844 1591 1876 miraculis
1619 1845 1849 1888 praesentiam
1868 1856 1964 1878 suam
1989 1845 2158 1884 ostendit,
2186 1852 2218 1878 et
2235 1856 2297 1887 po-

1318 1896 1438 1939 pulum
1465 1895 1622 1928 defendit
1653 1907 1691 1928 ac
1725 1895 1894 1935 restituit,
1933 1896 2024 1928 misit
2050 1892 2240 1939 Prophetas
2266 1902 2298 1928 et

1318 1949 1442 1986 duceS,
1479 1953 1510 1978 et
1538 1957 1696 1988 magnam
1724 1945 1988 1979 multitudinem
2016 1946 2051 1978 in
2078 1943 2142 1978 hoc
2167 1945 2297 1989 populo

1318 1997 1420 2039 elegit
1442 1997 1484 2028 ad
1511 1996 1760 2029 haereditatem
1794 1996 1884 2028 vitae
1912 2003 2089 2035 aeternae,
2119 2003 2151 2029 et
2176 1997 2217 2029 ad
2242 2007 2297 2029 so-

1318 2048 1476 2080 cietatem
1510 2054 1668 2080 aeternae
1692 2045 1879 2079 Ecclesiae.
1933 2045 2026 2079 Haec
2059 2053 2139 2079 sunt
2162 2058 2298 2080 summa

1318 2098 1495 2132 beneficia.
1551 2096 1791 2130 lnobedientia
1813 2098 1918 2139 igitur
1934 2110 1973 2130 eo
1989 2098 2101 2130 maius
2118 2105 2297 2142 peccatum

1318 2156 1385 2188 est,
1417 2148 1496 2192 quia
1524 2148 1670 2190 insignis
1685 2147 1900 2190 ingratitudo
1925 2149 2066 2183 accedit.

1418 2200 1458 2231 ln
1482 2197 1546 2231 hoc
1568 2199 1724 2241 exemplo
1759 2206 1790 2232 et
1820 2210 1883 2231 nos
1906 2206 2060 2232 nostram
2088 2198 2297 2231 inobedien-

1319 2251 1401 2283 tiam
1436 2257 1469 2283 et
1494 2249 1782 2291 ingratitudinem
1812 2250 2034 2294 deploremus
2058 2257 2091 2283 et
2110 2250 2298 2283 clamemus

1318 2313 1395 2333 cum
1421 2299 1581 2333 Ieremia:
1619 2300 1795 2333 Converte
1816 2313 1869 2332 me
1895 2299 2062 2340 Domine,
2091 2308 2122 2333 et
2149 2311 2297 2333 conver-

1318 2359 1380 2384 tar.
1433 2350 1520 2384 Nam
1540 2358 1570 2383 et
1588 2362 1650 2383 nos
1672 2351 1782 2384 vocati
1803 2363 1922 2383 sumus
1939 2352 1981 2383 ad
1998 2349 2170 2384 Ecclesiae
2187 2349 2295 2383 socie-

1318 2410 1421 2435 tatem
1436 2426 1444 2439 ‚
1471 2409 1503 2434 et
1520 2413 1721 2446 quanquam
1741 2400 1894 2435 Ecclesia
1911 2414 2006 2434 nunc
2027 2414 2098 2434 non
2114 2398 2216 2433 habet
2235 2412 2297 2443 po-

1319 2453 1429 2486 litiam
1448 2459 1594 2488 certam,
1622 2459 1737 2485 tamen
1759 2451 1852 2485 Dens
1870 2453 1900 2485 ei
1916 2454 1975 2485 dat
1991 2451 2119 2484 alicubi
2137 2448 2296 2495 hospitia,

1319 2510 1351 2536 et
1374 2503 1583 2535 mirabiliter
1607 2515 1681 2535 eam
1709 2503 1865 2536 defendit
1895 2503 1986 2535 inter
2012 2499 2204 2534 horrendas
2228 2501 2295 2533 im-

1319 2553 1457 2598 piorum
1482 2554 1613 2586 ruinas.
1667 2553 1801 2587 Interea
1827 2561 1940 2587 tamen
1965 2552 2107 2595 plurimi
2139 2559 2219 2585 sunt
2241 2553 2295 2584 in-

1776 2602 1990 2637 Observabis
2013 2602 2119 2645 igitur
2142 2603 2293 2647 primum

1317 2656 1353 2688 in
1373 2652 1437 2687 hoc
1456 2661 1568 2695 textu,
1595 2654 1733 2689 recitari
1750 2652 1839 2687 hanc
1857 2653 2226 2687 commemorationem
2251 2654 2293 2686 de
