2379 2948
860 76 907 112 11.

112 169 264 197 scentem
296 163 431 196 attinet.
490 161 539 197 Ut
575 163 667 195 enim
706 162 835 195 noticia
867 172 1095 194 numerorum

110 225 247 257 semper
264 213 354 246 lucet
372 214 409 246 in
425 214 603 246 mentibus
619 210 803 252 humanis,
830 212 877 245 ita
900 217 1019 244 manet
1037 223 1096 243 ve-

110 275 148 296 ra
168 264 310 304 noticia,
338 264 482 297 unicum
492 274 612 296 verum
623 260 737 295 Deum
752 262 989 295 invocandum
1007 273 1094 295 esse:

110 313 191 347 Non
209 315 392 357 fingendus
410 325 482 347 esse
507 313 637 345 multos
654 313 754 345 deos:
781 311 863 346 Non
881 312 1095 346 interficien-

111 365 195 397 dum
220 376 291 398 esse
316 363 494 398 hominem
519 362 742 395 innocentem
765 375 828 407 per
844 363 984 395 ludum:
1015 362 1093 395 Non

110 415 357 458 adprobandas
376 425 446 446 esse
464 423 565 454 vagas
584 413 762 447 libidines.
816 413 892 446 Etsi
916 421 1030 446 autem
1056 413 1093 445 in

109 462 174 498 hac
193 465 338 507 caligine
363 462 517 497 humana
545 463 662 495 minus
686 464 776 497 clare
804 464 913 507 fulget
930 461 1013 496 haec
1035 464 1092 495 lux

107 515 146 547 in
163 516 338 548 mentibus
355 511 530 553 humanis,
556 519 673 546 tamen
691 526 762 547 non
783 526 923 557 prorsus
936 514 1093 556 extingui

107 572 232 609 potest.
285 563 368 597 Ideo
386 563 453 596 viri
480 564 670 607 sapientes,
698 571 736 598 ut
762 563 983 608 Xenophon,
1011 564 1093 597 Ari-

106 616 246 655 toteleS,
274 613 415 655 Cicero,
444 615 582 648 turbam
601 616 747 648 deorum
768 615 1024 658 improbarunt.

115 79 181 114 141

207 672 276 706 Sed
296 671 352 706 hic
368 684 597 716 agnoscamus
614 681 646 707 et
664 675 887 718 deploremus
907 674 1092 707 infirmita-

106 731 174 757 tem
198 730 372 764 nostram,
399 725 492 768 quod
517 724 619 756 etiam
639 731 760 758 contra
778 725 948 757 iudicium
973 725 1009 756 in
1030 737 1092 768 po—

105 774 215 807 tentia
232 781 480 817 cognoscente,
508 781 615 808 ruunt
636 775 797 808 voluntas
815 782 845 808 et
864 788 924 808 cor
943 776 978 807 in
1005 781 1090 807 tetra

104 824 251 865 scelera,
278 831 317 857 ut
336 825 450 869 inquit
472 824 609 858 Medea.
665 825 776 858 Video
794 826 939 858 meliora
957 826 1090 869 probo—

105 887 183 918 que,
213 875 387 907 deteriora
404 886 543 919 sequor.

205 932 378 967 Voluntas
396 934 433 966 in
449 932 623 967 Romanis
647 934 879 977 gladiatorum
897 936 1017 967 caedes
1035 946 1089 967 re-

105 983 211 1027 cepit,
235 991 356 1017 contra
383 984 555 1018 iudicium
582 985 721 1019 mentis.
772 984 892 1018 Potest
916 985 1009 1018 enim
1028 997 1089 1018 vo-

104 1033 222 1067 luntas
237 1046 434 1078 repugnare
452 1041 546 1068 recto
566 1035 710 1069 iudicio.

203 1094 350 1127 Accedit
381 1092 450 1127 huc
477 1094 602 1133 etiam,
638 1095 733 1139 quod
764 1094 898 1127 diaboli
928 1102 960 1128 et
984 1096 1088 1127 corda

102 1144 303 1187 impellunt,
331 1151 363 1178 et
379 1145 557 1177 mentibus
573 1144 733 1178 inserunt
748 1145 898 1184 furores,
926 1152 964 1178 ut
984 1145 1087 1177 etiam

104 1194 215 1236 caligo
234 1195 270 1226 in
289 1201 386 1237 parte
404 1201 632 1235 cognoscente
650 1195 821 1227 iudicium
840 1196 977 1235 obruat,
1000 1195 1089 1228 sicut

103 1244 237 1288 alioqui
269 1244 371 1277 multi
396 1244 486 1278 fiunt
507 1244 652 1285 furiosi,
686 1252 716 1278 et
742 1245 922 1277 furoribus
954 1245 1088 1278 incitati

104 1295 264 1327 saeviunt
282 1295 319 1326 in
336 1305 409 1326 sese
431 1302 462 1327 et
484 1294 520 1325 in
544 1306 641 1333 suos,
668 1301 705 1328 ut
728 1294 899 1327 Hercules
924 1295 1088 1328 interficit

104 1344 286 1387 coniugem
314 1350 347 1377 et
369 1343 470 1378 filios.
531 1341 580 1376 Et
610 1343 647 1375 in
680 1341 827 1377 historia
849 1343 1087 1378 Xanthiorum

103 1401 213 1427 mater
242 1394 425 1437 suspendit
455 1405 490 1426 se
516 1394 692 1434 detecto,
726 1405 849 1436 gerens
879 1406 1086 1438 suspensum

101 1445 212 1477 filium
237 1445 279 1477 de
305 1444 396 1477 collo
420 1455 500 1484 δυο,
530 1450 563 1477 et
588 1450 710 1477 tenens
737 1444 866 1485 facem,
895 1456 963 1489 qua
985 1446 1088 1477 aedes

102 1495 356 1529 inflammabat.
408 1492 455 1527 Et
474 1494 510 1527 in
528 1491 592 1527 hac
609 1494 683 1538 ripa
701 1492 823 1535 Albis,
848 1502 928 1528 ante
954 1495 1086 1528 bellum

102 1544 329 1583 Saxonicum,
346 1551 456 1578 mater
470 1545 507 1577 in
524 1545 711 1589 puerperio
727 1545 847 1578 furens
857 1546 945 1578 duos
968 1545 1087 1578 infan-

101 1603 152 1628 tes
168 1608 208 1628 ex
234 1596 307 1640 ipsa
326 1602 426 1629 natos
450 1595 636 1630 interfecit.
690 1595 884 1640 Aliquanto
909 1603 989 1629 ante
1016 1594 1087 1629 Ba-

102 1646 206 1679 sileae
227 1646 374 1679 maritus
404 1646 586 1688 gravidam
617 1647 801 1688 coniugem
828 1646 945 1689 gladio
970 1653 1086 1680 trans-

101 1697 211 1736 fodit,
240 1703 357 1739 postea
382 1707 454 1729 sese
477 1697 520 1729 de
543 1696 680 1739 fastigio
697 1696 837 1730 aedium
862 1697 1086 1741 praecipitem

103 1747 240 1781 deiecit.

199 1811 271 1844 Nec
297 1817 440 1854 propter
468 1811 551 1845 talia
577 1811 665 1845 facta
691 1811 750 1844 lux
773 1812 942 1845 naturalis
967 1812 1004 1845 in
1032 1810 1088 1846 his

100 1862 205 1906 ipsis,
231 1873 270 1894 ac
291 1862 404 1894 multo
426 1861 544 1894 minus
565 1862 602 1894 in
625 1862 702 1894 aliis
728 1863 821 1895 sanis
844 1862 993 1896 extincta
1026 1869 1086 1897 est.

101 1914 168 1948 Sed
198 1912 332 1944 diaboli
358 1911 533 1945 violenter
557 1912 746 1955 impellunt
769 1913 939 1946 desertam
966 1925 984 1946 a
1010 1911 1086 1946 Deo

100 1970 275 1996 naturam.
328 1960 381 1995 Ac
397 1962 478 1995 talia
495 1963 651 2006 exempla
670 1963 992 1997 commonefaciunt
1010 1975 1087 2002 nos,
1113 1965 1114 1976 ¹

101 2022 139 2047 nt
157 2020 312 2056 petamus
330 2024 348 2045 a
366 2013 438 2045 filio
459 2013 527 2046 Dei
546 2014 861 2056 gubernationem,
891 2014 951 2058 qui
980 2014 1087 2055 venit,
1112 2044 1114 2048 ,

103 2071 140 2097 ut
157 2065 314 2097 destruat
329 2075 434 2106 opera
452 2063 604 2104 diaboli,
630 2076 676 2097 ne
698 2065 756 2097 lux
778 2064 900 2097 indicii
918 2065 1086 2097 obscure-
1112 2056 1114 2067 ’

103 2122 160 2147 tur
181 2114 219 2146 in
242 2113 366 2154 nobis,
394 2119 426 2146 et
452 2125 496 2145 ne
514 2115 619 2147 corda
644 2115 888 2158 impellantur,
921 2121 960 2148 ut
983 2122 1088 2148 ruant
1112 2143 1114 2159 1

103 2170 222 2198 contra
245 2164 461 2197 voluntatem
485 2163 562 2197 Dei.
616 2164 736 2207 Quare
759 2171 791 2198 et
814 2165 851 2198 in
877 2165 1086 2210 quotidiana
1113 2162 1114 2168 ¹

101 2214 302 2260 precatione
324 2214 490 2247 dicimus:
523 2214 575 2248 Ne
599 2215 747 2249 inducas
772 2227 837 2249 nos
861 2216 898 2248 in
917 2216 1086 2250 tentatio-

103 2277 198 2298 nem.
250 2262 296 2296 Et
322 2263 497 2299 Dominus
520 2265 655 2311 inquit:
707 2263 837 2308 Orate,
872 2278 917 2299 ne
949 2266 1113 2300 intretis}

101 2317 139 2348 in
155 2314 397 2349 tentationem.
1111 2301 1114 2372 ff

202 2372 342 2406 Horum
363 2379 395 2406 et
412 2372 579 2407 similium
594 2382 880 2417 argumentorum
899 2376 1086 2421 explicatio
1112 2405 1113 2423 Ξ

103 2427 147 2458 de
171 2425 276 2458 rebus
304 2422 534 2466 gravissimis,
569 2425 724 2460 ostendit
756 2427 942 2460 utilitatem
978 2424 1085 2460 huius
1111 2448 1113 2455 ι

101 2475 293 2509 doctrinae.
346 2471 398 2506 Ac
419 2472 530 2506 multa
546 2481 736 2518 sequentur
759 2477 825 2509 alia
839 2504 847 2516 ‚
874 2489 963 2522 qnae
980 2478 1083 2510 etiam
1109 2458 1113 2509 i

102 2525 236 2571 aliquid
264 2524 351 2557 lucis
375 2524 534 2557 adferent
555 2525 599 2556 ad
624 2525 888 2569 intelligendam
914 2526 1085 2560 Ecclesiae
1112 2522 1113 2526 ¹

102 2576 310 2609 doctrinam.
343 2573 388 2608 Ut
404 2585 482 2606 cum
501 2573 630 2606 dicitur
648 2573 759 2608 Filius
777 2576 840 2609 Dei
858 2574 981 2623 λόγος,
1011 2590 1084 2610 esse

103 2627 217 2670 imago
236 2624 369 2658 aeterni
388 2623 522 2664 Patris,
547 2630 578 2657 et
601 2635 679 2656 cum
701 2625 887 2659 discrimen
914 2628 1005 2661 inter
1025 2625 1084 2661 λό-
1110 2626 1113 2655 l

1112 2561 1113 2568 t

1111 2569 1114 2583 t

958 75 1107 111 LIBER
1131 74 1198 110 DE
1224 76 1399 115 ANIMA.

1112 2097 1114 2107 =.
1140 2072 1360 2107 reiiciuntur.

2057 86 2128 119 142

1147 171 1217 206 γον
1251 158 1312 193 καὶ
1346 165 1491 207 πιέὖλιια
1524 172 1703 211 utcunque
1732 168 1948 209 ostenditur,
1992 171 2134 212 prodest

1148 221 1249 242 nosse
1280 215 1516 254 potentiarum
1544 216 1742 250 discrimen.
1809 218 1930 252 Redeo
1958 219 2062 262 igitur
2088 223 2132 254 ad

1147 267 1338 303 praecepta.

1425 362 1520 402 Ouid
1542 369 1595 397 est
1621 368 1856 403 intellectus?

1247 435 1312 470 Est
1329 438 1484 481 potentia
1506 451 1727 482 cognoscem,
1749 447 1947 486 recordans,
1972 446 2134 480 iudicans

1146 493 1180 520 et
1206 487 1421 521 ratiocinans
1451 489 1641 531 singularia
1667 499 1699 524 et
1734 495 1963 536 universalia,
1998 494 2132 530 habens

1146 537 1268 570 insitas
1284 540 1452 582 quasdam
1468 540 1615 572 noticias
1637 542 1820 575 nobiscum
1843 553 2042 587 nascentes,
2071 559 2132 580 seu

1145 588 1320 631 principia
1337 600 1542 631 magnarum
1562 591 1688 624 artium
1702 619 1710 632 ,
1740 590 1872 626 habens
1891 601 1923 626 et
1942 603 2056 629 actum
2075 610 2130 630 re-

1145 638 1293 679 flexum,
1328 652 1398 684 quo
1429 651 1506 672 suas
1535 641 1690 675 actiones
1721 643 1832 675 cernit
1858 650 1889 676 et
1915 644 2065 686 iudicat,
2099 655 2129 680 et

1145 695 1256 722 errata
1276 691 1461 722 emendare
1479 697 1602 734 potest.

1246 739 1341 772 Haec
1364 740 1523 774 definitio
1548 742 1702 775 ostendit
1727 743 1916 777 discrimen
1936 745 2028 777 inter
2051 757 2129 778 sen-

1144 801 1201 823 sus
1225 797 1258 823 et
1283 791 1523 831 intellectum,
1557 799 1588 825 et
1614 793 1708 826 inter
1738 794 1923 827 brutorum
1954 802 1985 828 et
2015 793 2131 828 homi-

1143 853 1227 874 num
1246 841 1475 883 cognitiones.

1246 891 1337 925 Sunt
1358 899 1472 925 autem
1491 893 1712 926 differentiae
1732 903 1811 929 tres,

1245 941 1376 977 Prima.
1418 942 1549 975 Sensus
1567 950 1703 978 tantum
1725 953 1881 980 versatur
1900 946 1989 978 circa
2008 948 2126 990 singu-

1142 992 1239 1032 laria,
1265 1004 1328 1024 nec
1347 991 1599 1036 adprehendit,
1628 1007 1691 1027 nec
1709 997 1891 1039 componit
1906 996 2128 1031 universalia.

1245 1042 1417 1076 Secunda.
1473 1043 1603 1077 Sensus
1620 1046 1736 1078 nullas
1755 1044 1859 1080 habet
1880 1047 2018 1080 innatas
2035 1050 2129 1081 noti-

1142 1092 1230 1132 cias,
1256 1099 1294 1125 ut
1311 1094 1461 1136 pecudes
1478 1106 1550 1126 non
1572 1103 1718 1138 possunt
1735 1108 1932 1131 numerare.

1244 1142 1376 1176 Tertia.
1437 1143 1536 1176 Nulli
1560 1156 1700 1185 sensus,
1737 1146 1835 1179 nulla
1860 1147 1962 1179 bruta
1995 1145 2127 1180 habent

1141 1199 1237 1226 actus
1264 1193 1421 1226 reflexos.
1477 1193 1571 1237 Apes
1597 1202 1762 1230 extruunt
1788 1197 1876 1229 mira
1906 1209 2032 1239 opera,
2069 1199 2126 1230 sed

1142 1240 1232 1275 hanc
1256 1243 1367 1286 ipsam
1386 1241 1681 1278 architectonicen
1707 1258 1779 1279 non
1802 1247 1972 1280 iudicant.

1308 1346 1412 1384 Quae
1429 1350 1515 1379 sunt
1535 1348 1703 1379 actiones
1720 1347 1960 1381 intellectus?

1245 1415 1310 1450 His
1329 1417 1446 1451 verbis
1470 1418 1594 1451 usitate
1620 1428 1852 1454 numerantur
1871 1428 1939 1454 tres
1956 1423 2125 1455 actiones:

1141 1466 1364 1510 Simplicium
1399 1466 1652 1512 apprehensio,
1686 1471 1894 1514 compositio
1925 1479 1958 1505 et
1990 1473 2128 1510 divisio,

1140 1530 1179 1550 ac
1201 1518 1390 1552 discursus.
1445 1519 1484 1552 Si
1510 1520 1566 1552 cui
1590 1518 1654 1553 hae
1684 1522 1936 1565 adpellationes
1963 1523 2127 1556 videntur

1141 1569 1326 1610 obscurae,
1355 1577 1516 1603 numeret
1529 1568 1595 1603 hoc
1612 1572 1716 1604 modo
1734 1586 1738 1603 :

1242 1619 1465 1663 Simplicium
1486 1622 1652 1664 cognitio.

1242 1669 1458 1705 Numer-atio.

1242 1719 1458 1763 Compositio
1477 1728 1508 1753 et
1529 1722 1666 1755 divisio.

1242 1770 1492 1804 Ratiocinatio.

1242 1820 1428 1861 Memoria,
1450 1829 1481 1854 et

1244 1870 1437 1911 Iudicium,
1466 1884 1534 1915 quo
1562 1879 1594 1904 et
1621 1873 1714 1905 iuxta
1741 1885 1944 1906 communes
1973 1885 2125 1910 normas,

1142 1932 1229 1965 quae
1266 1921 1490 1964 adpellantur
1521 1920 1706 1967 κριτήρια,
1749 1930 1987 1966 agnoscuntur
2023 1935 2124 1956 verae

1113 1978 1114 2005 i
1140 1971 1417 2015 propositiones,
1444 1980 1476 2006 et
1494 1973 1763 2017 consequentiae
1781 1981 1871 2007 recte
1890 1972 2125 2013 cohaerentes,

1140 2030 1172 2055 et
1189 2022 1295 2054 falsae
1311 2023 1569 2065 propositiones
1585 2030 1618 2056 et
1635 2036 1706 2056 non
1722 2022 1943 2057 cohaerentia
1969 2024 2123 2057 membra

1412 2072 1501 2105 Nam
1521 2071 1584 2106 hos
1602 2076 1729 2116 gradus
1746 2075 1827 2107 addi
1844 2085 1982 2106 necesse
1998 2081 2056 2106 est.

1242 2121 1348 2164 Quod
1367 2123 1469 2157 etiam
1487 2124 1591 2167 vulgo
1612 2125 1860 2158 discernuntur
1883 2135 2003 2156 sensus
2020 2131 2051 2156 et
2069 2124 2123 2156 in-

1112 2203 1113 2212 .
1140 2173 1298 2207 tellectus
1323 2171 1378 2206 his
1405 2174 1535 2206 verbis:
1561 2174 1693 2208 Sensus
1709 2183 1757 2208 est
1783 2174 2033 2217 singularium,
2062 2173 2121 2206 Iu-

1112 2250 1113 2257 .
1139 2224 1297 2258 tellectus
1331 2224 1596 2258 universalium.

1655 2225 1691 2258 ld
1729 2227 1861 2258 dictum
1901 2236 2121 2269 nequaquam

1140 2274 1313 2307 exclusive
1332 2275 1600 2318 intelligendum
1620 2283 1687 2315 est,
1715 2275 1812 2320 quasi
1830 2275 2027 2307 intellectus
2046 2282 2123 2307 tan-

1139 2331 1213 2358 tum
1236 2325 1279 2357 sit
1303 2325 1569 2359 universalium.
1624 2325 1835 2369 Quanquam
1862 2332 1977 2358 autem
2002 2337 2124 2358 sensus

1140 2382 1276 2408 tantum
1304 2375 1494 2419 singularia
1525 2375 1658 2408 obiecta
1690 2375 1835 2417 arripit,
1871 2382 1987 2408 tamen
2019 2376 2123 2409 intel-

1139 2426 1249 2458 lectus
1273 2427 1402 2467 cernit,
1430 2425 1626 2469 componit,
1654 2425 1782 2458 dividit
1810 2432 1841 2457 et
1871 2426 2001 2459 iudicat
2027 2434 2123 2459 utra-

1139 2488 1216 2520 que,
1241 2476 1430 2519 singularia
1447 2482 1478 2508 et
1496 2475 1718 2509 universalia.
1756 2474 1871 2509 Huius
1888 2483 2025 2509 nostrae
2043 2488 2122 2509 sen-

1138 2527 1266 2561 tentiae
1293 2527 1472 2570 perspicua
1498 2526 1718 2558 confirmatio
1743 2526 1833 2558 sumi
1859 2534 1970 2570 potest
1995 2539 2034 2559 ex
2056 2539 2125 2559 nu·-

1138 2577 1349 2615 meratione,
1385 2587 1474 2620 quae
1496 2575 1737 2619 propriissima
1765 2583 1813 2609 est
1838 2574 1944 2609 huius
1968 2588 2122 2609 summae

1139 2628 1314 2670 potentiae
1345 2625 1591 2668 intelligentis,
1626 2638 1698 2658 non
1725 2638 1863 2667 sensus,
1898 2627 2122 2670 progreditur
