2379 2948
228 138 301 174 575

233 230 339 257 tatem
362 219 551 264 significat,
588 224 626 250 ut
656 226 734 248 cum
767 213 910 246 dicitur:
951 210 1073 244 Virtus
1099 209 1218 253 epatis,

237 274 322 307 alias
338 272 433 305 aliud
451 268 633 311 siguificat.
686 264 756 299 Sed
774 262 831 297 hic
857 264 988 303 virtus,
1015 268 1054 295 ut
1073 259 1217 294 Graecis

238 322 367 369 ἄρετῇ,
401 319 568 362 significat
596 315 757 349 habitum
783 314 977 360 parientem
1003 311 1166 346 honestas
1187 316 1219 343 et

237 376 340 408 laude
359 372 480 413 dignas
497 369 662 401 actiones.

339 430 397 464 An
412 429 474 468 sit,
501 425 588 462 Esse
606 427 772 460 virtutem
791 425 874 458 inde
891 423 1115 468 conspicitur,
1138 420 1219 466 quia

239 482 357 526 Scipio
377 478 559 513 dissimilis
574 484 623 511 est
639 477 808 510 Antonio.
862 475 981 519 Scipio
1002 474 1152 506 abstinet
1177 472 1220 503 ab

239 533 382 571 alienis,
412 537 461 563 est
485 536 694 572 temperans.
748 526 858 571 quue
883 526 958 558 sani
981 535 1102 557 omnes
1125 522 1220 555 iudi-

240 591 320 617 cant
347 580 536 616 convenire
562 578 715 612 hominis
735 585 891 610 naturae.
944 575 1116 612 Econtra,
1146 572 1222 606 An-

240 635 328 668 tonii
347 643 460 666 mores
479 632 581 673 longe
597 630 655 662 alii
673 635 766 668 sunt,
796 626 973 666 obscoeni,
998 626 1108 665 saevi,
1135 635 1222 668 quos

241 687 316 718 sani
336 694 457 717 omnes
479 683 708 714 detestantur.
762 679 814 711 Ita
841 677 1052 721 experientia
1077 682 1223 709 testatur

243 748 314 769 esse
332 734 522 767 discrimen
541 732 632 765 inter
651 730 814 763 virtutem
833 735 866 761 et
883 728 1021 761 vitium.

345 793 440 836 Quid
460 792 521 828 sit,
548 802 625 823 cum
650 788 854 834 quaerimus
880 785 1141 825 definitionem,
1168 784 1224 816 in-

243 846 440 890 spiciuntur
456 841 597 874 tabulae
615 839 994 883 praedicamentorum.
1040 835 1145 869 Unde
1170 835 1224 867 di-

242 907 314 930 sces
331 907 373 927 an
393 905 457 936 res,
486 893 528 924 de
543 903 610 936 qua
629 891 786 923 dicturus
803 900 851 933 es,
880 889 923 921 sit
940 887 1132 920 substantia
1145 913 1153 926 ‚
1180 898 1224 918 an

244 947 414 980 accidens.
468 941 515 976 Et
532 942 560 974 si
574 949 623 975 est
640 941 819 983 accidens,
844 941 879 972 in
898 951 965 984 qua
983 945 1080 982 parte
1098 939 1159 977 sit,
1188 937 1224 969 in

245 1008 408 1040 corpore,
439 1007 481 1027 an
502 993 537 1025 in
556 993 684 1025 anima.
739 990 861 1025 Genus
882 991 989 1033 igitur
1012 989 1152 1022 virtutis
1171 988 1226 1020 in-

243 1049 362 1082 venies
380 1057 451 1079 esse
470 1043 628 1077 habitum
646 1043 849 1081 voluntatis,
876 1041 1004 1073 deinde
1028 1039 1226 1072 differentia

245 1099 405 1137 additur,
433 1107 521 1140 quae
537 1106 638 1138 saepe
654 1094 843 1126 collatione
860 1091 1102 1135 oppositorum
1129 1091 1228 1123 inve-

244 1151 353 1183 nitur.
406 1145 469 1179 Est
488 1146 593 1188 igitur
613 1144 724 1177 virtus
742 1143 883 1176 habitus
900 1141 1076 1174 inclinans
1100 1142 1229 1174 volun-

245 1208 351 1234 tatem
372 1204 405 1230 et
423 1203 573 1230 caeteras
599 1196 706 1235 vires,
735 1201 773 1229 ut
798 1199 1000 1227 constanter
1026 1198 1058 1225 et
1082 1192 1230 1225 firmiter

245 1250 411 1284 obediant
428 1254 540 1280 rectae
560 1246 702 1280 rationi.

347 1307 446 1350 Quae
464 1305 603 1350 partes'?
655 1303 807 1337 Habitus
832 1315 904 1335 non
929 1308 1064 1335 secatur
1089 1301 1124 1333 in
1151 1312 1230 1344 par-

246 1369 315 1400 teS,
343 1360 402 1392 sed
419 1357 548 1401 species
566 1355 688 1388 virtuti
707 1354 946 1387 subiiciendae
963 1360 1056 1386 sunt.

351 1426 450 1468 Quae
469 1420 623 1466 species?
667 1421 802 1454 Multae
823 1427 920 1453 sunt:
956 1419 1094 1453 lustitia
1120 1418 1230 1462 parti-

248 1477 392 1514 cularis,
429 1474 573 1512 veritas,
600 1472 789 1509 fortitudo,
818 1471 1006 1511 modestia,
1032 1477 1230 1512 temperan-

249 1531 313 1566 tia,
338 1526 493 1565 castitas,
521 1531 584 1558 etc.

350 1586 449 1628 Quae
469 1583 614 1616 causae?
664 1580 858 1614 Habituum
879 1592 1001 1613 causae
1019 1587 1099 1612 sunt
1123 1579 1231 1611 actio-

249 1651 321 1672 nes,
359 1636 402 1669 Et
421 1634 515 1668 Deus
534 1635 578 1665 ita
598 1633 757 1666 condidit
776 1630 964 1664 humanam
984 1638 1143 1664 naturam
1157 1656 1165 1669 ,
1194 1636 1231 1661 ut

250 1687 423 1722 assuefieri
445 1685 571 1729 possit,
601 1684 681 1728 quia
701 1683 774 1715 vult
793 1695 866 1715 eam
885 1694 1044 1725 capacem
1068 1692 1139 1713 esse
1168 1681 1232 1712 do-

251 1740 401 1777 ctrinae,
430 1744 463 1769 et
487 1735 591 1768 bonis
615 1734 785 1767 exercitiis
809 1734 851 1765 ad
878 1733 1042 1766 virtutem
1060 1731 1172 1771 flecti,
1200 1738 1232 1763 et

251 1787 448 1823 confirmari
468 1787 638 1819 virtutum
657 1784 775 1824 initia,
803 1785 881 1816 ideo
904 1783 1020 1828 aliqua
1041 1781 1232 1815 voluntatis

250 1843 394 1874 libertas
422 1837 555 1881 reliqua
582 1842 644 1870 est.
705 1835 773 1868 Sed
799 1835 976 1868 actionum
1004 1831 1232 1866 honestarum

252 1891 438 1925 efficientes
454 1899 573 1921 causae
593 1886 801 1929 principales
819 1893 916 1919 sunt:
945 1885 1049 1918 Mens
1067 1891 1155 1917 recte
1178 1883 1233 1916 iu-

253 1943 391 1980 dicans,
418 1946 450 1971 et
467 1938 628 1970 voluntas
646 1938 893 1980 obtemperans
907 1943 1002 1969 recto
1023 1935 1175 1974 iudicio,
1202 1941 1232 1966 et

253 1997 454 2026 constanter
471 1989 646 2031 imperans
663 1988 847 2027 membris,
874 1987 1020 2020 utactio
1038 1999 1116 2019 cum
1139 1991 1232 2018 recto

254 2042 385 2075 iudicio
403 2045 583 2082 congruat.
619 2037 752 2071 Causae
774 2038 980 2070 adiuvantes
995 2044 1094 2075 sunt,
1120 2037 1234 2069 bonae

255 2092 503 2126 inclinationes
520 2089 714 2125 naturales,
742 2095 775 2121 et
792 2089 949 2121 doctrina
979 2095 1011 2121 et
1036 2087 1234 2131 disciplina,

255 2143 322 2178 hoc
348 2150 415 2179 est,
452 2147 610 2174 accurata
640 2139 845 2172 assuefactio
867 2137 1051 2181 Evangelii
1075 2138 1233 2171 doctrina

256 2197 290 2227 in
318 2201 411 2227 tanta
436 2199 552 2224 nostra
576 2189 780 2223 infirmitate
807 2191 909 2222 docet
939 2201 1002 2221 nos
1029 2191 1070 2221 de
1095 2189 1236 2228 auxilio,

258 2246 417 2278 videlicet
437 2244 480 2275 de
499 2241 636 2285 Spiritu
653 2247 791 2278 sancto,
818 2240 854 2272 in
872 2238 945 2280 liiS,
974 2240 1033 2284 qui
1049 2239 1162 2272 Deum
1182 2251 1234 2271 re-

257 2303 308 2329 cte
335 2296 514 2328 invocant:
551 2290 607 2324 hic
641 2292 745 2324 efficit
769 2292 986 2324 ardentiores
1011 2298 1041 2324 et
1065 2290 1236 2323 firmiores

258 2348 423 2385 virtuteS,
466 2350 505 2377 ut
536 2344 571 2375 in
600 2340 724 2386 loseph
755 2339 819 2374 liae
853 2354 975 2374 causae
1005 2347 1235 2374 concurrunt:

260 2397 362 2429 Mens
384 2395 531 2428 audiens
556 2395 700 2427 verbum
720 2393 806 2433 Dei,
833 2393 870 2425 in
893 2405 960 2437 qua
983 2391 1135 2436 Spiritus
1156 2402 1235 2424 san-

261 2454 335 2479 ctus
359 2447 538 2479 confirmat
562 2445 820 2484 assensionem,
856 2442 902 2476 Et
929 2443 1105 2483 voluntas,
1132 2454 1236 2487 quam

262 2509 339 2529 cum
361 2497 602 2539 obtemperare
627 2495 736 2528 menti
769 2501 916 2528 conatur
950 2501 983 2528 et
1014 2505 1131 2527 secum
1164 2493 1237 2536 ipsa

261 2548 431 2585 luctatur,
472 2546 614 2579 adiuvat
638 2545 792 2589 Spiritus
820 2552 972 2579 sanctus.
1030 2544 1111 2577 Non
1143 2543 1237 2576 enim

261 2595 353 2630 nihil
369 2597 438 2639 agit
455 2596 635 2636 voluntas,
662 2597 741 2641 quia
758 2597 890 2641 alioqui
910 2597 1000 2629 lucta
1018 2595 1116 2628 nulla
1141 2600 1238 2628 esset.

263 2647 348 2680 vult
368 2646 462 2679 Deus
480 2646 694 2679 voluntatem
713 2659 785 2679 non
811 2658 883 2679 esse
906 2648 1089 2689 ignavam,
1115 2646 1174 2679 sed
1201 2644 1237 2677 in

261 2696 327 2732 hoc
344 2696 532 2731 certamine
553 2697 701 2729 exerceri
721 2705 751 2731 et
769 2698 900 2742 aliquid
923 2710 1035 2740 agere.

470 130 678 168 SCRIPTA
707 127 784 162 PII.
813 124 927 160 MEL.
959 123 1024 159 AD
1053 122 1178 158 HtST.
1209 120 1350 158 PROF.
1380 119 1444 156 ET
1471 119 1662 156 PHILOS.
1691 120 2011 159 SPECTANTIA.

2178 120 2252 157 576

1371 206 1582 247 Materiam,
1604 219 1643 239 ex
1670 218 1737 251 qua
1767 207 1866 240 nulla
1888 208 2079 242 accidentia
2108 206 2252 248 babent,

1271 264 1305 291 et
1331 258 1513 302 qualitates
1538 264 1619 291 sunt
1651 258 1783 290 formae
1815 258 1990 302 efficaces,
2025 270 2084 292 seu
2117 259 2251 293 instru-

1272 316 1388 341 menta
1422 309 1600 342 actionum
1630 309 1666 340 in
1695 308 1908 342 substantiis.
1962 308 2028 342 Sed
2057 310 2251 344 subiectum

1273 366 1416 392 vocatur
1439 360 1580 392 materia
1607 359 1642 391 in
1669 371 1751 404 qua.
1804 359 1896 393 Sunt
1914 365 2030 392 autem
2045 359 2191 393 virtutes
2213 360 2251 392 in

1274 410 1452 443 voluntate
1476 417 1508 444 et
1525 411 1641 445 corde.
1697 409 1837 443 Finales
1859 422 1981 443 causae
2006 410 2166 443 omnium
2188 408 2252 443 ha-

1273 460 1412 494 bituum
1432 461 1637 504 praecipuae
1654 467 1735 494 sunt
1751 461 1846 505 ipsae
1863 461 2025 494 actiones.
2081 459 2150 494 Sed
2174 461 2253 493 finis

1276 511 1312 543 in
1331 512 1467 544 actione
1483 511 1623 544 virtutis
1644 514 1834 544 secundum
1853 509 2090 556 Pliilosoplios
2114 518 2164 544 est
2181 511 2253 555 ipsa

1276 563 1364 594 actio
1391 559 1556 602 honesta,
1585 563 1666 607 quia
1691 562 1813 596 dicunt
1840 563 2006 596 virtutem
2032 569 2176 606 propter
2201 573 2254 594 se-

1277 612 1386 655 ipsam
1405 613 1631 656 expetendam
1660 624 1741 647 esse.
1795 612 1867 646 Nos
1894 614 1931 645 in
1949 612 2104 647 Ecclesia
2128 613 2255 645 rectius

1277 663 1444 703 dicimus,
1468 663 1572 695 finem
1590 674 1661 696 esse
1678 664 1791 696 bonae
1810 664 1977 703 actionis,
2004 671 2042 698 ut
2062 663 2136 697 Deo
2156 674 2254 707 prae-

1277 721 1408 746 stemus
1433 714 1669 747 obedientiam
1692 715 1864 755 debitam,
1898 723 1931 749 et
1957 726 2186 759 agnoscamus
2218 714 2255 746 in

1278 765 1406 798 talibus
1431 764 1603 797 exercitiis
1624 763 1758 805 Deum,
1785 765 1975 807 cogitemus
2000 767 2170 800 virtutum
2193 766 2257 798 do-

1279 816 1428 848 ctrinam
1455 827 1526 848 esse
1548 815 1788 848 testimonium
1813 816 1856 850 de
1879 816 1974 860 ipso,
1998 824 2032 851 et
2055 827 2258 850 commone-

1278 867 1467 899 factionem
1486 866 1599 911 qualis
1617 866 1678 905 sit,
1706 873 1898 900 statuamus
1919 868 2001 900 item
2025 868 2257 911 inspectorem

1280 924 1311 950 et
1330 917 1480 950 iudicem
1499 929 1570 950 esse
1586 915 1699 950 Deum
1717 915 1949 951 humanarum
1967 919 2155 952 actionum.
2188 917 2258 950 Po-

1281 975 1350 1001 stea
1375 975 1490 1001 autem
1515 968 1617 1001 multi
1640 968 1727 1001 fines
1751 969 1929 1003 accedunt.
1987 969 2141 1003 Possunt
2164 968 2258 1001 enim

1280 1020 1387 1052 unius
1410 1019 1461 1052 rei
1484 1019 1588 1052 multi
1612 1019 1698 1051 fines
1723 1030 1794 1052 esse
1819 1020 1985 1052 ordinati.
2037 1020 2138 1053 Hanc
2156 1030 2258 1062 regu-

1281 1071 1350 1102 lam
1371 1070 1406 1102 iu
1428 1069 1569 1114 politica
1586 1070 1723 1103 iusticia
1739 1078 1851 1103 servat
1867 1069 1973 1109 Deus,
2001 1071 2062 1114 qui
2081 1076 2130 1103 est
2147 1077 2261 1104 custos

1282 1127 1314 1153 et
1331 1121 1459 1154 vindex
1476 1121 1701 1165 disciplinae,
1723 1128 1762 1154 ut
1787 1121 1993 1164 regulariter
2017 1120 2146 1154 atrocia
2173 1121 2259 1153 deli-

1282 1178 1334 1205 cta
1353 1172 1477 1216 puniat
1494 1172 1687 1204 manifestis
1704 1172 1826 1215 poenis
1843 1173 1879 1204 in
1906 1170 1970 1206 hac
1994 1172 2084 1212 vita,
2112 1177 2150 1204 ut
2175 1171 2263 1204 dici-

1284 1230 1354 1255 tur:
1385 1222 1455 1265 Qui
1474 1223 1629 1265 gladium
1646 1223 1826 1267 acceperit,
1854 1223 1970 1266 gladio
1987 1222 2126 1267 peribit.
2162 1221 2264 1256 ltem:

1283 1273 1500 1307 Scortatores
1530 1281 1563 1307 et
1596 1273 1774 1307 adulteros
1802 1274 1973 1307 iudicabit
1999 1273 2106 1307 Deus.
2161 1272 2263 1306 Item:

1283 1323 1378 1357 Deus
1408 1330 1458 1357 est
1481 1324 1571 1367 ignis
1597 1336 1816 1358 consumens.
1872 1323 1975 1358 [nde
1996 1331 2138 1368 propter
2162 1335 2263 1368 expe-

1283 1375 1447 1408 rientiam
1471 1376 1557 1407 tales
1580 1375 1712 1407 multae
1735 1375 1926 1408 sententiae
1953 1376 2153 1409 traduntur.
2208 1373 2264 1407 Ad

1283 1437 1449 1468 generum
1469 1423 1607 1458 Cereris
1624 1425 1699 1457 sine
1716 1426 1818 1458 caede
1835 1432 1867 1458 et
1886 1426 2032 1458 vulnere
2048 1426 2168 1469 pauci:
2194 1423 2266 1458 De-

1285 1477 1457 1510 scendunt
1472 1487 1586 1516 reges,
1614 1482 1647 1509 et
1661 1476 1749 1509 sicca
1769 1483 1879 1508 morte
1896 1476 2047 1521 tyranni.

1388 1543 1442 1577 Sit
1459 1543 1567 1586 igitur
1584 1540 1687 1575 ethic
1703 1542 1782 1575 finis
1801 1540 1966 1576 honestae
1983 1544 2091 1583 vitae,
2118 1551 2158 1578 ut
2183 1556 2266 1589 poe-

1284 1605 1349 1627 nae
1368 1600 1400 1627 et
1420 1594 1569 1636 tragicae
1588 1593 1799 1626 calamitates
1819 1594 1984 1627 vitentur.
2012 1593 2134 1629 Postea
2151 1597 2266 1630 sciunt

1285 1645 1353 1689 pii,
1379 1645 1568 1677 benefactis
1587 1644 1622 1676 in
1639 1641 1703 1676 hac
1720 1644 1789 1677 vita
1807 1644 1962 1688 mitigari
1978 1646 2138 1689 proprias
2153 1653 2183 1680 et
2202 1659 2268 1691 pu-

1285 1696 1393 1729 blicas
1409 1695 1638 1735 calamitates,
1662 1695 1744 1728 item
1762 1695 1838 1728 dari
1856 1695 2070 1730 incrementa
2091 1698 2267 1731 donorum

1285 1746 1541 1791 spiritualium,
1574 1746 1655 1778 item
1678 1745 1815 1791 reliqua
1840 1757 1911 1780 esse
1935 1754 2074 1780 aeterna
2101 1750 2267 1792 praemia.

1287 1797 1328 1830 In
1352 1794 1417 1830 hac
1440 1797 1647 1830 recitatione
1672 1797 1919 1842 quaestionum
1948 1799 2172 1833 considerent
2193 1807 2266 1833 stu-

1286 1848 1375 1881 diosi
1389 1875 1398 1889 ,
1431 1860 1548 1880 veram
1581 1848 1718 1890 copiam
1753 1849 1943 1889 orationis,
1976 1849 2114 1892 plenam
2149 1861 2266 1883 rerum

1286 1900 1510 1943 optimarum,
1534 1911 1573 1931 ex
1591 1895 1645 1930 his
1659 1898 1818 1932 fontibus
1835 1896 2065 1932 hauriendam
2085 1911 2167 1933 esse.
2195 1899 2266 1934 Nec

1286 1950 1381 1983 aliud
1410 1957 1493 1982 sunt
1523 1949 1634 1982 libelli
1660 1951 1702 1982 de
1727 1949 1847 1992 copia,
1876 1949 1945 1981 nisi
1963 1946 2089 1982 horum
2107 1950 2263 1984 locorum

1286 2000 1404 2034 rivuli.

1389 2066 1461 2108 Qui
1492 2065 1661 2099 effectus?
1721 2065 1978 2111 Tranquillitas
2010 2068 2126 2101 cordis
2139 2095 2148 2109 ‚
2181 2081 2269 2114 quae

1287 2119 1400 2152 oritur
1414 2129 1454 2150 ex
1473 2116 1685 2150 conscientia
1702 2125 1813 2150 rectae
1832 2117 2024 2151 voluntatis
2040 2126 2073 2152 et
2090 2119 2266 2154 actionum

1288 2168 1556 2213 congruentium
1574 2168 1615 2200 ad
1628 2167 1781 2210 regulam
1798 2168 1968 2201 divinam.
1997 2167 2108 2203 Multi
2123 2171 2269 2204 secundi

1289 2227 1434 2253 eventus
1447 2225 1479 2252 et
1495 2218 1653 2262 prosperi
1665 2229 1852 2258 successus,
1870 2220 1951 2263 quia
1967 2220 2164 2265 plerunque
2174 2220 2268 2255 Deus

1289 2270 1434 2305 honesta
1452 2269 1597 2303 consilia
1618 2269 1713 2302 iuxta
1739 2270 1958 2303 vocationem
1982 2271 2136 2305 adiuvat.
2190 2271 2268 2306 Uti-

1288 2323 1368 2356 litas
1389 2329 1420 2355 et
1437 2332 1501 2365 pax
1524 2320 1682 2363 publica,
1709 2327 1765 2353 ut:
1792 2320 1892 2353 Fabii
1918 2322 2111 2356 moderatio
2128 2323 2269 2366 prodest

1289 2372 1393 2417 Reip.
1446 2370 1601 2404 Honesta
1616 2372 1771 2414 exempla
1797 2372 1949 2405 invitant
1972 2372 2059 2405 alios
2083 2374 2126 2405 ad
2152 2372 2268 2407 imita-

1289 2425 1434 2463 tionem,
1461 2429 1493 2455 et
1510 2422 1686 2455 deterrent
1703 2422 1983 2466 negligentiores.
2011 2420 2175 2464 Econtra,
2193 2430 2268 2457 tur·

1290 2474 1413 2518 pitudo
1437 2473 1566 2506 lacerat
1590 2484 1709 2516 pacem
1740 2474 1937 2518 publicam,
1972 2479 2005 2506 et
2029 2480 2130 2507 nocet
2153 2486 2268 2507 exem-

1291 2525 1367 2569 plo,
1392 2531 1456 2558 etc.

1394 2591 1493 2634 Quae
1511 2591 1727 2624 adiacentia?
1781 2591 1923 2633 Gloria,
1952 2591 1986 2623 id
2005 2598 2074 2634 est,
2103 2590 2268 2626 honesto-

1292 2656 1370 2677 rum
1387 2649 1479 2677 recte
1498 2642 1731 2675 iudicantium
1754 2642 2011 2685 comprobatio:
2040 2640 2134 2676 Odia
2159 2644 2270 2676 malo-

1291 2707 1368 2728 rum
1381 2720 1388 2732 ,
1416 2693 1590 2737 pericula,
1618 2692 1737 2725 divina
1755 2692 1910 2725 defensio
1929 2692 1966 2725 in
1987 2691 2161 2737 periculis.
