2379 2948
187 147 258 183 563

190 232 327 274 guitur,
363 229 514 262 extincto
539 226 649 258 altero
674 222 978 256 correlativorum.
1040 221 1175 266 Appel-

192 283 273 314 latio
292 280 425 313 domini
446 276 593 322 postulat
618 274 701 319 poni
727 285 886 314 servum,
910 273 1036 306 amisso
1064 284 1175 310 servo,

191 333 338 365 extincta
357 337 406 362 est
427 327 549 361 relatio
569 326 716 359 domini.

292 389 446 422 Verbum
466 385 607 419 Habere
622 386 659 418 in
676 385 844 418 omnibus
867 385 998 427 linguis
1023 385 1092 417 late
1115 396 1176 415 va-

191 450 308 484 gatur,
337 442 379 471 de
395 450 464 483 qno
481 437 661 470 sciendum
687 444 755 476 est,
785 436 887 468 aliter
914 432 1035 468 haberi
1063 441 1176 478 partes

191 490 489 529 substantiarum,
518 494 556 521 ut
573 489 750 527 membra,
778 487 881 519 aliter
897 486 1109 525 accidentia,
1139 491 1175 517 ut

191 541 319 574 habere
344 550 470 579 artem,
500 539 600 571 aliter
625 544 806 577 contenta,
844 544 897 569 ut:
927 538 1047 580 lagena
1072 534 1177 568 habt-t

193 593 338 631 xinum,
366 591 468 624 aliter
492 589 668 623 vestitum.
726 587 822 620 Ilaec
847 588 1052 620 discrimina
1077 586 1177 618 facile

191 642 377 676 diiudicari
396 647 561 685 possunt,
589 639 792 683 praesertim
810 639 1031 671 considerato
1050 637 1176 670 discri-
1204 658 1205 662 =

191 695 285 727 mine
306 692 522 726 substantiae
545 698 576 724 et
601 689 854 729 accidentium,
882 689 1035 732 partium
1062 695 1093 720 et
1122 699 1176 720 re-
1204 694 1205 711 ³

1204 746 1205 749 =
1231 734 1408 771 receptum
1425 739 1496 760 esse
1514 739 1532 760 a
1551 726 1644 767 Deo,
1671 728 1729 760 sed
1752 727 1842 761 tristi
1858 728 1944 771 legis
1963 729 2134 761 sententia
2153 729 2218 762 ad-

190 757 268 777 rum
285 751 518 777 externarum.

292 802 413 835 Posset
430 801 570 843 longior
586 798 762 841 catalogus
787 798 925 831 institui
952 809 1077 831 vocum
1103 810 1177 830 am-

191 855 390 898 biguarum.
445 851 514 885 Sed
533 849 586 883 his
610 849 779 893 exemplis
804 849 960 882 contenti
978 849 1106 887 simus,
1134 861 1178 881 ne

192 906 300 937 nimia
327 903 508 947 prolixitas
531 903 705 934 deterreat
739 899 923 934 discentes.
986 899 1179 944 Sciantque

191 955 359 994 studiosi,
396 955 433 986 in
458 953 615 998 qualibet
641 963 724 984 voce
756 951 910 994 primum
939 952 1177 996 quaerendam

194 1017 267 1040 esse
284 1005 464 1050 propriam
482 1010 513 1037 et
530 1003 683 1036 nativam
702 1002 990 1045 significationem
1002 1027 1010 1040 ‚
1039 1002 1178 1039 deinde,

192 1057 274 1102 quia
292 1068 393 1100 saepe
412 1060 627 1088 concurrunt
644 1053 762 1097 plures
779 1053 1065 1096 significationes,
1093 1065 1178 1085 con-

193 1109 394 1140 siderentur
427 1107 558 1149 figurae
590 1102 836 1147 metaphorae,
871 1101 1112 1149 synecdochae
1147 1109 1178 1136 et

192 1159 301 1199 aliae,
338 1165 370 1190 et
401 1157 549 1200 eligatur
581 1154 790 1197 significatio
815 1154 1032 1187 conveniens
1055 1167 1179 1187 narra-
1205 1170 1206 1173 ¹

192 1209 300 1246 noni,
327 1209 422 1241 iuxta
440 1207 612 1250 regulam:
643 1204 745 1238 Talia
764 1211 847 1238 sunt
863 1206 1032 1246 subiecta,
1060 1205 1178 1251 qualia

191 1259 448 1305 permittuntur
480 1269 553 1291 esse
589 1269 608 1289 a
641 1256 870 1299 praedicatis,
906 1257 941 1289 id
972 1263 1039 1295 est,
1073 1257 1178 1289 series

192 1310 423 1350 narrationis,
459 1315 492 1341 et
525 1308 666 1341 collatio
698 1308 940 1339 membrorum
972 1308 1179 1347 ostendunt,

193 1362 371 1405 quomodo
402 1359 571 1392 vocabula
602 1358 867 1400 interpretanda
903 1358 990 1398 sint,
1034 1359 1178 1403 quando
1205 1366 1207 1373 ¹

194 1411 311 1444 nativa
339 1410 544 1453 significatio
574 1409 778 1446 retinenda,
814 1409 956 1452 quando
988 1410 1177 1441 decurren-
1206 1447 1207 1451 Ἰ

194 1463 278 1495 dum
297 1462 341 1494 sit
357 1462 400 1494 ad
416 1461 559 1503 figuras,
587 1460 629 1491 de
645 1470 713 1503 qua
743 1470 780 1490 re
805 1458 895 1491 infra
922 1459 1052 1491 dantur
1079 1471 1178 1503 prae—
1206 1462 1207 1475 ³

194 1519 291 1556 cepta
309 1512 344 1544 in
365 1512 442 1544 loco
466 1513 508 1543 de
534 1511 699 1542 absurdo.
754 1507 800 1542 Et
827 1516 920 1542 recte
945 1510 1116 1543 institutis
1143 1511 1179 1542 in

196 1562 453 1601 Grammatica,
488 1568 519 1593 et
552 1562 593 1592 ad
625 1560 845 1601 diligentiam
879 1568 970 1593 recte
1002 1561 1178 1593 scribendi

195 1613 413 1652 assuefactis,
442 1610 526 1644 haec
551 1611 711 1643 doctrina
739 1610 850 1642 facilis
877 1617 937 1644 est.
991 1611 1102 1654 Saepe
1118 1624 1181 1644 au-

197 1673 264 1698 tem
286 1664 366 1697 tetri
386 1674 521 1696 errores
539 1663 575 1694 in
601 1660 815 1702 gravissimis
839 1661 992 1704 negociis
1015 1663 1181 1695 oriuntur

196 1728 235 1748 ex
256 1715 387 1747 insulsa
406 1713 577 1746 sermonis
593 1711 902 1755 interpretatione,
931 1719 967 1745 ut
983 1721 1125 1756 apparet
1145 1714 1181 1746 in

197 1766 348 1798 Iudaicis
364 1763 571 1808 corruptelis
591 1762 812 1795 Psalmorum
842 1769 875 1796 et
899 1763 1050 1796 aliorum
1078 1765 1180 1797 indo—

197 1824 332 1850 ctorum
353 1814 721 1860 interpretationibus.

298 1874 489 1919 Postquam
515 1880 630 1907 autem
656 1870 825 1906 hactenus
852 1874 894 1905 de
918 1875 1185 1917 praedicamen-

199 1928 242 1960 tis
263 1938 322 1958 seu
346 1924 536 1957 domiciliis
563 1935 688 1956 vocum
715 1924 930 1967 simplicium
962 1925 1096 1958 dictum
1123 1935 1184 1967 est,

199 1989 294 2010 nunc
345 1976 487 2008 additur
520 1974 681 2007 doctrina
719 1974 983 2015 definitionum,
1033 1989 1183 2021 quarum

200 2027 356 2060 membra
374 2037 559 2070 praecipua
579 2031 770 2057 sumuntur
786 2036 825 2056 ex
843 2025 912 2057 illis
929 2027 1129 2069 domiciliis,
1153 2036 1186 2062 et
1212 2038 1213 2074 ξ
1239 2056 1308 2088 tur,
1337 2054 1376 2081 ut
1393 2047 1583 2080 subjectam
1601 2047 1713 2080 oculis
1732 2047 1861 2080 intueri
1878 2047 2000 2090 possis,
2028 2047 2097 2080 iam
2115 2044 2224 2083 habes

199 2085 343 2123 propter
363 2089 449 2122 quas
468 2076 628 2120 superior
644 2075 802 2108 doctrina
827 2076 988 2110 traditur.

513 2193 581 2233 De
610 2190 877 2233 Definitione.

429 2286 638 2331 Quotupleoe
661 2290 716 2319 est
737 2283 948 2332 Definitio?

302 2353 470 2387 Definitio
496 2353 626 2396 duplex
650 2359 718 2392 est,
751 2352 819 2384 alia
847 2351 1003 2384 nominis
1029 2352 1187 2386 definitio

205 2412 445 2447 nuncupatur,
473 2405 539 2437 alia
560 2405 610 2436 rei
628 2403 800 2436 definitio.

414 141 621 178 StJRtP'rA
653 140 724 172 ΡΗ.
755 135 866 171 MEL.
896 135 961 170 AD
989 135 1114 170 HIST.
1144 132 1287 171 PROF.
1313 134 1378 169 ET
1409 133 1596 169 PlilLOS.
1633 133 1953 170 SPEC‘t‘ANTtA.

2137 135 2212 170 564

1228 227 1259 253 et
1285 217 1439 264 phrasis,
1469 219 1706 253 Grammatica
1730 231 1809 251 vera
1837 226 1870 252 et
1894 221 2079 256 concinna.
2139 220 2212 254 Nec

1228 279 1372 314 anguste
1397 272 1616 314 intelligatur
1642 270 1801 303 definitio
1825 271 1981 303 nominis
2014 274 2056 304 de
2083 272 2211 316 puerili

1228 323 1458 367 etymologia,
1489 322 1602 367 qualis
1625 328 1675 354 est
1698 319 1800 354 haec:
1832 320 2031 354 Solstitium
2058 330 2107 355 est
2130 323 2214 356 solis

1229 373 1344 408 statio.
1380 373 1448 406 Sed
1477 375 1518 406 de
1542 373 1678 405 erudita
1702 371 1926 405 enarratione
1949 369 2087 416 phrasis
2108 373 2145 406 iu
2170 374 2215 406 iis

1229 424 1360 466 linguis
1387 431 1419 456 et
1445 424 1618 463 materiis,
1647 424 1690 455 de
1715 423 1843 467 quihus
1867 423 2059 456 dicendum
2077 430 2150 464 est,
2176 432 2216 458 ut

1230 475 1407 507 enarranti
1427 473 1597 515 Psalmos,
1621 481 1680 507 aut
1699 473 1861 513 Paulum,
1890 485 2028 506 necesse
2045 480 2093 506 est
2109 472 2217 518 phra-

1231 526 1284 558 sin
1313 525 1527 567 intelligere,
1556 531 1596 558 ut
1620 536 1698 557 cum
1723 524 1841 569 inquit
1858 524 2005 558 Paulus:
2033 523 2115 557 Non
2134 525 2216 558 estis

1231 576 1296 608 sub
1314 576 1389 618 lege
1401 603 1409 616 ,
1431 577 1489 607 sed
1510 576 1574 608 sub
1590 576 1712 618 gratia.
1766 574 1833 608 Hic
1848 587 1986 609 necesse
2003 582 2053 608 est
2071 572 2216 619 phrasin

1231 626 1399 669 intelligi,
1427 626 1512 670 quid
1532 633 1629 658 vocet
1649 638 1721 658 esse
1738 627 1804 659 sub
1821 626 1914 670 lege,
1942 623 2010 659 hoc
2027 633 2097 666 est,
2125 638 2217 659 non-

1231 678 1315 710 dum
1334 674 1463 709 habere
1481 676 1723 709 remissionem
1741 684 1978 720 peccatorum,
2006 683 2040 711 et
2056 678 2217 711 nondum

1232 777 1300 811 hnc
1324 780 1529 812 damnatum
1551 789 1635 811 esse.
1687 775 1864 818 Econtra,
1899 791 1972 811 esse
2001 779 2067 813 sub
2095 780 2220 823 gratia,

1233 837 1285 863 est
1301 841 1373 862 esse
1391 830 1456 862 sub
1474 829 1713 861 misericordia
1731 827 1797 861 Dei
1822 829 2025 873 recipientis
2048 842 2112 864 nos
2135 842 2219 875 pro-

1234 888 1310 925 pter
1323 879 1478 918 Filium,
1507 887 1539 913 et
1559 891 1631 912 esse
1648 891 1713 912 nos
1740 880 1984 913 reconciliatos
2007 887 2041 914 et
2061 887 2220 926 receptos

1234 943 1378 975 propter
1403 930 1557 971 Filium,
1584 931 1722 974 placere
1745 929 1840 971 Deo,
1874 942 2077 975 quanquam
2099 942 2220 965 sumus

1233 981 1365 1016 infirmi
1380 1009 1387 1021 ,
1416 989 1448 1015 et
1466 982 1580 1014 iuvari
1600 994 1617 1013 a
1637 981 1774 1025 Spiritu
1790 988 1923 1015 sancto.

1334 1032 1463 1068 Psalm.
1491 1033 1575 1066 110.
1613 1030 1666 1065 De
1691 1039 1848 1065 torrente
1873 1033 1910 1064 in
1936 1033 1992 1064 via
2018 1029 2139 1079 bibet]
2182 1032 2217 1065 id

1205 1109 1207 1114 .
1233 1090 1301 1117 est:
1331 1083 1502 1117 Sacerdos
1528 1083 1588 1116 ille
1608 1089 1796 1121 venturus,
1821 1082 1934 1116 Filius
1953 1081 2040 1124 Dei,
2067 1084 2221 1126 gustabit

1233 1135 1391 1167 miserias
1418 1131 1564 1167 humani
1591 1134 1746 1176 generis,
1789 1141 1821 1166 et
1847 1134 2036 1167 sustinebit
2061 1134 2219 1167 tristissi-

1233 1198 1306 1218 mas
1323 1197 1454 1229 poenas
1472 1191 1677 1218 nostrorum
1704 1192 1936 1228 peccaturum.
1990 1183 2086 1217 Haec
2111 1192 2220 1218 meta-

1232 1234 1363 1280 phorae
1385 1236 1593 1279 significatio
1618 1236 1655 1267 in
1683 1235 1817 1268 verbis:
1847 1235 1969 1268 bibere
1994 1236 2037 1269 de
2064 1242 2220 1269 torrente

1234 1289 1272 1320 in
1290 1287 1363 1328 via,
1391 1287 1545 1327 scilicet,
1576 1284 1683 1319 huius
1706 1287 1798 1319 vitae
1823 1286 2012 1320 curriculo.
2065 1286 2134 1320 Sed
2158 1284 2222 1319 ha-

1234 1350 1312 1371 rum
1330 1338 1579 1371 definitionum
1595 1337 1755 1370 doctrina
1773 1349 1812 1369 ex
1823 1335 2062 1370 Grammatica
2080 1338 2122 1370 ad
2135 1336 2222 1370 Dia-

1233 1389 1379 1422 lecticen
1400 1388 1578 1420 afferenda
1596 1394 1656 1421 est.

1480 1472 1576 1514 Quid
1605 1477 1661 1506 est
1688 1471 1858 1519 definitio
1885 1471 1969 1508 rei?

1334 1539 1503 1573 Definitio
1521 1540 1573 1572 rei
1591 1546 1640 1573 est
1658 1539 1789 1577 oratiO,
1817 1551 1906 1584 quae
1931 1540 2134 1579 essentiam,
2162 1547 2223 1574 aut

1207 1606 1209 1611 ·
1234 1601 1366 1628 causas,
1395 1597 1452 1622 aut
1469 1597 1597 1633 partes,
1625 1597 1683 1622 aut
1703 1590 1899 1623 accidentia
1919 1591 1969 1623 rei
1989 1591 2142 1635 exponit.
2176 1590 2223 1626 Et

1235 1641 1319 1685 quid
1336 1641 1475 1674 intersit
1492 1641 1585 1674 inter
1600 1641 1841 1673 definitionem
1860 1641 2016 1674 nominis
2040 1649 2073 1675 et
2095 1642 2221 1674 defini-

1208 1716 1210 1721 »
1235 1692 1368 1725 tionem
1394 1691 1464 1732 rei,
1494 1692 1542 1724 sic
1572 1692 1723 1734 intelligi
1753 1691 1855 1724 facile
1885 1699 2011 1736 potest:
2053 1692 2221 1727 Definitio

1236 1742 1392 1775 nominis
1419 1749 1489 1781 est,
1517 1755 1594 1775 cum
1622 1743 1827 1786 peregrinae
1851 1743 1992 1786 linguae
2012 1744 2222 1777 vocabulum

1237 1794 1480 1837 interpretaris
1496 1794 1635 1827 notiore
1653 1793 1825 1826 vocabulo
1841 1803 1980 1827 nostrae
2004 1795 2163 1837 linguae,
2189 1802 2222 1828 et

1237 1856 1346 1888 genus
1362 1844 1542 1885 nominas,
1568 1851 1607 1877 nt
1624 1844 1650 1877 si
1675 1845 1783 1876 dicas:
1813 1843 2042 1878 Centaurium
2068 1852 2118 1878 est
2140 1842 2221 1878 her-

1238 1897 1298 1936 ba,
1327 1907 1431 1940 quam
1449 1907 1617 1928 vocamus
1634 1894 1761 1939 {oufens
1776 1896 1905 1939 giilben„
1933 1895 1988 1927 vel
2007 1895 2137 1936 Aurin,
2164 1907 2223 1938 ge-

1239 1958 1306 1979 nus
1328 1953 1359 1978 et
1384 1958 1514 1978 nomen
1540 1946 1641 1979 audis
1666 1946 1783 1978 minus
1807 1945 2051 1989 peregrinum,
2085 1958 2124 1979 ac
2147 1946 2222 1979 fieri

1240 2004 1370 2042 potest,
1397 2003 1505 2030 utres
1530 1996 1647 2039 ignota
1673 1997 1727 2030 sit.
1782 1995 1851 2030 Sed
1877 1996 1906 2028 si
1932 1993 2040 2029 herba
2062 1997 2222 2040 prosera—

1241 2100 1291 2132 rei
1323 2097 1565 2131 definitionem
1598 2098 1782 2133 illustrem.
1838 2097 1947 2131 Vetus
1973 2098 2067 2130 enim
2090 2098 2223 2132 dictum

1241 2157 1310 2190 est,
1337 2156 1369 2183 et
1387 2149 1533 2192 dignum
1551 2149 1737 2182 memoria:
1764 2146 1895 2182 Omnis
1912 2148 2076 2182 intuitiva
2092 2149 2222 2183 noticia

1240 2208 1291 2235 est
1311 2200 1480 2234 definitio.
1542 2199 1632 2232 Cum
1668 2200 1769 2233 audis
1795 2200 2062 2245 etymologiam:
2095 2200 2223 2234 Solsti—

1242 2253 1329 2285 tium
1350 2258 1399 2284 est
1415 2250 1509 2284 Solis
1525 2251 1646 2290 statio,
1673 2250 1810 2284 etiamsi
1834 2251 1912 2295 quis
1937 2252 2043 2284 addat
2066 2251 2223 2295 appella-

1241 2304 1374 2337 tionem
1403 2301 1573 2335 Graecam
1600 2302 1898 2341 commodiorem,
1924 2299 2082 2347 τροπὴν,
2111 2308 2144 2335 et
2167 2302 2222 2334 di-

1214 2380 1215 2384 ,
1241 2361 1305 2395 cat,
1322 2353 1510 2386 solstitium
1528 2364 1588 2385 seu
1606 2350 1747 2397 τροπὴν
1760 2352 1955 2395 significare
1972 2358 2110 2391 metam,
2124 2353 2220 2385 unde

849 2401 913 2435 Est
930 2411 1045 2435 autern
1063 2402 1187 2437 Nomi-
1214 2411 1215 2415 ’

205 2456 259 2488 nis
276 2455 446 2493 delinitio,
463 2456 717 2500 qualiscunque
735 2466 808 2486 non
825 2453 910 2486 falsa
929 2454 1098 2494 nominis,
1127 2467 1186 2488 seu
1214 2468 1215 2480 ³

205 2508 364 2548 linguae,
399 2517 457 2537 seu
488 2506 638 2547 figurae,
674 2516 733 2538 seu
767 2502 903 2549 phrasis
932 2504 1187 2548 interpretatio.

205 2557 322 2590 Sumit
341 2555 549 2588 Dialecticus
573 2569 591 2589 a
613 2555 850 2588 Grammatica
876 2567 1076 2589 sermonem
1104 2569 1186 2600 pro-

206 2608 340 2652 prium,
375 2618 522 2648 purum,
563 2607 806 2650 perspicuum,
849 2607 924 2639 sine
958 2607 1187 2651 ambiguitate

206 2658 338 2702 aliquid
357 2656 440 2688 certi
459 2655 726 2698 significantem.
783 2656 875 2690 Tota
900 2658 1008 2701 igitur
1031 2659 1186 2692 nominis

206 2708 363 2742 definitio
397 2707 638 2750 interpretatio
669 2714 718 2740 est
759 2709 950 2747 sermonis,
995 2710 1186 2753 figurarum

1240 2405 1303 2439 Sol
1320 2417 1360 2437 ex
1376 2403 1544 2437 altissimo
1566 2404 1712 2436 antimo
1737 2403 1950 2446 regreditur:
1977 2400 2144 2435 hactenus
2168 2410 2220 2436 ta-

1242 2468 1322 2488 men
1344 2461 1480 2488 tantum
1505 2454 1765 2499 qualescunque
1791 2454 1946 2487 nominis
1971 2453 2222 2496 descriptiones

1241 2507 1353 2540 audis.
1396 2504 1533 2539 Interea
1550 2517 1647 2537 mens
1665 2505 1780 2538 adhuc
1797 2505 1945 2550 requirit
1961 2502 2126 2546 amplius,
2152 2516 2221 2548 quo

1241 2565 1398 2602 tempore
1415 2556 1499 2588 anni
1512 2582 1519 2595 ‚
1548 2555 1585 2588 in
1605 2569 1674 2601 quo
1690 2557 1790 2599 signo
1808 2554 1940 2588 zodiaci
1963 2553 2014 2586 sol
2043 2555 2221 2597 regredia-

1243 2616 1317 2649 tur,
1347 2608 1401 2640 vel
1420 2607 1463 2639 ab
1478 2606 1648 2639 altissimo
1667 2607 1762 2646 loco,
1788 2606 1842 2638 vel
1867 2606 1910 2637 ab
1934 2605 2022 2636 imo:
2053 2604 2155 2638 Unde
2178 2606 2222 2638 sit

1241 2657 1325 2692 baec
1343 2658 1529 2691 diversitas
1552 2658 1587 2690 in
1611 2665 1708 2691 motu
1727 2657 1829 2691 Solis.
1883 2654 2002 2700 Itaque
2028 2667 2126 2688 mens
2149 2667 2221 2689 non

1241 2709 1430 2754 acquiescit
1444 2709 1564 2742 audita
1582 2709 1654 2742 sola
1671 2707 1826 2742 nominis
1840 2706 2142 2751 interpretatione,
2163 2710 2221 2741 sed
