2379 2948
200 121 267 153 171

203 214 301 241 mut,
327 201 387 246 qui
414 206 595 244 postquam
616 197 650 227 iu
671 200 781 227 tantas
801 189 958 223 miserias
982 189 1183 226 incidimus,

205 261 323 286 tamen
349 252 515 283 immensa
542 246 695 279 bonitate
725 241 827 274 nobis
852 252 952 284 opem
978 239 1078 279 tulit,
1113 239 1184 270 filio

207 315 269 347 pro
297 301 399 334 nobis
423 300 637 341 deprecante.
698 290 766 324 llic
799 291 906 334 igitur
937 290 1028 323 filius
1052 288 1186 322 aeterni
1210 306 1211 338 ss

207 353 339 397 patris,
372 349 541 381 Dominus
567 350 684 376 noster
700 340 795 374 lesus
812 339 974 374 Christus
998 340 1100 372 nobis
1122 339 1186 371 do-
1210 339 1212 381 ζ

210 410 312 436 natus
332 406 399 436 est,
426 404 463 429 nt
484 395 579 428 lieret
597 393 736 426 victima
755 403 817 434 pro
837 391 960 429 nobis,
988 397 1021 423 et
1037 390 1189 433 placaret
1212 404 1214 429 1,

210 455 297 485 iram
316 446 447 482 aeterni
466 444 592 488 patris,
614 450 646 476 et
663 443 705 475 sit
723 443 882 474 sacerdos
900 446 1094 484 perpetuus,
1117 439 1188 470 col-
1212 431 1214 454 ¹

213 503 322 544 ligens
341 496 532 530 Ecclesiam
551 505 634 527 voce
651 491 846 534 Evangelii,
874 492 909 523 in
927 503 994 535 qua
1012 492 1190 523 decretum
1213 485 1215 494 ’

212 554 254 583 de
272 545 554 581 reconciliatione
578 542 758 586 patefecit,
785 543 878 586 quod
904 550 936 575 et
955 543 1025 583 ipse
1050 551 1127 572 cum
1148 538 1192 570 sit
1215 551 1216 560 ¹

212 596 325 645 λόγος
347 595 479 630 aeterni
495 595 623 638 patris,
651 593 687 624 in
707 593 881 625 mentibus
904 591 1032 624 nostris
1055 589 1192 626 effatur,

214 658 248 684 et
269 646 424 682 ostendit
453 645 556 678 nobis
580 650 712 688 patrem
737 643 931 686 placatum,
958 653 995 673 ac
1020 639 1192 682 Spiritum
1217 659 1219 679 ἢ

215 706 372 733 sanctum
390 695 542 728 effundit
559 695 594 727 in
614 694 717 726 corda
743 699 880 731 nostra,
908 698 946 724 nt
970 702 1051 722 vero
1076 699 1194 721 amore

217 757 249 783 et
265 748 398 781 laeticia
419 758 496 779 cum
516 752 656 777 aeterno
685 750 779 786 patre
807 749 840 774 et
871 742 944 785 ipso
979 739 1196 782 copulemur.

217 800 268 833 lta
288 797 484 831 restituitur
506 796 541 827 in
561 794 662 827 nobis
679 793 749 826 vita
766 799 797 825 et
824 792 958 824 iusticia
977 797 1135 826 aeterna,
1164 794 1197 820 et

220 855 412 882 renovatur
434 847 548 887 imago
563 844 629 876 Dei
653 844 760 875 verbo
778 843 914 875 lucente
937 842 973 873 in
999 846 1133 878 mente,
1159 844 1199 870 nt

220 898 351 942 agnitio
368 896 433 930 Dei
453 896 498 928 sit
514 895 641 927 clarior
657 901 689 926 et
707 893 851 930 firmior,
877 899 907 925 et
926 891 1061 934 Spiritu
1081 895 1198 922 sancto

221 949 431 982 accendente
447 952 563 979 motus
583 949 813 986 congruentes
830 954 906 974 cum
921 941 996 974 Deo
1016 942 1053 973 in
1073 940 1200 972 volun·
1224 955 1225 958 =

219 1007 291 1032 tate
309 1005 341 1031 et
357 998 470 1031 corde.
524 995 623 1029 Sicut
638 994 768 1026 Paulus
785 992 902 1036 inquit
919 993 961 1024 ad
980 987 1200 1025 Corinthios:

222 1049 295 1082 Nos
314 1054 440 1081 retecta
458 1046 544 1078 facie
565 1045 738 1084 fulgorem
754 1042 897 1076 Domini
922 1042 1115 1080 intuentes,
1142 1050 1202 1070 ve·
1226 1047 1228 1074 ῐ

223 1100 277 1132 lut
301 1099 337 1130 in
363 1098 507 1130 eandem
531 1095 718 1136 imaginem
744 1093 1036 1125 transformamur
1061 1103 1078 1122 a
1097 1088 1202 1121 clari-

223 1156 292 1182 tate
310 1148 344 1179 in
363 1146 554 1179 claritatem
568 1170 576 1183 ,
604 1151 771 1186 tanquam
789 1153 806 1173 a
823 1140 968 1173 Domini
992 1139 1130 1184 spiritu.
1163 1137 1202 1170 ld

225 1206 292 1237 est,
329 1198 366 1229 in
399 1207 480 1228 vera
504 1193 732 1227 conversione
761 1191 880 1234 agnito
904 1191 978 1223 filio
1001 1190 1205 1223 consolante

224 1259 307 1288 nos,
342 1253 375 1279 et
401 1245 605 1278 ostendente
629 1240 907 1275 misericordiam
929 1241 1062 1274 aeterni
1085 1239 1204 1283 patris,

226 1297 446 1341 agnoscimus
468 1295 536 1326 iam
564 1292 793 1337 praesentiam
810 1290 896 1328 Dei,
924 1303 997 1324 non
1023 1299 1205 1323 manemus

227 1350 265 1380 in
284 1346 516 1381 dubitatione,
537 1356 580 1376 an
598 1344 693 1376 Deus
712 1354 775 1374 nos
794 1348 902 1381 curet,
926 1342 985 1374 sed
1005 1340 1113 1383 magis
1131 1350 1207 1372 ma·
1232 1375 1233 1388 ἦ

228 1399 348 1442 gisque
371 1397 412 1429 ad
438 1394 556 1433 verbi,
592 1394 628 1425 id
653 1400 722 1432 est,
756 1392 817 1424 filii
842 1392 954 1424 lucem
978 1391 1206 1423 transforma·
1232 1403 1233 1411 ¹

228 1459 328 1485 mur,
373 1445 509 1488 Spiritu
546 1449 664 1475 sancto
701 1442 928 1474 confirmante
958 1440 1207 1477 assensionem,
1232 1452 1234 1467 ε

229 1509 291 1531 seu
307 1497 412 1528 fidem
431 1495 465 1526 in
485 1494 648 1526 cordibus
671 1491 817 1531 nostris,
844 1497 877 1524 et
901 1491 1109 1523 accendente
1131 1500 1209 1520 mo-
1233 1502 1235 1511 ·

231 1555 287 1581 tus
304 1551 534 1588 congruentes
553 1543 672 1575 verbo.
714 1540 761 1574 Et
777 1548 815 1574 ut
832 1547 881 1574 est
896 1541 982 1573 ordo
1000 1538 1209 1582 cognitionis

230 1606 265 1631 et
278 1595 470 1629 voluntatis
489 1595 526 1626 in
543 1593 664 1634 nobis,
691 1592 736 1625 ita
756 1588 861 1637 λόγος
885 1591 1037 1623 ostendit
1052 1588 1210 1622 reconci—
1235 1633 1236 1637 Ἰ

230 1647 414 1680 liationcm
431 1645 557 1689 patris,
586 1649 617 1676 et
636 1642 787 1685 Spiritus
806 1648 944 1674 sanctus
967 1640 1125 1672 accendit
1139 1639 1209 1670 lae·
1235 1647 1236 1653 ¹

231 1697 368 1733 titiam,
401 1703 441 1728 ut
472 1696 633 1726 invocare
660 1693 771 1724 Deum
798 1691 990 1734 possimus,
1028 1690 1209 1722 confirmat

232 1747 488 1782 assensionem,
515 1751 548 1777 et
571 1743 730 1776 accendit
754 1742 840 1773 alios
866 1748 998 1779 motus,
1033 1739 1099 1784 ipsi
1126 1750 1209 1772 con-

442 111 646 148 scmvu
676 109 750 144 1³11.
778 106 890 141 Men.
920 101 988 138 AD
1016 102 1141 138 mss.
1169 99 1313 140 paor.
1339 101 1404 137 ET
1432 99 1621 135 PH1LOS.
1650 99 1968 138 SPECTA-NTIA.

234 1803 407 1840 gruentes.
464 1794 513 1828 lta
535 1791 749 1826 Athanasius
776 1791 910 1835 inquit,
938 1790 1099 1823 renovari
1123 1789 1211 1821 ima-

235 1848 349 1889 ginem
367 1853 404 1879 ut
423 1845 494 1877 filio
513 1844 637 1876 similis
654 1843 730 1882 fiat,
754 1849 787 1876 et
810 1842 846 1873 in
870 1852 1080 1885 quocunque
1098 1838 1213 1882 Spiri-

235 1904 292 1930 tus
311 1904 448 1928 sauctus
473 1901 539 1933 est,
565 1894 602 1925 in
627 1905 666 1925 eo
693 1899 742 1925 est
768 1904 828 1934 per
854 1892 1010 1925 verbum.
1062 1889 1158 1922 Haec
1177 1889 1213 1920 in

237 1946 442 1992 quotidiana
467 1943 685 1976 invocatione
715 1942 878 1975 discenda
902 1947 1004 1981 sunt,
1038 1948 1071 1974 et
1097 1939 1214 1973 consi-

237 1997 391 2029 deranda
416 1993 613 2028 testimonia
636 1991 701 2025 Dei
724 1992 826 2024 nohis
858 1989 1032 2030 exhibita,
1069 1997 1102 2024 et
1125 1990 1214 2022 cele·
1239 2020 1241 2044 η

237 2046 372 2080 branda
397 2051 446 2077 cst
468 2055 547 2076 vera
573 2042 785 2085 gratitudine
810 2041 918 2084 ipsius
940 2041 1090 2073 bonitas.
1143 2038 1216 2072 No-

239 2097 337 2129 mino
356 2095 462 2137 igitur
488 2093 674 2135 imaginem
696 2091 762 2124 Dei
788 2091 960 2134 potentias
977 2091 1133 2129 animae,
1157 2090 1215 2122 sed

240 2148 377 2179 lucente
395 2145 432 2177 in
449 2145 497 2176 eis
514 2143 597 2177 Deo.
650 2140 799 2185 Eritque
815 2148 888 2174 tum
908 2142 1047 2173 demum
1067 2139 1217 2183 perfecta
1241 2143 1243 2162 *

240 2198 374 2238 imago,
403 2206 481 2228 cum
506 2194 544 2226 in
559 2192 697 2226 coelesti
715 2190 870 2225 Ecclesia
895 2191 959 2224 erit
977 2189 1074 2223 Deus
1100 2190 1217 2222 omnia
1242 2223 1244 2246 ³

241 2248 277 2278 in
293 2246 469 2279 omnibus.
1242 2247 1244 2282 1

1242 2294 1245 2318 l

343 2327 481 2362 Omitto
506 2326 616 2359 rixam
641 2331 720 2358 utra
744 2324 899 2368 potentia
925 2323 1128 2367 praecellat,
1161 2336 1219 2357 co·
1242 2323 1245 2361 i

245 2390 424 2422 gnoscens‚
451 2389 495 2410 an
515 2376 689 2409 voluntas.
742 2374 878 2407 Pariter
895 2375 987 2407 enim
1006 2385 1124 2416 regere
1143 2385 1220 2407 cae-

244 2437 335 2462 teras
353 2429 440 2461 vires
459 2428 598 2461 debent.
634 2424 680 2459 Et
696 2424 854 2470 quamvis
873 2425 1035 2458 voluntas
1053 2431 1101 2457 est
1119 2436 1219 2467 prae-

243 2478 410 2517 stantior,
438 2477 520 2521 quia
543 2477 639 2509 velut
662 2487 721 2508 rex
744 2474 841 2517 eligit
863 2475 1051 2507 deliberata
1081 2481 1141 2507 aut
1165 2487 1220 2507 re-

245 2528 329 2567 iicit,
356 2534 469 2559 tamen
488 2538 560 2558 non
578 2524 681 2559 habet
698 2526 919 2570 tyrannicum
937 2524 1135 2568 imperium,
1161 2526 1219 2558 sed

245 2585 339 2611 recto
359 2576 488 2608 iudicio
506 2577 746 2619 obtemperare
765 2576 878 2609 debet.
931 2574 1091 2620 Suntque
1108 2574 1220 2618 reipsa

244 2640 314 2662 una
339 2627 531 2661 substantia
544 2652 553 2666 ,
588 2625 783 2658 intellectus
802 2632 834 2660 et
850 2625 1025 2662 voluntas.
1077 2624 1147 2659 Sed
1163 2636 1221 2668 ge-

2142 104 2211 138 172

1234 200 1316 222 nera
1336 187 1515 220 actionum
1534 186 1669 219 diversa
1693 194 1782 218 sunt.

1235 246 1294 272 net
1320 238 1355 270 in
1381 237 1551 271 Cicerone
1583 237 1714 270 eadem.

1235 289 1310 322 odit
1335 300 1425 320 eum.

1836 185 1974 220 Noticia
1996 184 2112 219 Clodii
2140 199 2214 220 ma-

1784 236 1853 269 Sed
1877 237 1961 270 alias
1985 244 2096 277 amat,
2130 237 2215 270 alias

1327 389 1385 422 De
1413 388 1697 422 immortalitate
1732 388 1882 420 arzimae
1917 386 2115 420 humanae.

1340 462 1479 495 Illustre
1496 462 1736 495 testimonium
1755 468 1806 494 est
1822 462 1864 494 de
1888 461 1956 494 vita
1979 468 2145 505 perpetua
2164 473 2218 494 se-

1240 520 1361 546 cutura
1380 519 1457 556 post
1474 509 1564 544 lianc
1581 513 1762 545 mortalem
1777 512 1885 545 vitam
1898 539 1906 551 ,
1934 513 2025 556 quod
2048 512 2138 544 lilius
2153 511 2220 544 Dei

1216 596 1217 600 ,
1243 563 1407 595 dominns
1435 570 1554 595 noster
1577 562 1670 595 lesus
1688 559 1851 595 Christus
1873 562 2056 594 crucifixus
2074 569 2106 595 et
2127 574 2221 594 mor-

1243 620 1341 652 tuus,
1361 619 1477 655 postea
1495 613 1631 645 revixit.
1685 610 1729 645 Et
1755 624 1798 644 ne
1817 619 1989 655 spectrum
2008 612 2223 644 existimare-

1244 671 1318 702 tur,
1360 662 1595 694 familiaritate
1626 662 1856 706 qnadraginta
1895 663 2031 695 dicrum
2072 662 2225 695 ostendit

1246 712 1424 756 Apostolis
1444 719 1475 744 et
1493 712 1571 744 aliis
1588 712 1724 751 multis,
1749 723 1782 743 se
1799 723 1878 744 vere
1895 713 2069 753 revixisse,
2097 720 2127 744 et
2146 724 2226 745 rur-

1247 774 1303 796 sus
1321 774 1400 795 vere
1417 762 1612 805 copulatam
1640 773 1711 794 esse,
1739 762 1889 793 animam
1917 773 1978 794 suo
2005 763 2161 806 corpori,
2190 763 2226 794 in

1247 826 1316 858 quo
1334 820 1433 845 antea
1453 812 1593 844 vixerat.
1648 812 1697 844 Ac
1726 818 1761 844 ut
1779 812 1939 854 pluribus
1957 813 2122 856 exemplis
2142 813 2226 844 fides

1249 864 1535 903 confirmaretur,
1567 863 1672 895 simul
1699 869 1732 894 et
1751 862 1829 894 aliis
1853 863 1987 902 multis,
2011 863 2071 906 qui
2097 862 2228 895 mortui

1249 915 1406 953 fuerant,
1434 914 1505 946 vita
1531 913 1566 945 in
1584 913 1791 956 corporibus
1809 912 1944 944 reddita
1971 919 2031 947 est.
2081 910 2128 945 Et
2144 924 2229 945 con-

1250 971 1454 997 sentaneum
1471 970 1532 1004 est,
1549 964 1734 1007 praecipue
1751 963 1883 1006 primos
1901 969 2073 1005 parentes,
2102 961 2229 1001 Adam,

1251 1014 1407 1055 Hevam,
1441 1011 1544 1052 Seth,
1579 1012 1698 1053 Nolle,
1740 1013 1838 1053 Sem,
1882 1010 2082 1051 Abraham,
2126 1011 2231 1051 Isaac,

1253 1063 1376 1103 Iacob,
1415 1061 1556 1106 loseph,
1591 1070 1624 1096 et
1646 1064 1774 1096 multos
1797 1063 1926 1096 similes
1952 1064 2057 1096 fuisse
2088 1063 2232 1095 comites

1253 1114 1350 1147 illius
1373 1111 1545 1156 triumphi
1570 1111 1723 1151 Christi,
1751 1125 1789 1146 ac
1818 1125 1918 1156 saepe
1942 1111 2077 1146 Hevam
2096 1119 2129 1145 et
2144 1112 2231 1145 alias

1254 1170 1433 1197 matronas
1447 1163 1636 1196 assidentes
1655 1163 1744 1207 apud
1765 1162 1916 1196 Mariam
1936 1170 1968 1196 et
1986 1175 2140 1196 sororem
2159 1162 2232 1196 eius

1255 1225 1413 1247 narrasse
1438 1213 1493 1246 sui
1517 1214 1683 1257 temporis
1706 1214 1916 1252 certamina,
1944 1220 1977 1246 et
1994 1214 2172 1246 mirandas
2190 1212 2234 1244 li-

1255 1264 1464 1298 berationes.

1370 1320 1575 1355 Intueamur
1591 1321 1697 1364 igitur
1711 1319 1892 1354 Christum
1913 1321 1949 1352 in
1966 1318 2029 1352 hac
2049 1318 2236 1363 Apostolo-

1257 1383 1335 1404 rum
1370 1372 1641 1409 consuetudine,
1681 1376 1865 1414 postquam
1892 1382 1930 1402 ex
1963 1376 2074 1402 morte
2101 1370 2237 1407 revixit,

1258 1420 1458 1453 dulcissime
1485 1432 1562 1452 cum
1590 1420 1637 1452 eis
1665 1420 1940 1464 colloquentem,
1977 1427 2010 1452 et
2038 1420 2237 1452 testimonia

1260 1471 1302 1503 de
1321 1482 1380 1502 sua
1403 1470 1471 1503 vita
1489 1471 1748 1509 ostendentem,
1776 1483 1813 1502 ac
1830 1470 1939 1502 multa
1962 1471 2154 1502 docentem.
2191 1468 2238 1502 Et

1260 1519 1549 1562 adiungamus'ad
1570 1518 1635 1551 lioc
1654 1520 1849 1563 exemplum
1874 1520 2088 1560 doctrinam,
2116 1520 2151 1552 in
2171 1531 2239 1564 qua

1234 1573 1236 1605 ὲ
1260 1571 1463 1614 planissime
1485 1570 1644 1602 adfirmat
1672 1571 1762 1613 ipse,
1800 1571 2020 1602 redditurum
2045 1582 2079 1603 se
2096 1582 2167 1602 esse
2186 1570 2239 1602 vi—

1261 1628 1331 1654 tam
1355 1621 1391 1652 in
1409 1620 1615 1663 corporibus
1639 1621 1803 1653 omnibus
1821 1618 2024 1652 hominibus
2050 1626 2127 1662 post
2144 1632 2240 1653 mor-

1261 1678 1330 1704 tem
1343 1697 1351 1710 ,
1378 1678 1410 1704 et
1427 1682 1495 1710 eos,
1513 1671 1573 1714 qui
1593 1671 1629 1702 in
1649 1668 1712 1703 liae
1729 1671 1867 1703 mortali
1886 1671 1953 1703 vita
1972 1672 2014 1703 ad
2026 1670 2138 1704 Deum
2156 1683 2241 1703 con-

1236 1723 1237 1739 ³
1263 1721 1353 1753 versi
1378 1722 1538 1760 fuerunt,
1579 1721 1616 1752 in
1647 1721 1745 1753 omni
1778 1721 1981 1754 aeternitate
2011 1721 2174 1764 deinceps
2202 1721 2238 1752 in

1236 1779 1237 1783 ¹
1263 1771 1404 1803 coelesti
1421 1770 1576 1803 Ecclesia
1596 1771 1641 1803 ita
1662 1771 1816 1804 victurus
1834 1782 1914 1811 esse,
1942 1778 1981 1804 nt
1996 1770 2109 1804 Deum
2125 1782 2241 1803 coram

1237 1822 1469 1853 *intueantur
1503 1829 1535 1854 et
1567 1821 1730 1854 fruantur
1769 1821 1841 1853 eius
1875 1821 2059 1864 sapientia,

2106 1828 2242 1854 iusticia

1264 1878 1297 1905 et
1316 1871 1469 1911 laeticia,
1492 1877 1525 1904 et
1541 1872 1691 1904 vicissim
1714 1883 1791 1904 eum
1810 1871 1898 1913 grati
1926 1872 2115 1905 celebrent.

1366 1937 1434 1970 Sed
1459 1938 1531 1970 eius
1550 1936 1723 1970 Ecclesiae
1749 1937 1905 1970 coelestis
1929 1949 2031 1970 nemo
2058 1938 2142 1970 civis
2167 1939 2243 1977 erit,

1266 1989 1331 2022 nisi
1359 1988 1456 2031 prius
1479 1988 1515 2019 in
1540 1986 1603 2019 hac
1631 1988 1770 2020 mortali
1800 1988 1868 2020 vita
1892 1988 1976 2019 civis
2003 1989 2106 2020 fuerit
2140 1986 2243 2021 liuius

1240 2077 1241 2081 Ἰ
1268 2038 1464 2076 Ecclesiae,
1500 2038 1536 2069 in
1562 2050 1628 2081 qua
1656 2046 1757 2072 sonat
1784 2050 1848 2070 vox
1874 2036 2077 2082 Evangelii,
2106 2045 2138 2071 et
2158 2050 2243 2071 con-

1268 2100 1386 2121 versus
1416 2088 1521 2121 fuerit
1561 2089 1603 2120 ad
1628 2087 1759 2126 Deum,
1802 2094 1987 2132 antequam
2022 2101 2061 2121 ex
2086 2086 2150 2121 hac
2173 2089 2244 2122 vita

1268 2140 1468 2173 discederet.
1522 2137 1624 2171 Tunc
1650 2139 1742 2170 enim
1767 2139 1879 2171 tradet
1898 2138 1989 2181 lilius
2005 2138 2069 2171 Dei
2096 2149 2243 2181 regnum

1270 2189 1376 2233 patri,
1405 2189 1438 2221 id
1457 2195 1518 2226 est,
1546 2189 1694 2221 adducet
1711 2189 1754 2221 ad
1773 2194 1951 2221 aeternnm
1973 2196 2104 2232 patrem
2124 2200 2244 2222 omnes

1269 2251 1470 2277 conversos,
1503 2239 1663 2272 ostendet
1692 2239 1740 2271 eis
1769 2245 1948 2271 aeternum
1974 2247 2127 2283 patrem,
2162 2240 2245 2285 quia

1270 2290 1427 2323 collectio
1447 2287 1622 2322 Ecclesiae
1647 2289 1681 2320 in
1702 2287 1766 2321 hac
1790 2290 1860 2321 vita
1885 2289 1921 2322 fit
1945 2301 2007 2332 per
2031 2290 2141 2322 filium
2170 2302 2245 2322 me-

1271 2341 1460 2379 diatorem,
1494 2340 1553 2383 qni
1579 2345 1760 2372 conservat
1786 2339 2020 2373 ministerium
2046 2338 2242 2383 Evangelii,

1271 2397 1303 2424 ct
1326 2402 1404 2424 cum
1424 2401 1506 2423 voce
1521 2388 1702 2432 Evangelii
1729 2389 1879 2422 effundit
1903 2390 1940 2422 in
1969 2390 2074 2423 corda
2099 2392 2244 2423 creden-

1271 2441 1358 2474 tium
1380 2440 1551 2484 Spiritum
1577 2447 1751 2478 sanctum,
1779 2446 1811 2473 et
1835 2440 1938 2473 simul
1961 2440 2092 2473 interea
2115 2447 2166 2474 est
2188 2452 2244 2473 sa-

1271 2491 1392 2524 cerdos
1409 2497 1441 2524 et
1458 2491 1660 2534 deprecator
1676 2491 1836 2523 assiduus
1853 2502 1916 2534 pro
1926 2487 2092 2525 Ecclesia.
2119 2489 2244 2524 Postea

1271 2553 1353 2574 vero
1369 2548 1446 2585 post
1470 2541 1758 2574 resurrectionem
1786 2552 1857 2574 non
1881 2546 2017 2573 tantum
2040 2553 2103 2584 per
2124 2552 2243 2574 vocem

1271 2590 1454 2634 Evangelii
1471 2601 1695 2634 agnoscemus
1710 2590 1842 2630 Deum,
1869 2590 1927 2623 sed
1951 2602 2066 2623 coram
2091 2591 2245 2624 intuebi-

1274 2653 1354 2676 mur
1372 2644 1471 2680 eum,
1496 2653 1573 2674 cum
1591 2642 1655 2675 erit
1676 2641 1794 2674 omnia
1819 2641 1855 2672 in
1881 2641 2057 2676 omnibus.
2107 2640 2160 2674 De
2179 2639 2244 2673 hac
