2379 2948
244 102 340 138 1047

243 194 359 220 torum
384 192 416 218 et
441 184 729 227 gubernationem
749 180 903 225 Spiritus
924 182 1032 215 sancti
1047 182 1154 227 petit,
1181 181 1227 214 ita

244 248 308 269 nos
337 243 509 280 petamus,
543 242 578 266 ut
605 233 803 278 superiores
827 243 947 265 versus
973 233 1015 265 ad
1041 233 1227 266 confirma-

244 287 376 321 tionem
407 286 486 317 fidei
514 292 651 318 nostrae
675 285 717 316 de
741 282 938 316 ministerio
962 281 1147 327 Evangelii
1171 294 1228 315 ac-

244 337 517 370 commodemus.

378 437 709 482 Aryumentum
746 447 798 470 ac
833 435 1091 480 dispositio

586 495 743 534 Psalmi
784 495 883 535 XX.

295 567 489 602 Exaudiat
519 574 556 603 te
581 567 770 603 Dominus
802 571 841 603 in
871 569 932 602 die
957 566 1227 610 tribulationis,

292 624 461 665 protegat
480 624 515 653 te
530 631 663 654 nomen
679 622 752 654 Dei
769 619 886 653 Iacob.

345 685 556 719 Dulcissima
587 687 739 730 precatio
772 694 820 720 est
850 698 911 729 pro
945 697 1043 728 rege,
1078 697 1137 717 seu
1164 696 1225 727 pro

243 747 351 778 regno
384 748 422 767 ac
454 736 599 779 politico
629 744 737 775 statu,
771 749 858 781 quae
889 737 989 769 docet
1015 742 1046 768 et
1071 742 1226 776 testatur,

243 797 421 818 successus
442 786 477 818 iu
503 787 675 829 imperiis,
708 787 820 820 felicia
849 786 1013 826 consilia,
1040 787 1225 819 salutarem

243 836 532 879 gubernationem
560 845 591 869 et
617 838 800 876 victorias,
827 836 892 869 Dei
913 849 1018 880 opera
1041 844 1072 870 et
1096 836 1224 869 benefi-

243 886 295 918 cia
321 897 411 924 esse,
439 893 471 919 et
495 899 575 919 vere
602 888 712 920 iuvari
738 900 755 920 a
774 886 847 920 Deo
867 887 1040 930 principes
1058 887 1227 919 invocan-

243 942 292 969 tes
318 936 443 979 ipsum.
504 936 603 970 Sicut
630 937 757 973 Psalm.
784 937 867 971 144.
894 937 1038 970 dicitur:
1073 936 1225 969 Benedi-

243 993 317 1019 ctus
342 985 516 1019 Dominus
538 985 633 1020 Deus
658 999 755 1021 meus
781 1000 858 1028 rex,
894 988 954 1032 qui
978 989 1077 1020 docet
1101 999 1225 1020 manus

242 1048 335 1069 meas
364 1038 407 1069 ad
435 1038 618 1081 praelium.
682 1037 783 1072 Item:
823 1037 894 1081 Qui
917 1039 978 1071 das
999 1038 1145 1071 salutem
1171 1050 1225 1070 re-

240 1087 352 1129 gibus.

342 1137 463 1171 Altera
490 1150 567 1181 pars
584 1137 713 1171 Psalmi
739 1139 927 1182 gratiarum
953 1139 1042 1172 actio
1064 1145 1129 1180 est,
1157 1150 1223 1184 qua

240 1187 369 1220 fatetur
391 1199 507 1230 regem
532 1189 690 1222 adiutum
717 1201 808 1230 esse,
835 1191 1012 1223 defensam
1036 1201 1108 1222 esse
1133 1190 1222 1233 poli-

241 1237 344 1278 tiam,
373 1250 460 1282 quae
477 1237 652 1272 Ecclesiae
675 1246 707 1272 et
727 1239 803 1283 piae
822 1240 1002 1273 doctrinae
1018 1240 1141 1273 studiis
1158 1238 1223 1272 ho-

240 1287 383 1331 spitium
407 1289 559 1331 praebet.
613 1287 658 1323 Et
681 1291 841 1323 doctrina
865 1290 1051 1324 utilissima
1069 1290 1222 1324 admixta

240 1345 309 1378 est,
344 1345 463 1371 taxans
492 1339 655 1372 fiduciam
681 1340 752 1379 sui,
785 1348 819 1373 et
842 1341 1004 1386 requiens
1027 1341 1222 1373 invocatio-

240 1399 321 1420 nem
337 1386 414 1422 Dei.
469 1388 567 1422 Sicut
589 1401 688 1433 saepe
710 1390 795 1423 alibi
815 1392 1006 1424 detestatur
1021 1389 1115 1423 Deus
1132 1391 1220 1423 fidu-

239 1437 327 1470 ciam
345 1435 520 1471 humanae
538 1440 731 1483 potentiae,
758 1447 796 1473 ut
814 1440 941 1473 Psalm.
956 1440 1030 1473 33.:
1057 1440 1137 1473 Non
1154 1441 1220 1473 sal-

239 1495 342 1521 vatur
365 1500 424 1521 rex
448 1500 509 1531 per
532 1502 676 1533 magnos
702 1491 884 1524 exercitus:
913 1490 1033 1524 Fallax
1051 1503 1159 1535 equus
1177 1492 1218 1523 ad

239 1539 398 1573 salutem.
449 1537 495 1572 Et
520 1539 646 1574 Psalm.
671 1540 721 1575 6.:
751 1540 831 1574 Non
854 1541 1040 1583 egredieris
1065 1541 1157 1574 Deus
1184 1541 1219 1573 in

238 1588 427 1621 virtutibus
448 1590 595 1630 nostris,
623 1591 678 1623 Da
701 1591 804 1623 nobis
823 1592 992 1623 auxilium
1010 1593 1052 1623 de
1070 1591 1218 1623 tribula-

238 1639 359 1683 tione,¹
387 1651 475 1671 vana
497 1640 588 1672 salus
613 1638 778 1673 hominis.
833 1640 882 1674 lta
908 1639 964 1674 hic
991 1640 1124 1685 inquit:
1162 1640 1218 1673 llli

237 1689 274 1720 in
291 1701 396 1722 curru
413 1696 444 1722 et
462 1690 498 1721 in
515 1691 623 1734 equiS.
677 1689 747 1734 Ipsi
765 1691 938 1724 incurvati
955 1699 1035 1724 sunt
1047 1718 1056 1731 ,
1084 1699 1115 1724 et
1131 1692 1218 1723 ceci-

235 1741 381 1780 derunt,
416 1748 478 1773 etc.
545 1739 702 1774 Econtra
732 1742 883 1784 postulat
914 1740 1025 1782 Deus,
1068 1749 1106 1775 ut
1138 1754 1217 1774 vere

235 1796 389 1823 statuant
412 1796 551 1823 nostrae
578 1798 730 1831 mentes,
764 1792 876 1824 iuvari
903 1804 968 1824 nos
991 1793 1034 1824 ab
1060 1793 1153 1835 ipso,
1185 1800 1217 1826 et

235 1851 314 1872 eum
339 1840 523 1880 invocent,
550 1841 638 1874 sicut
661 1839 717 1874 hic
743 1841 874 1886 inquit:
902 1839 984 1876 Nos
1008 1846 1127 1875 autem
1151 1854 1216 1875 no-

235 1900 314 1922 men
332 1888 492 1922 Domini
509 1889 585 1923 Dei
606 1891 724 1924 nostri
741 1891 1002 1928 invocabimus.
1058 1893 1215 1927 Concur-

235 1947 314 1973 rant
338 1937 440 1980 haec,
467 1941 619 1973 officium
645 1943 856 1981 vocationis,
885 1950 917 1977 et
939 1944 1021 1977 fides
1046 1944 1215 1977 invocans

234 1988 360 2023 Deum.
413 1991 525 2024 David
553 1992 633 2023 facit
658 1993 809 2026 officium
835 1994 1046 2037 vocationis,
1073 2001 1214 2027 contra-

234 2037 287 2073 hit
318 2041 506 2074 exercitum
540 2042 768 2085 mediocrem,
812 2044 965 2084 laborat,
1007 2045 1213 2088 praeliatur:

233 2090 373 2123 interim
407 2103 487 2124 vero
521 2092 626 2125 sentit
654 2094 801 2125 consilia
834 2101 866 2127 et
892 2095 1028 2128 dextras
1054 2095 1167 2128 iuvari
1194 2108 1211 2128 a

232 2139 318 2174 Deo.
381 2139 428 2174 At
453 2142 582 2184 impius
608 2155 665 2175 rex
691 2141 814 2176 Achab
839 2151 898 2177 aut
923 2145 1047 2177 similis
1071 2153 1212 2179 contra-

231 2187 283 2224 hit
307 2192 493 2224 exercitum
519 2200 687 2237 quantum
712 2200 840 2237 potest,
868 2202 900 2229 et
918 2195 1069 2239 laborat,
1099 2203 1131 2229 et
1146 2194 1212 2229 hoc

232 2252 294 2274 suo
324 2243 493 2285 adparatu
519 2243 682 2283 confidit,
715 2257 777 2277 nec
803 2246 907 2278 audet
933 2253 1048 2288 petere
1070 2253 1129 2279 aut
1154 2259 1210 2278 ex—

231 2299 369 2334 pectare
393 2291 459 2324 Dei
484 2294 725 2335 praesentiam.
779 2294 854 2328 Hoc
881 2296 1069 2328 discrimen
1096 2297 1210 2329 consi-

231 2342 425 2375 derandum
456 2350 522 2383 est,
557 2351 595 2377 ut
618 2351 650 2377 et
677 2352 811 2379 nostras
836 2346 988 2380 actiones
1014 2347 1209 2390 intelligere

230 2398 262 2424 et
282 2392 382 2424 fidem
402 2405 557 2426 exercere
574 2395 759 2431 discamus.

332 2442 371 2474 In
388 2444 455 2475 fine
471 2442 830 2488 etiamEpiphonema
848 2447 1005 2481 additum
1024 2454 1090 2488 est,
1113 2449 1207 2492 quod

229 2489 324 2524 Deus
345 2500 438 2526 certo
464 2495 507 2526 sit
530 2495 754 2529 exauditurus
780 2497 1000 2539 invocantes,
1037 2496 1100 2531 hac
1123 2510 1205 2542 pro-

229 2541 396 2574 missione
419 2544 611 2578 confirmati
635 2546 736 2579 fidem
763 2554 795 2581 et
812 2548 1067 2581 invocationem
1085 2561 1205 2582 accen-

228 2591 363 2624 damus.
414 2590 494 2626 Erit
514 2601 627 2627 autem
651 2594 708 2630 hic
731 2596 889 2631 Psalmus
913 2599 1016 2632 nobis
1040 2606 1073 2633 et
1094 2600 1204 2645 magis

226 2643 430 2686 perspicuus
455 2649 486 2676 et
513 2645 621 2687 magis
646 2647 778 2690 dulcis,
804 2649 831 2681 si
853 2661 954 2693 saepe
969 2650 1203 2692 recitabimus,

839 96 963 133 PHlL.
993 94 1107 131 MEL.
1133 94 1341 131 SCRIPTA
1368 93 1664 131 EXEGETICA.

2163 97 2260 133 1048

1282 187 1463 224 precantes
1480 192 1544 224 pro
1562 180 1703 224 politia,
1730 186 1763 214 et
1780 181 1970 224 cogitantes
1989 182 2032 215 de
2047 184 2182 227 magnis
2200 195 2263 228 pe-

1281 231 1401 264 riculis
1426 232 1585 264 omnium
1610 232 1748 275 piorum
1772 233 2059 274 gubernatorum.
2110 233 2162 266 Ac
2189 246 2263 267 me-

1282 282 1489 315 minerimus
1513 283 1716 316 mandatum
1734 280 1819 322 Dei,
1842 289 1881 315 ut
1903 294 1942 315 ex
1959 283 2076 315 animo
2093 291 2262 326 petamus,

1281 338 1319 365 ut
1342 339 1437 375 regat
1459 339 1489 366 et
1508 332 1603 365 iuvet
1621 344 1742 366 omnes
1758 333 1817 377 qui
1837 340 2020 376 praesunt,
2048 340 2081 366 et
2097 334 2153 366 det
2169 335 2262 377 poli-

1281 382 1347 415 tias
1363 383 1591 427 tranquillas,
1619 396 1707 427 quae
1723 383 1791 416 sint
1811 380 1953 417 honesta
1970 381 2121 427 hospitia
2142 382 2262 417 Eccle-

1281 433 1410 466 siarum
1429 440 1461 466 et
1480 433 1693 474 litterarum,
1720 441 1751 466 et
1770 431 1954 476 prohibeat
1972 434 2174 475 latrocinia,
2201 446 2261 468 va-

1281 483 1446 517 stationes
1465 490 1497 517 et
1514 484 1718 528 disciplinae
1736 484 2015 518 dissolutionem.

1410 585 1746 630 Argumentum
1779 597 1829 619 uc
1865 585 2127 630 dispositio

1613 651 1771 690 Psalmi
1805 651 1923 692 XXI.

1334 717 1511 759 Domine,
1540 719 1578 750 in
1592 719 1730 751 virtute
1745 721 1812 751 tua
1829 717 2038 752 laetabitur
2053 729 2143 761 rex,
2170 722 2260 755 etin

1331 768 1494 801 salutari
1513 772 1576 801 tuo
1593 767 1779 802 emanabit
1795 768 2051 809 vehementer,
2079 775 2150 804 etc.

1381 833 1529 867 Prorsus
1551 835 1645 867 idem
1669 843 1911 878 argumentum
1935 843 1986 870 est
2006 834 2110 870 huius
2128 836 2259 870 Psalmi

1279 886 1373 930 quod
1406 885 1575 928 proximi:
1610 887 1668 918 sed
1693 886 1882 929 gratiarum
1904 887 1992 919 actio
2018 889 2257 931 praeponitur,

1279 947 1368 980 quae
1390 942 1537 969 testatur
1554 935 1619 968 Dei
1644 936 1851 969 beneficium
1877 948 1948 969 esse
1972 938 2060 980 regis
2084 939 2258 980 guberna-

1278 987 1410 1019 tionem
1435 992 1469 1019 et
1491 987 1741 1021 defensionem.
1801 985 1938 1020 Deinde
1961 988 2118 1032 sequitur
2140 1000 2259 1031 preca-

1278 1037 1344 1077 tio,
1373 1044 1492 1079 petens
1517 1034 1599 1069 haec
1624 1037 1801 1070 beneficia.
1857 1036 1966 1071 Docet
1983 1039 2089 1081 igitur
2104 1038 2259 1082 Spiritus

1278 1094 1415 1120 sanctus
1442 1087 1477 1119 in
1502 1084 1556 1119 his
1571 1087 1736 1128 Psalmis,
1765 1088 1854 1121 sicut
1878 1088 1914 1120 in
1931 1089 2051 1122 multis
2068 1089 2146 1122 aliis
2161 1089 2257 1131 locis,

1278 1150 1350 1170 non
1367 1149 1466 1178 casu,
1492 1149 1565 1170 non
1582 1145 1716 1172 tantum
1735 1136 1889 1172 humana
1907 1139 2075 1183 sapientia
2088 1166 2097 1180 ,
2122 1147 2160 1173 ut
2177 1137 2257 1183 phi-

1277 1187 1414 1232 losophi
1448 1196 1590 1232 putant,
1625 1190 1831 1222 constitutas
1860 1201 1932 1222 esse
1961 1190 2117 1233 politias‚
2148 1191 2208 1223 sed
2237 1202 2257 1224 a

1276 1239 1350 1272 Deo
1366 1246 1499 1272 mentes
1514 1252 1633 1283 regum
1649 1247 1681 1273 et
1697 1240 1895 1284 principum
1913 1240 2095 1273 exuscitari
2113 1241 2156 1273 ad
2172 1253 2257 1274 con—

1277 1291 1469 1323 stituendas
1485 1289 1716 1334 Respublicas
1738 1298 1770 1325 et
1794 1291 1907 1323 iuvari
1931 1291 1966 1322 in
1992 1302 2110 1324 earum
2128 1292 2255 1334 guber-

1276 1341 1418 1373 natione
1456 1347 1489 1373 et
1521 1341 1744 1379 defensione,
1786 1341 1875 1374 sicut
1907 1347 1940 1374 et
1970 1339 2097 1373 Daniel
2127 1342 2255 1386 inquit,

1275 1391 1385 1433 capite
1399 1391 1569 1424 secundo:
1597 1389 1692 1424 Deus
1710 1393 1871 1425 transfert
1887 1402 1992 1434 regna
2010 1399 2043 1424 et
2060 1392 2254 1428 constituit.

1274 1439 1348 1473 Hac
1374 1441 1543 1474 sententia
1568 1453 1705 1474 necesse
1728 1449 1776 1475 est
1803 1440 2003 1474 confirmari
2029 1448 2178 1481 mentes,
2213 1449 2254 1477 ut

1275 1498 1392 1534 petant
1413 1504 1430 1524 a
1448 1490 1521 1524 Deo
1548 1492 1716 1524 auxilium
1734 1492 1772 1524 in
1789 1492 1955 1524 omnibus
1972 1492 2125 1534 negociis
2141 1498 2175 1525 et
2192 1504 2254 1536 pe-

1274 1542 1392 1574 riculis
1410 1542 1685 1584 gubernationis,
1711 1554 1774 1575 nec
1792 1549 1928 1575 tantum
1945 1542 2167 1576 considerent
2182 1540 2253 1576 hu-

1273 1602 1393 1623 manas
1418 1592 1525 1632 vires,
1552 1592 1640 1625 sicut
1657 1592 1745 1625 Aiax
1770 1593 1923 1625 dicebat:
1950 1590 2040 1625 Aliis
2066 1593 2253 1626 imbecilli-

1272 1642 1337 1674 bus
1359 1653 1445 1684 opus
1470 1654 1541 1675 esse
1565 1643 1695 1675 auxilio
1715 1642 1799 1683 Dei,
1826 1655 1861 1675 se
1878 1643 1934 1676 vel
1948 1643 2022 1675 sine
2040 1643 2101 1676 illo
2118 1644 2251 1688 potitu-

1272 1704 1350 1725 rum
1371 1693 1537 1728 victoriis.
1596 1692 1808 1738 Quanquam
1826 1700 1941 1726 autem
1958 1696 2079 1737 poetae
2097 1706 2168 1727 non
2185 1706 2251 1728 no-

1271 1749 1350 1776 rant
1372 1743 1570 1776 testimonia
1583 1771 1591 1784 ‚
1615 1756 1703 1788 quae
1719 1743 1812 1777 Deus
1837 1744 1946 1778 edidit
1964 1756 2023 1777 sua
2041 1756 2124 1777 voce
2138 1751 2169 1778 et
2186 1757 2249 1779 suo

1271 1794 1377 1826 verbo
1408 1795 1450 1826 de
1480 1792 1546 1827 hoc
1576 1795 1725 1828 articulo
1749 1801 1783 1828 et
1803 1795 1898 1835 aliis,
1932 1802 2048 1829 tamen
2072 1796 2249 1838 magnitu-

1270 1844 1352 1876 dine
1384 1845 1621 1888 periculorum
1651 1857 1739 1889 quae
1764 1846 2052 1888 gubernationem
2076 1846 2248 1880 comitan-

1269 1901 1343 1934 tur,
1372 1895 1533 1928 convinci
1556 1907 1590 1928 se
1611 1896 1829 1938 intelligunt,
1857 1902 1895 1929 ut
1918 1902 2070 1929 statuant
2089 1896 2162 1928 sine
2178 1894 2246 1929 Dei

1269 1945 1399 1977 auxilio
1426 1958 1498 1978 non
1524 1958 1622 1989 posse
1643 1946 1737 1979 vinci
1761 1953 1892 1979 tantam
1919 1946 2046 1978 molem
2070 1947 2245 1989 periculo-

1268 2007 1357 2030 rum.
1411 1995 1480 2029 Sed
1499 2008 1562 2029 nos
1580 1997 1682 2030 toties
1699 1996 1961 2029 commonefacti
1978 2007 2061 2028 voce
2072 1994 2148 2037 Dei,
2170 2009 2245 2030 cre-

1266 2046 1389 2078 damus
1413 2058 1500 2090 opus
1525 2059 1596 2080 esse
1622 2047 1812 2091 praesentia
1829 2045 1894 2079 Dei
1919 2053 1949 2079 et
1975 2058 2049 2078 eam
2072 2053 2242 2090 petamuS.

1268 2095 1348 2129 Ideo
1371 2097 1406 2128 in
1427 2095 1492 2130 hoc
1512 2097 1650 2130 Psalmo
1670 2109 1740 2129 non
1757 2098 1869 2130 solum
1886 2097 2006 2130 recitat
2023 2095 2136 2130 David
2156 2098 2243 2142 quid

1265 2153 1342 2188 agat
1366 2146 1477 2188 Deus,
1504 2160 1566 2180 nec
1594 2154 1726 2181 tantum
1754 2148 1839 2191 petit
1862 2148 2055 2188 auxilium,
2082 2149 2139 2181 sed
2165 2160 2242 2181 mo-

1264 2203 1324 2230 net
1347 2197 1450 2230 etiam
1473 2198 1508 2230 in
1529 2199 1603 2241 ipso
1619 2199 1851 2241 gubernatore
1870 2195 1958 2231 lianc
1976 2198 2077 2230 fidem
2098 2198 2240 2232 accendi

1263 2255 1443 2291 oportere,
1469 2261 1557 2293 quae
1579 2249 1697 2282 statuit
1715 2248 1827 2282 Deum
1853 2249 1970 2282 adesse
1984 2255 2016 2282 et
2033 2260 2133 2292 opem
2150 2249 2240 2283 ferre

1264 2299 1462 2340 regentibus
1478 2299 1635 2343 imperia.
1687 2298 1778 2333 Petit
1795 2307 1825 2333 et
1845 2306 1999 2343 expectat
2016 2296 2099 2332 haec
2115 2300 2239 2341 ingen-

1262 2349 1309 2381 tia
1335 2350 1510 2385 beneficia.
1571 2348 1665 2383 Haec
1688 2350 1847 2383 doctrina
1874 2350 1910 2382 in
1935 2347 1989 2382 his
2014 2350 2129 2382 verbis
2155 2361 2237 2392 pro-

1261 2400 1405 2442 ponitur
1432 2412 1532 2433 versu
1557 2401 1719 2444 septimo:
1755 2397 1941 2446 Quoniam
1968 2410 2032 2432 rex
2053 2403 2173 2446 sperat
2196 2398 2234 2432 in

1259 2447 1442 2489 Domino,
1472 2458 1503 2484 et
1527 2451 1669 2484 additur
1692 2452 1892 2494 promissio:
1919 2455 1949 2484 et
1972 2450 2011 2483 in
2031 2448 2234 2483 misericor-

1259 2497 1323 2532 dia
1347 2499 1526 2534 altissimi
1547 2513 1618 2534 non
1645 2501 1929 2536 commovebitur.
1993 2499 2098 2533 Hunc
2122 2501 2232 2533 versi-

1257 2551 1375 2583 culum
1415 2564 1486 2585 non
1519 2553 1631 2585 solum
1664 2553 1857 2596 principes,
1907 2552 1963 2584 sed
1997 2562 2061 2583 nos
2090 2562 2230 2596 quoque

1255 2607 1395 2635 orantes
1421 2615 1484 2645 pro
1509 2603 1640 2646 politiis
1667 2604 1847 2645 infigamus
1873 2601 2015 2641 animis,
2049 2602 2230 2635 credamus

1253 2649 1347 2686 Deus
1365 2655 1541 2687 custodem
1559 2665 1629 2687 esse
1647 2654 1865 2698 politiarum‚
1892 2659 1924 2687 et
1939 2659 2021 2687 tunc
2036 2651 2229 2685 incolumes
