2379 2948
130 108 205 144 785
796 105 824 142 1.

127 194 233 228 illud:
261 191 349 226 Tibi
374 192 441 226 soli
466 193 625 238 peccavi,
653 198 688 226 et
709 191 842 225 malurn
859 202 977 225 coram
993 184 1118 231 te'feci‚

127 252 167 279 ut
190 243 390 277 iustificeris
416 243 453 276 in
476 243 699 278 sermonibus
723 242 811 283 tuis,
838 249 871 276 et
894 241 1014 274 vincas
1037 252 1117 274 cum

126 295 306 336 iudicaris,
328 295 363 328 id
381 301 442 336 est,
461 302 642 340 peccatum
659 305 777 327 meum
795 292 964 326 confiteor
979 291 1057 332 tibi,
1080 298 1118 325 ut

126 347 244 392 palam
262 346 337 387 fiat,
364 347 460 391 quod
476 353 516 380 tu
532 345 578 379 sis
594 345 725 386 iustus,
751 355 825 377 non
841 354 923 387 ego,
951 349 983 377 et
998 343 1118 376 vincas

127 410 208 432 cum
227 404 261 431 te
278 397 437 431 iudicant
454 395 670 443 hypocritae.
723 393 844 440 Itaque
862 406 934 428 non
954 393 1119 428 tribuunt

126 447 205 483 Deo
230 449 332 493 impii
353 448 501 492 gloriam
526 446 685 481 veritatis
708 452 742 480 et
767 445 938 479 iusticiae.
999 444 1118 488 Quare

126 497 186 533 hic
203 499 293 535 Cain
317 497 515 534 dissimulat
537 498 696 539 caedem,
724 503 758 532 et
780 496 816 530 id
835 496 978 542 quidem
1000 507 1117 530 coram

126 550 224 592 Deo,
257 563 361 597 quem
390 555 489 594 putat
518 549 593 582 falli
623 560 744 594 posse,
780 554 886 594 atque
909 545 993 582 haec
1018 548 1118 581 radix

128 609 180 637 est
203 602 364 636 omnium
388 606 630 645 peccatorum,
658 600 755 646 quod
778 599 816 633 in
841 611 946 633 carne
970 599 1049 633 talis
1069 606 1118 632 est

128 653 304 698 ignoratio
327 651 411 692 Dei,
443 657 484 685 ut
511 657 610 695 putet
632 650 707 685 Deo
731 663 796 684 nec
819 651 913 685 bona
938 663 1002 684 nec
1026 651 1118 683 mala

129 711 250 738 nostra
283 714 385 737 curae
410 713 498 743 esse,
531 701 632 737 Dixit
656 702 826 746 insipiens
851 702 888 735 in
914 703 1018 736 corde
1043 713 1119 742 suo,

129 767 204 790 non
229 761 277 788 est
301 752 408 788 Deus.
479 751 527 786 Et
552 753 590 786 in
615 753 822 788 universum
846 753 894 787 sic
920 753 958 786 in
982 760 1119 786 sanctos

129 806 231 852 impii
255 816 318 850 per
341 810 557 838 contemtum
575 804 642 838 Dei
658 811 861 849 grassantur
874 832 883 845 ,
909 804 958 837 sic
976 811 1120 848 peccant

129 858 168 891 in
184 856 391 891 universum
408 855 612 901 quicunque
629 862 786 901 peccant.

229 905 337 951 Impii
360 918 433 940 non
458 914 609 951 possunt
632 908 735 942 fateri
753 914 951 951 peccatum,
979 913 1038 939 aut
1057 905 1120 939 tri-

126 959 236 994 buere
252 958 401 1002 gloriam
418 958 576 992 iusticiae
590 958 664 993 Deo
676 986 685 1000 ,
712 965 746 993 et
762 966 879 993 tamen
899 958 1121 991 convincun-

126 1017 187 1045 tur
208 1021 227 1043 a
251 1008 347 1048 Deo,
378 1016 412 1044 et
435 1010 718 1044 confunduntur.
777 1009 867 1044 Nam
893 1022 911 1043 a
935 1009 1023 1043 facie
1047 1007 1121 1042 Do-

126 1060 219 1094 mini
243 1060 344 1094 sileat
367 1061 483 1094 omnis
507 1073 600 1097 caro,
669 1060 725 1095 Pii
747 1061 903 1096 fatentur
930 1067 1123 1105 peccatum,

127 1113 208 1147 ideo
228 1124 302 1146 non
319 1112 600 1148 confunduntur.

234 1162 276 1196 In
291 1175 445 1209 quorum
462 1164 630 1197 cordibus
645 1175 718 1197 non
736 1169 787 1198 est
802 1162 957 1207 cognitio
972 1160 1057 1201 Dei,
1084 1174 1123 1196 ea

128 1215 235 1250 corda
257 1226 319 1249 sua
337 1221 476 1249 tantum
496 1221 690 1260 quaerunt,
717 1226 752 1248 se
769 1215 897 1248 volunt
912 1214 1122 1257 magnifieri,

128 1265 271 1301 adorari
293 1272 357 1302 etc.
411 1265 494 1300 Ideo
519 1266 557 1299 in
576 1264 783 1300 huiusmodi
801 1266 968 1299 cordibus
985 1277 1050 1298 nec
1067 1277 1124 1298 ca-

128 1318 215 1352 ritas
246 1323 321 1360 est,
354 1329 444 1362 quae
476 1329 511 1350 se
536 1317 616 1350 aliis
639 1317 801 1357 subiicit,
835 1316 927 1350 cedit
951 1313 1122 1350 honorem

129 1368 229 1410 aliis,
253 1368 406 1401 inseruit
427 1368 613 1408 omnibus,
639 1367 745 1401 sentit
769 1379 804 1400 se
828 1367 992 1401 omnium
1006 1374 1124 1400 custo-

128 1421 210 1454 dem
234 1429 324 1452 esse:
353 1430 463 1463 quare
487 1415 546 1452 hic
563 1417 654 1452 Cain
678 1424 783 1461 negat
807 1429 841 1451 se
862 1418 982 1451 fratris
1005 1423 1124 1451 custo—

129 1473 212 1506 dem
233 1481 325 1511 esse‚
353 1471 449 1515 quod
474 1469 542 1503 fide
568 1475 701 1503 careret
723 1481 801 1503 cum
818 1476 937 1503 tamen
955 1475 1057 1502 antea
1074 1468 1125 1501 le-

130 1534 208 1567 gem
224 1521 397 1562 audisset,
424 1532 533 1566 quare
552 1520 661 1555 iratus
679 1520 754 1554 est?

230 1570 466 1606 Convincitur
482 1570 591 1612 Cain,
615 1583 695 1605 cum
718 1571 851 1616 inquit:
880 1569 959 1605 Vox
981 1572 1122 1615 sangui-

131 1624 188 1658 nis
210 1623 331 1657 fratris
354 1623 408 1656 tui
429 1623 556 1657 clamat
581 1623 625 1656 ad
644 1634 699 1655 me
715 1623 757 1655 de
774 1629 886 1663 terra,
912 1623 974 1668 qui
992 1623 1126 1656 clamor

131 1677 229 1710 iuxta
260 1672 408 1719 phrasin
436 1674 631 1718 scripturae
656 1685 729 1707 non
753 1679 804 1706 est
829 1674 1030 1717 sanguinis,
1065 1675 1124 1707 sed

131 1726 220 1768 Dei,
245 1737 284 1759 ea
307 1725 497 1760 solicitudo
522 1731 571 1758 est
592 1724 667 1757 eius
686 1735 748 1768 pro
763 1724 912 1766 sanctis,
938 1737 1018 1758 cum
1036 1725 1127 1758 vivis

131 1786 207 1812 tum
236 1777 406 1816 mortuis,
442 1783 481 1810 ut
511 1776 615 1810 etiam
640 1787 681 1808 ex
705 1775 823 1808 anima
846 1775 998 1809 clamare
1024 1775 1126 1810 dicat.

131 1829 205 1864 Iam
223 1836 256 1863 et
270 1828 403 1863 indicat
418 1828 580 1861 nondum
599 1826 775 1860 interiisse
784 1826 895 1867 Abel,
922 1838 1126 1872 quanquam

134 1880 269 1915 occisus
292 1879 355 1919 sit,
390 1891 470 1913 cum
494 1890 615 1912 vocem
642 1889 722 1911 cum
747 1877 937 1911 clamorem
963 1877 1127 1921 sanguini

133 1931 273 1966 tribuit.
326 1930 439 1964 Porro
463 1928 528 1963 hac
553 1929 725 1975 loquendi
748 1929 861 1962 forma
886 1940 971 1963 usus
996 1935 1066 1969 est,
1089 1935 1129 1962 ut

134 1981 368 2027 Evangelium
386 1982 572 2027 figuraret,
600 1981 694 2026 quod
713 1992 780 2013 vox
798 1980 979 2023 sanguinis
994 1977 1129 2014 Christi

137 2041 206 2074 est,
231 2045 320 2079 quae
342 2033 411 2066 iam
436 2033 609 2072 extincto,
637 2038 675 2065 ut
695 2031 750 2065 illi
767 2032 957 2075 putabant,
983 2029 1128 2066 Christo

138 2084 267 2128 erupit.
319 2083 415 2118 Haec
437 2083 640 2118 maledictio
664 2095 743 2117 cum
764 2083 946 2127 superiore
964 2083 1025 2116 illa
1044 2094 1129 2117 con—

138 2135 285 2169 serenda
315 2141 381 2176 est,
416 2136 598 2180 superiore
628 2146 702 2167 non
725 2134 950 2168 maledicitur
973 2133 1073 2168 Adae
1097 2142 1130 2169 et

139 2185 254 2227 Evae,
289 2196 333 2218 ne
364 2186 529 2220 universo
559 2186 680 2229 generi
705 2182 862 2220 humano
886 2185 1130 2226 maledicatur,

140 2238 200 2272 sed
227 2236 381 2281 serpenti
398 2243 533 2271 tantum
551 2243 584 2271 et
603 2237 677 2271 eius
694 2237 845 2281 semini,
873 2234 941 2270 hoc
958 2243 1026 2277 est,
1052 2248 1130 2270 cor-

140 2288 221 2334 pori
245 2294 277 2320 et
305 2298 414 2331 regno
436 2287 585 2322 Satanae
608 2287 797 2322 maledicit.
859 2287 955 2322 Haec
981 2288 1131 2322 maledi-

142 2340 211 2375 ctio
235 2337 345 2379 Cain,
379 2350 453 2371 non
483 2339 527 2372 ad
557 2339 764 2373 universum
792 2351 903 2383 genus
931 2339 1132 2384 pertinebat

141 2389 361 2430 humanum,
388 2389 538 2435 ideoque
562 2390 629 2434 ipsi
647 2390 890 2425 maledicitur:
919 2402 1001 2424 nam
1020 2402 1059 2424 ex
1079 2401 1132 2424 se·-

143 2443 241 2476 mine
260 2441 432 2485 serpentis
448 2447 510 2475 est.

247 2492 316 2526 Hic
337 2492 455 2527 statim
480 2497 660 2537 peecatum
685 2492 841 2527 vindicta
861 2500 977 2528 secuta
996 2501 1064 2535 est,
1090 2505 1134 2527 ne

146 2544 352 2579 dubitemus
392 2543 633 2577 iudicaturum
667 2549 700 2576 et
740 2544 971 2579 multaturum
1009 2551 1137 2587 sonteS,

148 2607 352 2642 quanquam
378 2595 521 2629 interim
545 2593 767 2627 dissimulare
793 2601 826 2628 et
849 2596 992 2630 differre
1018 2596 1137 2630 videa-

148 2655 218 2682 tur.
273 2645 364 2681 Caro
389 2657 509 2680 secura
528 2645 643 2678 minas
662 2644 802 2678 divinas
817 2647 1034 2689 contemnit,
1058 2660 1138 2681 cum

153 2698 294 2733 iusserit
323 2698 503 2732 Dominus
540 2696 688 2740 vigilare
726 2696 920 2731 nescientes
954 2710 1022 2743 qua
1051 2696 1139 2732 hora

209 2750 385 2782 Mamm.
416 2751 519 2783 Opta.
548 2750 631 2780 Vm„
652 2749 748 2781 XIII.

875 102 1144 140 COMMENT.
1182 104 1232 139 IN
1264 101 1491 141 GENESIN.
2088 105 2161 141 786

1170 196 1341 224 venturus
1363 190 1406 224 sit
1422 197 1505 233 etc.‚
1540 191 1624 236 quid
1643 192 1738 236 quod
1755 190 1919 224 universa
1938 188 2028 225 Cain
2047 192 2161 226 extin-

1170 249 1222 276 cta
1242 248 1291 275 est
1310 241 1445 274 diluvio
1463 240 1562 275 No'e'?

1459 329 1583 374 Vagus
1611 333 1648 362 et
1674 326 1876 375 profugus.

1274 394 1381 438 Quod
1409 395 1452 428 de
1477 402 1639 439 serpente
1663 396 1798 430 dictum
1822 404 1890 437 est,
1917 396 2098 436 futurum,
2125 401 2165 428 ut

1172 453 1342 491 perpetuo
1369 457 1503 490 pronus
1523 446 1761 489 ingrediatur,
1793 454 1824 480 et
1842 447 2026 481 incumbat
2041 454 2165 485 terrae,

1173 498 1265 532 idem
1296 495 1353 530 hic
1376 497 1478 531 dicit:
1516 496 1633 541 Vagus
1658 504 1690 531 et
1712 497 1840 541 passim
1867 498 2007 541 fugiens
2032 498 2101 531 eris
2128 496 2164 529 in

1172 556 1263 583 terra
1282 556 1344 583 etc.

1515 636 1641 669 Maior
1668 638 1724 669 est
1751 638 1819 668 etc.

1275 702 1375 738 Sicut
1400 709 1502 737 antea
1526 703 1677 747 gloriam
1704 702 1865 736 iusticiae
1887 713 1960 735 non
1989 701 2165 735 tribuebat

1172 754 1248 789 Deo
1276 753 1381 793 Cain,
1419 755 1466 788 ita
1498 766 1562 788 nec
1593 754 1700 787 modo
1728 754 1877 797 gloriam
1905 752 2168 786 misericordiae

1174 806 1312 841 tribuit.
1374 805 1591 839 Huiusmodi
1617 812 1699 839 sunt
1723 805 1829 838 corda
1853 804 1920 837 fide
1943 815 2068 844 vacua,
2103 804 2168 837 sso-

1176 864 1273 890 rente
1306 869 1410 890 carne
1443 857 1558 891 Deum
1593 863 1847 896 contemnunt,
1894 856 1932 888 in
1963 855 2168 888 adflictione

1176 910 1375 952 desperant,
1440 907 1615 949 Econtra‚
1653 907 1715 952 qui
1745 905 1860 940 Deum
1892 913 2044 947 norunt,
2080 906 2169 939 sicut

1176 960 1335 993 sentiunt
1367 956 1457 992 nihil
1486 971 1558 993 esse
1584 957 1795 1000 horribilius
1821 958 1872 991 ira
1897 955 1981 991 Dei:
2016 957 2062 990 ita
2088 968 2169 990 rur-

1176 1023 1273 1049 sum,
1311 1011 1393 1055 quia
1419 1009 1535 1044 Deum
1561 1017 1714 1050 norunt,
1747 1009 1907 1044 sentiunt
1929 1008 2069 1042 nullum
2097 1019 2169 1040 esse

1176 1068 1376 1106 peccatum,
1409 1074 1478 1107 quo
1504 1074 1577 1095 non
1602 1062 1646 1096 sit
1671 1061 1733 1094 ille
1756 1061 1890 1101 maior,
1919 1059 1980 1105 qui
2002 1065 2103 1093 vocat
2131 1070 2169 1091 ea

1177 1125 1266 1158 quae
1290 1125 1363 1146 non
1388 1119 1486 1153 sunt,
1519 1120 1556 1146 ut
1581 1113 1670 1150 sint,
1705 1111 1812 1146 Rom.
1838 1118 1985 1157 quarto,
2012 1116 2045 1144 et
2069 1109 2170 1143 cuius

1178 1164 1288 1208 gloria
1306 1171 1427 1198 nostro
1450 1164 1634 1198 mendacio
1651 1164 1687 1197 fit
1706 1163 1889 1197 celebrior.
1944 1162 2034 1197 Caro
2053 1167 2170 1194 autem

1178 1217 1221 1249 de
1235 1214 1310 1249 Deo
1334 1216 1467 1249 iudicat
1483 1215 1690 1256 carnaliter,
1716 1222 1812 1249 extra
1829 1214 2070 1247 adflictionem
2090 1224 2169 1245 cum

1178 1274 1323 1300 stertere
1346 1273 1465 1311 putat,
1500 1273 1685 1310 propterea
1710 1277 1771 1299 sua
1796 1265 1948 1298 libidine
1972 1265 2086 1297 fertur
2108 1270 2169 1296 etc.

1179 1317 1221 1351 In
1243 1318 1435 1352 afflictione
1458 1318 1540 1362 quia
1568 1318 1813 1350 adversantem
1834 1315 1957 1356 sentit,
1984 1315 2073 1359 sugit
2092 1321 2171 1347 tan—

1178 1381 1284 1414 quam
1301 1369 1433 1402 malum
1452 1369 1616 1412 iniquum
1636 1375 1700 1401 etc.

1282 1418 1374 1452 Vide
1399 1425 1514 1452 autem
1539 1429 1644 1463 quam
1661 1417 1911 1462 multipliciter
1927 1416 2174 1451 describantur

1179 1481 1326 1514 poenae.
1383 1469 1524 1508 Primo,
1554 1476 1603 1503 est
1620 1469 1831 1513 desperatiO.
1885 1467 2043 1505 Deinde,
2067 1468 2172 1500 corda

1179 1521 1226 1554 ita
1246 1527 1416 1565 perpetuo
1435 1532 1578 1565 pavere,
1606 1527 1645 1554 ut
1665 1520 1765 1554 nullo
1784 1526 1877 1553 certo
1895 1520 1972 1553 loco
1992 1518 2174 1552 consistas.

1180 1571 1323 1612 Tertio,
1362 1584 1531 1617 quaerere
1564 1583 1733 1617 quorsum
1761 1571 1908 1614 effugias
1934 1571 2071 1605 vultum
2095 1567 2173 1602 Dei.

1181 1622 1338 1666 Quarto,
1365 1630 1479 1657 metus
1498 1623 1668 1656 adsiduus
1686 1622 1822 1658 mortis.

1453 1710 1708 1754 Nequaquam
1735 1710 1792 1742 iia
1821 1706 1905 1755 fiat.

1286 1775 1382 1819 Quid
1409 1776 1519 1820 igitur
1536 1777 1579 1808 de
1597 1776 1673 1809 iure
1689 1774 1816 1818 gladii,
1843 1787 1885 1807 an
1905 1774 1942 1806 in
1959 1771 2175 1807 homicidam

1181 1828 1462 1861 animadvertere
1485 1839 1559 1860 non
1584 1826 1688 1860 licet‘?
1740 1825 1974 1870 Respondeo‚
2003 1822 2095 1858 nibil
2118 1823 2175 1858 hic

1182 1880 1224 1911 de
1242 1879 1320 1911 iure
1342 1879 1450 1921 gladii
1470 1877 1656 1918 constitui,
1682 1878 1741 1910 sed
1754 1876 1957 1920 'generalem
1974 1876 2085 1920 legem
2103 1887 2174 1909 esse

1182 1929 1297 1975 qualis
1321 1929 1381 1962 illa
1400 1929 1437 1961 in
1453 1927 1628 1972 Decalogo
1646 1935 1713 1968 est,
1740 1940 1813 1961 non
1830 1927 1978 1960 occides,
2031 1926 2084 1960 De
2101 1927 2176 1959 iure

1182 1981 1291 2025 gladii
1327 1980 1419 2014 infra
1452 1980 1684 2014 constitutum
1717 1986 1766 2012 est
1794 1979 1906 2022 capite
1930 1990 2046 2011 nono:
2085 1977 2176 2020 Qui-

1183 2043 1323 2077 cunque
1347 2031 1512 2065 effuderit
1535 2031 1743 2074 sanguinem
1762 2027 1980 2070 humanum,
2007 2030 2176 2063 fundetur

1183 2083 1325 2127 sanguis
1343 2083 1452 2116 illius.

1311 2171 1444 2204 Posuit
1471 2169 1659 2203 Dominus
1685 2170 1726 2202 in
1752 2167 1847 2202 Cain
1874 2168 2038 2213 signum.

1290 2235 1445 2279 Quidam
1472 2236 1631 2269 sentiunt
1646 2241 1833 2269 tremorem
1854 2233 2032 2278 quendam
2052 2243 2176 2276 perpe-

1184 2295 1284 2323 tuum
1303 2288 1341 2321 in
1357 2286 1446 2322 Cain
1467 2287 1586 2321 fuisse.

1416 2376 1463 2410 Et
1491 2371 1712 2420 aedificavit
1741 2372 1949 2405 civitatem.

1291 2440 1398 2484 Quod
1430 2441 1466 2473 in
1493 2438 1654 2473 Hismae‘l
1688 2444 1721 2470 et
1743 2436 1836 2469 Esau
1863 2436 2035 2480 scriptura
2060 2448 2178 2481 repre-

1188 2491 1332 2534 hendit,
1361 2493 1455 2525 idem
1474 2490 1531 2524 hic
1548 2491 1586 2522 in
1603 2488 1806 2533 posteritate
1819 2486 1908 2521 Cain
1927 2494 2083 2528 accusat,
2110 2487 2179 2520 sci-

1189 2544 1272 2578 licet
1303 2543 1503 2577 condidisse
1534 2552 1613 2574 eum
1640 2540 1785 2580 urbem,
1819 2538 2042 2572 constituisse
2065 2539 2179 2581 impe—

1190 2596 1306 2636 rium,
1339 2594 1528 2631 militasse,
1563 2602 1771 2624 conversum
1803 2601 1876 2623 esse
1906 2590 1950 2623 ad
1973 2590 2180 2623 excolendas

1192 2658 1247 2680 res
1277 2645 1448 2680 humanas
1470 2650 1533 2678 etc.
1594 2641 1684 2676 Nam
1710 2641 1900 2685 imperium
1924 2640 2021 2674 aliud
2049 2641 2181 2674 consti—

1195 2705 1310 2732 tutum
1330 2703 1400 2737 est,
1427 2701 1565 2740 praeter
1581 2693 1616 2727 id
1630 2721 1638 2735 ,
1667 2694 1762 2737 quod
1782 2699 1834 2726 est
1850 2691 1966 2726 Patris
1983 2691 2183 2736 imperium,

1660 2743 1710 2778 50
