2379 2948
129 99 226 137 1337
719 98 781 133 lx.

123 200 141 221 a
159 186 291 220 nostris
309 185 496 230 operibus,
522 192 557 220 et
579 186 724 219 mandat
743 192 781 219 ut
796 185 1019 231 acquiescant
1036 197 1123 219 con-

124 237 290 272 scientiae
315 237 352 270 in
379 234 522 270 Christo
549 237 642 278 solo,
671 243 705 270 et
729 244 874 281 propter
891 234 987 270 hune
1007 237 1121 270 solum

124 295 277 324 statuant
296 288 400 322 nobis
416 288 548 321 remitti
568 295 724 330 peccata,
753 300 818 321 nos
836 289 993 332 reputari
1009 288 1122 321 iustos

125 352 242 374 coram
260 339 353 377 Deo,
384 351 444 372 seu
463 347 624 383 acceptos
648 352 720 373 esse
744 346 777 372 et
796 340 953 383 placere,
981 346 1121 373 tantum

124 399 269 436 propter
297 389 391 424 hunc
416 390 687 434 propiciatorem
708 388 912 431 Christum,
940 403 1014 424 non
1039 402 1121 435 pro-

125 451 202 487 pter
218 443 289 476 ulla
308 448 427 475 nostra
446 453 564 485 opera.

229 492 275 526 Et
295 494 331 525 in
350 505 432 525 vero
451 492 642 526 certamine
660 491 876 526 conscientia
900 504 972 525 non
999 492 1122 537 dispu-

123 551 193 585 tat,
222 543 279 577 An
300 544 395 578 Deus
413 544 457 576 sit
474 544 692 583 misericors,
721 555 766 576 an
783 544 939 577 remittat
965 550 1121 588 peccata:

122 596 280 640 agnoscit
304 595 398 628 euim
428 594 545 628 Deum
575 606 647 628 esse
673 595 960 636 misericordem,
994 602 1027 628 et
1055 595 1123 628 ali-

123 659 212 693 quos
227 647 380 686 salvare,
400 647 460 679 sed
479 646 568 679 illud
587 647 761 690 disputat,
781 659 825 680 an
844 646 1002 690 indignis
1020 647 1123 689 igno-

123 705 214 739 seat,
250 710 294 731 an
319 698 422 730 nobis
448 698 533 731 velit
567 710 638 730 esse
669 698 862 741 propicius.
929 697 1012 731 Ideo
1037 704 1122 731 sunt

122 750 277 784 docendi
309 750 377 794 pii,
414 750 686 793 promissionem
718 761 791 782 esse
816 750 1053 783 universalem
1084 755 1118 781 et

122 800 324 845 gratuitam.

225 851 314 886 Cum
341 852 450 895 igitur
474 853 642 886 omnibus
661 853 890 897 promittatur
906 852 1038 895 gratia,
1064 851 1120 883 in-

121 904 239 938 cludat
263 916 298 937 se
322 904 472 949 quisque
496 904 532 935 iu
558 904 656 937 illam
680 904 937 943 universalem,
966 915 1005 935 ac
1034 902 1121 935 sciat

122 967 203 989 vere
231 966 265 988 se
294 955 462 988 beneficia
491 953 627 988 Christi
657 955 844 1000 consequi,
878 955 906 987 si
939 955 1059 987 credat
1083 965 1120 986 ea

121 1007 190 1040 sibi
206 1007 423 1050 contingere.
464 1005 535 1038 Nec
558 1013 703 1051 quaerat
720 1013 815 1039 extra
832 1006 979 1039 verbum
996 1006 1038 1038 de
1059 1018 1120 1037 vo-

120 1058 256 1092 luntate
284 1057 369 1097 Dei,
398 1058 458 1090 sed
481 1064 611 1092 statuat
633 1057 749 1091 Deum
777 1069 936 1091 veracem
963 1068 1052 1097 esse,
1088 1063 1121 1089 et

120 1121 202 1143 vere
228 1106 393 1142 exhibere
426 1109 608 1151 promissa.
662 1109 759 1143 Sciat
792 1109 897 1142 etiam
931 1108 1120 1151 gratv·itam

119 1172 192 1194 esse
218 1161 513 1204 promissionem,
542 1172 579 1193 ac
607 1158 765 1193 exhiberi
796 1172 869 1192 non
896 1166 1040 1204 propter
1066 1159 1117 1190 di-

119 1212 290 1256 gnitatem
323 1219 501 1251 nostram,
539 1223 610 1244 non
645 1218 790 1255 propter
824 1211 948 1244 merita
987 1216 1121 1249 nostra,

120 1275 246 1307 opera,
274 1270 335 1297 aut
358 1264 525 1302 virtutes»,
566 1275 688 1296 verum
723 1260 945 1307 apprehendi
968 1262 1034 1294 fide
1058 1273 1120 1293 ne-

120 1326 213 1348 cesse
230 1321 292 1349 est.

225 1364 272 1399 Ut
301 1365 408 1407 igitur
443 1365 478 1396 in
502 1365 593 1397 veris
620 1365 813 1408 pavoribus
839 1362 1033 1397 habeamus
1058 1363 1119 1395 fir-

118 1428 214 1450 mam
240 1416 542 1455 consolationem,
571 1427 634 1448 nec
659 1416 902 1449 deterreamur
928 1421 1119 1458 conspectu

120 1467 345 1511 indignitatis
378 1474 410 1500 et
444 1467 692 1509 magnitudine
729 1474 934 1501 nostrorum
960 1473 1120 1510 pcccato-

118 1531 218 1559 rum,
236 1519 390 1553 tenenda
408 1524 458 1551 est
476 1516 562 1551 haee
582 1518 756 1551 exclusiva
769 1546 777 1558 ,
795 1519 889 1563 quod
908 1518 1016 1560 gratis
1034 1529 1120 1550 con-

119 1571 260 1614 tingant
277 1576 422 1614 propter
439 1567 622 1603 Christum
648 1570 809 1603 remissio
837 1575 1060 1613 peccatorum
1086 1575 1121 1601 et

118 1622 309 1666 imputatio
330 1621 509 1659 iusticiae,
539 1621 645 1653 modo
662 1627 701 1654 ut
718 1621 786 1654 fide
802 1618 1120 1664 apprehendamus,

120 1672 162 1707 ln
183 1671 275 1707 hanc
301 1672 515 1707 sententiam
533 1672 665 1705 dicitur
690 1672 764 1705 sola
784 1672 852 1705 fide
867 1671 970 1710 iusti,
997 1671 1034 1703 id
1058 1677 1119 1708 est,

119 1725 251 1769 accepti
269 1735 403 1758 sumuS.
457 1722 672 1757 Excluditur
698 1723 792 1756 enim
817 1722 974 1756 conditio
991 1721 1120 1762 meriti,

118 1783 193 1810 non
215 1774 283 1809 hoc
298 1775 471 1816 traditur,
488 1787 533 1808 ne
548 1774 639 1807 adsit
657 1774 843 1818 contritio,
866 1786 909 1806 ne
926 1779 1120 1818 sequantur

118 1828 213 1862 bona
230 1839 356 1872 opera,
379 1828 439 1860 sed
456 1824 523 1860 hoc
542 1826 770 1869 significatur,
786 1837 859 1858 non
874 1831 1020 1869 propter
1035 1836 1119 1857 con-

119 1879 305 1913 tritionem
323 1885 384 1912 aut
401 1890 527 1922 opera,
556 1884 613 1911 aut
632 1877 782 1910 virtutes
805 1884 943 1911 nostras
961 1876 1038 1909 dari
1063 1887 1118 1908 re-

117 1930 325 1963 missionem
340 1956 349 1969 ,
371 1930 429 1962 sed
451 1929 559 1972 gratis
580 1936 724 1972 propter
740 1926 935 1962 Christum.
975 1926 1014 1959 ld
1034 1939 1119 1960 con-

118 1982 235 2015 firmat
251 1980 384 2014 Paulus
408 1981 500 2013 clare
523 1979 628 2014 Rom.
655 1980 704 2014 3.:
743 1978 979 2013 [ustificamur
1012 1978 1120 2021 gratis

119 2033 186 2066 fide
203 2039 265 2066 etc.
308 2031 449 2065 Etcum
469 2029 534 2064 hac
551 2031 618 2064 fide
637 2032 824 2074 eriguntur
841 2030 970 2069 animi,
998 2030 1118 2062 conci—

119 2084 223 2128 piunt
241 2082 415 2126 Spiritum
439 2089 621 2123 sanctum,
648 2090 686 2116 ut
711 2082 759 2116 ait
784 2081 915 2115 Paulus
939 2082 980 2114 ad
1010 2079 1119 2114 Gala-

117 2142 190 2177 tas,
217 2141 256 2168 ut
275 2134 462 2178 promissio
480 2134 625 2179 spiritus
645 2135 748 2167 detur
768 2145 829 2178 per
845 2133 963 2166 fidem.

220 2185 317 2219 Haec
361 2192 412 2219 est
449 2186 611 2219 doctrina
643 2184 743 2218 Pauli
777 2186 819 2217 de
856 2183 1117 2217 iustificatione.

117 2237 242 2272 Postea
262 2237 423 2270 addenda
443 2244 491 2271 est
512 2237 671 2271 doctrina
693 2237 735 2269 de
753 2236 857 2269 bonis
875 2236 1063 2280 operibus,
1081 2235 1118 2267 in

118 2290 249 2335 quibus
267 2295 384 2322 tamen
402 2289 520 2321 lucere
535 2288 621 2321 fides
644 2289 704 2321 illa
721 2300 858 2331 semper
878 2288 1002 2327 debet,
1030 2299 1118 2332 quae

118 2341 242 2375 statuit
270 2346 364 2373 certo
402 2339 508 2373 nobis
535 2338 649 2373 Deum
684 2340 883 2384 propicium
912 2350 984 2372 esse
1013 2338 1119 2381 gratis

117 2398 264 2436 propter
280 2388 483 2431 Christum,
513 2397 545 2423 et
561 2402 625 2423 nos
642 2393 763 2424 curare
786 2398 818 2424 et
834 2390 1012 2424 exaudire.
1048 2388 1118 2422 Sed

118 2444 161 2476 de
186 2442 292 2476 bonis
315 2442 484 2485 operibus
509 2454 569 2475 seu
595 2443 638 2475 de
665 2454 757 2475 nova
777 2442 980 2476 obedientia
998 2447 1118 2485 postea

117 2495 244 2529 dicam.
299 2492 404 2526 Prius
420 2494 514 2526 enim
533 2493 625 2526 dicta
645 2494 687 2526 de
703 2494 790 2534 fide,
821 2506 909 2539 quae
925 2493 1008 2526 citat
1024 2491 1117 2525 Pau-

119 2609 191 2631 esse
207 2593 409 2642 σύμφωνα.

221 2647 262 2681 In
288 2646 421 2681 Genesi
447 2647 596 2680 dicitur:
632 2646 791 2681 Credidit
816 2645 998 2681 Abraham
1026 2647 1118 2686 Deo,

117 2707 150 2734 et
166 2700 381 2745 imputatum
404 2706 453 2732 est
478 2699 508 2731 ei
524 2700 567 2732 ad
589 2699 775 2734 iusticiam.

834 96 1201 133 COMMENTARII
1228 96 1277 131 IN
1305 93 1548 131 PSALMOS.

2075 100 2170 134 1338

1177 184 1271 222 vult,
1317 179 1502 216 Abraham
1532 189 1712 228 receptum
1745 195 1817 217 esse
1845 191 1989 228 propter
2014 185 2170 229 dignita-

1176 242 1245 269 tem
1270 234 1438 268 virtutem
1463 234 1593 278 ipsius,
1626 236 1690 280 *sed
1723 247 1801 268 cum
1829 233 2011 269 Abraham
2036 237 2073 269 in
2098 238 2168 271 illis

1176 286 1367 331 pavoribus
1379 313 1387 326 ,
1416 286 1478 331 qui
1495 286 1747 321 describuntur
1764 287 1802 319 in
1820 286 1973 328 Genesi,
2001 300 2168 331 agnosce-

1177 345 1229 373 ret
1254 337 1502 380 indignitatem
1527 349 1644 378 suam,
1672 345 1704 372 et
1721 345 1856 372 erectus
1883 351 1967 372 voce
1991 338 2078 380 Dei,
2106 341 2168 384 qui

1175 390 1245 430 ait,
1272 388 1356 422 Noli
1373 388 1514 429 timere,
1543 389 1699 423 crederet
1716 396 1750 424 et
1765 390 1956 425 confideret
1978 402 2013 424 se
2039 388 2169 424 habere

1175 440 1290 475 Deum
1321 440 1539 485 propicium,
1583 447 1617 474 et
1647 442 1847 480 custodem,
1889 454 1928 475 ac
1957 442 2169 475 salvatorem

1175 499 1321 537 propter
1338 491 1449 536 ipsius
1472 491 1770 533 misericordiam,
1796 499 1830 526 et
1848 493 1937 526 illud
1955 493 2169 537 promissum

1176 555 1315 581 semen,
1343 555 1413 587 quo
1430 541 1526 575 Deus
1545 543 1807 577 instauraturus
1826 551 1900 578 erat
1917 551 2081 578 naturam
2100 542 2169 577 hu·-

1175 607 1315 627 manam
1349 594 1464 628 deleto
1494 601 1643 637 peccato.
1710 593 1791 628 Huc
1833 596 1969 629 etiamsi
2003 596 2170 629 accedant

1177 653 1294 691 postea
1323 646 1390 678 alia
1421 645 1524 689 plura
1554 646 1690 678 obiecta
1722 646 1823 687 fidei,
1865 653 1983 680 tamen
2012 646 2170 690 primum

1177 698 1310 740 agnitio
1330 703 1363 730 et
1379 696 1505 729 fiducia
1528 696 1810 737 misericordiae,
1835 710 1903 742 qua
1924 698 2095 741 accipitur
2116 709 2172 730 re-

1177 749 1297 781 missio
1318 754 1560 792 peccatorum,
1580 748 1787 791 praecedere
1807 749 1922 782 debet.
1966 747 2049 780 Ideo
2067 760 2171 791 expe-

1177 806 1246 833 ctat
1263 799 1430 832 beneficia
1447 805 1591 839 caetera,
1608 798 1850 842 posteritatem
1869 805 1902 832 et
1914 799 2170 842 defensionem,

1177 851 1258 896 quia
1284 850 1395 884 credit
1418 861 1453 882 se
1469 848 1599 882 habere
1618 849 1860 882 remissionem
1880 856 2117 894 peccatorum.

1279 902 1337 935 bic
1355 902 1397 934 de
1412 901 1480 934 fide
1497 901 1627 946 passim
1645 901 1904 934 concionantur
1921 901 2117 934 sententiae
2135 901 2173 932 in

1175 951 1364 998 Prophetis
1382 959 1413 985 et
1432 951 1626 996 Apostolis.
1680 952 1801 985 David
1827 952 1895 985 fide
1920 952 2095 996 praestitit
2111 964 2172 996 pa-

1176 1006 1338 1038 tientiam
1361 1011 1394 1037 et
1418 1004 1612 1048 expectavit
1628 1003 1890 1044 defensionem,
1919 1004 1979 1036 sed
2002 1016 2042 1036 eo
2068 1015 2172 1048 expe-

1176 1057 1298 1094 ctavit,
1327 1056 1407 1100 quia
1435 1056 1590 1099 primum
1615 1055 1799 1095 credebat,
1826 1066 1862 1087 se
1888 1067 1949 1099 per
1972 1054 2173 1087 misericor-

1176 1108 1271 1140 diam
1294 1106 1369 1140 Deo
1396 1107 1551 1150 placere,
1580 1112 1725 1150 propter
1750 1105 1964 1150 promissum
1995 1105 2174 1149 propicia-

1176 1166 1300 1192 torem.
1361 1156 1416 1191 Ex
1451 1156 1503 1191 bis
1537 1157 1706 1201 exemplis
1730 1163 1864 1190 caetera
1898 1157 2049 1190 iudicari
2072 1156 2174 1190 facile

1176 1216 1340 1253 possunt,
1369 1216 1401 1242 et
1420 1210 1645 1254 perspicuum
1673 1215 1740 1249 est,
1767 1207 1919 1241 Paulum
1948 1214 2039 1241 recte
2066 1208 2174 1241 citare

1176 1262 1269 1294 dicta
1289 1263 1332 1293 de
1351 1261 1437 1298 fide,
1467 1273 1530 1294 nec
1548 1261 1671 1294 ludere
1685 1259 1918 1302 ambiguitate
1937 1259 2045 1294 vocis.

1279 1311 1436 1345 Proinde
1457 1313 1544 1345 etin
1563 1310 1628 1345 hoc
1649 1310 1791 1343 Psalmo
1804 1338 1812 1351 ‚
1841 1323 1920 1344 cum
1936 1310 2000 1344 ait:
2027 1308 2059 1343 A
2078 1321 2173 1343 nun-

1175 1365 1229 1397 cio
1247 1364 1341 1396 malo
1359 1363 1599 1397 nontimebit.
1643 1361 1807 1395 Firmum
1825 1374 1886 1395 cor
1900 1361 1974 1395 eius
1993 1361 2174 1394 confidens

1175 1414 1268 1455 Deo,
1297 1415 1338 1447 ad
1367 1415 1517 1447 eundem
1546 1416 1691 1447 modum
1717 1414 1804 1446 fides
1829 1413 2064 1455 intelligatur:
2100 1412 2175 1455 pri-

1176 1479 1272 1499 mum
1292 1467 1335 1498 de
1354 1466 1479 1498 fiducia
1498 1464 1781 1507 misericordiae,
1810 1476 1877 1509 qua
1904 1463 2096 1507 accipimus
2119 1475 2175 1496 re-

1175 1517 1381 1550 missionem
1401 1524 1643 1559 peccatorum,
1669 1527 1758 1560 quae
1776 1527 1856 1548 cum
1877 1515 1975 1548 adest
1993 1514 2098 1547 etiam
2117 1526 2174 1546 ex-

1175 1575 1291 1613 pectat
1315 1575 1347 1601 et
1372 1568 1458 1611 petit
1485 1568 1678 1607 auxilium,
1715 1566 1957 1599 defensionem
1987 1572 2020 1598 et
2045 1565 2172 1599 libera-

1175 1620 1308 1653 tionem
1329 1631 1347 1651 a
1365 1618 1453 1652 Deo.

1276 1669 1360 1702 Ideo
1378 1676 1495 1702 autem
1514 1668 1674 1700 doctrina
1690 1668 1733 1700 de
1749 1665 1814 1701 hac
1832 1668 1917 1709 fide,
1940 1668 1983 1701 de
2002 1679 2068 1713 qua
2089 1679 2175 1700 con—

1174 1722 1365 1756 cionantur
1384 1719 1516 1753 Paulus
1542 1725 1574 1751 et
1593 1717 1729 1760 David,
1757 1720 1907 1753 obscura
1931 1726 2001 1760 est,
2029 1719 2111 1763 quia
2136 1719 2174 1751 in

1174 1770 1240 1806 bac
1257 1772 1487 1816 corruptione
1512 1776 1660 1803 naturae
1678 1767 1825 1804 haerent
1848 1770 1885 1802 in
1907 1770 2070 1803 omnium
2096 1770 2174 1802 ani-

1175 1825 1240 1857 mis
1269 1823 1446 1857 dubitatio
1474 1822 1517 1854 de
1537 1821 1724 1855 voluntate
1742 1820 1808 1855 Dei
1837 1833 1915 1864 erga
1941 1833 2021 1854 nos:
2051 1833 2174 1854 omnes

1174 1877 1211 1908 in
1229 1874 1284 1908 his
1301 1874 1457 1908 tenebris
1474 1870 1622 1905 humani
1640 1873 1778 1915 generis
1800 1872 2012 1906 naturaliter
2028 1879 2087 1906 aut
2105 1873 2174 1905 du-

1174 1927 1346 1967 bitamus,
1384 1938 1430 1958 an
1454 1925 1553 1958 Deus
1577 1923 1752 1966 ignoverit
1777 1924 1901 1962 nobis,
1929 1935 1974 1956 an
2010 1923 2175 1956 exaudiat

1174 1986 1206 2012 et
1231 1984 1329 2011 curet
1348 1989 1433 2017 nos,
1456 1982 1517 2009 aut
1541 1975 1740 2008 iudicamus
1766 1987 1831 2008 nos
1856 1986 2002 2019 prorsus
2018 1975 2174 2008 abiectos

1174 2041 1257 2064 esse.
1312 2028 1382 2061 Ncc
1400 2028 1489 2061 ratio
1510 2026 1677 2069 intelligit
1704 2024 1795 2059 hanc
1811 2026 2073 2059 dubitationem
2101 2038 2174 2058 esse

1175 2088 1366 2124 peccatum.
1404 2079 1486 2112 Ideo
1506 2077 1703 2111 adversarii
1722 2079 1833 2111 nostri
1854 2078 1979 2111 iubent
2000 2077 2174 2117 dubitare,

1174 2139 1205 2166 et
1222 2139 1351 2176 negant
1369 2130 1628 2164 dubitationem
1647 2141 1720 2162 esse
1738 2136 1929 2173 peccatum,
1958 2135 1993 2161 et
2012 2139 2174 2161 corrum-

1174 2191 1263 2228 punt
1288 2183 1379 2216 dicta
1405 2181 1508 2215 Pauli
1534 2182 1577 2213 de
1596 2181 1683 2221 fide,
1709 2181 1932 2213 contendunt
1957 2179 2059 2211 fidem
2080 2176 2171 2211 nihil

1173 2235 1382 2279 significare,
1399 2234 1467 2266 nisi
1486 2232 1654 2265 noticiam
1672 2229 1853 2272 historiae,
1870 2230 1984 2275 qualis
2002 2237 2052 2263 est
2068 2230 2172 2263 etiam

1172 2288 1210 2320 in
1228 2286 1346 2329 impiis
1362 2292 1396 2319 et
1414 2285 1450 2317 in
1469 2283 1623 2318 diabolo.

1275 2337 1344 2371 Hic
1370 2338 1447 2370 iure
1474 2333 1692 2379 deploranda
1718 2339 1768 2366 est
1786 2331 1966 2366 Ecclesiae
1982 2331 2173 2371 calamitas,

1172 2390 1267 2435 quod
1287 2395 1404 2423 tantae
1424 2387 1588 2421 tenebrae
1605 2384 1802 2419 doctrinam
1821 2383 2088 2417 ecclesiasticam
2107 2382 2172 2415 ob—

1172 2447 1339 2481 ruerunt,
1360 2447 1400 2473 ut
1420 2439 1506 2484 quid
1524 2436 1696 2480 significet
1712 2435 1925 2468 vocabulum
1947 2434 2047 2474 fidei,
2064 2445 2172 2477 quae-

1172 2493 1324 2526 rendum
1342 2491 1397 2524 sit.
1451 2489 1523 2522 Nec
1542 2494 1591 2521 est
1611 2488 1686 2520 leve
1705 2493 1894 2520 certamen.
1949 2484 2037 2518 Nam
2058 2485 2085 2517 si
2108 2497 2171 2517 vo-

118 2547 192 2586 lus,
216 2545 400 2584 adiiciam,
419 2552 456 2578 ut
473 2551 639 2589 appareat
659 2545 718 2577 illa
737 2546 828 2579 dicta
854 2556 1067 2588 congruere,
1085 2550 1118 2576 et
1143 2540 1145 2575 ἔ
1172 2543 1339 2577 cabulum
1358 2541 1439 2574 fidei
1456 2547 1550 2573 recte
1566 2538 1810 2581 intelligerent
1828 2536 2040 2577 adversarii,
2069 2536 2172 2568 facile

1142 2607 1144 2612 ·
1171 2593 1227 2628 his
1252 2594 1354 2627 dictis
1372 2592 1476 2625 Pauli
1501 2590 1776 2624 assentirentur:
1805 2587 1989 2622 Iustificati
2016 2587 2083 2620 fide
2111 2599 2172 2629 pa-

1171 2659 1244 2679 cem
1264 2644 1446 2678 habemus.
1485 2642 1554 2677 Sed
1575 2642 1658 2687 quia
1678 2640 1921 2684 imaginantur
1946 2639 2012 2671 fide
2034 2645 2171 2671 tantum

829 2698 909 2732 Non
929 2699 1023 2732 enim
1051 2696 1116 2731 hoc
1142 2700 1144 2726 ἱ
1172 2697 1361 2741 significari
1386 2695 1554 2728 noticiam
1574 2692 1761 2733 historiae,
1788 2692 1926 2738 qualem
1947 2697 2082 2724 constat
2101 2699 2173 2721 esse
