2379 2948
125 107 197 140 201
697 106 763 143 111.

129 201 212 225 esse.
264 189 359 235 Ergo
383 203 520 225 necesse
538 199 606 232 est,
634 191 789 236 aliquam
807 197 986 224 aeternam
1011 201 1113 222 men-

130 248 217 280 tem,
243 240 555 276 architectatricem
573 253 655 275 esse.
708 239 754 274 Et
772 239 837 273 hae
853 242 941 273 duae
960 240 1114 273 rationes

128 292 289 324 omnium
309 293 458 326 maxime
483 298 564 325 sunt
583 292 746 325 illustres,
801 288 934 335 Estque
964 291 1110 332 dignum

126 342 425 384 consideratione,
458 342 550 386 quod
584 339 736 374 humana
763 352 882 380 mens,
919 348 952 374 et
974 341 1034 374 illa
1053 341 1112 374 lux

126 393 235 425 menti
254 393 375 434 insita,
403 392 628 436 praecipuum
648 392 691 424 de
709 390 784 424 Deo
802 391 1043 425 testimonium
1063 399 1112 425 est

127 442 165 474 in
192 450 329 479 natura.
393 441 441 476 Et
466 442 608 486 quidem
636 441 729 474 inter
757 442 905 475 noticias
936 442 1112 475 naturales

126 490 211 526 haec
229 505 369 538 quoque
385 499 453 530 est,
481 493 575 536 quod
592 492 635 524 sit
652 491 746 525 Deus
759 519 768 532 â€š
796 492 886 526 sicut
904 492 1036 525 Paulus
1052 505 1111 525 ex-

125 555 243 587 presse
259 544 436 580 adfirmat,
472 542 654 586 inquiens:
695 541 791 576 Deus
810 543 894 586 ipsis
911 543 1112 576 manifesta-

127 594 198 632 vit,
224 594 260 626 id
283 600 351 632 est,
377 592 489 625 voluit
516 591 611 625 Deus
634 594 775 636 agnosci
797 605 833 626 se
855 605 871 626 a
898 605 1023 637 genere
1045 591 1112 626 hu-

126 655 242 679 mano.
296 642 379 676 Ideo
404 643 569 676 noticiam
586 641 677 676 hanc
697 642 871 677 humanae
888 645 998 678 menti
1016 644 1112 677 indi-

126 694 195 734 dit,
222 694 315 738 quod
334 694 378 727 sit
393 693 500 726 Deus.
528 691 574 727 Et
599 694 705 727 simul
729 695 914 734 exuscitat,
941 702 980 728 ut
1005 706 1113 739 quae-

125 752 177 777 rat
194 744 511 778 demonstrationes
537 751 568 777 et
587 745 786 778 testimonia
805 758 844 778 ex
863 745 1055 778 effectibus.

227 801 382 845 Quarta,
412 803 563 836 noticiae
583 804 761 837 naturales
779 811 860 838 sunt
878 816 990 836 verae.
1026 801 1111 836 Esse

122 852 236 886 Deum
265 853 473 886 naturaliter
500 866 622 887 omnes
652 855 817 890 fatentur.
878 854 974 887 Haec
1004 854 1113 897 igitur

124 904 256 936 noticia
284 916 363 936 vera
390 911 459 943 est,
488 904 662 938 illustrior
683 912 797 938 autem
825 912 913 938 esset
938 903 1020 937 haec
1044 904 1112 936 mi-

124 965 203 994 nor,
230 955 347 987 sinon
364 962 449 987 esset
467 954 533 987 iam
553 955 663 998 caligo
683 955 720 988 in
738 953 802 988 hac
819 962 966 989 naturae
984 957 1111 999 depra-

124 1005 277 1039 vatione.
305 1004 373 1038 Sed
392 1005 511 1038 omnia
530 1013 736 1048 argumenta
755 1006 1001 1048 coniungenda
1018 1012 1113 1046 sunt,

125 1056 219 1099 quod
245 1068 323 1088 cnm
351 1056 409 1096 fit,
438 1068 474 1088 ea
500 1068 589 1100 qnae
610 1063 694 1089 sunt
718 1057 909 1089 illustriora
933 1063 966 1089 et
983 1068 1112 1089 nervo-

124 1106 233 1147 siora,
261 1107 405 1139 caeteris
428 1107 563 1151 aliquid
582 1107 670 1140 lucis
689 1113 722 1140 et
739 1108 869 1139 virium
887 1107 1034 1142 addunt.

226 1172 382 1215 Quinta,
422 1174 513 1217 apud
533 1170 807 1217 Xenophontem
832 1174 985 1207 sumitur
1021 1174 1111 1208 ratio

125 1236 141 1256 a
158 1223 349 1266 pavoribus
373 1223 615 1256 conscientiae.
669 1223 813 1257 Constat
841 1222 1054 1265 homicidas,
1080 1231 1112 1258 et

123 1274 228 1313 alios,
265 1274 470 1317 perpetratis
502 1274 637 1316 magnis
668 1275 878 1312 sceleribus,
923 1272 1112 1307 horribiles

124 1324 324 1356 animorum
350 1324 522 1354 cruciatus
541 1324 732 1361 sustinere,
761 1324 897 1358 etiarnsi
923 1326 1023 1358 nulla
1043 1323 1111 1358 bu-

123 1385 226 1406 mana
251 1373 380 1405 iudicia
404 1379 573 1405 metuant.
637 1370 698 1404 Est
727 1372 834 1415 igitur
859 1375 977 1418 aliqua
1002 1387 1113 1414 menS,

124 1436 213 1469 quae
239 1421 304 1456 hoc
342 1423 513 1455 iudicium
553 1423 588 1454 in
625 1423 752 1455 animis
784 1424 982 1465 ordinavit,
1023 1437 1112 1470 quae

125 1474 250 1519 probat
269 1480 360 1506 recte
379 1474 487 1513 sacta,
516 1480 549 1506 et
573 1474 750 1517 improbat
769 1485 868 1506 secus
884 1475 984 1510 facta.

224 1532 346 1573 Sexta,
374 1544 392 1565 a
412 1533 556 1576 politica
574 1533 749 1568 societate.
802 1532 951 1567 Politica
966 1534 1111 1568 societas

123 1596 197 1618 non
223 1590 272 1617 est
295 1595 487 1616 concursus
509 1581 694 1616 hominum
720 1584 905 1625 fortuitus,
933 1586 992 1617 sed
1018 1592 1110 1618 certo

125 1635 250 1668 ordine
274 1641 306 1667 et
323 1634 399 1667 iure
424 1635 619 1667 consociata
645 1634 847 1670 multitudo.
900 1634 972 1668 Nec
998 1642 1112 1679 posset

125 1684 279 1719 humana
299 1697 364 1728 ope
380 1692 515 1718 tantum
533 1685 696 1723 retineri,
723 1686 781 1717 sed
812 1687 1026 1729 experientia
1061 1693 1112 1718 te-

126 1742 236 1768 statur
267 1735 385 1779 aliquo
415 1735 560 1767 numine
585 1736 626 1767 ad
656 1747 804 1778 poenam
837 1736 913 1780 rapi
940 1748 1016 1777 eos,
1051 1737 1111 1781 qui

124 1786 257 1818 viol..nt
284 1783 378 1818 hunc
402 1785 583 1823 ordinem,
625 1792 663 1818 ut
693 1783 907 1824 homicidas,
949 1787 1112 1827 incestos,

123 1842 156 1869 et
173 1843 353 1881 tyrannos.
404 1834 498 1878 Ergo
518 1842 567 1868 est
585 1836 701 1880 aliqua
721 1847 819 1868 mens
837 1843 996 1875 aeterna,
1024 1849 1112 1881 quae

123 1887 220 1920 dedit
238 1884 442 1919 hominibus
460 1887 676 1920 intellectum
693 1887 841 1927 ordinis,
869 1893 907 1920 ut
931 1887 1109 1931 politicam

123 1937 322 1971 societatem
346 1937 475 1971 colant.
538 1935 624 1971 Item
652 1948 739 1983 quae
768 1948 829 1970 sua
851 1949 917 1981 ope
942 1945 1055 1972 servat
1079 1945 1113 1972 et

128 1988 299 2023 defendit.

225 2046 381 2090 Septima
407 2053 456 2080 est
484 2045 644 2086 erudita,
672 2052 809 2090 sumpta
835 2057 852 2078 a
875 2047 965 2080 serie
991 2059 1111 2080 causa-

125 2109 205 2131 rum
226 2098 462 2131 efficientium.
498 2096 580 2131 Non
597 2103 647 2130 cst
665 2108 847 2141 processus
865 2097 902 2130 in
921 2098 1112 2139 infinitum,

125 2148 163 2181 in
189 2148 300 2181 causis
325 2148 568 2182 efficientibus.

125 2198 238 2243 prima
262 2209 363 2232 causa
396 2199 568 2233 resistere.
629 2198 735 2231 Hanc
764 2199 938 2232 rationem
971 2197 1110 2245 physici

127 2248 284 2283 dilucide
299 2249 483 2293 explicant.
525 2248 615 2283 Nam
633 2249 661 2282 si
680 2256 767 2283 esset
782 2261 984 2293 progressus
1000 2251 1036 2282 in
1056 2251 1111 2282 in-

124 2299 286 2339 finitum,
324 2299 444 2333 nullus
473 2306 559 2334 esset
583 2301 670 2332 ordo
701 2311 905 2342 causarum,
939 2309 972 2335 et
994 2302 1113 2334 nullae

125 2361 248 2385 causae
265 2350 459 2383 necessario
482 2348 726 2385 cohaererent.

226 2406 382 2449 Octava,
417 2420 435 2442 a
458 2410 571 2442 causis
593 2410 771 2445 finalibus.

124 2466 250 2493 natura
267 2459 462 2493 destinatae
478 2467 560 2492 sunt
580 2461 623 2492 ad
642 2467 753 2494 certas
776 2460 956 2497 utilitates.

125 2510 412 2544 distributionem
429 2509 573 2550 finium,
599 2510 816 2553 impossibile
840 2517 911 2550 est,
937 2518 997 2545 aut
1021 2511 1110 2545 exti-

125 2561 205 2595 tisse
223 2572 321 2601 casu,
347 2567 408 2594 aut
426 2571 507 2593 casu
522 2571 675 2599 manere,
702 2562 762 2594 sed
782 2573 921 2595 necesse
935 2569 998 2602 est,
1023 2574 1108 2595 con-

124 2612 204 2645 silio
220 2609 401 2645 architecti
417 2612 544 2644 factam
567 2621 651 2645 esse.
711 2608 788 2645 Etsi
811 2619 928 2646 autem
951 2612 1109 2656 exempla

125 2674 166 2696 ex
190 2673 318 2707 magna
346 2667 445 2709 parte
468 2673 590 2696 rerum
616 2660 656 2694 in
685 2667 812 2695 natura
833 2662 925 2696 sumi
947 2669 1108 2708 possunt,

620 2145 716 2190 Ergo
741 2159 881 2181 necesse
905 2156 956 2183 est
981 2150 1018 2181 in
1041 2161 1109 2181 una
1137 2165 1139 2185 1

833 2407 970 2444 Omnes
995 2421 1049 2443 res
1073 2409 1110 2442 iu
1136 2425 1139 2441 t

1008 2459 1110 2493 Hanc
1136 2463 1137 2468 â€™

819 102 975 140 INITIA
1002 101 1298 139 DOCTRlNAE
1325 103 1576 141 PHYSlCAE.

2072 109 2147 143 202

1166 193 1283 220 tamen
1309 187 1344 220 in
1364 190 1558 232 praesentia
1576 196 1713 224 tantum
1739 192 1911 233 monebo,
1937 198 1974 226 ut
1993 190 2146 225 hominis

1165 237 1342 281 opificium
1381 240 1484 271 nobis
1520 251 1776 283 proponamus,
1820 243 1856 275 in
1889 255 1958 288 quo
1989 243 2147 285 singulae

1164 294 1280 332 partes
1314 289 1358 321 ad
1402 296 1511 322 certas
1550 291 1748 325 functiones
1789 293 1877 326 mira
1918 300 1991 326 arte
2023 293 2146 326 condi-

1164 345 1219 371 tae
1241 344 1333 372 sunt.

1266 411 1387 451 Nona,
1414 422 1432 444 a
1448 411 1649 445 futurorum
1671 422 1859 448 eventuum
1882 416 2147 460 significationi-

1165 463 1241 497 bus.
1302 461 1407 495 Certo
1445 469 1689 496 monstrantur
1725 465 1835 497 futuri
1870 474 2032 507 eventus,
2073 478 2147 499 non

1165 512 1271 545 modo
1291 524 1353 556 per
1371 513 1550 556 prodigia,
1579 526 1668 558 quae
1689 522 1807 557 gentes
1825 518 2032 558 movebant,
2057 529 2147 558 quo-

1165 575 1242 596 rum
1261 563 1327 596 alia
1347 563 1432 595 alias
1458 575 1578 596 causas
1601 562 1795 602 habebant,
1822 566 1879 597 sed
1906 567 2017 599 multo
2038 567 2148 610 magis

1166 626 1227 658 per
1244 614 1410 647 vaticinia
1430 613 1467 645 in
1484 612 1658 655 Ecclesia,
1685 622 1723 648 ut
1742 614 1885 647 Balaam
1899 640 1908 654 â€š
1936 614 2066 656 Esaias,
2094 617 2148 651 le-

1166 665 1313 705 remias,
1346 663 1495 701 Daniel,
1541 677 1623 698 vere
1655 665 1905 708 praedixerunt
1936 667 2148 700 mutationes

1167 722 1199 747 et
1217 715 1452 748 successiones
1469 726 1671 757 regnorum.
1707 715 1854 749 Necesse
1872 723 1921 749 est
1939 717 2057 760 igitur,
2084 718 2149 749 ali-

1166 777 1270 809 quam
1285 772 1438 799 mentem
1464 777 1535 798 esse
1555 767 1815 809 praevidentem
1843 779 1899 800 eas
1926 767 2150 807 mutationes,

1167 823 1197 848 et
1217 823 1570 859 praemonstrantem.
2139 822 2143 825 â€œ

1267 890 1363 924 Haec
1379 899 1583 934 argumenta
1601 905 1700 937 saepe
1720 893 1871 936 cogitare
1889 895 2040 937 prodest,
2065 907 2151 927 con-

1166 942 1306 975 firmant
1323 943 1416 974 enim
1436 940 1618 978 honestam
1637 945 1845 977 sententiam
1866 945 1902 976 in
1925 945 2027 978 bonis
2051 957 2151 977 men-

1166 993 1260 1026 tibus
1285 999 1494 1026 statuentem
1520 1001 1549 1026 et
1580 1007 1650 1027 esse
1668 995 1805 1035 Deum,
1840 1001 1873 1029 et
1895 1007 1967 1028 non
1994 995 2151 1029 ociosum

1166 1055 1260 1083 esse,
1281 1044 1340 1076 sed
1359 1055 1482 1077 curare
1499 1042 1694 1078 humanum
1722 1057 1839 1089 genus.
1892 1044 1970 1079 Etsi
1995 1046 2088 1078 enim
2113 1046 2152 1078 in

1165 1092 1321 1126 Ecclesia
1362 1094 1474 1126 multo
1514 1095 1706 1129 illustriora
1740 1096 1936 1130 testimonia
1972 1097 2153 1140 proposita

1166 1150 1264 1184 sunt,
1292 1144 1330 1176 in
1356 1144 1484 1188 quibus
1503 1156 1537 1177 se
1559 1145 1653 1178 Deus
1680 1147 1861 1179 evidenter
1887 1147 2068 1190 patefecit,
2096 1155 2151 1180 ta-

1166 1206 1247 1226 men
1266 1201 1299 1227 et
1315 1191 1440 1226 harum
1459 1192 1784 1240 philosophicarum
1809 1197 2151 1231 demonstrationum

1167 1245 1401 1277 consideratio
1428 1245 1525 1277 utilis
1550 1253 1618 1286 est,
1654 1259 1742 1291 quae
1765 1254 1796 1280 et
1821 1248 1933 1280 bonos
1958 1247 2152 1287 confirmat,

1166 1302 1199 1328 et
1217 1295 1321 1327 simul
1345 1295 1498 1328 ostendit
1523 1296 1798 1330 imbecillitatem
1816 1295 1990 1330 humanae
2012 1298 2152 1334 mentis.

1167 1344 1207 1378 ln
1227 1345 1306 1378 aliis
1322 1346 1600 1390 quaestionibus,
1624 1355 1663 1380 ut
1682 1348 1719 1379 in
1736 1345 1955 1380 arithmetica
1983 1355 2041 1381 aut
2069 1360 2151 1392 geo-

1167 1396 1309 1427 metrica
1326 1396 1476 1428 convicti
1495 1397 1794 1430 demonstratione
1811 1398 2008 1431 firmissime
2024 1400 2152 1431 adsen-

1166 1445 1285 1478 timnr.
1342 1443 1383 1477 In
1402 1442 1464 1477 hac
1481 1447 1686 1490 quaestione
1711 1449 1754 1479 de
1773 1447 1868 1486 Deo,
1897 1448 2031 1481 etiamsi
2051 1450 2151 1482 vitle-

1168 1507 1244 1528 mus
1263 1496 1581 1529 demonstrationes
1609 1510 1710 1530 veras
1727 1505 1759 1531 et
1777 1498 1892 1530 firmas
1916 1510 2005 1539 esse,
2033 1506 2151 1532 tamen

1166 1546 1330 1589 languida
1351 1553 1400 1579 est
1416 1548 1580 1580 assensio.
1626 1547 1851 1592 Deploranda
1869 1556 1918 1582 est
1935 1556 2048 1583 antem
2066 1548 2152 1583 haec

1167 1597 1390 1631 imbecillitas
1408 1604 1440 1630 et
1458 1598 1681 1641 corrigenda,
1709 1606 1746 1632 ut
1764 1606 1884 1643 postea
1900 1601 1942 1633 de
1960 1601 2151 1644 providen-

1165 1647 1212 1680 tia
1230 1647 1356 1683 dicam.

1267 1720 1344 1757 Etsi
1368 1729 1484 1756 autem
1508 1722 1612 1756 multi
1637 1731 1719 1757 sunt
1744 1731 1777 1759 et
1803 1726 1966 1764 suerunt,
2002 1727 2063 1771 qui
2092 1739 2151 1773 cy-

1166 1773 1302 1817 clopico
1319 1774 1439 1807 surore
1456 1774 1532 1807 ausi
1549 1780 1629 1806 sunt
1646 1775 1830 1808 adfirmare
1840 1773 2012 1809 nihilesse
2023 1776 2150 1815 Deum,

1166 1831 1200 1858 et
1222 1824 1359 1857 nullam
1387 1835 1459 1856 esse
1489 1824 1764 1867 providentiam,
1802 1832 1918 1859 tamen
1945 1824 2149 1871 philosophi

1167 1874 1342 1914 saniores,
1367 1873 1481 1914 Plato,
1511 1874 1721 1907 Aristoteles
1750 1884 1781 1909 et
1804 1877 1914 1921 aliqui
1932 1879 2149 1919 vetustiores,

1167 1925 1254 1958 moti
1272 1924 1652 1963 demonstrationibus,
1680 1937 1765 1970 quas
1782 1928 1960 1966 recensui,
1986 1929 2151 1962 adfirma-

1168 1981 1267 2016 runt,
1292 1986 1364 2008 esse
1387 1975 1502 2009 Deum
1530 1982 1681 2009 mentem
1713 1983 1909 2017 aeternam,
1944 1976 2151 2013 architecta-

1165 2026 1308 2066 tricem,
1333 2032 1492 2070 utsupra
1511 2027 1642 2059 dictum
1665 2034 1733 2065 est,
1761 2035 1793 2061 et
1811 2029 1953 2073 quidem
1978 2030 2065 2063 ratio
2089 2032 2150 2063 de-

1165 2077 1266 2110 duxit
1283 2077 1395 2110 cosin
1411 2074 1503 2109 hanc
1519 2089 1637 2110 veram
1652 2079 1874 2114 sententiam.
1904 2078 2016 2113 Unam
2036 2093 2148 2125 quan-

1166 2129 1245 2160 dam
1267 2138 1340 2160 esse
1363 2134 1538 2161 aeternam
1566 2128 1819 2171 intelligentem
1843 2130 2044 2170 essentiam,
2078 2131 2149 2163 imÎ‡

1166 2189 1305 2211 mensae
1334 2178 1510 2222 potentiae
1535 2177 1668 2219 Deum,
1708 2192 1771 2212 nec
1798 2180 1915 2224 plures
1947 2192 2018 2213 esse
2043 2180 2149 2218 Deos.

1137 2246 1139 2249 Î‡
1165 2228 1256 2263 Cum
1273 2229 1368 2262 enim
1386 2227 1550 2274 physicus
1576 2230 1735 2263 inveniat
1761 2241 1880 2263 causas
1905 2241 1977 2263 esse
2001 2232 2147 2266 ordina-

1137 2302 1139 2311 t
1165 2287 1237 2320 tas,
1264 2291 1402 2313 necesse
1418 2287 1469 2314 est
1485 2292 1591 2313 unam
1620 2280 1767 2323 primam
1793 2280 1948 2313 infinitae
1969 2283 2147 2324 potentiae

1165 2342 1249 2364 esse.
1301 2330 1391 2364 Nam
1413 2330 1443 2363 si
1459 2330 1577 2375 plnres
1598 2337 1711 2364 essent
1734 2331 1885 2374 primae,
1912 2331 2033 2365 nullus
2057 2335 2145 2367 ordo

1164 2388 1254 2415 esset
1270 2393 1467 2416 causarum.
1511 2380 1557 2415 Et
1574 2381 1710 2413 diversa
1728 2381 1865 2414 infinita
1884 2382 2016 2425 pariter
2032 2384 2145 2427 prima

1164 2433 1256 2466 inter
1278 2444 1313 2466 se
1337 2439 1543 2476 pugnarent.
1615 2429 1696 2463 Ideo
1720 2430 1928 2464 Aristoteles
1955 2433 2146 2469 adfirmans

1163 2495 1274 2517 unum
1292 2494 1365 2516 esse
1380 2481 1515 2524 Deum,
1544 2482 1733 2514 immensae
1751 2482 1929 2525 potentiae
1943 2510 1952 2524 ,
1989 2486 2145 2519 versicu-

1162 2534 1235 2567 lum
1250 2533 1374 2567 recitat
1390 2532 1638 2565 Homericum:

1217 2604 1272 2637 Î¿á½”Îº
1295 2603 1422 2645 á¼€Î³Î±Î¸á½¸Î½
1443 2605 1666 2643 Ï€Î¿Î»Î¹-ÎºÎ¿Î¹ÏÎ±Î½á½·Î·
1691 2601 1733 2641 Îµá¼·Ï‚
1755 2606 1900 2644 ÎºÎ¿Î¹ÏÎ±Î½á½¹Ï‚
1925 2604 2014 2638 á¼´ÏƒÏ„Ï‰.

1210 2662 1324 2694 Multos
1345 2661 1517 2701 imperitare
1535 2661 1649 2690 malum
1672 2667 1733 2700 est,
1761 2672 1815 2692 rex
1839 2664 1947 2693 unicus
1967 2670 2042 2696 esto,
