2379 2948
121 110 197 146 537

223 195 293 228 Ars
309 202 359 229 est
382 195 514 230 noticia
540 207 620 229 vera
645 195 892 228 faciendorum
918 205 980 227 seu
1003 193 1115 226 fabri-

121 246 330 288 candorum,
347 254 385 281 ut
402 244 701 281 Architectonica.
738 245 796 280 Sic
813 244 1021 279 Aristoteles
1040 244 1113 277 dis-

121 298 235 331 cernit
259 299 432 332 vocabula
460 298 625 331 scientiae
651 303 684 330 et
702 298 806 337 artis,
834 297 894 328 scd
914 307 1014 340 saepe
1031 308 1114 339 pro-

122 349 256 382 miscue
287 356 515 394 usurpantur.
579 347 687 392 Apud
721 347 988 390 Quintilianum
1023 353 1115 381 extat

122 400 284 434 definitio
301 401 408 434 stoica
425 400 522 439 artis,
550 399 611 432 ubi
633 410 688 431 ars
704 411 767 443 pro
787 398 934 432 scientia
949 397 1113 433 sumitur.
1138 426 1139 440 ἱ

1138 444 1139 455 ’
1164 450 1241 483 bus.

120 450 209 485 Eam
230 452 472 485 definitionem
484 449 630 483 Graecis
646 451 762 483 verbis
781 450 947 490 recitabo,
965 456 1005 483 ut
1019 450 1113 493 apud

119 502 320 536 Lucianum
344 508 453 542 extat,
481 501 563 546 quia
581 501 686 534 verba
705 500 832 535 Latina
852 502 945 545 apud
965 500 1114 543 Quinti—

120 554 258 587 lianum
283 554 429 586 obscura
454 559 555 593 sunt,
585 559 618 586 et
642 552 801 586 definitio
828 553 903 597 ipsa
927 559 1112 596 propterea

120 605 288 638 studiosis
310 604 445 647 gratior
470 615 543 636 esse
567 604 690 642 debet,
724 604 805 649 quia
829 604 1110 637 admonitionem

117 657 162 689 de
180 657 249 689 fine
265 655 395 689 artium
415 655 594 696 continet,
622 667 712 701 quae
732 656 768 688 in
787 655 866 688 aliis
891 655 1111 688 definitioni-

118 708 186 741 bus
201 719 274 740 non
297 714 511 741 recensetur.
566 705 629 740 Ait
654 706 748 740 enim
776 715 886 740 artem
913 707 1111 740 doctrinam

118 765 248 792 certam
267 769 339 790 esse
363 759 407 790 de
431 758 564 792 talibus
587 759 713 798 rebus,
742 770 894 803 quarum
921 758 1038 802 aliqua
1066 758 1112 790 sit

117 810 156 842 in
174 809 245 842 vita
260 808 407 842 utilitas.
459 808 642 853 Significat
660 816 750 843 artes
766 809 939 842 divinitus
954 806 1111 842 homini-

116 860 184 894 bus
204 867 416 893 monstratas
434 872 506 894 esse
523 867 665 905 propter
677 861 804 894 multas
814 861 996 898 utilitates,
1015 861 1110 905 quod

116 911 155 943 in
187 908 442 953 Arithmetica,
486 910 773 946 Architectonica
813 920 844 946 et
879 912 1000 945 multis
1031 912 1111 944 aliis

116 962 303 995 manifeste
319 963 475 1008 conspici
496 971 619 1007 potest.
672 962 720 997 Et
745 964 782 997 in
807 964 974 997 discendo
1001 963 1111 1006 eliga-

115 1024 195 1047 mus
216 1014 416 1048 doctrinam
444 1015 535 1048 vitae
562 1015 706 1056 utilem,
740 1022 773 1049 et
796 1027 897 1059 saepe
922 1015 1108 1047 nobiscum

115 1065 328 1108 cogitemus,
356 1067 399 1098 ad
420 1079 523 1111 quem
539 1067 644 1099 finem
664 1080 700 1100 ea
721 1079 810 1112 quae
836 1066 1025 1103 discimus,
1053 1078 1110 1098 re-

113 1116 260 1150 ferenda
284 1117 366 1150 sint.
419 1117 537 1151 Verba
566 1116 651 1151 haec
675 1126 774 1152 sunt:
810 1120 920 1162 τέχνη
944 1115 1019 1151 ἐστὶ
1046 1113 1111 1151 σύ-

115 1177 239 1212 στημα
273 1165 563 1215 ἐγκαταλήψεων
598 1168 981 1217 ἐγγεγιῃιιι’(ισλιεένων,
1020 1164 1111 1214 πρός

94 1231 149 1277 θτι
173 1217 274 1257 τέλος
300 1218 520 1266 εὔχρηστον,
551 1222 628 1255 τῶν
651 1221 689 1255 ἐι]
712 1219 806 1267 βίῳ,
837 1222 871 1254 id
892 1228 959 1254 est:
988 1232 1043 1253 ars
1061 1226 1110 1253 est

114 1271 204 1303 ordo
234 1278 408 1305 certarum
434 1272 739 1316 propositionum,
774 1272 1023 1306 exercitatione
1051 1283 1110 1304 co—

113 1321 314 1364 gnitarum,
341 1323 383 1353 ad
400 1323 506 1354 finem
530 1324 654 1356 utilem
680 1324 717 1356 in
742 1324 825 1359 vita.
879 1323 991 1356 Vocat
1015 1323 1109 1355 enim

112 1368 337 1418 καταλήψεις
354 1373 618 1417 propositiones
634 1380 745 1406 certas
765 1382 798 1407 et
815 1375 944 1413 firmas,
969 1386 1030 1406 seu
1048 1375 1109 1406 de—

111 1423 408 1464 monstrationes,
444 1424 525 1469 quia
550 1421 785 1469 κατάληπτα,
813 1425 989 1457 vocabant
1013 1431 1106 1457 certo

114 1472 390 1519 comprehensa,
419 1482 458 1509 ut
477 1488 577 1520 saepe
596 1474 809 1509 Plutarchus
834 1476 1005 1520 loquitur.
1061 1474 1109 1509 Et

114 1525 196 1571 quia
224 1526 386 1559 doctrina
409 1526 447 1560 fit
472 1527 648 1561 illustrior
670 1540 771 1572 saepe
795 1528 965 1571 cogitata,
996 1533 1028 1559 et
1053 1538 1108 1559 as-

114 1577 231 1610 sensio
248 1577 401 1618 firmior,
428 1590 506 1611 cum
526 1579 563 1611 in
590 1591 656 1612 usu
683 1579 885 1622 experimur
909 1585 1106 1623 praecepta.

112 1627 199 1661 Ideo
216 1628 315 1662 addit
329 1629 538 1673 particulam
564 1631 607 1663 de
625 1631 887 1666 exercitatione.
924 1629 1107 1663 Postremo

112 1680 214 1713 addit
239 1680 522 1715 admonitionem
546 1682 588 1714 de
614 1682 700 1722 fine,
726 1689 759 1715 et
782 1683 946 1715 utilitate.
1002 1681 1109 1714 Prae-

113 1731 336 1774 stigiatorum
353 1732 513 1766 celeritas
529 1733 592 1766 etsi
610 1739 659 1766 est
677 1731 830 1773 liabitus,
854 1740 973 1766 tamen
990 1745 1107 1765 remo—

113 1789 239 1816 veatur
257 1783 302 1815 ab
318 1784 447 1816 artium
475 1785 618 1825 ordine,
646 1785 728 1829 quia
752 1797 815 1817 nee
843 1792 976 1817 certum
1002 1781 1108 1818 habet

111 1834 455 1867 demonstrationum
473 1836 636 1868 ordinem
650 1863 657 1876 ,
685 1848 748 1869 nec
764 1836 855 1870 vitae
874 1835 971 1868 utilis
991 1842 1051 1870 est.

215 1884 410 1919 Prudentia
435 1894 485 1920 est
511 1887 642 1920 noticia
668 1899 768 1928 vera,
798 1900 885 1932 quae
911 1888 1105 1920 secundum

112 1943 242 1970 rectam
259 1937 433 1970 rationem
458 1939 547 1981 regit
571 1939 847 1972 deliberationes
873 1939 909 1971 iu
936 1938 1107 1971 electione

112 1986 341 2022 honestarum
359 1990 558 2031 actionum,
580 1997 611 2023 et
629 2002 747 2023 rernm
765 1991 923 2024 utilium.
952 1988 1004 2022 Ac
1022 2002 1106 2033 pru-

112 2039 269 2072 dentiam
289 2048 390 2075 vocat
409 2040 618 2074 Aristoteles
637 2039 800 2075 habitum
827 2041 1040 2086 practicum,
1070 2041 1104 2073 id

112 2097 181 2130 est,
221 2099 398 2134 regentem
436 2093 610 2132 actiones,
653 2091 788 2138 τέχνην
824 2105 908 2125 vero
945 2090 1105 2125 habitum

112 2140 324 2186 ποιητικὸν,
351 2144 387 2176 id
407 2151 469 2185 est,
497 2152 674 2188 regentem
695 2145 954 2184 fabricationes‚
982 2144 1105 2178 Scien-

111 2194 218 2231 tiam,
245 2190 407 2228 habitum
425 2205 602 2238 regentem
623 2197 891 2241 speculationes,

216 2242 357 2288 Species
382 2249 591 2290 prudentiae
627 2256 708 2281 sunt
743 2249 860 2292 legum
896 2254 926 2280 et
953 2247 1104 2280 aliorum

111 2302 380 2341 praeceptorum
412 2295 642 2333 honestorum
667 2300 826 2334 noticiae.
882 2298 972 2332 Cum
998 2299 1106 2341 igitur

111 2348 297 2394 quaeritur
330 2348 490 2382 definitio
533 2351 716 2384 doctrinae
752 2351 1104 2390 Iurisconsultorum‚

109 2398 195 2433 hinc
219 2410 330 2442 genus
355 2407 525 2433 sumatur.
581 2401 856 2436 Iurisconsultus
876 2402 1016 2435 definit:
1048 2401 1105 2434 lus

112 2463 185 2485 esse
211 2458 321 2484 artem
345 2451 432 2484 boni
458 2458 491 2484 et
514 2453 629 2496 aequi.
681 2453 805 2488 Brevis
834 2454 1023 2498 descriptio
1043 2460 1105 2493 est,

112 2503 172 2537 sed
193 2509 311 2536 tamen
331 2503 359 2536 si
378 2504 499 2536 dextre
516 2503 745 2548 intelligatur,
769 2518 844 2539 non
861 2506 927 2539 erit
940 2505 1105 2540 absurda.

112 2553 171 2588 Ius
188 2554 351 2588 nominat
369 2555 569 2588 doctrinam
587 2566 648 2588 seu
665 2556 756 2599 leges
773 2557 876 2601 ipsas.
921 2556 1023 2590 Hanc
1041 2557 1105 2589 do-

114 2606 264 2640 ctrinam
286 2607 449 2640 nominat
465 2613 587 2647 artem,
611 2613 651 2640 ut
668 2614 777 2640 artem
795 2609 1032 2642 communiter
1051 2608 1105 2640 di-

112 2657 223 2691 cimus
241 2669 306 2701 pro
325 2658 482 2696 scientia,
511 2665 544 2691 et
561 2670 624 2702 pro
645 2658 847 2701 cognitione
862 2659 1104 2703 probabilium

113 2715 391 2753 praeceptorum.
439 2708 578 2743 Deinde
596 2709 834 2743 differentiam
853 2710 960 2744 sumit
977 2712 1020 2744 ab
1041 2711 1104 2743 ob-

760 108 803 145 V.
845 105 1168 144 EROTEMATA
1199 104 1533 142 DIALECTICES.

2085 100 2160 135 538

1164 192 1254 226 iecto
1279 191 1368 224 circa
1402 193 1497 237 quod
1530 197 1691 224 versatur
1723 187 1808 222 haec
1838 187 1989 228 noticia,
2022 187 2155 220 scilicet

1165 244 1256 276 circa
1272 243 1431 288 aequalia
1449 250 1482 276 et
1500 242 1711 287 inaequalia.
1751 239 1848 273 Haec
1865 238 2051 283 explicatio
2071 250 2153 271 vera

1165 301 1234 335 est,
1268 301 1301 327 et
1327 294 1439 327 sciant
1461 294 1636 333 iuniores,
1670 292 1869 325 doctrinam
1901 291 2000 323 illam
2026 289 2155 331 legum,

1164 358 1258 386 non,
1285 351 1325 378 ut
1341 345 1445 378 multi
1472 351 1616 387 putant,
1643 350 1782 377 tantum
1801 354 1874 376 esse
1893 347 2076 387 potentum
2095 352 2152 373 ar-

1164 397 1289 438 bitria,
1317 396 1394 429 sine
1413 396 1505 428 veris
1531 395 1732 428 rationibus
1755 406 1815 427 seu
1839 391 2154 427 demonstrationi-

1294 447 1363 481 Sed
1381 454 1420 480 ut
1435 447 1652 483 medicorum
1672 445 1831 478 doctrina
1854 445 1982 488 partim
2007 442 2153 476 scientia

1164 507 1214 534 est
1238 507 1273 534 et
1289 497 1611 532 demonstrationes
1627 493 1755 537 habet,
1783 497 1910 539 partim
1928 493 2035 528 habet
2052 505 2153 538 prae-

1137 555 1139 565 ¹
1164 559 1261 596 cepta
1283 550 1501 595 probabilia:
1531 549 1578 581 ita
1598 548 1715 590 legum
1733 546 1894 579 doctrina
1918 546 2047 589 partim
2073 556 2155 577 vere

1163 604 1308 637 scientia
1321 609 1383 642 est,
1400 601 1483 646 quia
1501 599 1684 633 exordium
1704 597 2024 630 demonstrationes
2037 594 2155 635 habet,

1164 657 1291 700 partim
1306 652 1411 687 habet
1428 651 1626 696 probabilia
1646 655 1841 693 praecepta.
1871 647 1925 681 Sit
1943 647 2050 690 igitur
2069 645 2154 679 haec

1163 706 1341 740 definitio:
1370 704 1460 738 Iuris
1478 703 1592 736 civilis
1609 701 1772 734 doctrina
1791 706 1843 732 est
1866 698 1998 731 noticia
2024 698 2154 730 discer-

1162 771 1250 792 nens
1264 748 1358 791 ‘iusta
1377 763 1410 789 et
1433 755 1584 794 iniusta,
1612 758 1768 785 extructa
1784 763 1823 784 ex
1843 750 1980 793 legibus
1998 755 2154 785 naturae,

1163 811 1289 855 partim
1310 820 1373 852 per
1390 804 1732 844 demonstrationes,
1759 802 1889 847 partim
1906 800 2154 845 probabilibus

1162 861 1383 898 rationibus,
1411 860 1478 897 ita,
1506 869 1551 890 ne
1570 856 1656 902 quid
1676 854 1869 898 recipiatur
1887 862 2049 896 pugnans
2073 862 2152 883 cum

1161 914 1297 957 legibus
1323 919 1490 948 naturae,
1518 918 1642 951 regens
1666 913 1779 939 certae
1805 904 1958 937 civitatis
1982 914 2098 935 mores
2124 909 2157 934 et

1161 976 1295 1010 pacem.
1357 962 1461 995 Talia
1488 959 1646 1003 exempla
1670 957 1879 997 ostendunt,
1911 967 1950 988 ex
1975 953 2156 998 praedica-

1162 1017 1289 1050 mentis
1305 1014 1397 1048 sumi
1415 1011 1658 1051 definitiones,
1685 1015 1746 1042 aut
1762 1014 1854 1041 certe
1881 1017 2008 1050 genera
2035 1011 2068 1038 et
2090 1003 2155 1036 ali-

1161 1081 1229 1114 qua
1246 1067 1405 1100 membra
1421 1063 1682 1098 definitionum.

1268 1127 1376 1161 Fides
1404 1131 1453 1158 est
1486 1122 1619 1157 noticia
1648 1119 1936 1165 propositionum
1970 1123 2157 1154 certarum,

1161 1191 1247 1225 quas
1266 1180 1365 1211 firma
1381 1176 1583 1210 assensione
1602 1171 1869 1217 amplectimur,
1898 1176 2043 1213 propter
2063 1179 2155 1200 asse-

1161 1231 1380 1264 verationem
1398 1228 1540 1262 testium
1557 1224 1736 1258 veracium
1748 1250 1756 1264 ,
1781 1229 1822 1256 ut
1838 1222 1944 1254 iudex
1964 1219 2156 1253 assentitur

1161 1280 1358 1315 narrationi
1377 1286 1522 1324 propter
1539 1283 1642 1310 testes
1661 1285 1808 1307 veraces.
1845 1272 2032 1307 Credimus
2049 1269 2156 1303 fuisse

1162 1334 1408 1367 Alexandrum
1431 1341 1548 1372 regem
1565 1327 1806 1360 Macedonum
1819 1351 1828 1364 ‚
1856 1330 1889 1356 et
1905 1323 1997 1355 bella
2014 1321 2157 1364 gessisse

1161 1397 1239 1418 cum
1260 1382 1371 1416 Dario
1395 1392 1475 1423 rege
1501 1377 1660 1417 Persico,
1683 1375 1765 1420 quia
1789 1375 1825 1406 id
1852 1372 2158 1407 consentientibus

1161 1433 1374 1470 testimoniis
1403 1432 1602 1464 multorum
1626 1427 1843 1472 populorum
1868 1432 1900 1458 et
1927 1424 2156 1467 scriptorum,

1161 1488 1220 1534 qui
1242 1487 1364 1520 fallere
1381 1495 1454 1517 non
1472 1482 1660 1520 volebant,
1688 1478 1859 1512 traditum
1877 1483 1937 1509 est.

1249 1576 1354 1616 Quae
1381 1575 1437 1606 est
1460 1570 1596 1606 divisio
1620 1566 1817 1602 habituum
1839 1560 2070 1599 voluntatis?

1263 1642 1379 1686 Supra
1399 1637 1542 1672 habitus
1568 1636 1769 1670 intellectus
1795 1632 1972 1671 recensui,
2001 1642 2155 1676 quorum

1161 1706 1268 1738 genus
1289 1700 1339 1726 est
1365 1691 1510 1725 noticia.
1564 1687 1611 1722 Et
1626 1689 1662 1720 in
1682 1686 1772 1719 illud
1792 1683 2014 1717 domicilium
2033 1693 2156 1715 omnes

1161 1746 1313 1779 noticiae
1330 1756 1391 1777 seu
1407 1742 1592 1783 doctrinae
1608 1738 1849 1771 includantur.
1902 1733 2007 1767 Nunc
2024 1734 2067 1766 ad
2092 1730 2155 1764 ha-

1160 1799 1256 1831 bitus
1275 1794 1469 1829 voluntatis
1485 1793 1692 1826 accedamus
1704 1815 1712 1830 ,
1741 1787 1802 1833 qui
1817 1785 1987 1819 dicuntur
2012 1783 2155 1829 proprie

1160 1849 1246 1882 boni
1263 1855 1323 1881 aut
1341 1846 1435 1878 mali.

1263 1907 1388 1940 Virtus
1416 1912 1467 1939 est
1493 1902 1638 1938 habitus
1664 1902 1798 1938 bonus,
1827 1898 1909 1944 quia
1936 1903 1987 1930 est
2011 1893 2155 1929 habitus

1160 1960 1339 1993 inclinans
1356 1959 1399 1991 ad
1416 1957 1591 2000 agendum
1609 1953 1804 1987 secundum
1821 1956 1952 1983 rectam
1971 1948 2157 1987 rationem,

1160 2024 1248 2057 quae
1265 2017 1315 2044 est
1333 2010 1453 2053 regula
1471 2006 1642 2041 bonitatis
1659 2004 1696 2036 in
1715 2002 1867 2042 actione,
1892 2000 1973 2046 quia
1993 1998 2156 2042 congruit

1159 2076 1239 2096 cuin
1259 2069 1401 2095 aeterna
1419 2068 1451 2094 et
1469 2060 1616 2092 immota
1636 2055 1754 2099 regula
1774 2054 1811 2086 in
1829 2059 1947 2085 mente
1969 2051 2104 2084 divina.

1262 2122 1401 2156 Yitinm
1428 2127 1477 2153 est
1498 2117 1642 2152 habitus
1668 2114 1804 2153 malus,
1833 2112 1914 2158 quia
1937 2110 2087 2143 inclinat
2111 2111 2154 2141 ad

1159 2174 1334 2218 agendum
1370 2179 1491 2206 contra
1524 2176 1655 2203 rectam
1683 2166 1866 2199 rationem.
1932 2160 2023 2195 Cum
2047 2161 2156 2203 igitur

1159 2227 1333 2270 discrepet
1350 2237 1367 2257 a
1389 2230 1507 2256 mente
1527 2221 1669 2257 divina,
1698 2217 1841 2251 habitus
1859 2213 1971 2246 malus
1989 2219 2051 2245 est.

1262 2286 1334 2320 Iam
1355 2285 1420 2318 sub
1443 2283 1574 2316 virtute
1592 2279 1724 2324 species
1741 2276 1977 2313 collocentur,
2005 2284 2154 2317 quarum

1158 2340 1296 2385 aliquae
1313 2344 1395 2371 sunt
1414 2335 1577 2380 propriae
1596 2329 1774 2364 Ecclesiae
1792 2327 1876 2366 Dei,
1903 2325 2041 2369 aliquae
2060 2335 2156 2356 com-

1159 2403 1284 2425 munes
1303 2402 1382 2423 cum
1402 2388 1480 2421 aliis
1498 2383 1717 2418 hominibus.

1261 2450 1366 2484 Fides
1384 2455 1432 2481 est
1457 2444 1606 2484 noticia,
1635 2453 1702 2487 qua
1725 2440 1827 2472 firmo
1851 2448 1994 2470 assensu
2020 2435 2154 2479 ample-

1159 2504 1288 2537 ctimur
1305 2509 1413 2534 totam
1432 2496 1630 2531 doctrinam
1649 2505 1667 2525 a
1684 2490 1758 2525 Deo
1780 2490 1945 2523 traditam
1961 2486 2155 2524 Ecclesiae,

1159 2561 1191 2588 et
1227 2555 1263 2586 in
1302 2551 1368 2585 hac
1398 2550 1501 2583 etiam
1534 2543 1808 2589 promissionem
1841 2538 2155 2577 reconciliationis,

1159 2618 1263 2651 quam
1283 2599 1588 2647 apprehendentes
1607 2595 1799 2640 accipimus
1811 2591 2056 2626 remissionem
2074 2601 2155 2633 pec-

1160 2664 1318 2690 catorum
1345 2652 1471 2685 fiducia
1505 2650 1569 2682 filii
1593 2648 1681 2689 Dei,
1718 2653 1751 2680 et
1776 2643 1839 2678 hac
1862 2642 1989 2677 fiducia
2014 2640 2155 2685 acquie-

1159 2714 1294 2741 scentes
1319 2705 1357 2737 in
1381 2703 1453 2737 filio
1468 2702 1555 2742 Dei,
1582 2699 1782 2734 accedimus
1809 2697 1851 2730 ad
1870 2696 2009 2733 Deum,
2037 2698 2068 2725 et
2090 2702 2155 2724 nos
