2379 2948
81 80 177 118 1285

680 79 741 115 lx.
795 76 1160 115 COMMENTARII
1186 77 1238 112 IN
1265 74 1509 113 PSALMOS.

77 178 174 201 arma
194 173 314 200 contra
332 167 458 200 mundi
482 178 604 211 regna:
633 167 693 200 sed
715 163 878 200 Christus
904 165 940 197 in
968 164 1066 197 coelo
1092 162 1094 194 ἶ
1119 163 1162 195 ad
1182 163 1306 195 mundi
1324 163 1427 196 finem
1444 162 1760 206 belligerabuntur.

2011 78 2108 116 1286

1814 162 1906 196 Nam
1928 161 2105 207 Propheta

77 230 139 252 sua
158 218 192 250 vi
210 225 403 262 grassantes
418 225 587 264 tyrannos
611 217 794 261 reprimet,
822 223 854 250 et
877 222 1008 249 evertet
1034 221 1066 247 et
1092 211 1094 235 f
1118 214 1278 259 loquitur
1299 215 1341 247 de
1357 214 1523 247 omnibus
1541 214 1769 257 temporibus.
1808 212 1902 257 Ergo
1921 215 2105 258 postremis

77 269 217 313 perdet,
252 269 340 303 sicut
364 270 527 314 repressit
552 276 585 303 et
610 268 757 302 extinxit
781 267 978 308 Neronem,
1006 265 1064 299 lu·

79 320 215 353 lianum
235 326 298 353 etc.

179 386 273 420 Haec
290 393 341 420 est
358 386 505 429 simplex
532 385 704 419 sententia
724 382 853 418 horum
870 385 1063 418 versiculo—

78 450 177 476 rum,
205 449 294 483 quae
318 437 513 479 colligenda
540 443 589 469 est
614 448 653 468 ex
678 437 822 469 caeteris
850 436 936 469 locis
960 434 1065 469 huius

78 487 209 521 Psalmi
236 495 268 521 et
291 488 441 520 aliarum
462 486 735 530 scripturarum,
779 499 867 532 quae
892 494 1065 520 testantur

80 550 227 582 regnum
253 534 399 572 Christi
421 549 494 570 non
515 538 591 571 fore
613 538 794 581 politicum
812 550 980 581 regnum,
1005 539 1064 571 sed

77 590 174 622 aliud
194 590 384 634 quoddam.
423 587 542 631 Quare
559 589 799 632 repudiandae
817 597 897 623 sunt
917 589 1066 622 ludaeo-

78 651 157 673 rum
185 639 511 684 interpretationes,
551 640 629 685 qui,
665 640 746 685 quia
781 641 932 674 audiunt
966 652 1065 672 men-

79 692 213 725 tionem
239 702 432 735 poenarum
457 690 551 731 fieri,
581 699 699 734 postea
726 691 928 734 intelligunt
951 698 1064 724 totum

78 754 225 785 regnum
238 741 387 775 Messiae
405 748 541 775 tantum
561 742 636 774 fore
657 742 815 786 politiam
833 743 1065 776 mundanum.

80 791 126 826 Et
144 800 184 826 ut
202 793 442 826 definitionem
459 793 599 836 planam
624 800 655 826 et
678 793 896 837 perspicuam
921 793 1065 826 adiicia-

79 855 174 884 mus,
189 844 370 876 sciendum
387 851 448 883 est,
468 841 533 877 hoc
551 855 623 876 esse
639 856 785 887 regnum
802 842 954 883 Christi,
971 845 1064 888 quod

79 892 242 928 Christus
261 907 323 938 pro
343 894 446 927 nobis
465 907 584 938 passus
603 895 811 933 resurrexit,
840 902 873 928 et
896 895 980 928 vicit
1005 907 1067 938 po-

79 946 227 979 tentiam
249 945 402 985 diaboli,
430 946 560 988 peccati
582 953 614 979 et
640 946 780 986 mortis,
807 947 902 979 sedet
920 947 961 979 ad
983 947 1067 978 dex-

79 1004 189 1030 teram
212 997 337 1040 patris,
360 1003 393 1029 et
417 996 598 1037 iustificat,
616 1004 649 1030 et
666 998 774 1030 donat
790 996 964 1040 Spiritum
985 1009 1065 1030 san-

81 1054 197 1087 ctum,
234 1054 268 1081 et
290 1047 396 1080 vitam
427 1054 603 1080 aeternam
635 1048 859 1081 credentibus
890 1048 927 1080 in
954 1048 1067 1091 ipsum
1094 1061 1096 1074 ·

83 1110 144 1142 per
171 1096 425 1142 Evangelium‚
463 1100 556 1143 quod
582 1099 680 1132 dedit
709 1105 743 1132 et
766 1099 842 1131 vult
874 1099 1067 1143 praedicari

82 1149 176 1183 inter
199 1161 320 1182 omnes
344 1155 475 1192 gentes,
526 1149 580 1183 Ibi
606 1150 710 1182 etiam
736 1149 878 1183 exaudit
901 1150 1069 1182 invocan-

82 1206 153 1240 tes,
179 1207 213 1234 et
237 1200 297 1233 dat
325 1200 490 1243 pleraque
513 1200 627 1240 dona,
654 1208 687 1234 et
709 1201 835 1244 impios
862 1201 984 1244 puniet
1014 1213 1071 1233 ae-

83 1258 184 1284 terna
212 1258 344 1291 morte,
380 1251 559 1284 interdum
586 1251 690 1284 etiam
717 1252 960 1294 praesentibus
989 1263 1072 1295 poe-

83 1302 158 1340 nis,
188 1314 231 1334 ne
245 1301 436 1334 Ecclesiam
457 1302 595 1344 penitus
612 1303 763 1336 deleant.
811 1302 990 1345 Intelliges
1007 1303 1070 1344 igi-

83 1359 142 1385 tur
166 1350 233 1385 hoc
256 1352 352 1384 loco:
382 1350 559 1385 Iudicabit
585 1352 677 1385 inter
694 1359 831 1394 gentes,
862 1353 897 1385 id
923 1360 989 1393 est,
1019 1365 1073 1385 re-

83 1403 204 1446 gnabit
220 1403 323 1436 etiam
340 1402 434 1435 inter
450 1409 580 1444 gentes,
611 1403 749 1436 vocabit
765 1410 797 1436 et
814 1403 965 1437 salvabit
982 1404 1074 1436 mul-

85 1460 140 1487 tos
162 1465 201 1487 ex
225 1453 407 1496 gentibus,
442 1453 589 1486 rebelles
615 1465 697 1486 vero
727 1454 848 1497 puniet
880 1461 914 1488 et
944 1457 1075 1499 perdet.

86 1503 138 1538 Ita
154 1503 423 1549 complectimur
437 1510 550 1537 toturn
566 1515 713 1548 regnum
731 1512 795 1540 etc.

137 1594 356 1633 Cumulabit
376 1595 557 1631 cadavera
576 1603 637 1634 etc.

196 1672 303 1715 Quod
334 1679 450 1706 autem
475 1673 537 1705 ait:
573 1670 780 1706 Cumulabit
810 1673 997 1714 cadavera,
1031 1679 1080 1706 est

87 1723 275 1767 descriptio
309 1723 565 1766 magnitudinis
595 1735 811 1767 poenarum,
846 1736 936 1769 quae
968 1724 1079 1767 signi-

88 1776 166 1807 ficat
180 1774 313 1807 excidia
331 1774 483 1818 ingentis
501 1774 678 1818 potentiae
694 1775 841 1814 mundi,
862 1787 949 1819 quae
965 1787 1001 1808 se
1017 1787 1081 1818 op-

89 1832 196 1870 ponet
228 1823 441 1868 Evangelio:
495 1825 594 1869 quasi
630 1825 737 1866 dicat,
780 1825 1082 1868 belligerabuntur

90 1883 165 1910 toto
183 1876 269 1908 orbe
296 1883 474 1909 terrarum
492 1887 608 1919 reges,
636 1883 670 1910 et
694 1876 821 1909 summi
846 1877 1024 1921 principes
1050 1884 1080 1910 et

89 1939 210 1961 omnes
242 1934 454 1970 praestantes
487 1927 657 1970 sapientia
685 1935 717 1960 et
743 1927 870 1970 opibus
902 1928 1083 1972 conspira-

91 1979 182 2012 bunt
213 1979 380 2011 adversus
411 1976 665 2021 Evangelium,
692 1977 897 2024 Synagoga‚
926 1978 1081 2013 Romani

90 2029 289 2073 principes,
317 2029 445 2061 deinde
462 2026 741 2063 Mahometicum
761 2042 908 2072 regnum
935 2037 967 2064 et
993 2042 1082 2074 pon-

93 2080 206 2114 tifices
230 2091 308 2112 cum
333 2080 405 2112 suis
429 2080 580 2123 regibus.
640 2080 820 2114 Adversus
855 2088 968 2114 tantas
993 2081 1084 2113 vires

95 2131 305 2164 defendetur
319 2128 493 2171 Ecclesia,
521 2138 555 2164 et
580 2143 701 2163 omnes
721 2131 775 2164 illi
800 2129 935 2172 hostes,
962 2132 1081 2165 omnia

95 2179 180 2215 haec
199 2181 346 2225 imperia
366 2178 598 2215 horribilibus
616 2182 776 2215 cladibus
803 2190 835 2215 et
858 2182 972 2216 ruinis
990 2183 1083 2216 dele-

95 2234 244 2266 buntur.
297 2230 351 2265 Eo
371 2233 543 2276 pertinet,
570 2234 664 2278 quod
689 2234 818 2267 diserte
843 2233 977 2278 inquit,
1006 2246 1086 2278 per-

98 2283 205 2317 cutiet
223 2290 326 2326 caput
342 2282 379 2315 in
398 2283 499 2316 terris
515 2284 647 2319 multis.
682 2284 864 2328 Significat
883 2285 976 2317 enim
991 2296 1087 2318 sum-

95 2346 189 2367 mam
214 2334 336 2367 mundi
362 2334 569 2377 sapientiam
596 2342 628 2368 et
659 2336 852 2379 potentiam
883 2337 1087 2369 adversatu-

98 2397 173 2419 ram
191 2397 263 2418 esse
278 2382 492 2428 Evangelio,
518 2392 552 2419 et
580 2392 696 2419 tamen
714 2399 844 2432 poenas
867 2387 1030 2420 daturam
1056 2394 1087 2420 et

101 2436 274 2470 ruituram
293 2447 377 2469 esse.

191 2504 315 2549 Aliqui
333 2503 558 2548 peculiariter
572 2504 851 2549 interpretantur
868 2506 910 2539 de
926 2504 1089 2540 Romana

102 2553 324 2589 monarchia:
354 2567 475 2588 verum
498 2567 557 2597 ego
581 2567 653 2588 non
679 2557 721 2589 de
749 2557 809 2590 illa
834 2563 970 2590 tantum
997 2554 1092 2589 hunc

101 2617 243 2639 versum
261 2606 433 2650 intelligo,
458 2607 517 2639 sed
537 2606 691 2650 primum
708 2607 751 2640 de
771 2606 966 2652 synagoga,
992 2607 1093 2640 dein-

104 2657 148 2690 de
166 2658 209 2690 de
226 2657 394 2692 omnibus
412 2657 545 2701 regnis,
573 2669 662 2702 quae
679 2670 758 2692 eum
772 2656 967 2702 Evangelio
983 2668 1094 2702 usque

1091 523 1093 536 ¹
1118 521 1197 552 dem
1223 518 1483 552 adiuvantibus.

1091 592 1093 607 ;
1118 578 1171 604 ter
1187 570 1352 612 adfligent
1369 568 1558 602 Ecclesiam
1572 595 1579 609 ‚
1606 575 1722 602 tamen
1740 566 1902 602 Christus
1918 581 2104 602 conserva-

1118 265 1338 309 temporibus
1362 264 1579 307 intelligatur
1602 267 1644 297 de
1669 264 1740 297 illis
1766 265 1900 308 regnis,
1932 277 2021 310 quae
2042 266 2104 297 ad-

1118 318 1354 349 versabuntur
1384 313 1544 353 Christo,
1579 316 1622 348 de
1655 314 1895 348 Mahometico
1927 327 2034 358 regno
2070 322 2103 348 et

1119 365 1359 406 Antichristo,
1384 365 1420 397 id
1442 373 1511 405 est,
1537 367 1580 399 de
1615 367 1858 400 dominatione
1886 366 2103 410 pontificum,

1118 418 1178 463 qui
1203 416 1395 451 Ecclesiam
1419 417 1607 461 tyrannide
1632 424 1897 460 oppresserunt,
1931 424 1963 450 et
1990 417 2104 449 idola-

1118 469 1219 503 triam
1244 468 1449 502 defendunt.
1502 466 1586 500 Item
1604 468 1646 499 de
1664 468 1804 509 regibus
1828 466 1919 500 hanc
1944 467 2103 513 tyranni-

1536 516 1631 550 Haec
1661 529 1764 560 regna
1789 519 1925 551 etiamsi
1950 518 2104 551 crudeli-

1121 622 1169 654 bit
1189 633 1262 653 eam
1281 632 1392 664 usque
1409 620 1450 651 ad
1468 619 1591 659 finem,
1619 626 1651 651 et
1675 619 1842 662 paulatim
1868 631 1973 662 regna
2000 632 2104 663 quas-

1119 679 1189 705 sata
1207 678 1354 708 evertet,
1381 671 1492 702 donec
1508 681 1631 702 omnes
1647 670 1788 702 tandem
1807 670 1934 713 impios
1960 671 2103 711 delebit,

1120 730 1152 756 et
1171 722 1333 756 coniiciet
1350 722 1387 753 in
1406 731 1537 765 poenas
1561 727 1731 754 aeternaS.

1146 830 1224 864 VII.
1255 832 1311 865 De
1330 835 1498 865 torrente
1515 833 1554 865 in
1573 832 1636 864 via
1652 829 1762 870 bibet,
1790 834 1985 875 propterea
2002 831 2108 864 exal-

1222 882 1317 917 rabit
1337 887 1461 927 caput.

1225 975 1385 1008 Brevitas
1410 976 1501 1019 parit
1525 975 1793 1013 obscuritatem,
1818 986 1925 1019 quare
1952 971 2008 1007 hic
2032 986 2110 1007 ver-

1122 1038 1178 1059 sus
1194 1027 1382 1060 dissimiles
1405 1024 1511 1061 habet
1535 1026 1854 1070 interpretationes.
1910 1025 2027 1058 ludaei
2054 1025 2111 1057 in·-

1123 1085 1198 1121 epte
1216 1079 1352 1120 fingunt
1371 1079 1540 1112 victorem
1558 1076 1725 1110 'Messiam
1752 1083 1885 1109 tantam
1902 1077 2041 1109 caedem
2060 1076 2114 1109 fa-

1123 1136 1261 1161 cturum
1280 1140 1369 1169 esse,
1396 1136 1433 1162 ut
1453 1135 1625 1162 torrentes
1643 1127 1813 1170 sanguine
1837 1127 2011 1160 manaturi
2033 1127 2113 1159 sint.

1125 1180 1218 1212 unde
1242 1181 1337 1212 bibat
1364 1180 1552 1213 exercitus:
1581 1180 1639 1211 sed
1661 1185 1773 1211 textus
1791 1176 1883 1210 nihil
1909 1178 1952 1210 de
1970 1178 2113 1220 sangui-

1124 1243 1167 1263 ne
1187 1228 1244 1263 hic
1260 1230 1364 1270 dicit,
1392 1243 1455 1263 nec
1478 1229 1618 1272 sanguis
1643 1229 1729 1262 solet
1755 1240 1827 1262 esse
1854 1236 1954 1271 potus
1969 1229 2115 1261 victori-

1126 1283 1201 1315 bus.
1237 1281 1317 1313 ldeo
1336 1278 1427 1314 hanc
1446 1281 1771 1323 interpretationem
1794 1280 2005 1314 reiiciamus.
2041 1278 2115 1312 Ha-

1126 1333 1209 1364 bent
1228 1330 1347 1364 ludaei
1367 1330 1423 1364 hic
1447 1339 1481 1364 et
1498 1332 1602 1364 aliam
1623 1330 1778 1363 fabulam
1798 1331 1909 1363 multo
1927 1330 2115 1363 absurdio-

1128 1394 1201 1415 rem
1220 1383 1262 1414 de
1279 1381 1381 1420 Nilo,
1407 1395 1511 1427 quam
1530 1382 1633 1414 etiam
1652 1381 1791 1414 omitto.

1230 1432 1331 1475 Quae
1347 1440 1397 1466 est
1413 1433 1521 1475 igitur
1531 1431 1701 1465 sententia
1718 1429 1825 1464 huius
1842 1431 1942 1464 dicti:
1965 1428 2025 1463 De
2042 1434 2116 1463 lor-

1129 1487 1225 1516 renle
1243 1482 1281 1515 in
1293 1482 1351 1515 via
1365 1482 1459 1516 bibet
1471 1482 1489 1514 P
1514 1481 1676 1516 Omnino
1691 1482 1816 1515 usitata
1834 1488 1883 1514 est
1899 1482 2007 1524 figura
2023 1484 2117 1525 apud

1130 1535 1328 1575 Hebraeos,
1358 1535 1477 1567 bibere
1502 1546 1565 1578 pro
1585 1533 1724 1575 adfligi,
1753 1539 1790 1565 ut
1809 1534 1901 1576 apud
1930 1533 2116 1566 Ieremiam

1130 1586 1241 1628 capite
1257 1585 1334 1620 49.:
1362 1585 1442 1618 Non
1469 1585 1537 1617 eris
1556 1585 1746 1622 innocens,
1774 1584 1832 1616 sed
1860 1583 1985 1616 bibens
2010 1583 2118 1617 bibes.

1131 1635 1176 1670 Et
1200 1637 1238 1668 in
1264 1634 1475 1678 Evangelio:
1504 1634 1655 1669 Calicem
1681 1634 1820 1668 bibetis.
1876 1633 1978 1667 Item:
2007 1634 2045 1667 Si
2070 1641 2119 1667 est

1132 1686 1316 1731 possibile,
1351 1687 1439 1719 calix
1467 1698 1485 1719 a
1516 1697 1571 1718 me
1596 1686 1784 1720 auferatur.
1828 1682 1962 1729 Estque
1992 1685 2118 1727 passim

1132 1738 1235 1771 obvia
1252 1736 1335 1770 haec
1353 1737 1480 1780 figura,
1507 1743 1545 1770 ut
1562 1734 1655 1768 nihil
1677 1736 1826 1769 dubium
1853 1735 1918 1776 sit,
1945 1736 2120 1769 adflictio-

1134 1801 1193 1822 nes
1210 1788 1397 1830 significari
1418 1786 1482 1821 hac
1499 1785 1718 1830 metaphora.

1237 1837 1298 1872 Est
1327 1851 1408 1882 ergo
1432 1839 1621 1872 sententia:
1678 1836 1716 1869 ln
1743 1836 1816 1877 via,
1843 1837 1876 1869 id
1910 1844 1977 1878 est,
2004 1838 2122 1880 prius-

1134 1903 1238 1936 quam
1269 1890 1542 1933 glorificabstur,
1577 1889 1614 1921 in
1640 1888 1811 1927 transitu,
1845 1889 1958 1921 donec
1989 1889 2025 1921 in
2058 1887 2121 1922 hae

1134 1943 1203 1975 vita
1220 1948 1301 1974 ante
1317 1941 1608 1983 glorificationem
1632 1946 1664 1972 et
1681 1939 1975 1971 resurrectionem
2003 1951 2122 1972 versa-

1134 1993 1250 2035 bitur,
1277 1993 1373 2025 bibet
1390 1993 1433 2024 de
1449 1998 1624 2033 torrente,
1652 1989 1687 2022 id
1707 1997 1776 2030 est,
1804 1986 1943 2023 hauriet
1969 1997 2000 2023 et
2017 1990 2122 2023 susti-

1136 2044 1233 2076 nebit
1263 2054 1486 2082 communes,
1519 2049 1552 2075 et
1583 2040 1772 2074 horribiles
1806 2040 2027 2073 adflictiones
2055 2038 2122 2074 hu·-

1136 2094 1230 2127 mani
1263 2095 1410 2137 generis.
1468 2093 1548 2127 Non
1574 2092 1677 2132 dicit,
1711 2098 1750 2124 ut
1772 2091 1879 2128 alibi,
1913 2091 2010 2124 bibet
2036 2092 2123 2124 cali-

1136 2158 1227 2183 cem,
1256 2146 1314 2178 sed
1340 2145 1438 2178 bibet
1462 2146 1506 2177 de
1536 2149 1709 2183 torrente,
1738 2149 1775 2175 ut
1799 2153 1922 2175 omnes
1947 2142 2123 2176 adflictio-

1137 2209 1196 2230 nes
1222 2196 1417 2239 intelligas,
1452 2195 1541 2228 sicut
1564 2194 1638 2237 ipse
1661 2192 1833 2226 clamitat:
1867 2189 1990 2231 Deus,
2017 2191 2123 2226 Deus

1125 2254 1254 2286 meus,
1277 2258 1390 2293 quare
1419 2242 1649 2292 dereliquisti
1674 2242 1754 2275 me?
1793 2242 1929 2275 Harum
1948 2244 2123 2277 adflictio-

1138 2312 1223 2332 num
1248 2298 1453 2342 magnitudo
1485 2309 1558 2329 non
1585 2301 1698 2339 potest
1721 2293 1869 2336 intelligi
1896 2306 1914 2326 a
1937 2295 2068 2327 securis
2091 2302 2125 2329 et

1139 2350 1285 2387 ociosis,
1322 2361 1386 2381 nec
1419 2354 1563 2392 possunt
1587 2346 1703 2378 verbis
1728 2344 1904 2388 explicari.
1965 2344 2056 2378 Satis
2080 2347 2125 2379 sit

1140 2402 1247 2445 igitur
1267 2399 1403 2433 moneri
1422 2399 1516 2442 pium
1535 2398 1712 2436 lectorem,
1742 2396 1835 2440 quod
1854 2395 1968 2428 omnis
1987 2397 2126 2438 generis

1140 2451 1376 2491 adflictiones,
1409 2457 1442 2483 et
1467 2449 1610 2493 quidem
1634 2445 1823 2480 horribiles
1847 2444 2126 2489 comprehendat

1141 2500 1335 2546 Propheta,
1368 2512 1448 2533 cum
1466 2499 1626 2532 nominat
1643 2504 1846 2532 torrentem.
1899 2495 2031 2531 Natura
2058 2496 2126 2531 hu-

1143 2566 1245 2587 mana
1275 2552 1429 2585 subiecta
1461 2556 1512 2583 est
1544 2549 1670 2589 morti,
1698 2548 1770 2581 irae
1793 2546 1879 2588 Dei,
1907 2555 1939 2581 et
1962 2549 2128 2582 omnibus

1144 2603 1401 2638 calamitatibus
1419 2608 1561 2645 propter
1580 2607 1771 2644 peccatum.
1826 2597 1898 2632 Has
1916 2611 2042 2642 poenas
2063 2612 2126 2643 pro

1146 2655 1249 2689 nobis
1271 2653 1442 2688 sustinere
1467 2650 1651 2716 Christum
1683 2650 1885 2695 oportebat,
1926 2662 2003 2683 cum
2034 2650 2131 2684 fieret

1566 2702 1610 2736 81
