2379 2948
128 91 201 127 409

128 173 213 219 quia
236 170 448 219 prohibetur
476 173 629 213 efflatio,
664 174 787 206 vinum
816 172 854 205 in
878 171 975 205 dolio
1008 171 1119 214 magis

129 224 334 257 accenditur
351 224 489 258 incluso
509 225 624 259 calore
650 223 955 271 praeternaturali.

715 91 780 127 ΙΙΙ.

229 298 319 333 Cum
350 299 458 343 igitur
480 306 642 356 superato
673 298 792 330 nativo
815 298 949 335 calore,
977 297 1038 341 qui
1063 297 1117 330 fo-

127 351 229 383 vebat
255 348 464 391 humidum,
500 351 590 382 sicut
616 355 742 381 natura
770 360 805 380 se
832 348 964 405 optime
987 346 1116 381 habere

127 401 256 448 potuit,
285 399 498 434 humidum
489 412 558 432 iam
573 411 646 432 non
663 405 802 441 regatur
817 410 835 431 a
852 399 971 432 nativo
990 399 1116 438 calore,

127 453 165 485 fit
189 452 358 485 resolutio
383 449 540 490 humidi,
565 457 598 483 et
621 450 790 497 paulatim
816 449 974 496 reliquae
1000 455 1115 496 partes

126 503 237 545 magis
268 508 463 544 terrestres,
492 501 580 534 fiunt
601 501 733 533 similes
759 512 886 539 coeno,
915 500 1005 533 sicut
1030 499 1115 532 Ari-

126 553 266 587 stoteles
292 552 423 596 inquit:
447 549 499 584 Ea
524 563 615 609 quae
636 550 849 598 putrefiunt,
878 552 1019 584 tandem
1040 550 1114 582 fieri

126 611 254 637 terram
270 609 329 635 aut
346 614 513 635 coenum:
548 598 672 636 πάντα
696 599 741 635 τὰ
765 598 955 646 σηπόμενα
971 599 1113 649 γ’ίιεται

126 652 224 692 τέλος
238 655 285 700 γῆ
308 650 370 686 καὶ
391 650 538 698 κόπρος.

226 726 359 774 Estque
375 726 575 761 Aristotelis
592 727 749 762 definitio
773 727 939 768 causalis,
968 738 1040 760 non
1059 726 1115 759 di-

125 790 204 813 cens
222 778 308 823 quid
324 778 395 818 fiat,
423 790 502 812 cum
519 791 628 812 massa
642 779 837 827 putrefacta
855 785 921 818 est,
948 779 1007 811 sed
1025 789 1114 822 quo-

124 830 231 863 modo
258 841 311 862 res
338 830 459 863 tendat
483 831 525 862 ad
553 830 650 862 illam
669 829 768 862 coeni
793 829 960 872 formam,
989 835 1023 861 et
1040 829 1113 860 for-

123 880 222 914 tassis
254 880 363 923 magis
392 880 577 927 perspicua
602 881 639 915 fit
669 880 871 924 explicatio,
900 879 927 912 si
952 879 1113 912 effectum

122 931 282 971 intuens,
316 943 355 964 ac
379 938 497 974 postea
522 943 662 965 causam
687 931 976 970 accommodans,
1009 929 1115 969 dicas,

122 982 419 1030 putrefactionem
449 993 521 1015 esse
553 983 654 1016 coeni
683 981 923 1022 effectionem,
957 992 1047 1025 quae
1078 981 1115 1012 fit

123 1033 186 1066 tali
204 1032 439 1073 resolutione,
467 1045 546 1066 cum
563 1033 720 1080 reliquae
744 1039 887 1065 manent
906 1038 1021 1075 partes
1044 1038 1115 1064 ter-

122 1089 268 1123 restres,
296 1083 484 1116 crassiores
513 1096 551 1117 ac
580 1083 790 1123 deteriores,
826 1083 907 1127 quia
932 1082 1027 1115 calor
1050 1093 1114 1114 na-

121 1134 216 1168 tivus
233 1134 337 1168 desiit
352 1145 471 1177 regere
489 1132 676 1168 humidum
689 1161 696 1175 ‚
724 1141 907 1178 superatus
924 1144 943 1166 a
960 1139 1115 1177 praeter-

123 1184 278 1219 naturali
301 1185 428 1218 calore.

225 1261 406 1296 Differunt
436 1262 604 1305 gradibus
630 1261 853 1304 putredines,
892 1261 959 1294 alia
996 1261 1116 1303 magis,

124 1313 192 1346 alia
209 1313 328 1345 minus
351 1319 433 1345 sunt
457 1312 576 1360 putria
594 1323 656 1345 seu
674 1323 821 1344 coenosa
834 1338 843 1352 ‚
871 1311 907 1343 in
925 1311 1003 1344 aliis
1024 1313 1114 1355 plus,

123 1365 160 1396 in
183 1363 263 1396 aliis
286 1363 405 1395 minus
431 1363 608 1407 reliquum
632 1369 682 1396 est
705 1362 815 1395 nativi
838 1362 984 1405 caloris,
1013 1369 1052 1395 ut
1078 1362 1115 1394 in

121 1414 267 1447 materia
285 1413 474 1461 purulenta
491 1412 647 1456 conspici
664 1418 788 1456 potest,
809 1424 898 1456 quae
916 1425 956 1445 eo
975 1419 1026 1446 est
1042 1425 1117 1445 ma-

121 1465 174 1508 gis
197 1471 303 1504 tetra,
332 1464 417 1510 quia
439 1464 627 1497 minimum
650 1463 760 1496 nativi
786 1463 911 1495 caloris
937 1463 1114 1508 reliquum

123 1522 183 1550 est.
226 1513 273 1548 Et
289 1513 417 1548 deinde
436 1527 475 1547 ex
493 1514 681 1558 purulenta
702 1513 846 1547 materia
867 1514 955 1547 fiunt
970 1521 1116 1554 crustae,

122 1577 203 1600 cum
221 1566 298 1609 plus
316 1562 474 1598 humoris
499 1565 695 1598 resolutum
714 1572 781 1605 est,
805 1571 837 1597 et
863 1572 1007 1598 manent
1032 1565 1114 1598 reli-

123 1629 213 1662 quae
231 1623 347 1661 partes
365 1623 544 1650 terrestres
561 1623 593 1649 et
611 1623 709 1650 ustae
725 1615 821 1649 velut
840 1615 938 1648 cinis.

225 1690 357 1733 Magna
387 1690 534 1724 varietas
560 1697 609 1723 est
634 1690 816 1731 materiae,
844 1697 877 1723 et
901 1690 1115 1733 multiplices

123 1748 205 1776 sunt
230 1741 476 1784 alterationes,
503 1753 652 1786 quarum
675 1741 910 1774 consideratio
936 1747 969 1773 et
987 1741 1115 1773 diffici-

123 1794 166 1826 lis
184 1799 252 1832 est,
280 1800 313 1826 et
328 1804 402 1824 non
417 1792 573 1835 vulgaris
598 1791 791 1839 sapientia,
817 1798 855 1824 ut
879 1802 979 1834 sagax
1002 1791 1115 1824 medi-

122 1856 183 1877 cus
202 1844 238 1876 iu
254 1843 412 1876 febribus
435 1840 680 1889 phlegznaticis
696 1850 729 1876 et
746 1839 948 1882 cholericis,
978 1841 1015 1873 in
1032 1854 1115 1874 cau-

122 1907 200 1935 cro,
230 1895 345 1938 lepra,
372 1900 405 1927 et
428 1894 606 1928 similibus
631 1893 766 1927 morbis
792 1892 881 1926 mira
906 1893 1112 1926 discrimina

123 1946 403 1978 animadvertere
421 1951 546 1989 potest.

225 2021 375 2067 Aliquid
401 2020 488 2053 lucis
515 2019 666 2058 accedit,
695 2031 775 2052 cum
792 2019 917 2052 ordine
935 2019 1112 2063 aspiciun-

124 2080 182 2105 tur
199 2083 330 2105 causae.
384 2070 501 2113 Finis,
525 2078 563 2104 ut
581 2071 714 2104 dictum
731 2077 793 2111 est,
821 2077 871 2103 est
888 2082 1049 2110 coenum,
1076 2077 1115 2103 ut

125 2134 210 2167 pus,
238 2129 296 2155 aut
320 2123 422 2155 fimus
443 2122 677 2166 putrefactus,
704 2121 793 2155 sicut
820 2121 857 2153 in
879 2121 976 2154 febre
996 2118 1115 2154 chole-

125 2174 197 2206 rica
215 2170 342 2206 humor
356 2173 437 2206 fimo
456 2173 582 2206 similis
598 2172 648 2206 fit.

228 2249 378 2283 Materia
396 2263 500 2291 vero,
528 2262 615 2296 quae
633 2250 813 2294 putrefieri
840 2257 954 2294 potest
970 2251 1115 2284 univer—

125 2301 245 2335 saliter
271 2307 319 2334 est
345 2300 456 2334 calida
474 2308 507 2334 et
528 2299 693 2343 humida,
719 2308 756 2335 ut
781 2313 836 2335 res
852 2302 1006 2336 ostendit
1025 2301 1115 2345 lapi-

126 2354 186 2386 des
211 2364 282 2385 non
320 2351 519 2396 putrefieri,
553 2353 635 2397 quia
659 2352 761 2386 valde
793 2365 918 2397 parum
950 2353 1041 2386 inest
1066 2353 1115 2385 eis

125 2401 278 2437 humidi.
339 2400 387 2435 Et
408 2402 519 2435 multa
546 2409 700 2437 aromata
724 2404 831 2447 longo
858 2410 1015 2448 tempore
1041 2415 1114 2436 non

126 2460 353 2498 putrescunt,
392 2453 475 2498 quia
503 2453 620 2486 minus
649 2454 833 2489 continent
863 2452 1013 2488 humidi.
1068 2453 1115 2488 Et

128 2505 326 2538 durabilius
364 2510 415 2537 est
446 2504 663 2537 frumentum
699 2505 737 2537 in
769 2505 856 2539 locis
890 2505 1114 2546 borealibus,

128 2568 232 2600 quam
257 2555 443 2595 austrinis,
472 2554 552 2600 quia
577 2554 614 2586 in
638 2554 724 2587 locis
750 2555 995 2599 frigidioribus
1019 2556 1115 2590 calor

127 2607 268 2640 nativus
293 2604 482 2640 humidum
500 2606 799 2650 praeternaturale
822 2607 960 2641 facilius
985 2618 1113 2641 consu-

125 2657 201 2691 mit.
256 2656 330 2691 Imo
346 2657 450 2691 flatus
467 2657 533 2701 ipsi
550 2657 676 2691 boreae
697 2653 910 2691 exhauriunt
926 2664 958 2692 et
985 2669 1113 2693 consu-

834 90 990 124 lNlTIA
1018 88 1316 125 DOCTRINAE
1345 91 1406 125 PH
1413 91 1600 128 YSICAE,

2093 95 2167 129 410

1168 178 1272 204 munt
1297 169 1484 207 humidum
1501 177 1812 218 praeternaturale,
1839 184 1874 211 et
1889 177 2058 213 adiuvant
2075 192 2160 214 con-

1167 222 1403 256 servationem
1421 226 1532 258 nativi
1558 228 1685 261 caloris
1701 228 1738 261 in
1757 229 1889 271 granis.

1269 287 1453 323 Econtra'
1445 303 1482 323 in
1502 291 1600 326 ltalia
1621 295 1724 328 citius
1741 296 1909 340 putrescit
1926 297 2158 336 frumentum,

1168 339 1250 384 quia
1269 343 1328 373 aer
1344 341 1471 385 plenus
1487 349 1536 375 est
1553 344 1747 378 calidorum
1766 354 1799 380 et
1816 345 2046 381 humidorum
2067 346 2159 381 hali—

1168 397 1290 430 tuum,
1323 391 1383 436 qui
1408 394 1604 426 accendunt
1627 396 1779 429 calorem
1806 398 1842 430 in
1866 398 2056 433 f·.1umento
2112 397 2158 433 Et

1167 439 1224 473 hic
1248 441 1405 475 inclusus
1435 443 1531 475 calor
1555 444 1593 477 fit
1618 447 1816 489 ardentior,
1851 450 1933 492 quia
1963 449 2085 493 exigua
2109 458 2159 483 est

1168 491 1311 527 efflatio.
1366 493 1416 526 lta
1444 505 1522 526 cum
1548 495 1650 528 desiit
1676 497 1747 538 regi
1777 495 1964 532 humidum
1989 512 2006 532 a
2035 501 2157 533 natixo

1168 542 1302 583 calore,
1339 543 1474 588 reliqua
1503 546 1649 578 materia
1686 548 1869 589 putrescit,
1906 556 1939 582 et
1974 551 2010 583 fit
2045 563 2156 584 coeno

1167 593 1305 628 similis.

1270 659 1355 692 Ideo
1376 660 1419 693 de
1436 672 1480 692 m
1473 662 1579 694 ffiteiia
1598 663 1714 708 inquit
1730 664 1905 699 Galenus:
1938 679 1979 699 να
1998 664 2155 710 σηπόμε-

1168 722 1215 745 να
1235 708 1359 757 θερμὰ
1383 708 1493 754 εἷιαι,
1522 710 1584 746 καὶ
1612 711 1730 760 ὑγρὰ,
1756 714 1818 748 καὶ
1841 713 2157 751 ὃισὸιάηῖνευστα

1168 760 1288 803 Quare
1316 768 1349 796 et
1374 774 1542 806 corpora,
1569 776 1658 808 quae
1684 772 1767 799 sunt
1799 766 1911 801 calida
1937 775 1967 801 et
2000 764 2158 807 humida,

1167 812 1278 855 magis
1293 813 1447 846 obnoxia
1462 820 1544 847 sunt
1559 815 1787 858 pestilentiae.

1267 876 1470 912 Efficientes
1502 892 1624 914 causae
1650 890 1731 916 sunt
1755 883 1925 926 positivae
1948 890 1980 917 et
2009 885 2160 928 privati-

1168 941 1250 970 vae,
1282 938 1438 964 remotae
1471 938 1503 964 et
1535 933 1773 978 propinquae,
1811 946 1961 978 quarum
1996 935 2158 968 conside-

1167 981 1257 1014 ratio
1274 981 1373 1014 utilis
1391 988 1457 1022 est,
1485 989 1518 1016 et
1535 984 1640 1026 digna
1657 985 1815 1020 eruditis.

1268 1047 1382 1081 Citius
1406 1055 1614 1092 putrescunt
1631 1062 1735 1094 poma
1751 1051 1787 1084 in
1808 1055 1887 1085 a'e're
1906 1052 2020 1086 calido
2041 1060 2073 1087 et
2092 1051 2159 1087 hu-

1167 1099 1284 1140 mido,
1322 1099 1404 1143 quia
1439 1100 1534 1133 calor
1562 1108 1727 1134 externus
1762 1103 1973 1136 circundans
2000 1116 2160 1148 pomum,

1167 1149 1327 1183 accendit
1344 1150 1496 1183 calorem
1512 1151 1672 1185 nativum
1697 1152 1734 1184 in
1755 1164 1871 1196 pomo,
1925 1152 1976 1187 Ita
1999 1161 2033 1188 et
2053 1152 2160 1188 exha—

1167 1201 1235 1242 lat,
1261 1207 1295 1234 et
1317 1200 1447 1234 desinit
1471 1212 1591 1244 regere
1621 1203 1819 1239 materiam.
1873 1202 2025 1249 Reliqua
2051 1205 2161 1249 igitur

1167 1251 1312 1285 materia
1330 1251 1500 1295 paulatim
1516 1253 1553 1286 fit
1570 1264 1736 1286 coenosa:

1269 1317 1321 1352 De
1345 1319 1429 1351 vino
1460 1319 1633 1353 illustrius
1657 1327 1708 1354 est
1733 1321 1950 1365 exemplum,
1977 1323 2039 1356 ubi
2064 1325 2160 1357 calor

1166 1370 1325 1412 alienus,
1353 1381 1426 1402 non
1443 1376 1579 1403 tantum
1596 1371 1682 1403 foris
1703 1371 1916 1405 circundans
1934 1373 2159 1417 intelligitur,

1166 1421 1224 1453 sed
1240 1421 1358 1464 potius
1376 1420 1533 1453 inclusus
1551 1422 1587 1453 in
1605 1421 1688 1453 vino
1707 1421 1856 1454 nimium
1874 1434 2053 1464 accensus,
2079 1425 2160 1469 quia

1166 1471 1265 1504 nulla
1289 1477 1339 1504 est
1362 1471 1506 1506 efflatio.
1560 1471 1627 1504 Hic
1652 1472 1809 1505 inclusus
1838 1473 1935 1506 calor
1961 1476 2161 1520 propinqua

1165 1533 1269 1555 causa
1293 1528 1344 1555 est
1369 1522 1647 1566 putrefactionis.
1701 1521 1756 1557 Ad
1776 1523 1811 1556 id
1835 1525 2032 1569 exemplum
2049 1527 2162 1560 multa

1166 1573 1424 1606 accommodari
1447 1580 1595 1616 possunt
1618 1574 1654 1606 in
1679 1573 1854 1614 febribus,
1883 1581 1914 1608 et
1931 1577 2077 1610 materia
2094 1589 2159 1621 pu-

1166 1625 1305 1656 rulenta
1338 1624 1376 1655 in
1410 1624 1544 1664 scabie,
1580 1636 1727 1665 cancro,
1764 1632 1797 1658 et
1831 1626 2009 1659 similibus
2044 1628 2157 1661 malis.

1165 1673 1299 1719 Estque
1319 1674 1466 1717 dignum
1488 1675 1791 1715 consideratione,
1818 1677 1879 1710 ubi
1906 1677 1950 1710 sit
1972 1680 2158 1722 praecipua

1165 1725 1256 1758 actio
1272 1725 1399 1758 caloris
1417 1726 1728 1768 praeternaturalis
1745 1726 1842 1759 intus
1860 1727 2006 1768 inclusi,
2035 1727 2159 1772 prohi-

1166 1776 1236 1809 bita
1255 1776 1443 1811 efflatione.

1267 1842 1423 1876 Positiva
1443 1854 1544 1876 causa
1564 1850 1614 1877 est
1631 1844 1728 1877 calor
1745 1845 2058 1888 praeternaturalis
2081 1857 2160 1878 cor-

1165 1904 1334 1937 rumpens
1361 1894 1535 1929 nativum.

1267 1959 1448 1994 Privativa
1483 1969 1553 2000 est,
1595 1963 1689 2007 quod
1727 1960 1916 1995 humidum
1952 1964 2157 1998 destituitur

1166 2012 1434 2055 gubernatione.
1499 2011 1582 2045 Ideo
1616 2013 1736 2060 inquit
1768 2011 1995 2055 Aristoteles,
2037 2022 2160 2059 putre-

1165 2063 1355 2096 factionem
1383 2075 1455 2096 esse
1479 2075 1666 2097 commune
1693 2060 1816 2102 πάθος
1847 2066 1981 2109 proprii
2017 2066 2158 2108 frigoris

1166 2121 1199 2148 et
1216 2114 1342 2147 caloris
1357 2114 1487 2153 alieni,
1517 2114 1554 2148 id
1573 2121 1644 2155 est,
1671 2126 1744 2147 non
1761 2115 1883 2148 nativi.

1268 2180 1396 2215 Forma
1423 2189 1501 2226 post
1525 2182 1747 2216 effectionem
1769 2189 1819 2216 est
1850 2183 1923 2226 ipsa
1949 2183 2051 2215 coeni
2076 2183 2159 2216 illu-

1166 2233 1255 2274 vies,
1282 2234 1342 2266 sed
1361 2233 1521 2267 alteratio
1540 2234 1752 2278 praecedens
1776 2239 1825 2266 est
1843 2233 1903 2266 ille
1925 2233 1999 2276 ipse
2020 2234 2159 2273 modus,

1164 2284 1261 2317 velut
1282 2284 1442 2318 accensio
1467 2284 1594 2318 caloris
1621 2284 1949 2328 praeternaturalis‚
1979 2290 2012 2317 et
2037 2285 2153 2318 deser-

1165 2335 1214 2369 tio
1232 2335 1503 2378 gubernationis
1521 2333 1672 2370 humidi.

1268 2402 1471 2436 Postremae
1498 2402 1692 2436 sententiae
1716 2402 1753 2434 in
1777 2401 1869 2435 libro
1887 2402 2088 2437 Aristotelis
2114 2405 2157 2437 de

1167 2452 1408 2487 Generatione
1419 2454 1569 2487 maxime
1580 2453 1826 2486 memorabiles
1836 2450 1902 2486 hae
1919 2460 2017 2487 sunt:
2044 2453 2158 2488 Causa

1165 2505 1410 2549 perpetuitatis
1442 2503 1710 2547 generationum
1743 2510 1776 2537 et
1806 2504 2077 2549 corruptionum
2109 2512 2157 2538 est

1164 2563 1284 2589 motus
1300 2555 1393 2589 Solis
1410 2561 1444 2588 et
1462 2554 1686 2587 planetarum
1706 2554 1744 2586 in
1760 2553 1927 2589 Zodiaco.
1982 2555 2158 2589 Adfirmat

1166 2607 1275 2650 igitur
1297 2606 1453 2650 aliquam
1480 2616 1552 2637 esse
1577 2605 1750 2638 actionem
1775 2605 1956 2639 stellarum
1975 2606 2160 2640 universa-

1163 2658 1254 2698 lem,
1284 2656 1322 2689 in
1349 2654 1503 2689 fovenda
1529 2661 1674 2698 natura,
1709 2662 1742 2690 et
1764 2656 1802 2690 in
1832 2657 2071 2691 conservanda
2095 2654 2159 2690 hac
