2379 2948
145 78 217 115 541

144 167 259 201 cernit
275 178 354 200 eum
375 178 393 200 a
412 167 518 200 rebus
544 179 618 201 non
644 167 929 211 intelligentibus
955 173 989 200 et
1013 167 1140 212 depra-

143 218 244 252 vatis.
306 217 388 252 Non
425 219 569 252 invocas
594 226 765 258 statuam,
801 231 865 252 nec
893 226 1042 259 terram,
1081 231 1141 253 seu

142 278 294 311 restam,
321 281 383 304 seu
408 271 545 314 ignem,
572 271 632 303 sed
657 270 844 303 essentiam
870 270 1140 313 intelligentem,

142 322 400 366 inspectantem
428 330 461 355 et
489 321 736 354 exaudientem
762 332 848 361 nos,
875 333 1056 362 veracem,
1083 322 1138 355 iu-

142 381 249 413 stam,
285 373 486 418 aequalem,
517 372 730 412 beneficam,
768 379 919 413 castam,
955 385 1036 405 vere
1067 373 1135 405 ira-

141 432 294 458 scentem
319 424 527 462 sceleribus,
563 430 597 456 et
621 431 736 456 tamen
764 423 972 467 placabilem
998 431 1032 458 et
1057 426 1137 469 qui—

140 477 220 509 dem
238 477 313 509 sine
329 472 624 521 προσωποληψίᾳ
643 482 706 509 etc.
734 474 854 517 Quare
872 483 1018 519 propter
1035 478 1136 519 agni-

140 528 272 560 tionem
284 526 362 567 Dei,
383 526 554 558 virtutum
574 527 738 559 doctrina
757 526 951 560 studiosius
968 527 1134 561 discenda

139 587 171 612 et
190 578 327 623 saepius
346 577 531 619 cogitanda
552 584 613 611 est.

251 676 353 715 Quae
368 676 423 707 est
439 672 612 707 secunda
627 676 773 719 species
793 675 1021 719 qualitatis?

237 741 400 775 Secunda
424 742 557 785 species
583 742 763 786 qualitatis
789 742 999 775 nominatur
1017 741 1131 775 Natu—

136 794 219 827 ralis
235 792 393 837 potentia
414 793 469 825 vel
486 793 707 837 impotentia.
761 792 854 826 Sunt
882 800 999 826 autem
1026 800 1131 826 natu-

135 844 224 878 rales
249 844 431 888 potentiae
454 844 547 877 vires
574 857 646 878 non
676 844 884 888 accersitae,
913 851 973 878 aut
997 851 1071 877 arte
1094 844 1130 876 in

132 896 348 929 substantias
374 896 590 937 transfusae,
624 897 684 929 sed
715 896 752 928 in
777 896 826 928 eis
850 904 971 936 natae,
1000 902 1038 929 ut
1061 896 1131 928 sint

133 959 256 981 causae
273 953 447 980 certarum
469 947 669 988 actionum,
697 954 736 980 ut
761 948 917 991 potentia
943 947 1130 988 sentiendi,

132 999 300 1038 videndi,
330 999 513 1031 audiendi.
580 998 743 1032 Potentia
773 999 903 1032 motiva
938 1000 974 1031 in
1010 999 1130 1031 nervis

132 1058 164 1084 et
189 1050 269 1083 aliis
294 1050 455 1092 organis,
484 1051 567 1083 item
592 1050 629 1082 in
653 1051 851 1083 ventriculo
876 1051 1049 1084 naturalis
1066 1063 1129 1094 po—

130 1102 240 1136 tentia
258 1102 419 1135 vertendi
443 1103 560 1134 cibum
587 1102 622 1134 in
647 1099 804 1147 cbylun».
863 1101 902 1134 ln
931 1103 1036 1135 corde
1065 1114 1127 1134 na—

129 1153 254 1187 turalis
272 1153 429 1196 potentia
446 1165 485 1185 ex
502 1154 674 1196 sanguine
691 1154 861 1196 gignendi
878 1154 1055 1197 spiritum.
1085 1152 1125 1185 ln

130 1212 291 1247 magnete
319 1205 474 1248 potentia
502 1202 669 1238 trahendi
693 1206 838 1240 ferrum.
894 1205 934 1237 ln
959 1205 1042 1237 vino
1063 1217 1126 1249 po·-

129 1257 240 1290 tentia
258 1256 487 1288 calefaciendi
506 1263 538 1289 et
562 1256 745 1289 nutriendi
765 1268 932 1300 corpora,
956 1269 1044 1301 quae
1063 1269 1125 1300 po-

127 1314 188 1342 tat.
241 1305 287 1339 Et
316 1313 457 1339 econtra
485 1307 663 1340 naturales
691 1307 922 1350 impotentiae
955 1315 1052 1348 sunt,
1088 1314 1126 1340 ut

127 1360 202 1392 olea
221 1358 374 1390 moritur
391 1357 538 1401 quercui
558 1357 684 1396 insita,
713 1359 861 1390 balsami
881 1359 1017 1400 lignun}
1048 1371 1124 1390 ino-

125 1410 217 1444 ritur
238 1409 332 1441 serro
349 1415 585 1443 attrectatum.
641 1406 776 1451 Yulpes
795 1409 1000 1442 moriuntur
1024 1421 1123 1441 man-

125 1460 261 1495 ducatis
279 1460 408 1492 amaris
428 1460 635 1504 amygdalis.
671 1458 836 1504 Denique
854 1460 890 1492 in
906 1467 977 1493 tota
997 1468 1122 1492 natura

124 1513 254 1557 passim
272 1511 376 1543 obvia
398 1518 480 1544 sunt
506 1511 677 1555 exempla.
732 1511 886 1545 Monent
912 1512 1020 1555 igitur
1036 1512 1122 1545 Dia-

123 1563 258 1603 lectici,
285 1562 438 1595 discerni
462 1563 581 1596 nativa
610 1563 653 1595 ab
680 1563 876 1602 accersitis,
903 1570 941 1596 ut
960 1564 1122 1603 sciamus,

123 1627 213 1662 quae
238 1626 292 1647 res
317 1611 471 1646 humana
496 1614 680 1657 diligentia
708 1615 822 1657 parari
848 1615 1003 1658 possint,
1032 1627 1121 1659 quae

122 1679 196 1701 non
220 1666 356 1711 possint
383 1665 511 1709 parari.

122 1720 237 1756 bano,
265 1724 446 1762 utrunque
465 1723 531 1755 est,
558 1716 745 1749 inclinatio
771 1717 944 1749 naturalis
968 1720 1010 1750 ad
1038 1718 1120 1750 sun-

121 1770 279 1804 dendum
298 1781 460 1808 carmen,
488 1768 545 1800 sed
560 1768 703 1801 accessit
717 1765 861 1801 babitus
878 1776 951 1800 arte
973 1777 1005 1802 et
1022 1781 1119 1801 exer-

121 1821 288 1855 citatione
307 1826 540 1863 comparatus,
561 1819 620 1863 qui
639 1832 716 1852 cum
737 1832 754 1852 a
774 1826 899 1853 natura
920 1819 1119 1861 adiuvetur,

120 1873 232 1907 multo
251 1871 390 1906 felicior
408 1877 476 1911 est,
503 1878 628 1903 etcum
654 1878 779 1904 natura
808 1871 944 1904 exculta
969 1871 1011 1904 sit
1035 1879 1119 1912 arte,

119 1916 235 1970 ipsum
262 1923 367 1956 etiam
394 1929 541 1955 naturae
567 1922 702 1954 bonum
735 1923 771 1956 fit
798 1923 934 1957 melius.
992 1922 1042 1956 Ita
1065 1924 1118 1955 vi-

119 1976 275 2010 dendum
295 1981 344 2007 est
358 2001 366 2014 ‚
394 1981 433 2007 ut
450 1981 596 2007 naturae
616 1974 708 2006 bona
728 1974 918 2007 foveantur
936 1981 968 2006 et
992 1987 1118 2018 regan-

120 2035 192 2062 tur:
222 2033 256 2060 et
273 2025 363 2059 mala
384 2032 553 2065 naturae,
583 2032 755 2070 quantum
781 2025 856 2057 fieri
882 2033 1014 2069 potest,
1042 2033 1116 2060 arte

118 2086 153 2113 et
169 2078 420 2111 assuefactione
439 2077 615 2111 contraria
633 2078 879 2112 emendentur.

140 2161 182 2192 ln
204 2170 268 2202 qua
282 2160 387 2201 specie
403 2158 608 2191 collocandae
629 2162 708 2191 sam*
728 2160 869 2200 στοργαὶ
894 2157 1093 2191 nami-ales?

220 2222 331 2256 Vetus
350 2230 382 2256 ct
410 2224 522 2257 dulcis
547 2223 737 2268 appellatio
762 2224 854 2267 apud
881 2222 1039 2256 Graecos
1063 2230 1114 2257 est

120 2272 258 2322 στοργὴ
277 2271 433 2321 φυσικὴ,
462 2276 561 2319 quasi
587 2275 700 2308 dicas:
730 2275 927 2308 naturalem
957 2276 1113 2308 benevo-

116 2327 276 2363 lentiam.
330 2324 393 2359 Est
410 2326 502 2359 enim
523 2327 558 2359 in
576 2327 785 2371 parentibus
810 2339 882 2360 non
902 2328 1111 2360 monstrosis

115 2381 153 2414 in
187 2378 315 2412 intimo
342 2379 422 2410 sinu
452 2378 613 2411 cordium
645 2378 816 2412 mirificus
837 2379 982 2424 quidam
1011 2391 1111 2412 amor

116 2442 196 2475 erga
212 2436 334 2470 natos,
359 2441 433 2462 non
456 2441 619 2462 accensus
642 2431 918 2471 consuetudine,
947 2437 986 2464 ut
1009 2443 1110 2464 amor

117 2494 198 2526 erga
223 2482 380 2520 alienos,
409 2481 468 2513 sed
497 2481 658 2513 naturale
683 2481 888 2515 incendium
912 2489 983 2521 est,
1011 2484 1105 2527 quod

114 2533 210 2569 Deus
225 2533 272 2567 ita
290 2533 403 2566 voluit
419 2532 457 2564 in
476 2532 579 2565 nobis
596 2531 761 2575 flagrare,
787 2539 826 2566 ut
846 2540 932 2567 esset
949 2546 1107 2567 commo-

115 2584 267 2620 nefactio
293 2585 336 2618 de
363 2596 426 2618 suo
451 2595 570 2617 amore
595 2595 675 2627 erga
701 2583 834 2625 filium,
867 2593 900 2619 et
924 2597 1003 2629 erga
1028 2598 1105 2622 nos.

116 2636 280 2671 Vicissim
297 2643 330 2669 et
348 2636 386 2669 in
404 2635 498 2669 natis
522 2647 601 2679 erga
628 2641 809 2678 parentes,
831 2636 975 2677 fratres,
1006 2650 1105 2671 soro-

116 2699 189 2729 res,
230 2688 404 2722 naturalis
431 2688 604 2733 quaedam
630 2685 880 2720 benevolentia
904 2695 965 2722 est.

576 1665 615 1697 ln
640 1663 820 1705 Homero,
856 1664 1012 1707 ovidio,
1047 1665 1146 1699 „Eo—1

771 77 832 115 IV.
887 76 1214 114 EROTEMATA
1241 78 1578 120 DlALECTICES.

1144 1696 1146 1712 Ι

1142 1749 1145 1817 ὲ

1131 2510 1133 2513 .
1158 2485 1385 2527 complector.

2116 89 2192 128 542

1193 169 1308 201 bonae
1326 168 1576 205 inclinationes
1594 173 1831 209 nominantur
1850 175 2007 224 στοργαὶ
2025 178 2191 223 φυσικαὶ,

1193 226 1225 253 et
1245 226 1337 253 recte
1355 221 1577 257 collocantur
1596 225 1633 258 in
1651 223 1717 259 hac
1735 228 1863 270 specie.
1917 227 2046 262 Essent
2071 239 2187 263 autem

1191 271 1374 314 purioreS,
1403 273 1431 304 si
1451 282 1576 307 natura
1601 274 1789 312 hominum
1818 292 1891 313 non
1917 282 2107 325 depravata
2134 293 2188 313 es-

1189 329 1251 357 set.
1306 322 1391 356 Ideo
1409 326 1550 358 accedat
1568 327 1751 367 doctrina,
1780 343 1869 376 quae
1898 333 2105 365 moderetur
2130 345 2186 365 eas

1190 381 1222 407 et
1250 381 1366 417 regat,
1394 382 1433 408 ut
1458 384 1559 408 autea
1586 379 1680 417 dixi,
1709 381 1977 417 inclinationem
2004 384 2048 416 ad
2073 384 2186 428 poeti-

1188 437 1252 458 cen
1269 426 1472 458 eruditione
1491 427 1684 461 iuvandam
1704 442 1787 464 esse.
1824 434 1861 467 Si
1881 436 1960 480 quis
1977 442 2094 468 autem
2112 447 2185 468 ma-

1186 477 1238 519 gis
1267 477 1361 510 volet
1386 476 1547 525 στοργάς
1572 480 1747 514 collocare
1780 483 1817 515 in
1850 487 1990 519 tertiam
2023 487 2184 530 speciem,

1186 529 1280 562 inter
1297 529 1462 570 affectus,
1490 542 1564 563 non
1583 543 1754 575 repugno,

1205 611 1247 642 In
1271 622 1335 654 qua
1358 612 1465 653 specie
1488 612 1710 646 collocandum
1734 619 1782 647 est
1806 616 1930 647 malam
1956 618 1990 649 in
2014 618 2160 657 homine,

1281 655 1366 697 quod
1388 658 1522 687 vocatur
1546 657 1664 688 villosa
1691 658 2078 700 Concupisceniia?
2152 658 2155 661 ’

1267 715 1363 749 Insra
1383 717 1560 759 dicemus,
1588 731 1719 752 nomen
1737 722 1870 765 peccati
1888 723 2077 756 relativum
2098 737 2179 758 esse.

1182 767 1250 800 Sed
1271 769 1451 801 materiale
1463 770 1594 813 peccati
1614 771 1766 814 originis
1785 780 1912 806 vocant
1930 787 2074 818 pravam
2096 788 2181 809 con—

1183 819 1454 863 cupiscentiam,
1483 823 1579 866 quod
1598 834 1730 855 nomen
1750 831 1787 857 ut
1805 824 1842 857 in
1858 823 2013 859 Ecclesia
2034 827 2180 871 plerun-

1181 883 1250 915 que
1276 871 1480 916 loquimur,
1509 885 1582 906 non
1608 875 1650 906 de
1679 875 1913 920 actionibuS,
1931 879 1989 910 sed
2016 880 2058 911 de
2082 880 2180 911 fonte

1180 922 1379 963 actionum,
1416 923 1598 965 videlicet,
1640 927 1683 958 de
1713 927 1839 960 vitiosa
1879 928 2111 963 inclinatione
2143 931 2179 962 in

1180 975 1305 1014 corde,
1348 981 1474 1008 ruente
1520 983 1642 1010 contra
1677 978 1788 1020 legem
1825 977 1911 1018 Dei,
1953 981 2178 1024 intelligitur.

1179 1024 1274 1057 Haec
1295 1038 1401 1069 prava
1428 1026 1616 1061 inclinatio
1643 1041 1724 1062 vere
1748 1037 1797 1063 est
1823 1030 2054 1075 impotentia,
2084 1040 2115 1066 et
2140 1033 2178 1066 iu

1180 1074 1243 1109 liae
1261 1078 1413 1110 secunda
1436 1079 1550 1121 specie
1568 1080 1752 1124 qualitatis
1770 1082 1992 1116 collocanda.
2028 1083 2118 1117 Nam
2139 1085 2176 1116 in

1178 1135 1304 1160 natura
1339 1129 1474 1171 integra
1512 1127 1670 1163 hominis
1713 1144 1787 1165 non
1827 1134 1950 1167 fuisset
1993 1136 2173 1169 discordia

1178 1180 1307 1212 mentis
1325 1187 1357 1213 et
1377 1180 1504 1219 cordis,
1533 1183 1592 1214 sed
1614 1194 1674 1215 cor
1692 1184 1969 1228 obtemperasset
1990 1187 2101 1220 menti
2120 1199 2176 1219 re—

1176 1238 1229 1264 cte
1248 1231 1421 1265 iudicanti
1440 1232 1516 1265 sine
1536 1235 1771 1269 contumacia.
1811 1235 1877 1268 llla
1894 1233 2079 1270 harmonia
2099 1245 2175 1271 tur-

1176 1283 1255 1315 bata
1270 1307 1279 1320 ,
1309 1295 1370 1316 cor
1386 1295 1481 1316 nunc
1501 1284 1705 1327 languidius
1721 1286 1867 1327 sactum,
1897 1288 1968 1321 ruit
1985 1296 2107 1322 contra
2125 1290 2175 1322 le—

1174 1345 1270 1376 gem,
1301 1346 1371 1378 quo
1393 1334 1538 1376 rapiunt
1556 1336 1649 1368 caeci
1667 1336 1825 1370 affectus.
1857 1337 1967 1378 ,Haec
1987 1340 2174 1374 infirmitas

1174 1391 1225 1417 cst
1241 1385 1465 1428 impotentia.

1317 1481 1421 1520 Quae
1440 1484 1495 1514 est
1513 1482 1632 1515 tertia
1649 1484 1796 1526 species
1813 1485 2012 1528 qualitatis
2024 1486 2039 1517 ?

1275 1545 1397 1581 Passio
1415 1555 1447 1582 et
1467 1549 1646 1592 passibilis
1669 1551 1838 1596 qualitas,
1867 1560 1906 1587 ut
1922 1555 2105 1588 vocabulis
2129 1556 2171 1588 il-

1171 1598 1287 1631 lorum
1309 1607 1405 1640 utar,
1432 1601 1494 1645 qui
1513 1601 1599 1634 olim
1618 1602 1666 1635 sic
1684 1602 1910 1647 interpretati
1929 1613 2010 1640 sunt
2030 1604 2171 1640 Aristo-

1172 1650 1297 1691 telem,
1327 1651 1359 1683 id
1383 1658 1451 1692 est,
1479 1652 1643 1694 affectus,
1673 1661 1707 1688 ct
1732 1655 1820 1688 aliae
1848 1657 2053 1701 qualitates,
2081 1670 2170 1703 quae

1169 1708 1251 1735 sunt
1278 1704 1423 1746 propria
1449 1716 1615 1737 sensuum
1641 1706 1790 1741 obiecta.
1845 1707 1962 1741 Antea
1989 1710 2077 1742 duas
2104 1722 2168 1750 reS,

1169 1765 1259 1797 quae
1276 1754 1469 1787 multarum
1489 1756 1670 1789 actionum
1690 1769 1814 1791 causae
1833 1765 1866 1791 et
1885 1760 2049 1793 rectrices
2073 1768 2166 1801 sunt,

1168 1806 1352 1848 recensui,
1381 1804 1467 1845 ἕξεις
1490 1804 1552 1840 καὶ
1570 1804 1768 1852 δυνάμεις,
1798 1822 1893 1844 nunc
1916 1812 2088 1845 accedunt
2114 1813 2167 1845 af-

1168 1856 1278 1889 fectus
1301 1853 1426 1902 πάθη,
1460 1858 1571 1901 magis
1594 1860 1710 1902 rapidi
1732 1861 2000 1903 gubernatores.
2054 1861 2100 1897 Et
2129 1870 2167 1896 ut

1168 1903 1274 1951 naso-1]
1300 1908 1337 1940 in
1363 1909 1469 1941 corde
1497 1910 1632 1943 faciunt
1667 1912 1903 1956 mutationes,
1941 1926 2031 1958 quae
2061 1926 2166 1948 sensu

1168 1959 1426 2004 percipiuntur.
1483 1959 1566 1993 ldeo
1586 1961 1622 1993 in
1645 1959 1711 1994 boc
1729 1963 1912 1997 domicilio
1930 1966 2035 1998 simul
2054 1966 2164 1999 collo-

1167 2010 1260 2043 cavit
1294 2008 1504 2044 Aristoteles
1543 2012 1688 2045 affectus
1732 2021 1765 2047 et
1805 2016 1943 2049 obiecta
1984 2028 2163 2053 sensuum.

1166 2060 1244 2094 Etsi
1268 2062 1377 2105 igitur
1409 2063 1452 2094 de
1484 2063 1670 2097 affectibus
1700 2065 1796 2098 varie
1826 2067 1999 2110 disputari
2032 2076 2161 2112 potest:

1166 2119 1283 2146 tamen
1304 2113 1532 2157 interrogati,
1558 2115 1593 2147 in
1612 2127 1681 2160 qua
1700 2117 1814 2160 specie
1833 2118 2014 2163 qualitatis
2037 2131 2161 2152 recen—

1165 2165 1266 2197 sendi
1287 2165 1359 2198 sint
1384 2166 1549 2206 affectus,
1578 2169 1875 2211 respondeamus,
1905 2165 2079 2203 'recenseri
2103 2182 2161 2204 eos

1164 2216 1200 2248 in
1219 2217 1319 2250 tertia
1337 2218 1463 2260 specie.
1519 2217 1703 2252 Pertincnt
1721 2226 1839 2253 autern
1858 2218 1926 2253 huc
1943 2228 1974 2254 et
1991 2233 2159 2255 sensuum

1162 2268 1298 2301 obiecta
1313 2296 1321 2309 ,
1349 2271 1392 2301 de
1409 2270 1539 2314 quibus
1560 2270 1659 2313 prius
1678 2270 1805 2303 dicam.

1265 2326 1415 2363 Obiecta
1435 2330 1531 2362 visus
1548 2330 1690 2374 propria
1709 2337 1792 2363 sunt
1810 2331 1869 2363 lux
1889 2338 1921 2364 et
1935 2332 2048 2367 color.
2078 2331 2158 2366 Ob-

1161 2380 1290 2414 iectum
1309 2381 1452 2414 auditus
1470 2382 1570 2422 soni,
1597 2393 1748 2426 quorum
1770 2382 2010 2426 appellatione
2036 2391 2067 2418 et
2093 2397 2157 2418 vo-

1159 2444 1233 2464 cem
1264 2433 1505 2472 articulatam,
1549 2434 1767 2473 orationem,
1812 2440 1845 2466 et
1874 2434 2014 2477 singula
2049 2436 2156 2470 verba

1449 2482 1640 2517 Obiectum
1675 2484 1842 2525 olfactus,
1877 2487 1978 2521 odor.
2041 2486 2155 2522 Obie-

1158 2541 1251 2568 ctum
1272 2543 1414 2578 gustus,
1441 2546 1556 2578 sapor.
1611 2532 1804 2569 Obiectum
1832 2543 1962 2580 tactus,
1999 2545 2155 2583 quatuor

1129 2587 1290 2629 *primae
1320 2586 1523 2632 qualitates:
1558 2586 1738 2625 caliditas,
1772 2588 1968 2631 frigiditas,
2003 2590 2151 2628 siccitas,

1129 2628 1130 2639 ¹
1156 2635 1369 2678 humiditas,
1398 2643 1429 2670 et
1446 2637 1578 2671 multae
1595 2638 1638 2671 ab
1658 2634 1713 2670 his
1730 2645 1844 2680 ortae,
1873 2652 2047 2685 asperum.
2077 2642 2150 2684 gla-

1028 2688 1104 2722 Hae
1128 2707 1129 2711 =

1153 2688 1269 2724 hrum.
