2379 2948
218 82 291 120 895

221 178 319 208 tum,
354 176 518 199 mansura
550 168 599 194 est
628 164 793 204 perpetua
818 157 959 191 vastitas
985 164 1017 190 et
1043 157 1209 190 solitudo.

224 219 415 263 Nunquam
439 211 671 248 sacerdotium
692 209 911 247 Leviticum,
947 220 1126 252 uunquam
1154 219 1209 239 re-

226 282 335 315 gnum
351 274 410 301 aut
427 263 643 310 principatus
661 261 766 299 Iuda,
795 271 977 304 nunquam
996 258 1118 302 politia
1130 257 1212 291 Mo-

228 322 336 360 saica‚
379 326 560 359 nunquam
599 313 720 346 civitas
756 310 968 355 lerosolyma
1000 309 1211 342 restituetur.
1240 322 1241 326 ¹

229 372 298 406 Sed
322 376 359 402 ut
387 366 498 400 Oseas
525 364 660 409 inquit,
689 362 853 405 deinceps
878 361 1010 393 (ientes
1035 360 1214 392 vocabun-

228 430 287 455 tur
312 421 355 453 ad
383 417 582 451 societatem
608 414 728 458 populi
748 412 832 453 Dei,
859 410 1045 455 Eruntque
1064 409 1216 454 populus

229 472 313 511 Dei,
340 480 479 508 omnes,
506 466 567 510 qui
582 464 814 508 Evangelium
832 462 981 496 Blessiae
1000 461 1216 505 amplecten-

229 531 306 561 tur,
334 527 373 554 ut
389 519 494 553 Rom.
509 517 543 550 9.
561 523 594 549 et
616 516 669 549 10.
689 515 832 548 dicitur.

333 570 479 605 Constat
502 567 650 601 ludaeos
677 572 752 609 post
769 564 892 597 Titum
911 562 1097 607 aliquoties
1113 572 1217 594 cona-

232 633 286 658 tos
311 634 383 656 esse
407 632 505 654 suam
531 618 689 662 politiam
714 616 907 649 restituere.
962 614 1037 647 Sub
1059 611 1218 646 Adriano

234 678 447 709 convenerat
472 669 663 702 multitudo
693 665 904 699 Iudaeorum
929 665 1087 709 undique
1112 662 1221 695 colle-

234 734 307 763 cta,
335 731 368 756 et
391 721 538 766 patriam
562 718 667 752 armis
689 717 890 749 invadebat:
920 717 979 747 sed
997 715 1041 748 ab
1061 713 1221 747 Adriano

234 775 419 821 profligata
453 778 485 804 et
516 770 628 803 deleta
661 774 721 800 est.

235 823 430 861 Christiani
449 820 604 854 nominis
620 818 789 851 concessit
808 816 945 849 ludaeis
961 815 1222 849 rursus‘urbem

236 886 270 911 et
294 875 465 918 templum
490 872 652 904 condere.
708 868 887 901 incoatum
914 874 963 901 est
981 878 1087 911 opus,
1116 866 1225 898 colle-

237 938 290 963 cta
322 924 456 969 ingenti
479 921 643 967 pecunia:
688 921 748 952 sed
771 926 882 952 terrae
907 925 1002 951 motu
1030 916 1225 950 aedificatio

237 978 404 1022 impedita
431 981 498 1011 est,
527 979 560 1006 et
579 983 703 1014 magna
722 970 913 1003 multitudo
930 966 1117 1002 hominnm
1137 967 1228 1000 saxis

239 1038 274 1063 et
293 1027 481 1062 ruderibus
497 1023 666 1069 quassatis
683 1033 848 1064 oppressa
865 1026 926 1054 est.
979 1019 1106 1052 Narrat
1122 1018 1228 1051 etiam

240 1079 482 1115 Nazianzenus
508 1073 634 1118 passim
659 1072 815 1105 vestibus
834 1070 954 1114 populi
974 1070 1100 1113 figuras
1116 1068 1229 1102 crucis

241 1130 442 1176 prodigiose
461 1127 645 1169 impressas
665 1135 747 1155 esse.
799 1120 988 1156 Absterriti
1008 1132 1089 1162 ergo
1109 1118 1231 1153 Iudaei

242 1180 451 1215 coelestibus
466 1177 575 1220 signis
592 1175 769 1207 incoatum
787 1184 874 1216 opus
892 1173 1125 1216 reliquerunt,
1149 1170 1231 1215 quia

240 1232 338 1267 Deus
371 1228 546 1268 decrevit,
590 1238 633 1258 ne
668 1224 790 1267 politia
823 1222 965 1256 Iudaica
998 1222 1232 1255 restistuatur.

244 1283 333 1316 'Vult
360 1279 514 1323 conspici
546 1275 743 1319 exemplum
769 1275 839 1307 irae
864 1275 907 1306 ab
929 1273 1095 1306 omnibus
1120 1271 1233 1315 genti-

243 1335 328 1373 bus,
362 1331 455 1376 quod
480 1329 562 1362 Filii
596 1332 812 1359 contemtum
838 1322 1073 1358 horribilibus
1097 1321 1234 1367 suppli-

246 1385 308 1418 ciis
343 1382 478 1425 puniat.
537 1378 624 1411 Vult
653 1377 756 1409 etiam
782 1375 953 1418 sepultam
979 1386 1052 1407 esse
1074 1373 1234 1416 politiam

247 1434 374 1473 Moisi‚
402 1444 446 1464 ne
463 1429 690 1463 confirmetur
704 1426 825 1467 opinio
843 1427 885 1458 de
902 1424 1129 1457 ceremoniis:
1157 1421 1234 1456 Ho-

249 1486 363 1518 mines
380 1483 453 1525 lege
470 1493 529 1514 seu
546 1477 754 1512 ceremoniis
771 1477 880 1509 iustos
898 1487 982 1509 esse.

343 1571 386 1602 El
414 1563 650 1612 confirmabit
670 1566 828 1607 pactum
850 1572 915 1594 seu
937 1564 1143 1594 testamen-

620 1619 701 1647 tum
724 1613 867 1646 multis.

353 1681 754 1725 Addit‘declaravtionem
769 1678 942 1721 superiori
956 1677 1130 1717 concioni,
1158 1676 1240 1722 quia

251 1752 325 1775 non
348 1738 430 1771 satis
456 1741 505 1768 est
532 1734 574 1766 de
597 1738 709 1764 morte
729 1728 864 1763 Christi
883 1735 917 1761 et
935 1730 976 1761 de
995 1729 1100 1761 exitio
1121 1727 1241 1771 populi

252 1793 379 1826 dicere.
421 1785 597 1820 Addenda
623 1789 705 1815 sunt
721 1782 824 1814 etiam
845 1779 1044 1813 testimonia
1063 1779 1106 1811 de
1126 1789 1242 1811 resur-

253 1842 428 1878 rectione,
456 1838 498 1869 de
525 1846 632 1876 regno
652 1840 683 1866 et
701 1834 743 1865 de
760 1831 939 1865 beneficiis
955 1827 1098 1863 Christi.
1154 1828 1242 1862 Item

255 1896 298 1925 de
327 1889 486 1933 reliquiis
512 1885 652 1930 populi,
688 1895 777 1928 quae
803 1882 1018 1921 liberantur,
1053 1880 1142 1914 sicut
1167 1891 1244 1912 cae-

255 1943 321 1977 teri
349 1936 546 1982 Prophetae
570 1936 824 1979 promiserunt,
851 1939 890 1965 ut
907 1931 1028 1965 Esaias
1051 1931 1115 1964 ait:
1142 1929 1244 1964 Reli-

258 1993 359 2039 quias
383 1990 495 2023 salvas
519 1987 612 2025 fore,
646 1983 712 2017 hoc
736 1991 803 2023 est,
840 1995 910 2015 non
937 1981 1136 2026 pontifices,
1171 1993 1245 2014 non

257 2043 456 2089 principes,
498 2049 570 2070 non
602 2036 712 2069 robur
742 2034 885 2078 populi,
918 2035 977 2066 sed
1009 2039 1146 2066 coetum
1174 2032 1246 2065 exi-

259 2106 365 2139 guum
388 2099 420 2125 et
439 2095 604 2134 spretum.

362 2139 580 2176 Cohorresco
598 2137 739 2169 intuens
756 2132 822 2167 hoc
838 2142 907 2167 tam
925 2133 1022 2167 triste
1038 2134 1248 2177 exemplum,

261 2195 334 2230 Cur
355 2192 552 2236 gloriantur
576 2187 684 2220 nostri
704 2185 885 2229 pontifices
903 2196 937 2217 se
954 2196 1025 2217 esse
1044 2184 1249 2226 Ecclesiam,

263 2259 335 2280 nou
361 2255 458 2287 posse
477 2250 620 2285 prorsus
636 2237 739 2270 abiici
759 2249 859 2269 suum
879 2235 1041 2268 coetum?
1093 2234 1166 2268 Cur
1186 2248 1248 2268 nos

263 2296 474 2331 confidimus
504 2297 648 2335 propter
675 2287 924 2331 professionem
951 2297 1022 2318 esse
1046 2285 1137 2318 filios
1160 2285 1250 2319 Dei'?

266 2348 305 2382 Si
326 2358 398 2380 non
415 2342 569 2389 pepercit
584 2341 681 2375 Deus
699 2338 845 2382 posteris
863 2334 1026 2370 Abrahae
1045 2342 1076 2369 et
1092 2334 1251 2380 Prophe-

265 2406 381 2432 tarum
416 2402 447 2429 et
480 2394 649 2428 aliorum,
684 2390 743 2434 qui
778 2400 832 2421 res
864 2387 1031 2420 maximas
1055 2395 1250 2430 gesserunt:

266 2449 350 2492 quid
376 2448 433 2480 fiet
456 2446 498 2478 de
525 2442 655 2476 nostris
673 2440 913 2485 pontificibus,
941 2438 1001 2483 qui
1017 2436 1251 2480 Evangelium

268 2495 525 2531 contemnunt?
579 2492 676 2535 Quid
706 2493 748 2524 de
774 2491 897 2529 nobis,
940 2490 968 2522 si
991 2488 1253 2532 indulgebimus

268 2548 385 2592 pravis
417 2544 684 2589 cupiditatibus,
728 2540 937 2581 ambitioni,
981 2539 1103 2578 livori,
1139 2540 1253 2572 avari-

268 2599 360 2637 ciae,
385 2596 501 2635 luxui,
531 2602 563 2628 et
587 2601 722 2628 tantum
751 2598 894 2637 propter
920 2590 1169 2635 professionem
1197 2603 1252 2624 ar-

269 2648 472 2693 rogabimus
490 2645 593 2678 nobis
610 2651 795 2687 augustum
813 2642 990 2676 Ecclesiae
1007 2641 1161 2676 titulum.

815 70 940 107 PIIIL.
968 68 1087 105 MEL.
1117 68 1327 106 SCRIPTA
1356 70 1658 106 EXEGETICA.

2174 70 2246 105 896

1367 156 1424 191 Sic
1442 163 1556 190 antem
1579 156 1695 201 inquit
1714 154 1886 199 Angelus:

1323 223 1562 272 Consimnabit
1584 226 1747 258 Messias
1776 228 2046 267 testamentum
2070 225 2200 257 multis

1588 287 1665 309 ιιηα
1690 274 1926 309 hebdomade.

1372 343 1410 376 ld
1443 350 1512 384 est,
1547 342 1726 376 Postrema
1761 339 1983 374 hebdomade
2008 339 2124 384 palam
2149 336 2255 372 Chri-

1269 401 1342 428 stus
1369 392 1602 437 Evangelium
1638 392 1872 436 praedicabit,
1907 392 2011 425 addet
2044 389 2256 429 testimonia,

1270 445 1410 478 vocabit
1439 445 1569 478 multos
1595 447 1636 476 ad
1662 442 1893 486 Evangelium
1922 449 1954 475 et
1979 441 2070 475 vitae
2096 446 2257 473 aeternae

1272 496 1490 534 societatem,
1524 496 1581 528 fiet
1607 496 1765 534 victima,
1800 502 1832 528 et
1857 493 2078 527 resuscitatus
2105 490 2259 524 incoabit

1272 559 1420 589 regnum
1440 553 1637 587 aeternum,
1666 546 1823 578 ostendet
1843 557 1877 578 se
1895 557 1966 577 esse
1983 545 2139 576 datorem
2158 541 2259 573 iusti-

1274 599 1346 630 ciae
1372 604 1404 630 et
1425 596 1516 629 vitae
1541 603 1722 636 aeternae,
1751 597 1864 629 mittet
1882 594 2072 639 Apostolos
2096 593 2137 625 ad
2160 591 2260 624 colli-

1275 649 1424 692 gendam
1442 645 1635 680 Ecclesiam
1648 674 1656 687 ,
1684 647 1833 680 donabit
1850 658 1906 679 eos
1926 645 2064 689 Spiritu
2081 649 2210 676 sancto.

1379 704 1475 738 Haec
1499 705 1583 737 fient
1607 705 1644 737 in
1669 705 1853 737 dimidiata
1877 702 2117 741 hebdomade,
2143 701 2178 733 id
2202 707 2264 740 est,

787 766 911 799 Postea
949 765 1107 799 lulianus
1140 764 1222 797 odio
1248 754 1251 786 l
1277 769 1349 790 non
1373 755 1540 789 consectis
1564 756 1667 788 annis
1692 762 1831 799 septem.
1876 754 1965 787 Nam
1988 766 2006 786 a
2025 751 2160 786 Christi
2178 752 2264 795 bap-

1277 809 1381 842 tismo
1407 807 1450 839 ad
1473 806 1767 839 resurreetionem
1792 812 1873 838 sunt
1893 805 1978 837 anni
1994 811 2064 837 tres
2083 810 2114 837 et
2130 803 2264 847 aliquot

1279 870 1426 891 menses.
1492 857 1637 890 Accedit
1672 864 1704 890 et
1733 864 1870 900 tempus
1894 855 2134 895 Pentecostes,
2172 853 2265 886 intra

1280 908 1348 943 hoc
1371 916 1509 952 tempus
1535 914 1674 951 pactum
1698 907 1941 940 confirmatum
1966 913 2034 946 est,
2060 905 2096 937 id
2114 912 2181 944 est,
2208 915 2266 936 ex-

1281 959 1414 994 hibitae
1436 966 1517 992 sunt
1536 959 1786 1002 promissiones
1806 958 1889 991 novi
1907 956 2142 995 Testamenti,
2166 965 2268 998 prae-

1282 1011 1438 1044 dicatum
1464 1008 1697 1052 Evangelium
1730 1010 1773 1042 de
1802 1008 2007 1042 remissione
2036 1012 2269 1050 peccatorum,
2312 1002 2316 1006 ”

1283 1061 1398 1095 Filius
1420 1059 1488 1094 Dei
1509 1060 1618 1093 factus
1642 1067 1690 1093 est
1715 1059 1874 1098 victima,
1902 1057 2125 1092 resuscitatus
2149 1056 2271 1088 incoa-

1285 1113 1334 1145 vit
1368 1124 1515 1154 reguum
1548 1118 1750 1149 aeteruum,
1793 1111 1888 1143 misit
1920 1108 2129 1152 Apostolos,
2172 1105 2271 1139 dedit

1286 1163 1458 1207 Spiritum
1499 1168 1677 1200 sanctuni,
1723 1161 1836 1204 coepit
1875 1160 2038 1202 colligere
2077 1157 2270 1192 Ecclesiam

1287 1226 1391 1258 quam
1409 1213 1618 1253 sanctificat,
1647 1213 1837 1255 gubernat,
1866 1219 1897 1244 et
1914 1212 2109 1244 donaturus
2125 1215 2175 1242 est
2191 1207 2271 1246 vita,

1287 1265 1382 1304 luce,
1427 1263 1582 1304 iusticia,
1626 1263 1736 1306 gloria
1772 1270 1922 1297 aeterna.
1999 1260 2094 1294 Haec
2130 1258 2272 1303 propria

1289 1313 1423 1348 Christi
1454 1326 1558 1358 opera
1591 1321 1624 1347 et
1650 1314 1818 1347 beneficia
1844 1319 1944 1346 vocat
1969 1307 2273 1345 confirmationem

1288 1365 1401 1410 pacti,
1429 1365 1463 1397 id
1490 1371 1556 1405 est,
1584 1362 1836 1397 exhibitionem
1863 1361 2157 1407 promissionum,
2186 1370 2274 1405 quae

1290 1422 1371 1449 suut
1401 1416 1510 1448 factae
1541 1415 1582 1446 ad
1606 1413 1728 1448 Patres
1757 1421 1789 1447 et
1816 1411 2026 1456 Prophetas,
2070 1412 2158 1444 sicut
2182 1409 2276 1453 apud

1292 1466 1475 1500 Ieremiam
1504 1465 1633 1498 dicitur
1657 1477 1732 1508 cap.
1750 1466 1827 1499 31.:
1856 1463 1946 1497 Ecce
1965 1464 2038 1495 dies
2057 1463 2217 1500 venient,
2244 1466 2279 1492 et

1292 1507 1415 1550 seriain
1446 1528 1524 1548 cum
1558 1516 1662 1548 domo
1689 1515 1798 1548 lsrael
1831 1521 1971 1557 pactum
1999 1525 2150 1553 novum,
2186 1511 2277 1544 dabo

1294 1568 1403 1610 legem
1419 1578 1530 1598 meam
1546 1566 1583 1598 in
1597 1566 1703 1598 corda
1717 1577 1851 1606 eorum,
1880 1576 1938 1598 ero
1948 1563 2043 1598 Deus
2055 1575 2175 1597 eorum
2189 1568 2254 1595 etc.

1396 1625 1449 1658 De
1473 1623 1540 1658 boc
1563 1625 1638 1668 ipso
1662 1626 1821 1664 foedere,
1848 1625 1943 1670 quod
1960 1624 1997 1656 in
2017 1620 2202 1666 Prophetis
2220 1633 2279 1654 co-

1297 1678 1392 1722 piose
1424 1676 1655 1716 describitur,
1691 1675 1867 1719 Angelum
1891 1675 1991 1720 loqui
2013 1672 2105 1707 nihil
2129 1673 2280 1707 dubium

1296 1735 1359 1768 est,
1387 1739 1465 1760 cum
1483 1727 1547 1759 ait:
1577 1727 1810 1760 Confirmabit
1828 1733 1966 1771 pactum
1981 1738 2040 1759 seu
2056 1725 2179 1758 foedus
2189 1723 2281 1756 mul-

1296 1780 1350 1813 tis.
1413 1777 1484 1810 lam
1510 1777 1588 1821 pius
1612 1778 1720 1810 lector
1746 1778 2016 1821 promissionem
2042 1775 2226 1818 Evangelii
2248 1781 2282 1808 et

1297 1831 1389 1862 vitae
1404 1834 1571 1861 -aeternae
1597 1829 1713 1861 datam
1739 1828 1821 1861 inde
1840 1840 1948 1873 usque
1966 1829 2009 1860 ab
2025 1827 2128 1860 initio
2144 1825 2282 1868 cogitet,

1298 1888 1334 1914 ut
1354 1879 1521 1913 beneficia
1538 1878 1620 1912 Filii
1639 1877 1705 1911 Dei
1722 1879 1908 1922 diligenter
1924 1884 2060 1921 reputet
2079 1877 2215 1913 animo,
2244 1882 2282 1908 ut

1299 1937 1464 1974 agnoscat
1488 1936 1520 1963 et
1546 1941 1625 1962 vere
1651 1929 1789 1963 invocet
1813 1928 1908 1963 hunc
1927 1928 2114 1969 Messium,
2140 1935 2172 1962 et
2194 1927 2283 1960 libe-

1300 1982 1439 2016 ratione
1455 1992 1516 2025 per
1534 1992 1612 2014 eum
1631 1981 1760 2014 donata
1775 1981 1925 2014 fruatur.

1362 2101 1407 2133 Et
1429 2101 1468 2134 in
1490 2096 1646 2133 dimidio
1669 2096 1911 2131 hebdomadis
1936 2108 2083 2131 cessare
2106 2095 2227 2142 faciet

1558 2148 1719 2183 lzostz'am
1739 2153 1775 2182 et
1794 2148 2029 2183 oblationem.

1406 2222 1441 2258 O
1463 2225 1561 2258 triste
1586 2225 1811 2264 vaticinium,
1845 2225 1980 2258 tristem
2004 2235 2124 2257 vocem
2149 2222 2287 2257 Iudaeis

1305 2276 1549 2320 ignorantibus
1567 2273 1821 2318 Evangelium,
1848 2281 1882 2308 et
1904 2274 2162 2308 admirantibus
2183 2280 2287 2317 atque

1304 2327 1505 2361 amantibus
1529 2337 1606 2359 suas
1629 2326 1866 2366 ceremonias,
1894 2332 1927 2359 et
1952 2325 2039 2359 ritus
2061 2323 2287 2368 pulcerrimos

1306 2391 1323 2411 a
1344 2377 1418 2411 Deo
1442 2377 1609 2417 traditos,
1637 2384 1814 2410 tantorum
1831 2374 2087 2420 Prophetarum
2106 2382 2138 2408 et
2156 2375 2288 2407 ducum

1306 2428 1560 2462 consuetudine
1577 2429 1837 2472 comprobatos.
1864 2428 2034 2460 Amamus
2052 2425 2144 2457 enim
2158 2425 2287 2468 patrios

1307 2491 1440 2519 rnoreS‚
1466 2485 1501 2512 et
1519 2490 1619 2521 aegre
1635 2479 1780 2512 serimus
1798 2491 1855 2511 eos
1871 2477 1968 2511 reiici
1984 2488 2022 2510 ac
2035 2476 2207 2510 damnari.

1409 2537 1479 2572 Sed
1503 2536 1647 2571 Danieli
1677 2545 1710 2572 et
1736 2538 1803 2582 piis
1826 2535 2104 2578 intelligentibus
2126 2533 2288 2579 Evange-

1307 2590 1395 2623 lium
1420 2588 1617 2632 gratissima
1639 2596 1690 2622 est
1714 2587 1798 2621 haec
1821 2599 1886 2620 vox
1902 2586 2049 2629 Angeli‚
2080 2598 2168 2631 quae
2184 2593 2287 2620 testa-

1307 2647 1365 2675 tur
1397 2640 1495 2684 prius
1524 2640 1738 2673 ceremonias
1770 2638 1847 2671 illas
1878 2637 1986 2670 fuisse
2010 2638 2105 2679 sigua
2131 2644 2164 2671 et
2189 2645 2287 2682 typos
