2379 2948
98 119 193 154 1349

203 204 363 238 Primum
395 205 509 246 enim,
545 218 623 239 cum
660 206 750 239 ratio
776 206 872 240 videt
898 207 1091 249 potentiam

97 257 289 300 impiorum
310 257 345 289 in
365 258 509 297 mundo,
538 269 615 289 cum
634 258 726 290 videt
745 257 954 290 afflictiones
971 265 1004 291 et
1020 258 1092 290 exi-

97 315 153 341 tus
177 308 325 350 tragicos
350 308 512 352 piorum,
539 308 754 352 obstupescit
781 315 811 342 et
837 308 961 351 incipit
985 321 1090 354 quae·
1118 311 1119 315 ’

97 371 191 398 rere,
226 371 269 390 au
294 357 387 391 Deus
413 365 509 391 curet
538 371 591 391 res
619 356 803 394 humanas.
876 358 959 392 Ideo
987 361 1090 403 plena

96 417 177 442 sunt
195 410 354 454 poemata
372 406 436 442 bac
455 410 686 448 dubitatione,
716 418 753 444 ut
771 411 864 454 apud
878 409 1089 454 Virgilium:

301 462 351 492 An
370 470 398 492 te
413 465 547 502 genitor,
576 475 644 493 cum
659 465 787 493 fulmina
803 471 935 505 torques,

247 513 456 555 Nequicquam
475 512 657 544 horremus?

198 569 249 603 Ac
266 571 377 605 multo
394 571 503 614 magis
521 571 689 616 expressit
705 568 796 604 hanc
815 572 1087 606 admirationem

94 621 292 655 dubitantis
309 629 340 656 et
356 622 635 665 obstupescentis
650 623 758 655 animi
770 621 981 668 Euripides,
1008 637 1086 657 cum

94 672 157 706 ait:
189 673 285 715 Quid
302 673 395 706 dices
413 672 557 714 deDeo,
585 686 663 707 cum
682 674 799 706 videas
816 674 883 706 iam
903 672 989 715 huc,
1018 675 1086 708 iam

93 723 179 756 illuc
201 724 283 756 ferri
310 724 449 765 divina,
477 731 510 758 et
535 731 681 759 eventus
700 725 856 759 accidere
877 725 1029 759 incertos
1048 739 1086 760 ac
1114 730 1115 735 ’

95 781 231 818 praeter
246 774 430 810 rationem.

196 833 267 867 Nec
286 840 447 878 putemus
465 835 588 868 leviter
605 835 756 869 exerceri
775 835 912 869 animos
932 833 996 869 bac
1013 837 1083 869 dis·
1112 839 1113 844 ’

92 885 285 929 putatione.
339 883 408 918 Sed
432 888 583 920 secunda
611 887 722 920 multo
749 895 798 921 est
823 888 959 920 durior.

92 936 153 969 vid
176 936 382 979 obiurgatus
404 949 422 970 a
440 935 582 971 Nathan
605 950 684 971 vere
703 939 806 972 sentit
826 937 940 972 Deum
961 951 1083 972 curare

92 999 147 1020 res
178 984 370 1027 humanas,
407 989 467 1021 sed
501 989 569 1021 iam
604 996 747 1033 propter
774 998 954 1034 peccatum
980 1001 1082 1023 suum

93 1039 267 1080 disputat,
295 1051 339 1071 an
357 1037 452 1073 Deus
478 1040 638 1074 reiecerit
661 1040 797 1085 ipsum,
825 1053 868 1074 an
887 1053 1008 1074 rursus
1025 1053 1083 1073 ex-
1110 1064 1111 1072 1

91 1090 277 1122 auditurus
294 1091 338 1123 sit
357 1102 446 1123 euni.

196 1147 332 1182 llorum
368 1157 542 1184 terrorum
575 1151 856 1195 magnitudinem
886 1151 958 1196 ipse
983 1163 1082 1195 saepe

92 1199 260 1234 describit
278 1200 312 1232 in
325 1199 485 1242 Psalmis,
514 1209 566 1235 ut:
596 1202 676 1236 Non
694 1209 742 1236 est
761 1215 825 1246 pax
842 1204 978 1236 ossibus
998 1203 1083 1236 meis

92 1264 110 1284 a
137 1251 224 1284 facie
249 1259 469 1295 peccatorum
494 1265 672 1293 meorum,
700 1260 733 1287 et
757 1251 941 1287 Ezechias:
971 1253 1082 1296 Quasi

92 1303 148 1335 leo
179 1302 346 1336 contrivit
377 1304 496 1336 omnia
525 1316 600 1337 ossa
626 1316 712 1340 mea.
781 1304 851 1338 Nec
878 1305 977 1349 pauci
1003 1317 1083 1338 suc-

92 1353 266 1387 cumbunt
297 1353 334 1386 in
365 1351 431 1387 boc
461 1355 668 1395 certamine,
705 1356 863 1398 oppressi
894 1363 1082 1399 conspectu

90 1404 221 1449 peccati
247 1411 280 1437 et
303 1403 374 1437 irae
391 1404 476 1446 Dei,
502 1405 591 1438 sicut
609 1405 716 1445 Saul,
744 1412 777 1439 et
797 1406 856 1438 alii
876 1406 1082 1439 innumera-

91 1455 191 1490 biles,
243 1453 343 1488 Alias
366 1463 482 1489 autem
512 1456 621 1500 magis
645 1456 795 1490 sentitur
819 1454 903 1490 haec
924 1457 1083 1498 tentatio,

92 1506 179 1539 alias
209 1506 345 1539 minus:
392 1507 451 1540 sed
478 1513 594 1540 tamen
619 1519 757 1552 semper
783 1509 878 1541 adest
906 1508 1081 1542 dubitatio

93 1557 130 1589 in
154 1557 315 1589 omnium
339 1557 484 1596 animis,
512 1570 601 1603 quae
624 1570 658 1591 se
675 1559 783 1592 exerit
799 1559 949 1592 maxime
967 1559 1003 1591 in
1024 1571 1084 1591 ve-

90 1608 140 1641 ris
156 1607 354 1641 doloribus:
382 1608 431 1641 ibi
449 1621 527 1642 cum
545 1609 598 1642 lex
615 1609 718 1642 etiam
735 1617 872 1643 accusat
887 1621 969 1651 nos,
997 1622 1084 1643 con-

92 1659 253 1692 firmatur
283 1659 477 1698 dubitatio,
513 1667 546 1694 et
578 1660 729 1694 deterret
762 1673 780 1693 a
806 1661 873 1693 fide
900 1667 932 1694 et
958 1673 976 1694 a
1003 1673 1084 1694 vera

92 1710 327 1744 invocatione.

193 1768 289 1803 Haec
322 1776 460 1814 peccata
492 1777 593 1803 vocat
619 1769 750 1804 Paulus
774 1771 931 1804 Affectus
964 1783 1085 1816 pecca-

92 1828 229 1861 torum,
258 1821 318 1866 qui
346 1832 407 1865 per
430 1821 540 1864 legem
561 1828 660 1854 erant
679 1822 843 1854 efficaces.
899 1821 987 1855 Nam
1005 1835 1082 1855 cnm

94 1872 148 1904 lex
181 1878 318 1905 accusat
349 1871 618 1911 conscientiam,
654 1872 743 1914 fugit
766 1871 879 1906 Deum
910 1881 944 1907 et
968 1874 1083 1906 fremit
1110 1915 1111 1918 Ἴ

93 1924 261 1956 adversus
284 1921 417 1956 Deum:
456 1936 528 1957 non
561 1925 666 1956 audet
698 1930 815 1967 petere
847 1931 879 1957 et
905 1931 1084 1969 expectare
1110 1963 1111 1970 ἵ

93 1974 241 2016 gratiam
267 1981 299 2008 et
323 1974 516 2015 auxilium,
543 1974 622 2008 ideo
644 1975 783 2007 animus
799 1982 857 2009 aut
876 1976 977 2008 tacita
996 1988 1085 2020 qua-

94 2027 195 2065 dam,
226 2032 284 2059 aut
314 2025 498 2059 manifesta
526 2026 770 2070 desperatione
793 2026 931 2072 quaerit
953 2027 1084 2060 auxilia

95 2083 125 2108 et
147 2076 317 2118 praesidia
335 2083 456 2109 contra
474 2076 780 2111 voluntatemDei.

95 2127 261 2161 oriuntur
277 2124 483 2161 hominibus
500 2128 610 2162 multa
629 2128 784 2171 ingentia
805 2129 906 2162 mala.

199 2193 323 2228 Tertio
345 2194 448 2229 etiam
466 2207 545 2228 cum
562 2195 679 2240 aliqua
696 2196 938 2229 consolatione
955 2208 989 2230 se
1010 2209 1085 2231 sus—

97 2253 208 2280 tentat
234 2246 393 2286 animus,
421 2252 454 2279 et
476 2246 601 2290 incipit
618 2258 757 2289 sperare
775 2248 940 2289 gratiam:
967 2255 1084 2281 tamen

98 2310 199 2341 saepe
224 2297 279 2337 fit,
306 2304 344 2330 ut
368 2309 464 2329 mora
491 2304 522 2330 et
548 2298 672 2330 dilatio
696 2298 818 2331 auxilii
844 2310 965 2332 rursus
984 2312 1085 2333 excu-

100 2350 160 2382 tiat
177 2348 455 2381 consolationem
471 2355 505 2381 et
519 2349 599 2381 fidei
618 2349 735 2390 initia,
762 2356 795 2383 et
811 2351 946 2383 adferat
964 2352 1086 2396 despe-

100 2399 274 2433 rationem
294 2406 327 2432 et
344 2399 643 2441 indignationem,
670 2401 758 2433 sicut
776 2401 986 2435 describitur
1004 2400 1088 2435 haec

102 2450 251 2485 tentatio
275 2449 348 2484 Iob.
365 2450 441 2483 30.:
470 2448 704 2494 Expectabam
724 2452 816 2486 bona
829 2479 838 2492 ,
864 2459 897 2486 et
916 2461 1087 2487 venerunt

102 2499 192 2535 mihi
218 2502 328 2534 mala:
356 2502 577 2545 expectabam
601 2502 714 2535 lucem
738 2510 771 2536 et
795 2511 969 2538 venerunt
991 2511 1089 2538 tene-

102 2554 200 2587 brae.
252 2551 299 2586 Hi
319 2559 435 2586 motus
452 2552 489 2585 in
504 2553 632 2585 animis
648 2554 772 2598 quanti
788 2556 856 2588 siut
868 2582 876 2594 ‚
901 2567 1008 2590 nemo
1026 2568 1090 2600 po-

103 2611 165 2637 test
191 2605 307 2637 verbis
330 2603 466 2649 eloqui,
492 2604 554 2636 etsi
578 2604 827 2640 describuntur
845 2606 965 2650 aliquo
986 2609 1090 2640 modo

107 2656 141 2688 in
154 2653 351 2700 Prophetis,
381 2663 413 2688 et
429 2655 672 2697 significantur
690 2655 726 2689 in
743 2659 991 2691 communibus
1007 2671 1090 2702 qne-

106 2707 188 2739 relis
204 2706 364 2741 omnium
383 2706 627 2740 excellentium
646 2704 847 2742 hominum.
901 2709 972 2743 Sed
987 2707 1092 2743 Chri-

712 120 772 154 lx.
827 119 1191 156 COMMENJARH
1232 122 1279 156 {N
1318 123 1558 161 PSALMOS.

1012 886 1085 921 Da·
1112 912 1113 915 η

833 2076 887 2110 Ex
904 2074 972 2111 hoc
989 2078 1085 2112 fonte
1110 2065 1112 2085 Ἰ

2047 135 2144 169 1350

1146 208 1279 242 stianae
1303 211 1431 244 mentis
1459 219 1525 254 est,
1560 210 1686 247 horum
1712 216 1946 250 certaminum
1972 231 2044 252 non
2069 232 2140 254 esse

1146 260 1292 292 omnino
1315 264 1446 294 rudem.

1118 335 1119 366 3
1246 320 1426 354 Adversus
1460 319 1523 355 hos
1558 323 1717 365 ingentes
1748 331 1864 358 motus
1887 338 1957 360 una
1981 327 2079 361 firma
2106 337 2138 364 et

1118 367 1119 382 ¹
1145 370 1264 403 efficax
1295 372 1488 406 consolatio
1523 381 1572 407 est
1605 375 1671 418 piis
1702 387 1783 408 vere
1815 388 2002 419 agnoscere
2031 376 2136 412 Chri-

1117 448 1118 452 ,
1144 428 1256 461 stum,
1286 428 1317 455 et
1341 430 1536 457 sustentare
1560 437 1594 458 se
1616 426 1849 469 promissione
1868 427 1952 468 Dei,
1980 437 2012 463 et
2028 428 2133 463 Chri-

1144 472 1185 505 sti
1214 472 1370 508 victoria.
1426 473 1465 506 In
1495 472 1561 508 boc
1585 477 1677 509 enim
1704 489 1785 510 vere
1807 489 1841 511 se
1863 477 1957 514 Deus
1982 482 2132 515 manife-

1141 524 1266 563 stavit,
1291 531 1322 557 et
1340 525 1500 567 patefecit
1519 535 1666 567 certam,
1693 535 1804 562 ratam
1823 536 1855 563 et
1873 531 2130 566 immutabilem

1114 615 1116 624 ⁴
1143 575 1361 608 voluntatem
1387 587 1503 609 suam:
1531 584 1564 611 et
1586 578 1674 612 sicut
1699 577 1830 613 Paulus
1855 581 1992 626 inquit,
2022 582 2061 616 ln
2089 596 2129 617 eo

1115 634 1116 651 1
1141 633 1223 659 suut
1242 627 1412 671 propositi
1431 627 1534 662 nobis
1552 641 1674 662 omnes
1690 631 1808 663 arcani
1822 628 1977 666 thesauri
1992 634 2129 678 sapien-

1113 672 1116 684 ⁴
1141 677 1220 712 tiae.
1274 676 1317 711 Iu
1335 675 1430 712 hune
1449 679 1579 712 intueri
1601 681 1740 714 animus
1758 682 1875 716 debet.

1113 753 1114 794 1
1244 735 1293 770 Ita
1318 738 1453 783 primae
1471 739 1656 772 tentationi
1676 743 1932 776 occurrendum
1951 752 2019 782 est,
2047 746 2129 791 qnia

1113 802 1114 805 ¹
1140 788 1233 820 enim
1260 790 1403 822 donavit
1423 790 1524 822 nobis
1543 789 1637 823 Deus
1655 789 1808 832 Filium,
1836 801 1981 827 testatur
1996 807 2030 828 se
2049 809 2129 830 vere

1684 841 1826 885 Quanta
1857 846 2070 879 contumelia
2095 854 2128 881 et

1140 888 1356 934 blasphemia
1382 898 1449 930 cst,
1478 904 1637 925 accusare
1654 892 1787 934 Deum,
1816 897 1910 939 quod
1935 908 2008 928 non
2031 905 2127 931 curet

1110 971 1111 975 ,
1138 938 1323 975 homines?
1356 955 1434 975 cum
1468 950 1564 976 tanto
1598 945 1744 988 pignore
1775 952 1920 979 testatus
1953 947 1996 980 sit
2029 960 2126 981 suam

1110 1023 1111 1032 ,
1138 994 1391 1035 praesentiam,
1417 995 1497 1028 dato
1514 994 1628 1033 Filio,
1657 996 1779 1029 addito
1796 997 1903 1030 verbo
1922 999 2127 1033 confirmato

1138 1050 1189 1076 tot
1207 1044 1384 1077 miraculis
1403 1051 1466 1078 etc.

1111 855 1113 882 4
1139 839 1310 883 respicere
1339 848 1369 873 et
1403 853 1524 874 curare
1557 853 1630 877 nos,

1241 1103 1308 1136 Sed
1342 1104 1452 1147 prima
1484 1105 1629 1138 tentatio
1663 1105 1773 1147 magis
1803 1113 2010 1150 superatur,
2047 1121 2126 1143 cum

1137 1154 1332 1187 eluctamur
1356 1168 1394 1187 ex
1414 1157 1585 1188 secunda:
1615 1153 1671 1188 bic
1691 1168 1779 1200 opus
1795 1166 1844 1191 est
1859 1165 1976 1192 tenere
1993 1161 2126 1193 doctri—

1139 1218 1218 1237 nam
1230 1203 1432 1248 Evangelii,
1463 1208 1555 1251 quod
1573 1208 1618 1240 ob
1636 1204 1726 1240 banc
1743 1208 1853 1251 ipsam
1871 1221 2008 1243 causam
2020 1208 2126 1245 Chri—

1137 1263 1210 1289 stus
1236 1253 1412 1290 exhibitus
1434 1266 1465 1291 et
1487 1270 1607 1302 passus
1624 1257 1688 1297 sit,
1715 1266 1753 1292 ut
1770 1268 1868 1302 pater
1886 1262 1987 1294 nobis
2004 1263 2126 1296 remit-

1138 1314 1187 1340 tat
1220 1314 1377 1351 peccata,
1414 1315 1446 1342 et
1479 1310 1643 1342 exandiat
1669 1316 1700 1342 et
1726 1310 1833 1344 salvet
1859 1324 1939 1345 nos:
1974 1320 2007 1347 et
2031 1314 2125 1357 quod

1137 1355 1193 1390 hic
1212 1358 1255 1391 sit
1273 1369 1430 1392 summus
1449 1360 1562 1393 cultus
1579 1359 1664 1399 Dei,
1691 1357 1759 1394 troc
1775 1363 1934 1403 credere,
1962 1365 2128 1409 quodque

1138 1421 1217 1441 vere
1242 1407 1326 1443 baec
1349 1411 1554 1452 contingant
1574 1411 1677 1444 nobis
1696 1423 1769 1444 non
1787 1413 1872 1446 alibi
1889 1412 2003 1447 Deum
2021 1426 2126 1460 quae-

1138 1460 1317 1501 rentibus,
1353 1462 1412 1493 sed
1445 1462 1724 1495 sustentantibus
1755 1463 1893 1496 animos
1918 1465 1993 1509 ipso
2018 1466 2125 1498 verbo

1137 1508 1220 1550 Dei,
1258 1518 1289 1544 et
1314 1513 1577 1556 expectantibus
1603 1513 1774 1546 auxilium
1797 1526 1815 1547 a
1839 1513 1927 1551 Deo.
1979 1515 2127 1550 Etiamsi

1138 1561 1289 1596 incurrit
1316 1563 1352 1595 in
1375 1563 1496 1596 oculos
1520 1565 1726 1607 magnitudo
1752 1567 1880 1608 peccati
1904 1574 1937 1600 et
1959 1567 2030 1601 irae
2049 1566 2128 1608 Dei,

1138 1619 1253 1645 tamen
1278 1614 1459 1647 sciendum
1481 1622 1547 1653 est,
1574 1627 1745 1648 summam
1766 1618 2013 1650 contumeliam
2031 1619 2127 1652 futu—

1138 1675 1212 1696 ram
1236 1662 1398 1703 Christo,
1434 1665 1463 1697 si
1490 1678 1563 1697 eam
1590 1666 1768 1699 victimam
1796 1679 1867 1700 non
1892 1670 2127 1703 anteferamus

1141 1721 1277 1758 peccato
1303 1722 1434 1749 nostro.
1489 1714 1669 1751 Exuberat
1687 1718 1779 1750 enim
1798 1719 1906 1760 gratia
1923 1732 2028 1764 supra
2047 1733 2126 1764 pec-

1139 1772 1253 1798 catum
1268 1793 1275 1806 ,
1303 1765 1408 1800 Rom.
1423 1766 1474 1800 5.:
1502 1766 1665 1812 Denique
1683 1780 1763 1801 vera
1781 1767 1967 1812 Evangelii
1983 1779 2126 1805 senten·

1140 1816 1184 1850 tia
1210 1818 1251 1848 de.
1275 1818 1508 1860 promissione
1532 1819 1681 1861 gratuita
1706 1827 1736 1853 et
1764 1821 1975 1861 unixersali,
2012 1823 2048 1855 in
2072 1820 2128 1856 his

1140 1868 1305 1901 fluctibus
1329 1876 1448 1910 portus
1475 1881 1546 1902 esse
1570 1871 1689 1903 debet:
1726 1877 1758 1904 et
1784 1871 1820 1904 in
1848 1873 1907 1905 tali
1935 1874 2127 1907 tentatione

1139 1916 1171 1951 bi
1186 1931 1222 1951 ec
1241 1919 1312 1962 ipsa
1331 1918 1515 1963 Evangelii
1537 1922 1708 1954 sententia
1726 1922 1762 1954 fit
1783 1923 1885 1956 nobis
1906 1924 2089 1959 illustrior.

1242 1977 1385 2011 Tertiae.
1422 1980 1606 2013 tentationi
1649 1981 1753 2014 etiam
1795 1983 1954 2018 medetur
1995 1985 2126 2028 agnitio

1139 2026 1293 2069 Christi,
1326 2042 1403 2062 cum
1430 2031 1659 2072 intelligimus
1682 2032 1751 2065 iam
1775 2032 1890 2067 Deum
1917 2035 2005 2068 velle
2031 2048 2127 2070 exer-

1140 2093 1215 2112 cere
1247 2078 1440 2114 Ecclesiam
1471 2083 1743 2122 afflictionibus,
1779 2091 1810 2117 et
1839 2093 1877 2119 ut
1901 2085 2031 2120 Paulus
2065 2087 2127 2128 ait,

1141 2129 1316 2173 Oportere
1336 2145 1397 2167 nos
1415 2134 1487 2166 fieri
1506 2134 1636 2167 similes
1655 2135 1816 2177 imaginis
1834 2131 1915 2169 Filii
1936 2135 2014 2171 Dei.
2067 2138 2126 2171 ln-

1141 2182 1330 2225 telligenda
1357 2192 1407 2218 est
1430 2185 1533 2218 etiam
1559 2186 1714 2229 potentia
1735 2187 1886 2225 diaboli,
1912 2188 1971 2232 qni
1992 2200 2127 2231 grassa-

1142 2241 1198 2266 tur
1222 2235 1258 2266 in
1277 2233 1447 2276 Ecclesia,
1475 2236 1727 2280 sciendumque
1751 2238 1846 2282 quod
1864 2235 2027 2272 Christus
2052 2240 2129 2275 vult

1140 2297 1237 2318 suam
1266 2288 1456 2330 potentiam
1481 2288 1517 2320 in
1546 2288 1675 2320 nostris
1692 2288 1944 2323 certaminibus
1962 2291 2129 2325 adversus

1141 2336 1324 2370 diabolum
1348 2338 1543 2378 declarare,
1576 2338 1665 2372 sicut
1690 2339 1806 2384 inquit
1829 2338 1995 2381 loannes,
2022 2339 2128 2376 Chri-

1140 2394 1232 2421 stum
1252 2389 1287 2420 in
1306 2386 1371 2422 hoc
1388 2390 1610 2434 apparuisse,
1639 2397 1677 2424 ut
1693 2391 1848 2425 destruat
1863 2403 1967 2435 opera
1984 2392 2130 2429 diaboli.

1245 2455 1416 2499 Quamvis
1440 2458 1547 2502 igitur
1563 2458 1708 2492 subiecti
1725 2470 1846 2492 sumus
1864 2459 2129 2504 afflictionibus,

1144 2508 1304 2553 quamvis
1320 2508 1484 2542 differtur
1500 2510 1676 2542 liberatio:
1705 2516 1822 2543 tamen
1839 2523 1910 2543 non
1927 2512 2130 2548 deficiamus

1143 2571 1162 2592 a
1179 2557 1272 2598 Deo,
1299 2572 1373 2592 non
1397 2561 1588 2593 afficiamus
1611 2573 1690 2593 eum
1713 2562 1925 2595 contumelia
1941 2589 1949 2603 ,
1978 2576 2051 2598 non
2073 2577 2131 2598 ac-

1145 2622 1305 2643 cusemus
1330 2623 1409 2643 eum
1434 2612 1628 2652 mandacii,
1663 2613 1720 2645 sed
1747 2625 1827 2646 vere
1850 2620 2044 2648 statuamus
2069 2628 2132 2650 nos

1145 2661 1175 2694 ei
1208 2672 1311 2694 curae
1341 2674 1429 2703 esse,
1464 2675 1544 2695 vere
1571 2664 1670 2696 nobis
1695 2670 1838 2708 propter
1861 2658 2052 2699 Christum
2077 2679 2131 2701 re-

1147 2712 1237 2745 mitti
1263 2720 1418 2757 peccata,
1443 2726 1524 2748 vcre
1551 2727 1614 2747 nus
1638 2715 1813 2756 exaudiri,
1842 2728 1974 2760 nosque
1992 2715 2132 2751 babitu-

1522 2764 1596 2800 85*
