2379 2948
137 92 211 127 395
735 89 799 126 111.

140 178 219 209 lunt
240 187 407 220 corpora,
438 175 575 209 etiamsi
600 182 671 209 toto
696 185 821 217 genere
846 173 1026 206 differunt.
1080 167 1126 203 Et

139 227 329 260 statuarius
346 227 493 270 figuram
512 226 618 260 efficit
635 226 671 258 in
690 225 805 268 ligno,
832 229 945 267 partes
970 221 1044 253 eius
1060 220 1125 252 ali-

140 284 194 311 ter
208 277 394 311 collocans.
446 276 535 310 Nam
553 275 709 309 statuarii
727 285 816 318 opus
837 279 888 306 est
911 271 1025 305 simile
1049 282 1125 303 mo-

139 327 193 360 tui
211 327 327 361 locali.
385 327 584 366 Postremo,
610 333 643 358 et
668 326 705 357 in
728 324 935 358 alteratione
960 322 1124 355 substan-

140 378 208 411 tiae
228 378 366 423 aliquae
384 378 582 420 discrepant
600 387 744 418 genere,
770 382 810 408 ut
835 374 970 408 coelum
995 379 1028 405 et
1054 372 1124 405 ele-

140 435 277 470 menta,
310 436 344 462 et
367 429 483 461 mixta.
535 425 683 460 Coelum
709 426 814 459 efficit
837 424 1062 458 alterationes
1086 423 1123 455 in

140 479 340 520 elementis,
378 478 437 510 sed
462 484 578 510 tamen
610 475 666 510 hic
693 477 903 522 qualitatum
936 475 1030 508 inter
1052 484 1125 507 sese

140 530 230 562 actio
258 536 326 569 est,
364 527 526 561 videlicet
554 534 614 561 aut
646 527 871 567 virtualium,
907 532 968 559 aut
992 525 1125 558 sorma-

139 579 238 613 lium.
282 578 495 612 Coniunctio
512 576 658 612 Saturni
678 585 710 612 et
728 578 856 612 Martis
874 577 1002 610 virtute
1019 575 1125 608 efficit

139 630 326 664 siccitatem
346 629 383 661 in
400 631 489 663 aare.

240 679 387 722 Proprie
411 686 528 712 autem
548 679 707 724 loquitur
723 677 844 721 regula
862 675 1063 710 Aristotelis
1082 675 1125 707 de

138 729 369 763 mixtionibus
404 730 658 764 elementorum
691 729 784 762 inter
814 740 897 762 sese.
957 726 1002 760 Et
1028 725 1125 759 utilis

138 780 370 814 consideratio
388 787 460 820 est,
486 792 576 825 quae
594 780 781 825 qualitates
805 779 898 813 inter
919 789 992 811 sese
1015 777 1126 809 actio-

137 842 216 864 nem
243 828 415 871 habeant,
451 831 615 865 videlicet
648 828 713 863 hae
743 836 901 867 tantum,
929 840 1017 873 quae
1044 833 1126 860 sunt

137 881 333 915 contrariae
350 881 475 926 specie,
495 889 532 915 ut
550 882 709 915 caliditas
725 887 760 914 et
775 880 949 923 frigiditas
966 885 1125 912 mutuam

138 931 232 965 inter
254 943 326 965 sese
352 932 525 965 actionem
544 939 577 966 et
592 932 790 977 passionem
812 929 961 970 babent,
988 930 1036 962 sic
1058 927 1126 961 hu-

137 982 278 1016 miditas
294 989 327 1016 et
343 983 490 1018 siccitas.
528 981 576 1017 Et
591 983 766 1016 contraria
784 981 998 1015 contrariam
1016 979 1127 1024 pellit,

137 1033 268 1066 similes
282 1045 364 1066 vero
379 1034 555 1067 similibus
572 1034 749 1074 iuvantur,
765 1032 860 1066 iuxta
876 1032 1049 1075 regulam:
1068 1029 1126 1063 Si-

135 1083 219 1116 mile
235 1084 394 1117 additum
415 1084 523 1117 simili
540 1084 622 1118 facit
641 1084 756 1129 ipsum
778 1083 889 1126 magis
908 1082 986 1116 tale.
1029 1080 1127 1114 Cali-

136 1133 229 1167 ditas
244 1146 327 1168 vero
352 1135 422 1176 agit
439 1136 475 1167 in
494 1133 681 1169 humidum
707 1146 770 1179 per
790 1133 973 1175 accidens,
995 1132 1127 1165 scilicet

135 1183 308 1222 siccitate,
336 1185 434 1226 item,
462 1187 543 1230 quia
560 1186 734 1229 disgregat
754 1184 971 1225 subiectum,
995 1180 1127 1216 exhau-

136 1234 184 1268 rit
200 1231 400 1270 humorem.

454 1319 629 1354 Secunda
658 1321 803 1365 regula.

238 1374 392 1420 Oportet
409 1389 481 1410 esse
502 1378 768 1421 proportionem
787 1378 922 1420 agentis
942 1384 974 1410 et
988 1377 1126 1421 patien-

135 1427 199 1467 tis,
227 1426 273 1460 ita
292 1433 332 1460 ut
347 1439 451 1470 agens
468 1429 512 1461 sit
528 1428 712 1473 aliquanto
729 1428 865 1461 fortius.
910 1426 1053 1461 Etcum
1071 1439 1125 1460 re-

135 1484 268 1522 pugnat
292 1479 446 1521 patiens,
474 1479 602 1522 gradus
624 1486 707 1512 sunt
725 1479 854 1523 aliqui,
880 1478 941 1523 qui
966 1478 1125 1512 resistere

136 1528 251 1571 agenti
271 1536 435 1572 possunt,
462 1536 500 1563 ut
526 1530 621 1562 calor
640 1529 810 1562 naturalis
828 1530 864 1561 in
880 1529 1028 1562 animali
1052 1530 1125 1561 sor-

135 1579 206 1613 tior
222 1585 272 1612 est
289 1579 326 1611 in
342 1581 580 1613 convertendo
598 1581 687 1620 cibo,
706 1592 810 1625 quam
828 1581 938 1614 virtus
955 1580 1024 1613 cibi
1041 1592 1127 1613 con-

136 1629 311 1664 venientis
335 1630 371 1662 in
397 1631 601 1666 resistendo.
655 1631 723 1664 Sed
750 1644 828 1664 cum
856 1631 1059 1674 languidior
1077 1638 1128 1664 est

137 1681 233 1714 calor
254 1681 446 1721 naturalis,
474 1694 577 1726 quain
606 1688 642 1715 ut
665 1682 709 1715 sit
733 1694 796 1725 par
815 1683 934 1726 copiae
958 1681 1029 1714 cibi
1054 1693 1128 1715 non

138 1731 175 1764 fit
195 1731 328 1774 integra
350 1732 554 1773 conversio,
582 1739 615 1765 et
634 1740 779 1766 manent
798 1733 834 1765 in
860 1744 1008 1777 corpore
1035 1733 1128 1765 mul-

137 1788 191 1815 tae
216 1789 332 1825 partes
359 1783 499 1817 crudae.
552 1782 611 1816 Sic
635 1782 671 1815 in
697 1783 808 1816 cicuta
836 1790 932 1816 tanta
956 1782 1129 1825 frigiditas

138 1838 201 1872 est,
227 1838 266 1866 ut
279 1832 394 1865 calore
411 1834 562 1866 naturali
580 1845 723 1877 prorsus
740 1834 924 1874 suffocato,
947 1833 1128 1877 extingua-

137 1889 196 1917 tur
213 1879 320 1916 homo
335 1882 446 1916 nimia
465 1884 716 1926 frigefactione.

479 1978 610 2011 Tertia
639 1978 784 2024 regula.

242 2034 434 2078 Agentium
456 2042 490 2069 et
515 2037 726 2080 patientium
747 2037 866 2071 debita
892 2037 947 2071 fiat
973 2037 1128 2081 adplica-

140 2084 202 2119 tio.
254 2084 349 2119 Haec
365 2086 485 2129 regula
502 2094 534 2120 et
551 2099 656 2132 supra
675 2089 802 2122 tradita
822 2095 891 2128 est,
919 2088 980 2121 ubi
995 2089 1128 2122 dictum

141 2141 208 2175 est,
237 2134 277 2167 ln
291 2137 387 2169 omni
405 2137 543 2171 actione
560 2146 724 2183 oportere
740 2146 940 2173 contactum
959 2151 1048 2180 esse,
1074 2139 1129 2171 vel

140 2182 446 2228 mathematicum,
471 2189 525 2221 vel
546 2189 744 2224 virtualem.
796 2188 844 2224 Et
860 2190 1004 2235 quidem
1021 2191 1057 2222 in
1074 2187 1130 2222 his

140 2236 350 2269 inferiorum
377 2249 564 2282 corporum
587 2241 805 2282 actionibus,
833 2253 985 2286 quorum
1012 2239 1069 2274 hic
1092 2241 1130 2275 fit

138 2287 272 2320 mentio
297 2287 334 2319 in
360 2288 646 2333 alterationibus,
679 2304 768 2336 opus
797 2299 848 2326 est
880 2289 1127 2325 mathematico

140 2344 322 2378 contactu,
349 2345 388 2371 ut
412 2338 503 2381 ignis
525 2353 600 2374 non
625 2342 829 2376 calefaceret
852 2354 979 2387 corpus
1006 2343 1128 2387 procul

140 2389 313 2432 positum,
343 2389 411 2421 nisi
435 2392 549 2423 aerem
567 2393 770 2436 contiguum
789 2394 1002 2427 calefaceret.
1058 2393 1127 2427 Sed

141 2446 233 2473 nstra
262 2446 405 2473 movent
432 2447 593 2475 contactu
624 2445 786 2483 virtuali,
827 2451 865 2477 ut
890 2445 972 2477 luna
998 2445 1127 2477 virtute

140 2487 253 2523 trahit
266 2490 382 2523 fluxus
400 2497 434 2524 et
447 2491 602 2525 refluxus
618 2495 734 2527 maris.

142 2541 214 2584 qui,
237 2547 276 2574 ut
295 2541 390 2574 visus
407 2548 441 2575 et
456 2542 598 2576 auditus
612 2544 798 2588 requirunt
814 2552 950 2579 tantum
971 2546 1125 2578 debitam

139 2590 458 2636 propinquitatem,
493 2605 566 2626 non
595 2600 792 2627 contactum
820 2593 1124 2630 mathematicum:

139 2648 178 2674 ut
200 2642 293 2676 oculi
313 2643 431 2677 vident
449 2644 584 2678 obiecta
601 2645 779 2689 proposita
797 2653 890 2680 certo
908 2647 1109 2680 intervallo.

853 87 1008 123 lNITlA
1036 81 1329 120 DOCTRINAE
1357 80 1611 117 PHYSICAE.

1150 172 1155 209 ἶ

1151 2537 1154 2545 ι

2090 79 2161 115 594

1512 170 1654 208 Quarta
1681 167 1825 213 regula.

1279 231 1470 275 Agentium
1490 233 1705 266 naturalium
1723 234 1802 266 finis
1817 240 1879 275 est,
1907 240 1946 266 ut
1961 232 2160 266 adsimilent

1176 283 1244 318 sibi
1263 294 1413 328 passum,
1432 282 1486 314 vel
1503 284 1682 327 qualitate,
1709 285 1765 316 vel
1784 284 1994 318 substantia:
2024 283 2163 325 utignis

1177 334 1357 368 adsimilat
1373 332 1441 365 sibi
1459 344 1586 376 aquam
1609 333 1644 365 in
1662 335 1849 378 qualitate,
1877 347 1955 367 cum
1974 345 2049 367 eam
2072 334 2164 366 cale—

1176 386 1271 420 facit.
1322 381 1371 417 Et
1388 394 1468 416 cum
1483 382 1609 415 fortius
1625 391 1851 425 transmutat,
1879 385 2068 418 resolutam
2084 395 2162 416 mu-

1177 443 1226 470 tat
1244 436 1281 468 in
1299 434 1428 477 ignem.
1483 432 1533 466 lta
1560 433 1597 465 in
1617 434 1830 472 nutritione,
1858 437 1970 469 virtus
1994 434 2163 467 naturalis

1176 485 1353 520 adsimilat
1380 483 1638 517 nutrimentum
1663 485 1877 518 substantiae
1906 486 1992 520 aliti.
2045 484 2165 518 Habe-

1177 549 1255 571 mus
1271 536 1380 579 igitur
1395 545 1515 568 causas
1534 535 1880 569 transmutationum.
1930 534 2096 568 Efficiens
2113 541 2165 568 est

1179 588 1436 621 elementorum
1472 592 1505 618 et
1546 585 1754 629 qualitatum
1791 585 1941 618 efficacia
1977 592 2011 618 et
2043 592 2164 618 mutua

1178 637 1384 683 pugnantia.
1438 635 1583 675 Finalis,
1610 643 1649 668 ut
1666 647 1803 678 passum
1829 636 1945 669 simile
1963 636 2022 669 fiat
2037 636 2163 677 agenti.

1178 688 1376 724 Materialis
1399 698 1501 720 causa
1526 692 1576 719 est
1601 686 1857 720 elementorum
1886 686 2083 719 communis
2107 697 2165 719 seu

1178 747 1324 784 cognata
1341 737 1496 772 materia.

1599 831 1751 872 Quinta.

1282 895 1454 930 Traditur
1479 902 1513 930 et
1530 893 1598 929 hoc
1616 897 1806 929 discrimen
1828 895 2048 941 qualitatum.
2101 895 2168 929 Ca-

1179 947 1299 983 liditas
1314 947 1465 981 maxime
1481 947 1592 980 activa
1610 954 1673 988 est,
1700 948 1779 980 ideo
1796 958 1920 980 manus
1937 947 2041 980 citius
2055 947 2169 979 olien-

1179 1000 1277 1033 ditur
1293 998 1483 1031 immodico
1499 998 1614 1031 calore
1631 1010 1752 1042 aquae,
1780 1010 1885 1042 quam
1902 997 2031 1040 frigore
2048 1009 2167 1042 aquae.

1179 1049 1335 1084 Econtra
1354 1049 1529 1092 frigiditas
1555 1048 1664 1091 magis
1690 1048 1840 1089 resistit,
1868 1060 1972 1093 quam
1999 1049 2169 1084 caliditas,

1178 1107 1218 1134 ut
1241 1100 1336 1142 ligna
1369 1106 1403 1133 et
1437 1099 1505 1132 alia
1530 1110 1677 1142 corpora
1702 1100 1801 1132 tarde
1826 1099 2008 1136 calefiunt,
2044 1106 2076 1132 et
2099 1099 2168 1131 cito

1179 1150 1335 1193 extingui
1354 1150 1450 1183 calor
1465 1155 1593 1193 potest.
1631 1148 1834 1182 Humiditas
1850 1149 1959 1191 magis
1976 1150 2088 1182 activa
2109 1157 2169 1187 est,

1180 1213 1286 1246 quam
1303 1200 1438 1233 siccitas
1451 1227 1460 1239 ‚
1486 1206 1525 1233 ut
1542 1199 1703 1232 videmus
1718 1211 1772 1232 res
1792 1197 1956 1232 humidas
1975 1199 2076 1233 citius
2102 1197 2169 1232 bu-
2209 1240 2212 1243 Ι

1179 1258 1351 1290 mectare,
1377 1262 1483 1295 quam
1500 1261 1553 1282 res
1571 1249 1681 1282 siccae
1698 1250 1886 1284 desiccant.
1922 1249 2068 1284 Sit-citas
2086 1262 2168 1282 vero

1178 1302 1290 1345 magis
1312 1301 1461 1339 resistit,
1488 1311 1592 1345 quam
1618 1297 1833 1342 humiditas,
1860 1306 1899 1333 ut
1919 1301 2102 1343 plumbum
2119 1301 2169 1334 ci—

1178 1353 1248 1387 tius
1267 1351 1420 1396 liquefit,
1447 1362 1551 1395 quam
1576 1362 1745 1395 cuprum,
1775 1351 1856 1395 quia
1880 1351 2065 1394 plumbum
2091 1352 2169 1395 plus

1178 1401 1285 1437 habet
1302 1413 1434 1447 aqueae
1450 1407 1609 1435 naturae.

1607 1505 1743 1539 Sexta.

1284 1571 1427 1606 Dictum
1451 1577 1502 1606 est
1522 1570 1742 1605 Aristotelis:
1772 1570 1890 1615 Agens
1907 1571 1943 1603 in
1962 1571 2096 1613 agendo
2115 1583 2171 1604 re·-

1184 1623 1336 1668 patitur,
1370 1623 1465 1667 quod
1488 1623 1531 1656 de
1553 1634 1742 1666 corporum
1770 1622 2017 1666 contiguorum
2043 1622 2171 1655 altera-

1182 1675 1296 1715 tione,
1324 1674 1360 1706 in
1378 1685 1530 1718 quorum
1551 1680 1702 1718 utroque
1719 1675 1848 1716 gradus
1869 1679 1968 1712 sunt,
1996 1673 2055 1716 qui
2080 1672 2173 1706 inter

1182 1737 1217 1758 se
1233 1731 1367 1758 certare
1383 1723 1506 1768 primis
1525 1724 1755 1768 qualitatibus
1774 1729 1937 1767 possunt,
1965 1723 2107 1762 dicitur,
2134 1730 2173 1755 ut

1182 1787 1261 1808 cum
1279 1776 1412 1808 ferrum
1431 1774 1581 1817 ignitum
1598 1786 1709 1818 aquae
1726 1774 1903 1814 inseritur,
1929 1773 1966 1806 fit
1982 1779 2172 1817 utrunque,

1181 1827 1314 1858 ferrum
1340 1825 1578 1867 extinguitur,
1607 1832 1640 1858 et
1664 1837 1753 1868 aqua
1778 1825 1900 1857 calefit.
1955 1823 2005 1857 Ita
2034 1823 2068 1855 in
2089 1836 2173 1856 ven-

1183 1876 1312 1909 triculo
1334 1876 1429 1908 calor
1457 1875 1628 1907 naturalis
1654 1875 1716 1907 etsi
1745 1882 1948 1907 convertere
1974 1874 2173 1906 nutrimen-

1183 1934 1257 1960 tum
1277 1932 1409 1969 potest,
1436 1932 1553 1959 tamen
1577 1932 1610 1959 et
1636 1925 1707 1968 ipse
1732 1925 1918 1967 languefit,
1946 1930 1977 1957 et
1996 1924 2094 1968 quasi
2112 1926 2173 1957 de—

1182 1977 1349 2017 lassatur,
1380 1988 1459 2009 cuni
1486 1982 1582 2009 tanta
1607 1982 1657 2009 est
1681 1975 1855 2018 frigiditas
1881 1975 2109 2015 nutrimenti,
2136 1983 2173 2008 ut

1184 2027 1345 2060 resistere
1361 2027 1481 2072 aliquo
1501 2027 1606 2059 modo
1626 2026 1746 2070 possit.
1788 2025 1854 2059 Sed
1875 2026 1903 2059 si
1922 2038 1993 2059 non
2009 2026 2079 2058 sint
2095 2038 2173 2068 gra-

1182 2079 1258 2119 dus,
1284 2078 1345 2122 qui
1361 2078 1521 2111 resistere
1539 2077 1686 2120 possint,
1706 2089 1777 2109 non
1793 2077 1830 2110 fit
1849 2076 2014 2120 repassio,
2041 2083 2078 2108 ut
2094 2088 2172 2108 cum

1182 2128 1219 2161 in
1246 2140 1409 2172 magnam
1435 2128 1572 2172 copiam
1597 2139 1709 2173 aquae
1732 2128 1918 2165 ferventis,
1947 2127 2080 2169 guttula
2108 2126 2173 2158 fri-

1181 2180 1262 2223 gida
1280 2180 1504 2219 infunditur,
1531 2190 1606 2212 non
1628 2179 1665 2212 fit
1681 2177 1829 2211 mutatio
1849 2178 1885 2210 in
1903 2178 2070 2211 fervente.

1284 2238 1357 2272 Nec
1381 2239 1721 2273 accommodandum
1746 2244 1795 2270 est
1820 2237 1952 2270 dictum
1973 2237 2015 2268 ad
2035 2236 2173 2278 agentia

1181 2290 1324 2327 virtute,
1351 2297 1390 2324 ut
1405 2290 1447 2323 ad
1466 2289 1616 2327 coelum,
1644 2295 1704 2322 aut
1720 2289 1763 2321 ad
1781 2287 1914 2320 obiecta
1933 2297 2113 2325 sensuum,
2134 2294 2173 2320 ut

1181 2353 1261 2374 cum
1283 2341 1382 2374 color
1400 2347 1517 2374 movet
1542 2339 1681 2378 oculos,
1706 2338 1743 2370 in
1763 2337 1879 2370 colore
1902 2349 1974 2369 non
1994 2337 2031 2370 fit
2054 2348 2173 2381 repas-

1181 2393 1244 2425 sio.
1300 2391 1372 2425 Nec
1387 2392 1423 2424 fit
1441 2391 1476 2423 in
1497 2401 1586 2435 aqua
1602 2388 1755 2433 repassio
1767 2414 1777 2427 ,
1805 2399 1885 2421 cum
1905 2385 2080 2421 humectat
2096 2400 2172 2420 ma-

1181 2456 1280 2478 num.
1332 2441 1428 2475 Haec
1450 2442 1534 2474 satis
1551 2440 1593 2473 sit
1612 2450 1756 2472 monere
1774 2438 1817 2470 de
1835 2435 1901 2471 boc
1917 2438 2012 2472 dicto
2031 2438 2171 2472 Aristo-

786 2494 918 2529 Sensus
937 2495 1041 2528 etiam
1062 2495 1127 2527 ali·
1151 2520 1154 2532 ,
1179 2495 1277 2534 telis,
1304 2494 1398 2538 quod
1418 2492 1567 2525 sciamus
1584 2502 1656 2522 non
1680 2489 1723 2522 ad
1748 2488 1868 2521 omnia
1893 2488 2029 2532 agentia
2054 2496 2171 2522 trans-

1179 2545 1364 2578 ferendum
1391 2554 1481 2579 esse,
1515 2542 1574 2573 sed
1601 2540 1644 2573 ad
1670 2539 1896 2573 alterationes
1918 2539 2169 2582 contiguorum

1179 2605 1367 2637 corporum
1382 2619 1391 2632 ,
1417 2603 1506 2636 quae
1524 2598 1670 2635 possunt
1686 2592 1779 2623 inter
1801 2601 1836 2623 se
1854 2590 2039 2624 contrariis
2058 2590 2171 2624 actio-

1151 2673 1153 2686 ,
1179 2646 1284 2679 nibus
1305 2650 1450 2677 certare.
