2379 2948
217 92 311 129 1067

217 175 389 224 praesidia
411 184 595 220 quaerere,
623 171 707 204 dum
726 169 844 215 aliqua
862 168 1016 203 inveniri
1032 179 1131 214 posse
1148 167 1202 200 vi-

219 231 363 263 dentur:
390 232 508 270 postea
530 223 626 256 velut
650 221 786 254 amissis
809 221 938 255 tabulis
961 221 999 254 in
1017 220 1126 261 mari,
1154 219 1203 252 si-

221 286 313 314 nunt
331 276 438 319 mergi
455 275 609 313 animos,
636 284 714 305 cum
732 271 822 305 ratio
840 269 933 304 nihil
957 272 1051 305 videt
1071 270 1204 304 auxilii.

224 330 294 365 Sed
326 337 424 361 meus
456 324 655 366 intelligens
680 321 931 366 Evangelium,
964 323 1002 355 in
1027 333 1095 366 qua
1120 321 1205 353 fides

224 390 366 413 accensa
383 383 451 416 est,
479 375 543 409 scit
558 373 671 408 Deum
689 374 807 407 adesse
830 373 1076 407 invocantibus
1101 371 1205 404 etiam

225 441 303 463 cum
323 426 548 461 destituimur
570 422 734 457 humanis
756 424 916 465 auxiliis,
942 430 981 457 ut
1002 421 1124 456 Esaias
1151 422 1209 454 in-

224 480 320 525 quit,
348 479 464 512 Deum
481 474 640 509 habitare
657 475 694 507 in
709 475 848 508 adflicto
866 474 1013 519 Spiritu.
1047 471 1094 506 Et
1109 472 1209 505 Psal—

224 542 303 564 mus
325 528 403 562 34:
432 527 546 571 Prope
569 533 618 560 est
641 525 817 559 Dominus
841 524 914 566 his,
946 526 1007 570 qui
1040 523 1209 557 tribulato

227 587 309 615 suut
327 579 442 613 corde.

367 691 698 736 Argumentum
726 698 777 721 ac
806 685 1069 730 dispositio

522 756 681 796 Psalmi
712 754 917 794 XXXIII.

279 841 460 876 Exultate
488 842 579 874 iusti
606 842 647 873 in
673 839 850 877 Domino,
877 839 997 870 rectos
1016 834 1122 869 decet
1140 834 1213 868 col-

280 890 468 926 laudatio.

332 966 501 1000 Doctrina
519 972 569 999 est
593 965 783 1008 gratiarum
805 963 894 997 actio
912 963 955 996 de
981 961 1216 1006 providentia,

232 1030 321 1064 quae
339 1030 412 1051 11011
429 1023 563 1050 1311111111
583 1015 820 1058 intelligatur,
847 1021 886 1047 ut
904 1011 1110 1057 philosophi
1139 1025 1214 1045 eam

231 1068 452 1111 intelligunt,
485 1066 546 1112 qui
570 1066 607 1098 iu
638 1063 703 1098 hac
726 1066 800 1109 ipsa
826 1064 996 1097 sententia
1028 1063 1217 1108 dupliciter

233 1125 361 1153 errant.
414 1118 574 1151 Primum
592 1122 764 1158 vagantur
780 1115 926 1155 animis,
953 1126 1025 1147 non
1045 1126 1216 1159 quaeren-

232 1177 284 1204 tes
305 1180 426 1202 verum
444 1168 575 1206 Deum,
602 1167 663 1211 qui
688 1178 723 1199 se
741 1167 848 1199 verbo
866 1178 928 1198 suo
955 1172 987 1199 et
1011 1165 1216 1209 promissio-

233 1221 340 1253 nibus
363 1218 539 1263 patefecit:
570 1218 698 1250 deinde
722 1217 858 1250 etiamsi
884 1217 1081 1250 concedunt
1103 1215 1216 1250 Deum

233 1282 357 1314 magna
378 1269 550 1317 quaedam
568 1268 783 1311 gubernare,
808 1274 846 1300 ut
863 1279 940 1300 cum
960 1267 1082 1300 vident
1105 1266 1217 1300 excuti

234 1334 275 1354 ex
299 1332 405 1364 reguo
430 1318 625 1364 Astyagen,
659 1325 691 1352 et
715 1318 829 1351 iuvari
854 1317 985 1363 Cyrum
1011 1318 1218 1350 imbecillio-

235 1383 310 1405 rem
322 1396 331 1410 ‚
357 1378 472 1404 tamen
489 1369 588 1403 aiunt
603 1369 712 1402 multa
729 1380 872 1412 prorsus
890 1368 1063 1401 committi
1081 1375 1220 1401 nostrae

237 1421 458 1464 diligentiae,
494 1426 527 1453 et
555 1431 690 1464 semper
709 1419 893 1459 dubitant,
926 1429 970 1450 an
989 1418 1221 1452 exaudiantur

237 1470 424 1505 hominum
443 1482 572 1515 preces.

340 1530 387 1564 At
409 1527 467 1562 hic
484 1528 643 1562 Psalmus
660 1530 760 1562 docet
779 1527 873 1562 hunc
896 1540 1016 1562 verum
1032 1528 1146 1561 Deum
1165 1528 1220 1559 111-

238 1581 435 1614 vocandum
455 1590 546 1622 esse,
575 1579 635 1623 qui
653 1591 687 1612 se
704 1580 740 1611 in
758 1579 912 1612 Ecclesia
925 1606 934 1619 ,
961 1580 1051 1612 datis
1071 1578 1221 1622 promis-

237 1628 409 1671 sionibus,
436 1629 609 1674 patefecit.
661 1627 707 1663 Et
722 1627 816 1662 hunc
833 1630 993 1663 adfirmat
1012 1641 1133 1662 curare
1151 1626 1221 1661 hu—

236 1694 362 1722 mana,
389 1692 513 1724 magna
530 1686 563 1713 et
581 1691 708 1724 parva,
735 1687 768 1713 et
793 1680 957 1712 exaudire
979 1679 1222 1712 invocantium

237 1744 355 1777 preces
369 1758 377 1772 ,
395 1743 433 1764 ac
446 1731 535 1764 velle
555 1730 696 1776 quidem
714 1737 752 1763 ut
764 1730 895 1773 singuli
911 1730 1100 1774 suscipiant
1119 1741 1223 1773 opera

238 1782 432 1816 vocationis
451 1793 552 1821 suae,
583 1788 622 1814 ut
645 1779 815 1814 Doctores
840 1782 1008 1821 doceant,
1038 1780 1224 1814 Senatores

237 1840 361 1877 regant
380 1832 526 1865 consilio
544 1830 743 1875 Rempub.,
764 1830 878 1865 Duces
902 1832 1136 1876 praelientur,
1163 1843 1225 1874 pa-

238 1883 460 1917 tresfamilias
478 1882 641 1915 erudiant
657 1882 798 1920 liberos,
827 1882 1069 1927 unusquisque
1087 1883 1225 1915 studeat

240 1934 351 1967 vitare
375 1933 523 1974 delicta,
552 1938 585 1965 et
602 1933 758 1966 conferat
787 1945 927 1976 operam
957 1934 1000 1965 ad
1026 1933 1223 1965 ornandam

237 1983 430 2019 Ecclesiam
449 1990 480 2016 et
498 1983 663 2015 tuendam
680 1995 901 2016 communem
923 1983 1226 2028 tranquillitatem.

241 2035 310 2069 Sed
330 2041 446 2067 tamen
474 2033 640 2073 sciamus,
669 2033 730 2066 etsi
748 2046 819 2066 non
836 2046 954 2066 sumus
971 2034 1143 2075 ignaviae
1162 2034 1227 2066 bo-

240 2097 287 2118 na
310 2083 522 2118 conscientia
548 2083 764 2124 annitimur,
799 2090 913 2116 tamen
939 2083 1002 2117 Dei
1028 2092 1077 2118 est
1101 2096 1226 2128 prove-

241 2134 325 2169 here
342 2133 406 2168 hos
423 2141 588 2174 conatus,
614 2140 647 2167 et
664 2135 796 2166 efficere
822 2141 863 2168 ut
889 2135 957 2168 siut
983 2135 1100 2168 felices
1121 2143 1153 2170 et
1173 2147 1227 2168 sa—

243 2187 384 2220 lutares.
447 2184 498 2219 Ita
523 2184 695 2218 discamus
716 2196 926 2218 concurrere
953 2185 989 2217 in
1012 2186 1109 2218 omni
1135 2187 1228 2219 bona

242 2237 397 2274 actione,
418 2234 483 2268 Dei
502 2235 671 2268 auxilium
696 2242 728 2268 et
747 2242 904 2269 nostrum
924 2243 1106 2277 conatum,
1142 2237 1230 2270 sicut

243 2287 370 2321 usitate
392 2286 537 2319 dicitur:
575 2284 772 2320 Praeeunte
796 2286 924 2329 gratia,
952 2287 1140 2321 comitante
1168 2300 1230 2320 vo-

245 2338 391 2372 luntate.

348 2396 403 2429 De
418 2392 486 2427 hoc
506 2405 680 2427 concursu
701 2401 733 2428 et
751 2395 881 2429 auxilio
892 2394 957 2429 Dei
974 2397 1074 2430 docet
1093 2408 1157 2430 1105
1174 2394 1231 2429 1110

247 2445 420 2480 Ρ531111115.
481 2444 608 2478 Tradit
632 2445 832 2479 doctrinam
856 2448 950 2491 quod
977 2446 1071 2480 Deus
1095 2460 1174 2480 vere
1200 2454 1233 2480 et

250 2496 448 2528 condiderit
471 2495 675 2529 universum
706 2497 883 2540 opificium
906 2498 1050 2539 mundI‚
1084 2505 1116 2532 01
1143 2498 1233 2531 adsit

250 2546 323 2579 suis
341 2546 526 2588 operibus,
555 2558 663 2591 eaque
682 2554 814 2588 servet,
842 2554 874 2581 et
891 2548 1076 2593 praecipue
1096 2555 1233 2582 tueatur

249 2594 455 2630 Ecclesiam.
508 2595 608 2629 IIanc
625 2598 893 2640 promissionem
913 2599 1065 2633 inculcat
1084 2606 1116 2633 et
1134 2611 1234 2643 prae-

251 2645 334 2690 cipit
352 2646 393 2679 de
410 2645 476 2678 fide
488 2672 496 2686 ‚
523 2653 562 2680 ut
579 2648 759 2681 credamus
776 2646 890 2683 Deum
915 2651 1034 2684 adesse
1057 2651 1128 2684 suis
1151 2661 1234 2695 ope-

812 83 938 119 PHIL.
965 82 1082 120 MEL.
1108 78 1317 118 SCRIPTA
1343 77 1642 116 EXEGETICA.

2142 79 2237 116 1068

1255 167 1373 209 ribus,
1398 173 1432 201 et
1448 165 1718 211 promissionem
1740 163 1862 198 auxilii
1884 164 2048 198 omnibus
2072 164 2237 209 periculis

1256 229 1494 262 opponamus,
1530 223 1565 250 et
1590 223 1749 260 petamus
1780 215 1962 249 auxilium.
2021 214 2096 248 Hos
2121 216 2236 250 cultus

1256 276 1376 302 monet
1389 280 1460 302 esse
1479 267 1684 312 praecipuos
1699 273 1732 300 et
1748 266 1886 309 ignotos
1902 263 2078 298 humanae
2093 267 2234 302 rationi.

1259 320 1415 353 Accendi
1440 319 1548 363 igitur
1571 324 1605 352 et
1628 329 1778 351 crescere
1794 317 1896 350 fidem
1915 314 2020 350 huius
2043 316 2238 349 invocatio-

1259 371 1314 404 nis
1330 370 1495 403 exercitio
1512 375 1660 413 oportet.

1363 418 1586 455 Sennaherib
1609 419 1764 452 inferens
1788 418 1922 451 bellum
1946 418 2111 458 Iudaeae,
2146 417 2241 460 cogi-

1261 478 1311 505 tat
1336 483 1371 504 se
1394 483 1458 504 suo
1485 471 1654 510 consitio,
1681 477 1713 503 et
1727 469 1896 502 exercitus
1913 469 1966 501 sui
1984 470 2110 502 robore
2126 468 2242 501 domi-

1262 529 1381 555 turum
1405 521 1586 562 Iudaeam,
1619 533 1691 554 11011
1716 521 1842 563 cogitat
1866 520 1910 553 de
1943 520 2137 564 praesentia
2164 517 2243 560 Dei,

1263 584 1328 605 nec
1343 584 1423 605 vere
1438 571 1525 615 petit
1548 571 1717 604 auxilium
1737 571 1917 610 (livinum,
1943 571 2000 603 sed
2020 576 2057 603 ut
2077 569 2165 603 Aiax
2188 569 2243 602 di-

1265 624 1383 663 cebat,
1411 621 1565 655 Timidis
1583 633 1670 666 opus
1695 633 1766 654 esse
1785 621 1915 654 auxilio
1936 621 2069 661 divino,
2087 633 2121 653 se
2141 620 2245 653 etiam

1266 674 1341 707 51110
1356 672 1432 706 Deo
1451 672 1645 716 potiturum
1670 683 1741 704 esse
1760 672 1923 705 victoria:
1960 672 2005 704 ita
2023 668 2245 705 Sennaherib

1266 730 1464 758 summovet
1487 722 1613 758 Deum.
1665 723 1712 755 At
1740 730 1880 755 econtra
1905 719 2073 755 Ezechias
2096 722 2161 755 scit
2183 723 2246 754 ad-

1266 786 1338 808 esse
1353 774 1468 807 Deum
1484 772 1660 807 Ecclesiae
1677 785 1777 813 suae,
1805 773 1889 817 petit
1906 779 1938 805 et
1956 779 2110 816 expectat
2128 773 2249 805 defen-

1266 826 1420 859 sionem:
1449 836 1511 858 nec
1535 824 1625 857 fallit
1639 822 1721 856 haec
1738 824 1822 856 fides
1839 823 1947 867 ipsius
1962 824 2249 866 expectationem,

1268 877 1328 910 sed
1352 888 1433 909 vere
1464 876 1630 918 impetrat
1663 874 1914 907 defensionem.
1972 873 2067 907 Haec
2092 874 2249 917 exempla

1268 927 1371 960 nobis
1405 937 1662 970 proponamus,
1696 937 1735 957 30
1766 925 1915 958 5013111115
1943 931 1976 958 01
2000 925 2250 968 promissiones

1270 977 1436 1010 omnibus
1453 976 1648 1020 propositas
1666 987 1754 1014 esse,
1783 981 1816 1008 et
1840 975 1994 1018 exempla
2020 981 2162 1019 propter
2187 986 2252 1008 nos

1269 1029 1396 1072 scripta
1423 1039 1514 1065 esse,
1542 1034 1580 1060 111
1606 1027 1732 1058 similis
1755 1026 1839 1058 fides
1857 1026 1893 1057 in
1913 1025 2015 1058 uobis
2031 1026 2253 1064 accendatur,

1270 1085 1303 1111 et
1322 1084 1478 1123 petamus
1502 1084 1535 1111 et
1553 1084 1772 1121 expectemus
1797 1076 1966 1110 auxilium
1979 1102 1988 1117 ,
2015 1082 2048 1109 et
2066 1074 2180 1110 Deum
2197 1088 2253 1109 ce-

1270 1130 1455 1163 lebromus.

1372 1179 1424 1213 De
1440 1178 1494 1213 1115
1511 1180 1591 1213 fidei
1608 1179 1781 1213 exercitiis
1794 1190 1893 1223 saepe
1910 1179 1979 1212 iam
1997 1179 2128 1212 dictum
2149 1185 2199 1212 est
2216 1178 2254 1211 in

1271 1230 1348 1264 aliis
1366 1230 1524 1264 Psalmis.
1578 1229 1624 1264 Et
1640 1230 1770 1263 Paulus
1793 1242 1895 1263 51111111
1919 1230 2116 1274 exemplum
2134 1229 2256 1263 recitat

1271 1284 1306 1316 2.
1331 1279 1495 1315 Corinth.
1515 1282 1564 1317 L:
1592 1280 1815 1325 Responsum
1839 1281 1961 1314 mortis
1983 1281 2019 1313 in
2045 1280 2148 1313 nobis
2172 1280 2257 1323 ipsis

1272 1330 1480 1372 habuimus,
1508 1332 1559 1365 Ne
1575 1343 1726 1364 essemus
1743 1332 1957 1364 confidentes
1984 1331 2022 1363 in
2040 1331 2143 1363 nobis
2162 1331 2257 1374 ipsis,

1273 1384 1332 1416 sed
1364 1382 1401 1414 in
1428 1381 1503 1415 Deo
1527 1382 1753 1416 resuscitante
1783 1388 1960 1419 mortuos,
1995 1381 2056 1425 qui
2089 1392 2128 1413 ex
2160 1388 2256 1415 tanta

1274 1439 1386 1466 morte
1408 1444 1471 1465 nos
1493 1433 1675 1472 liberavit,
1703 1440 1734 1465 et
1752 1443 1872 1465 rursus
1893 1432 2076 1471 liberabit,
2102 1431 2258 1465 iuvanti-

1275 1485 1341 1517 bus
1358 1483 1481 1516 vestris
1506 1483 1686 1527 precibus,
1711 1489 1749 1515 ut
1772 1482 1899 1514 deinde
1928 1494 1990 1525 per
2015 1482 2132 1525 plures
2151 1493 2258 1525 agan-

1274 1541 1333 1568 tur
1358 1534 1502 1576 gratiae:
1528 1545 1597 1577 quo
1625 1533 1660 1564 in
1687 1533 1762 1565 loco
1788 1531 1920 1565 Paulus
1945 1532 2179 1565 eruditissime
2204 1545 2260 1566 re-

1275 1585 1410 1618 censuit
1425 1591 1457 1617 et
1474 1595 1611 1616 causam
1630 1583 1874 1616 adflictionum
1887 1608 1895 1623 ‚
1924 1583 2056 1615 scilicet
2075 1590 2114 1616 ut
2132 1583 2259 1617 fiducia

1276 1634 1387 1668 nostri
1417 1635 1630 1678 deponatur,
1666 1641 1697 1667 et
1728 1640 1937 1676 agnoscatur
1967 1634 2161 1677 praesentia
2184 1633 2262 1673 Dei,

1277 1692 1311 1719 et
1328 1692 1467 1730 petatur
1486 1685 1667 1718 auxilium.

1379 1736 1521 1769 Deinde
1539 1747 1659 1768 causae
1678 1742 1759 1769 sunt
1778 1734 1944 1768 curDeus
1962 1735 2124 1777 adiuvet,
2153 1735 2262 1770 Fina-

1277 1787 1339 1827 lis,
1369 1793 1408 1820 ut
1427 1786 1500 1830 ipse
1521 1786 1735 1827 celebretur,
1762 1792 1795 1819 et
1815 1786 1917 1820 multi
1934 1787 2129 1820 invitentur
2145 1788 2187 1820 ad
2207 1787 2262 1820 in-

1278 1837 1510 1871 vocationem.
1564 1836 1632 1870 Sed
1656 1836 1842 1880 impulsiva
1862 1837 2038 1881 partialis‚
2064 1844 2202 1871 nostrae
2229 1845 2262 1871 et

1278 1889 1430 1921 aliorum
1459 1899 1586 1931 preces.
1647 1887 1838 1931 Impulsiva
1864 1899 1946 1920 vero
1978 1887 2183 1931 111-1ῃεί113115
2213 1896 2262 1922 est

1279 1939 1451 1972 mediator
1468 1936 1628 1972 Christus
1646 1951 1708 1981 pro
1726 1938 1828 1971 uobis
1848 1938 2080 1971 intercedens.

1382 1988 1579 2022 Exordium
1613 1988 1743 2021 Psalmi
1780 1996 1846 2022 est:
1886 1986 2070 2021 Exultate
2104 1988 2195 2022 1'usti
2225 1989 2263 2023 ιή

1278 2039 1457 2075 Domino.
1510 2039 1611 2073 Iubet
1631 2039 1804 2072 celebrare
1820 2039 2012 2072 bonitatem
2030 2038 2095 2072 Dei
2115 2047 2147 2074 et
2163 2052 2264 2083 agere

1280 2091 1418 2135 gratias.

1383 2141 1546 2175 Narratio
1562 2148 1626 2174 est:
1650 2138 1770 2174 Verbo
1783 2137 1943 2172 Domini
1957 2138 2157 2187 coelifacli
2168 2146 2264 2177 sunt.

1282 2190 1436 2226 Orditur
1460 2205 1478 2225 a
1507 2192 1699 2229 creatione,
1727 2199 1766 2225 ut
1793 2198 1911 2235 postea
1936 2192 2040 2224 addat
2067 2191 2265 2225 doctrinam

1282 2245 1325 2276 de
1342 2243 1535 2286 praeseutia
1552 2241 1619 2275 Dei
1637 2242 1807 2275 servantis
1823 2253 1885 2274 sua
1902 2254 2025 2286 opera,
2054 2249 2087 2275 et
2109 2254 2265 2286 praeser-

1282 2295 1345 2328 tim
1362 2292 1565 2327 Ecclesiam.

1384 2342 1573 2377 Dominus
1603 2340 1760 2389 dissipat
1780 2341 1934 2376 consilia
1960 2339 2144 2378 Gentium.
2199 2343 2267 2377 Hic

1285 2395 1388 2428 etiam
1406 2395 1527 2428 recitat
1545 2394 1741 2426 doctrinam
1761 2395 1803 2427 de
1822 2394 2061 2438 providentia,
2089 2394 2183 2439 quod
2205 2407 2266 2428 cu-

1285 2453 1338 2479 ret
1361 2453 1394 2479 et
1415 2445 1580 2478 defendat
1602 2443 1815 2485 Ecclesiam,
1842 2445 2010 2489 reprimat
2036 2445 2187 2488 impetus
2210 2452 2267 2490 ty-

1284 2508 1499 2533 rannorum,
1534 2495 1621 2528 sicut
1644 2493 1862 2529 Pharaonem
1888 2503 1919 2529 et
1946 2496 2074 2528 multos
2098 2495 2185 2528 alios
2210 2507 2266 2529 re-

1288 2547 1425 2591 pressit.

1386 2594 1508 2630 Beata
1522 2608 1629 2642 gens,
1654 2596 1755 2629 cuius
1778 2600 1827 2629 est
1845 2593 2033 2629 Dominus
2050 2593 2155 2629 Deus
2177 2596 2264 2631 eius,

1288 2647 1355 2683 Hic
1373 2649 1564 2683 versiculus
1587 2647 1773 2692 promissio
1789 2653 1856 2687 est,
1883 2646 2069 2680 testificans
2087 2644 2151 2680 hoc
2168 2646 2267 2679 auxi-

2350 1893 2353 1998 i

2349 2001 2353 2106 3
