2379 2948
173 114 220 151 59
418 111 627 148 SCRIPTA
654 111 728 146 PII.
758 109 875 146 MEL.
901 109 968 146 AD
995 110 1122 148 HlST.
1149 109 1293 148 PROF.
1320 109 1386 146 ET
1414 108 1603 146 PHlLOS.
1630 108 1951 146 SPECTANTIA.

462 200 649 233 Intestina
685 198 883 230 crassiora.

2148 111 2197 146 40

1213 196 1393 230 adiuvant.
1422 195 1488 230 Sed
1508 195 1657 229 exterior
1671 194 1788 228 tunica
1807 195 1873 228 coli
1889 203 1921 229 et
1937 196 2019 229 recti
2039 195 2197 229 intestini

282 264 325 298 In
355 265 520 306 canibus,
554 264 667 309 porcis
694 270 727 297 et
752 263 948 298 crudivoris
971 263 1163 298 animanfi-
1188 289 1190 299 y
1216 247 1322 280 etiam
1348 254 1458 281 rectas
1482 247 1586 280 fibras
1605 244 1730 286 habet,
1759 257 1847 290 quae
1873 246 1995 279 iuvant
2020 246 2198 280 attractio-

183 318 250 350 hus
273 314 486 349 Intesunum
514 315 608 360 quod
642 325 784 347 coecum
811 315 1017 355 nominant,
1051 315 1164 347 maius
1188 302 1190 313 ¹
1216 308 1317 338 nem,
1343 304 1383 330 ut
1407 295 1587 330 evehenda
1609 303 1765 330 stercora
1787 308 1828 329 ex
1849 296 2089 340 superioribus
2114 296 2198 329 locis

185 379 256 400 esse
273 366 497 409 conspicitur,
525 365 618 408 qnod
638 364 675 396 in
691 365 822 398 talibus
837 372 1054 398 excrementa
1073 364 1164 397 exci-

186 418 238 461 pit
253 428 294 449 ex
310 417 390 455 ileo,
417 422 447 447 et
467 427 544 448 cum
562 415 644 447 inde
659 427 784 448 rursus
801 415 935 459 aliquid
955 414 1164 448 nutrimenti

189 465 392 500 exhaustum
411 471 471 505 est,
486 465 640 510 reliquae
651 465 740 498 feces
757 466 1025 509 expellunturin
1043 461 1164 499 κόλον.

188 516 329 550 Dicitur
345 521 459 548 autem
483 514 646 562 τυφλὸν,
674 516 754 560 qnia
777 516 922 549 unicum
947 514 1052 549 habet
1072 516 1164 547 fora-

189 578 288 607 men,
321 566 414 610 quod
443 572 475 598 et
496 566 624 609 excipit
648 567 770 610 illapsa
803 578 842 598 ex
867 566 953 607 ileo,
988 573 1023 599 et
1048 576 1169 598 rursus

191 616 319 649 emittit
336 616 372 648 in
390 612 512 651 κόλον,
563 615 652 649 Nam
671 617 801 649 orificia
821 616 898 655 ilci,
927 617 1020 649 coeci
1047 622 1080 648 et
1102 615 1168 647 coli
1195 609 1197 649 i

192 668 322 699 coeunt
338 666 375 698 in
393 678 461 698 una
478 666 636 700 cavitate.
690 666 730 699 ln
755 664 898 700 homine
923 679 1007 700 vero
1025 671 1170 698 narrant
1195 654 1198 701 s

191 728 337 760 parvam
353 717 585 761 appendicem
602 728 672 750 esse
691 717 749 749 ilei
761 744 769 758 ‚
795 728 858 751 nec
874 717 1027 761 conspici
1042 728 1157 750 usum.
1197 725 1200 770 l

608 813 739 851 Κόλον.

294 882 371 918 Etsi
388 883 610 918 Medicorum
627 884 710 916 libri
727 884 885 917 scribunt
901 886 1032 925 κῶλον,
1062 884 1174 928 prima
1198 873 1202 917 l

196 935 326 980 syllaba
338 936 454 978 longa,
469 947 547 968 cum
559 934 963 968 nominantintestinurn
982 936 1174 968 secundum
1200 922 1202 938 Ι

197 985 362 1026 crassius,
384 992 501 1019 tamen
520 997 558 1017 ex
575 982 823 1028 Aristophanis
842 985 999 1018 versibus
1021 992 1174 1029 apparet,
1200 984 1203 1024 l

197 1035 423 1069 scribendum
465 1047 538 1068 esse
578 1031 707 1075 κόλον,
749 1035 861 1078 prima
901 1036 1034 1080 syllaba
1064 1035 1175 1075 brevi,
1200 1026 1203 1079 1

196 1085 297 1129 quasi
315 1082 455 1125 κολεός,
482 1085 518 1118 id
534 1091 595 1125 est,
622 1086 758 1127 vagina,
778 1096 839 1117 seu
855 1086 951 1128 quasi
973 1093 1173 1119 truncatum
1201 1099 1203 1116 ι

201 1133 379 1180 κολοβόν,
402 1135 484 1180 quia
501 1135 597 1168 velut
621 1142 751 1167 sectum
776 1135 813 1166 in
839 1135 995 1168 diversas
1022 1136 1176 1176 cellulas,
1200 1120 1203 1174 l

197 1186 313 1218 varios
331 1186 440 1218 flexus
459 1183 574 1219 habet.
609 1182 749 1228 Excipit
764 1185 854 1217 enim
876 1185 964 1218 seces
982 1198 1039 1219 seu
1060 1198 1175 1219 exere.—
1199 1210 1203 1223 Α

197 1242 337 1276 menta,
365 1242 398 1268 et
415 1247 457 1268 ne
482 1235 598 1268 statim
625 1235 788 1275 effluant,
816 1236 984 1278 paulatim
1007 1237 1043 1269 in
1067 1248 1177 1278 angu-
1202 1270 1203 1275 ,

197 1287 321 1318 stiores
344 1293 476 1319 meatus
500 1285 716 1318 transmittit.
772 1286 823 1318 Ac
841 1286 993 1319 aridiora
1013 1294 1177 1326 stercora,

197 1347 287 1380 quae
316 1337 442 1369 usitate
472 1334 704 1367 nominantur
728 1332 914 1378 σκύβαλα,
950 1338 1047 1381 quasi
1083 1337 1177 1370 dicas

198 1397 324 1417 canum
342 1391 575 1423 excrementa,
602 1383 785 1417 imitantur
807 1385 932 1426 figuras
960 1387 1178 1425 cellularum,
1203 1411 1205 1416 .

199 1443 234 1468 et
250 1441 333 1468 sunt
349 1435 477 1467 similia
501 1434 664 1476 globulis.

304 1484 426 1518 Inssuit
451 1491 567 1517 autem
583 1483 672 1517 Bilis
693 1497 732 1518 ex
749 1485 867 1518 ieiuno
887 1485 924 1517 in
947 1481 1076 1525 κόλον,
1103 1497 1171 1531 qua

200 1543 331 1569 stercus
349 1536 491 1579 pellitur
509 1542 541 1569 et
567 1535 754 1569 coloratur.
810 1535 895 1568 Inde
919 1542 951 1568 et
985 1536 1084 1568 colici
1116 1537 1179 1568 do-

201 1587 293 1618 lores
316 1598 447 1619 nomen
470 1582 612 1620 habent.
665 1585 717 1619 lbi
743 1587 834 1619 enim
863 1586 950 1618 fiunt
975 1599 1052 1619 cum
1078 1587 1178 1630 oppi-

199 1636 320 1670 lantur
337 1642 471 1669 meatus
488 1647 506 1668 a
522 1636 671 1678 frigidis,
698 1637 831 1675 crassis,
861 1636 1002 1669 viscosis
1020 1634 1180 1669 humori-
1206 1643 1208 1682 ᾗ

199 1686 285 1727 bus,
313 1698 351 1719 ac
375 1686 577 1720 sentiuntur
594 1685 631 1720 hi
646 1688 820 1721 cruciatus
837 1697 940 1730 supra
960 1687 1180 1722 umbilicum.
1206 1697 1208 1733 ξ

479 1789 632 1822 Rectum
665 1790 901 1823 intestinum.

301 1851 379 1887 Etsi
403 1854 479 1887 colo
502 1861 635 1888 rectum
658 1854 864 1888 intestinum
890 1854 1096 1888 continuum
1122 1861 1181 1894 est,

200 1911 316 1937 tamen
334 1916 412 1937 cum
435 1904 505 1937 situ
528 1911 560 1937 et
586 1904 695 1946 figura
722 1905 957 1945 discernatur,
984 1905 1127 1949 propria
1150 1905 1182 1938 ei

197 1954 386 1997 adpellatio
404 1954 572 1987 attributa
589 1961 650 1988 est.
677 1953 826 1988 Rectum
846 1956 1050 1989 intestinum
1062 1967 1182 1999 graece

204 2003 515 2049 ἀπευθυσμὲιόν,
561 2004 596 2036 id
629 2011 700 2043 est,
740 2006 923 2038 directum.
993 2005 1181 2039 Veteribus

199 2055 358 2098 ignotum
377 2061 427 2088 est
444 2054 654 2087 vocabulum
665 2054 848 2098 Longaon,
872 2068 941 2100 quo
954 2055 1057 2098 vulgo
1075 2063 1182 2089 utun-

199 2112 267 2138 tur.
321 2103 456 2138 Ductus
481 2111 596 2138 autem
620 2111 733 2138 rectus
757 2113 826 2144 est,
851 2112 888 2138 ut
912 2117 1041 2138 nomen
1068 2113 1180 2140 sonat.
1208 2121 1209 2127 ¹

200 2154 289 2188 Nam
315 2162 499 2200 postquam
525 2153 636 2189 κόλον
662 2155 706 2187 ab
724 2163 823 2199 epate
846 2167 965 2189 versus
989 2168 1107 2189 renem
1134 2157 1181 2189 si-

1206 1585 1207 1603 }
1233 1587 1421 1615 venarum,
1449 1582 1522 1609 tum
1539 1575 1800 1608 intestinorum.

200 2206 350 2238 nistrum
369 2205 577 2245 reflectitur,
605 2205 655 2238 ibi
673 2206 740 2238 ossi
759 2218 854 2239 sacro
874 2213 905 2239 et
927 2218 1051 2239 renum
1075 2218 1182 2250 spon-

203 2256 294 2300 dylis
311 2256 474 2298 alligatur
488 2252 555 2288 hoe
573 2262 704 2288 rectum
727 2256 953 2296 intestinum,
981 2264 1013 2290 et
1032 2257 1180 2300 porrigi-

202 2312 260 2338 tur
276 2307 317 2338 ad
337 2317 443 2338 anum
460 2317 569 2350 usque
585 2307 639 2339 vel
655 2307 783 2345 sedem,
812 2319 916 2351 quam
934 2308 1091 2340 nominat
1109 2306 1182 2340 Ga-
1208 2311 1209 2342 ἶ

202 2356 302 2388 lenus
326 2358 551 2402 σφιγκῑῆρα,
577 2368 595 2389 a
618 2357 909 2400 constringendo,
937 2357 1018 2401 quia
1042 2369 1181 2390 muscu-
1207 2360 1210 2379 ¹

203 2406 246 2438 lis
263 2407 515 2449 constringitur
533 2407 649 2447 sedes,
673 2413 711 2439 nt
728 2408 771 2440 sit
788 2407 923 2440 munita
942 2415 1062 2440 contra
1081 2419 1177 2451 prae-

203 2456 325 2499 cipites
344 2462 376 2489 et
392 2456 649 2489 involuntarios
668 2458 858 2500 profluxus.
906 2456 1047 2491 Utilitas
1064 2465 1179 2492 autem

203 2506 276 2539 eius
293 2512 341 2539 est
357 2503 502 2539 evehere
522 2513 664 2539 stercus.

301 2555 394 2590 Sunt
425 2563 539 2589 autem
573 2556 710 2589 tunicae
743 2557 989 2590 intestinorum
1016 2556 1179 2589 substan-

198 2607 264 2640 tiae
289 2606 529 2650 pannicularis
550 2606 769 2650 propinquae
801 2607 913 2648 carni,
945 2614 978 2641 et
1001 2618 1178 2647 nervosae,

194 2669 231 2690 ac
255 2657 358 2691 fibras
385 2654 516 2691 habeut
548 2663 782 2695 transversas,
820 2670 909 2702 quae
936 2657 1176 2703 expulsionem

1223 345 1414 383 attrahant.

1578 429 1838 477 Mmmru'paov.

1321 496 1572 531 Mesenterium
1589 509 1808 541 nequaquam
1826 496 2030 530 intestinum
2050 502 2115 536 est,
2143 497 2201 529 sed

1193 558 1195 574 ῑ
1221 548 1415 591 implicitus
1447 547 1623 580 intestinis
1656 547 1865 591 panniculus
1896 559 1913 579 a
1938 548 2117 590 peritoueo
2144 559 2202 580 or-

1221 606 1297 637 tuS,
1321 609 1509 641 nervosus,
1539 597 1724 630 continens
1743 609 1880 630 earnem
1907 598 2148 640 glandulosam
2170 605 2203 630 et

1224 649 1495 693 pinguedinem,
1521 654 1673 689 gestans,
1701 648 1938 690 distinguens,
1965 655 1997 680 et
2023 649 2127 680 dorso
2152 647 2203 679 al-

1224 700 1336 741 ligans
1354 698 1530 737 intestina,
1549 698 1734 741 praecipue
1751 710 1844 738 vero,
1872 705 1910 731 ut
1926 710 2030 730 venas
2040 698 2204 731 mesarai-

1226 761 1300 788 caS‚
1328 749 1471 781 arterias
1491 755 1522 781 et
1541 759 1665 780 nervos
1683 754 1789 790 gerat.
1845 746 1891 781 Ut
1914 749 2007 780 enim
2033 760 2051 781 a
2070 749 2204 781 truncis

1227 801 1393 832 arborum
1411 799 1641 842 porriguntur
1658 798 1693 830 in
1713 805 1838 830 terram
1863 799 2013 838 radices,
2037 805 2076 832 ut
2091 799 2206 832 nutri-

1212 850 1382 883 ‘mentum
1399 847 1596 888 attrahant,
1621 849 1666 881 ita
1693 848 1779 880 rami
1797 861 1814 880 a
1832 856 1930 892 porta
1960 849 2068 892 epatis
2095 848 2205 892 sparsi

1228 912 1289 944 per
1312 900 1557 932 mesenterium
1573 897 1826 932 adhaerescunt
1850 899 2044 940 intestinis,
2070 910 2132 932 ceu
2150 911 2206 932 ra-

1228 950 1385 991 diculae,
1411 957 1444 983 et
1466 950 1547 982 inde
1564 949 1822 983 nutrimentum
1846 947 2036 982 attrahunt.

1329 1015 1418 1050 Cum
1437 1023 1551 1049 autem
1570 1016 1795 1049 intervallum
1817 1017 1860 1050 sit
1887 1017 1978 1049 inter
1995 1028 2078 1060 epar
2104 1017 2208 1050 etin·

1228 1066 1369 1107 testim,
1397 1079 1483 1110 opus
1502 1067 1568 1100 suit
1585 1067 1696 1099 fulcro
1721 1078 1780 1100 seu
1807 1067 1960 1108 stragulo
1984 1067 2053 1099 illis
2078 1068 2208 1100 canali-

1229 1118 1312 1157 bus,
1338 1117 1398 1162 qui
1415 1118 1458 1149 ab
1484 1124 1581 1160 epate
1608 1118 1812 1161 procedunt.
1864 1116 1943 1150 Duo
1978 1118 2084 1159 igitur
2108 1119 2207 1156 rami,

1202 1183 1203 1186 ¹
1229 1168 1317 1201 alter
1334 1180 1443 1200 venae
1465 1174 1600 1210 portae,
1628 1168 1715 1200 alter
1746 1168 1911 1208 arteriae,
1946 1169 2152 1201 inseruntur
2170 1169 2206 1200 in

1230 1224 1388 1251 centrum
1412 1219 1630 1258 mesenterii,
1655 1218 1715 1250 nbi
1736 1218 1906 1261 plurimae
1924 1219 2132 1261 propagines
2149 1230 2209 1250 ve-

1202 1294 1203 1297 *
1230 1280 1353 1301 narum
1388 1276 1419 1302 ct
1444 1269 1650 1301 arteriarum
1678 1275 1841 1311 augustae
1866 1269 1909 1299 ab
1940 1268 2010 1298 illis
2041 1268 2146 1299 ramis
2173 1269 2208 1300 in

1230 1326 1348 1351 centro
1364 1326 1543 1351 nascentes
1562 1331 1622 1358 per
1639 1325 1749 1348 totum
1776 1317 2022 1349 mesenterium
2039 1328 2209 1361 spargun-

1231 1376 1305 1404 tur,
1336 1376 1368 1398 et
1387 1367 1640 1398 adhaerescunt
1660 1365 1847 1398 intestinis,

1332 1422 1422 1457 Caro
1441 1430 1553 1456 autem
1574 1423 1776 1466 glandulosa
1791 1450 1799 1462 ‚
1827 1431 1857 1456 et
1876 1424 2051 1467 pinguedo
2068 1436 2139 1457 non
2155 1437 2212 1458 so-

1203 1465 1206 1504 Ῐ
1231 1474 1304 1507 lum
1322 1474 1507 1507 muniendi
1525 1486 1624 1506 causa
1650 1475 1810 1506 conditae
1833 1481 1932 1515 sunt,
1960 1476 2016 1507 sed
2045 1475 2146 1507 etiam
2171 1484 2209 1509 ut

1231 1522 1432 1558 humectent
1448 1525 1634 1565 intestina,
1662 1531 1694 1557 et
1711 1525 1859 1557 calorem
1882 1533 2106 1565 conservent,
2133 1533 2208 1558 tnm

1855 1575 1945 1608 Sunt
1974 1582 2088 1609 autem
2112 1577 2210 1608 venis

1233 1625 1416 1659 adiunctae
1447 1626 1611 1665 arteriae,
1660 1631 1697 1658 ut
1727 1625 1877 1657 calorem
1910 1627 2098 1669 praebeant
2135 1633 2209 1659 tum

1234 1676 1316 1719 ipsis
1333 1676 1432 1708 venis
1448 1676 1678 1720 coquentibus
1694 1672 1850 1719 chylum,
1877 1682 1950 1708 tum
1972 1688 2055 1708 vero
2074 1676 2210 1709 intesti-

1233 1726 1298 1760 nis.
1326 1725 1434 1758 Nervi
1451 1733 1565 1758 autem
1584 1737 1722 1758 sensum
1742 1727 1910 1769 praebent
1928 1725 2112 1759 intestinis.
2141 1725 2211 1759 Ve-

1233 1788 1298 1809 nae
1315 1773 1483 1809 hauriunt
1510 1774 1670 1820 chylum,
1698 1783 1731 1809 et
1755 1776 1906 1808 vicissim
1929 1776 2092 1810 nutriunt
2118 1777 2210 1810 inte·

1233 1827 1343 1867 stina,
1379 1838 1417 1859 ac
1440 1827 1673 1859 nominantur
1702 1825 1833 1859 Blauus
1860 1825 2001 1870 Epatis‚
2039 1827 2120 1871 quia
2153 1838 2209 1859 ra-

1234 1877 1336 1921 piunt
1375 1888 1415 1909 ex
1447 1877 1622 1910 intestinis
1659 1873 1819 1922 chylum,
1855 1883 1887 1909 et
1917 1876 1953 1908 in
1980 1888 2063 1921 epar
2094 1883 2210 1910 trans-

1235 1929 1389 1962 mittunt.

1335 1984 1527 2029 Postquam
1544 1990 1658 2017 autem
1677 1984 1787 2016 forma
1804 1983 1918 2027 operis
1935 1990 1967 2017 et
1986 1984 2118 2018 utilitas
2129 1993 2210 2020 nota

1235 2041 1301 2074 est,
1327 2036 1578 2068 vocabulorum
1596 2034 1684 2068 ratio
1702 2034 1800 2067 facile
1818 2035 1965 2078 intelligi
1983 2042 2103 2079 potest.
2129 2037 2212 2070 Mc-

1235 2083 1418 2131 σεντέριον
1444 2085 1594 2125 dicitnr,
1631 2085 1713 2130 quia
1738 2086 1949 2128 panniculus
1973 2093 2021 2119 est
2044 2093 2117 2119 arte
2144 2087 2210 2119 im-

1234 2137 1382 2180 plicatus
1401 2136 1593 2176 intestinis,
1628 2143 1660 2169 et
1686 2135 1781 2168 velut
1805 2136 1840 2168 in
1867 2136 1982 2168 medio
2004 2137 2209 2179 stragulum.

1235 2187 1301 2220 Sed
1318 2183 1531 2231 ,ttsocipmoig
1558 2186 1639 2230 quia
1658 2198 1698 2218 ex
1713 2193 1832 2219 centro
1852 2186 2024 2229 plurimae
2042 2194 2209 2229 angustae

1235 2237 1443 2280 propagines
1485 2249 1653 2269 venarum
1684 2244 1717 2270 et
1745 2236 1949 2269 arteriarum
1984 2244 2208 2280 sparguntur.

1234 2286 1322 2320 Nam
1339 2284 1471 2332 ἀραιὸν
1487 2287 1656 2329 significat
1672 2287 1770 2326 exile,
1796 2286 1851 2318 vel
1867 2292 1983 2320 tenne.
2038 2285 2124 2320 lnde
2142 2299 2208 2319 no·

1233 2350 1314 2370 men
1337 2344 1387 2370 est
1413 2338 1511 2369 venis
1533 2336 1747 2376 mesaruicis,
1771 2336 1806 2369 id
1828 2343 1893 2376 est,
1920 2337 2091 2374 exilibus,
2119 2349 2208 2381 quae

1233 2387 1283 2421 ibi
1301 2388 1336 2420 in
1360 2388 1568 2421 mesenterio
1589 2398 1747 2431 sparsae,
1775 2387 1923 2420 tendunt
1940 2387 1982 2420 ad
2000 2386 2175 2422 intestina.

1443 2485 1644 2534 Ha'yxpmg
1669 2498 1735 2521 seu
1767 2483 1990 2532 καλλίκρεας.

1332 2552 1415 2588 Dixi
1433 2554 1646 2587 membranis
1663 2554 1858 2588 mesenterii
1876 2553 2028 2586 additam
2045 2565 2117 2587 esse
2132 2565 2208 2588 car-

1232 2617 1311 2638 nem
1328 2605 1568 2647 glandulosam
1587 2604 1781 2647 explentem
1796 2604 1871 2637 loca
1889 2615 1995 2637 vacua
2013 2604 2105 2637 inter
2121 2616 2208 2638 ven-

1231 2656 1416 2696 uitulum,
1442 2653 1539 2699 Epar
1562 2661 1594 2688 et
1608 2654 1791 2699 Splenem,
1817 2660 1855 2687 ut
1879 2654 2050 2689 sustineat
2074 2660 2107 2688 et
2128 2666 2208 2688 mu-
