2379 2948
146 117 219 154 303

251 199 387 232 Lumen
410 197 445 228 in
464 194 574 228 oculis
591 199 637 225 est
663 201 716 223 res
731 189 920 230 naturalis,
946 200 1019 221 non
1038 188 1131 221 enim

149 253 187 286 fit
207 257 293 284 arte.

152 351 285 387 turaliS.
335 347 422 379 Nam
442 343 624 376 inclinatio
643 343 701 374 illa
721 354 793 374 non
818 347 929 385 potest
946 341 1033 372 effici
1051 345 1134 375 arte,

153 412 265 446 neque
282 399 318 431 in
337 394 501 439 losquino
513 420 522 434 ,
544 405 657 437 neque
674 393 709 424 in
728 393 816 425 aliis.

256 456 305 489 Ita
323 451 522 486 memineris
544 463 596 483 res
621 450 796 483 naturales
820 449 888 481 dici
915 447 1137 485 substantias,

155 508 357 554 qualitateS,
382 510 414 536 et
439 509 571 541 motus,
609 501 668 545 qui
701 513 772 533 non
802 500 1014 532 extrinsecus
1042 508 1138 529 :issu-

154 565 310 593 inuntur,
333 554 393 587 sed
411 565 487 585 cum
507 552 579 594 ipsa
597 552 790 584 substantia
810 557 1011 582 nascuntur.
1044 547 1139 579 thee

156 611 201 643 ita
222 609 325 652 plana
342 611 373 637 et
394 603 542 647 puerilia
560 609 661 641 sunt,
689 609 726 634 ut
747 613 817 633 non
836 600 1017 641 indigeant
1035 598 1139 639 longa

154 656 400 694 declaratione.
462 652 605 687 Constat
645 652 737 684 enim
775 651 870 683 nasci
910 648 1141 686 substantias,

156 722 244 755 quae
267 715 299 740 et
315 705 499 750 qualitates
523 715 638 735 secum
659 703 822 734 adferunt
846 700 986 738 insitas,
1014 705 1048 731 et
1069 698 1139 728 vim

157 765 199 793 ad
217 764 327 792 certos
345 762 460 787 motus
478 753 688 788 efficiendos.
742 751 800 785 Sic
821 751 914 783 enim
934 749 1074 782 condita
1092 753 1142 780 est

156 817 300 846 natura,
326 818 369 838 ne
389 805 432 838 sit
448 804 573 837 ociosa.

260 866 343 900 Ideo
360 862 518 896 definitio
537 869 681 894 naturae
700 861 791 904 apud
812 858 1037 892 Aristotelem
1058 854 1142 888 liaec

158 926 225 953 est:
253 916 384 950 Natura
406 920 455 945 est
472 923 571 944 causa
590 919 705 943 motus
722 910 892 955 etquietis
910 910 996 949 eius,
1020 908 1055 939 in
1073 918 1142 951 quo

159 977 209 1004 est
229 964 487 1012 principaliter,
514 969 546 994 et
562 974 632 994 non
656 973 717 1005 per
733 961 907 993 accidens.

261 1025 329 1059 Sed
348 1033 466 1056 recens
483 1020 642 1059 auditor,
669 1025 940 1052 commemorata
957 1015 1021 1050 hac
1044 1015 1142 1048 brevi

161 1075 413 1120 descriptione,
440 1082 528 1115 quae
553 1071 693 1102 videtur
722 1081 852 1101 nomen
885 1076 1063 1110 utcunque
1089 1077 1145 1098 ex-

161 1130 312 1174 plicare,
344 1135 416 1155 non
444 1121 625 1153 intendere
648 1119 796 1161 digitum
823 1120 863 1150 ad
893 1131 964 1151 rem
990 1117 1144 1161 aliquam

161 1175 438 1211 monstrandam,
467 1182 554 1214 quae
572 1170 638 1202 ciet
655 1182 819 1212 corpora,
849 1168 1020 1211 flagitabit
1036 1167 1146 1210 expli-

162 1229 333 1262 cntionem
368 1222 475 1264 magis
514 1221 745 1264 perspicuam.
808 1218 903 1261 Quid
938 1219 1030 1250 enim
1064 1214 1148 1249 haec

162 1275 383 1313 Aristotelica
402 1272 498 1305 aliud
517 1271 614 1310 dicit,
642 1283 745 1314 quani
766 1277 928 1302 naturam
949 1268 1064 1300 vocari
1083 1267 1148 1299 ali-

162 1330 248 1375 quid
275 1327 312 1359 in
341 1334 504 1367 corpore,
540 1333 609 1365 quo
643 1332 703 1363 per
734 1331 805 1352 sese
842 1326 876 1353 et
906 1318 1149 1363 principaliter

164 1382 274 1413 cietur
290 1385 427 1417 corpus,
452 1373 542 1405 utin
561 1371 631 1413 igni
650 1371 782 1413 aliquid
804 1377 864 1410 est,
884 1370 976 1413 quod
998 1380 1059 1411 per
1077 1379 1149 1399 sese

165 1438 197 1463 et
214 1424 455 1472 principaliter
473 1434 551 1454 eum
571 1422 676 1463 agitat
697 1432 845 1454 sursum.
899 1420 969 1453 Sed
987 1430 1073 1462 quae
1097 1428 1149 1449 res

164 1481 226 1514 illa
257 1484 326 1516 est,
359 1475 406 1506 sic
443 1472 602 1515 agitans?
646 1470 773 1503 Forma
812 1482 854 1503 ne
890 1482 934 1502 an
967 1468 1151 1513 qualitates

165 1531 240 1565 eius
267 1525 439 1569 corporis,
474 1523 569 1556 calor
599 1528 630 1554 et
659 1521 818 1554 siccitas?
872 1519 910 1553 Id
945 1518 1151 1552 Aristoteles

163 1592 238 1615 non
256 1577 362 1612 addit.

268 1636 335 1670 Sed
362 1632 471 1667 Stoici
500 1639 539 1665 ut
571 1629 653 1664 huic
687 1629 883 1674 quaestioni
918 1633 1152 1667 occurrerent,

168 1688 391 1724 tradiderunt
415 1683 518 1716 aliam
537 1681 802 1719 definitionem,
829 1679 927 1712 cuius
951 1679 1012 1711 etsi
1038 1690 1151 1710 sermo

167 1752 240 1773 non
267 1735 429 1778 congruit
459 1745 537 1765 cum
563 1730 807 1770 Aristotelii-0,
838 1736 955 1762 tamen
982 1728 1152 1761 sententia

169 1793 288 1823 dextre
305 1785 492 1823 intellecta,
519 1783 627 1815 multa
649 1787 778 1813 monet.
825 1779 938 1812 Verba
954 1777 1038 1811 haec
1057 1785 1152 1811 sunt:

168 1841 299 1875 Natura
318 1843 367 1869 est
382 1835 471 1878 ignis
488 1841 559 1866 arte
577 1831 803 1876 progrediens
821 1831 861 1862 ad
880 1830 1154 1872 generationem,

269 1895 384 1937 Quam
412 1892 630 1936 peregrinam
658 1889 772 1922 adsers
799 1888 934 1932 inquiet
955 1888 1099 1931 aliquis,
1123 1894 1156 1920 et

171 1949 322 1982 alienam
357 1945 400 1976 ab
437 1941 658 1974 Aristotelica
694 1939 949 1972 consuetudine
978 1938 1155 1970 definitio-

171 1997 276 2032 nem‘?
312 1993 386 2037 Ego
404 2005 485 2024 vero
503 2004 577 2024 eam
595 2001 776 2028 recenseo,
803 1996 841 2021 ut
859 1989 983 2021 melius
1001 1988 1155 2031 conspici

172 2048 300 2093 possit,
334 2056 437 2089 quam
471 2042 513 2075 sit
548 2041 670 2083 exigua
706 2046 738 2072 et
770 2040 940 2082 generalis
970 2039 1155 2081 descriptio

173 2096 414 2133 Aristotelica,
443 2092 570 2125 deinde
589 2091 706 2122 addita
731 2090 905 2121 concinna
923 2089 1158 2129 enarratione,

173 2162 245 2183 nou
262 2145 418 2180 insuavis
436 2144 502 2175 erit
519 2140 602 2174 haec
621 2140 727 2173 stoica
746 2140 917 2172 definitio.

286 2206 346 2239 Ᾱὶῑ
364 2215 435 2236 0⁵52
453 2202 582 2244 ignem,
612 2201 645 2232 Μ
664 2206 724 2235 ‘'Sl.
746 2199 872 2231 caloris
890 2198 1073 2240 originem,
1099 2209 1157 2230 seu

174 2261 326 2296 sontem,
353 2254 554 2299 quicunque
573 2251 617 2283 ita
636 2250 810 2282 nominari
831 2256 951 2291 potest·
980 2260 1039 2279 Spu
1060 2248 1160 2289 ignis,

177 2321 235 2342 seu
253 2308 303 2340 vis
322 2303 492 2338 aetherea.

180 2411 223 2441 ab
250 2405 449 2440 elementari
477 2410 662 2437 senserunt
690 2401 774 2433 oriri
802 2401 931 2432 formas
959 2407 991 2432 et
1015 2399 1162 2439 animas,

182 2470 265 2504 quas
283 2459 371 2500 ipsas
398 2455 499 2487 etiam
517 2455 631 2495 ignem
651 2463 723 2484 esse
740 2451 916 2484 dixerunt.
961 2449 1062 2482 Hanc
1079 2449 1162 2489 vim,
1186 2444 1187 2451 ¹

183 2522 239 2542 seu
262 2506 354 2539 liuuc
374 2507 503 2538 sontem
522 2503 666 2542 caloris,
693 2509 784 2535 recte
803 2501 924 2533 dicunt
942 2500 1028 2533 illud
1047 2500 1161 2544 ipsum

182 2570 274 2596 esse,
307 2557 400 2601 quod
420 2553 567 2597 impellit
590 2565 735 2596 corpora
754 2553 797 2585 ad
819 2552 971 2584 actiones
999 2557 1032 2584 et
1057 2561 1162 2593 gene-

183 2609 345 2643 rationes.
380 2603 484 2637 Calor
501 2604 592 2635 enim
614 2610 663 2636 est
678 2602 809 2643 efficax,
833 2607 1020 2644 congregat
1036 2612 1164 2644 cogna-

380 108 587 147 scmrm
616 107 691 143 PH.
717 102 832 140 MEL.
861 101 927 139 AD
953 100 1084 137 HIST.
1109 96 1255 137 11101.
1283 96 1350 134 ΕΤ
1374 95 1569 134 PfflLos,
1597 94 1921 135 ειἚοΤΑ11ΤιΑ.4

2090 99 2164 136 304

1184 197 1228 218 ne
1245 185 1342 218 calor
1361 184 1485 218 excitat
1509 183 1745 216 ventriculum
1773 190 1807 217 et
1835 196 1936 228 epar,
1964 191 2003 219 ut
2021 191 2167 229 cognata

1159 248 1161 279 ξ
1184 234 1380 276 attrahant,
1407 241 1440 268 et
1457 235 1627 278 dissipent
1644 246 1715 267 non
1733 241 1888 276 cognata.

258 300 297 332 ln
320 296 481 340 losquino
504 291 686 324 inclinatio
705 291 746 324 ad
759 290 918 323 Musicen
936 296 983 322 est
1002 301 1055 321 res
1072 301 1135 320 113-
1161 312 1162 322 ,

1287 294 1357 328 Sed
1379 306 1440 326 cur
1456 293 1592 337 inquit,
1616 300 1689 326 arte
1714 293 1940 336 progrediens
1962 295 2003 327 ad
2025 306 2168 337 genera—

1187 345 1343 378 tionem?
1378 344 1459 388 quia
1477 344 1681 386 significata
1700 351 1815 376 mente
1832 344 1948 388 aliqua
1965 343 2168 377 archimen--

1162 402 1163 407 ¹
1188 396 1273 428 trice
1296 396 1427 438 species
1453 405 1574 426 omnes
1599 394 1646 427 ita
1667 395 1847 427 ordinatas
1870 406 1961 434 esse,
1987 401 2026 427 ut
2043 395 2171 429 similia

1188 458 1205 478 a
1222 446 1398 478 similibus
1421 451 1664 487 procreentur.
1717 444 1878 489 Denique
1903 452 1940 478 ut
1958 445 1994 476 in
2014 445 2173 489 quolibet

1190 502 1304 528 certus
1319 495 1362 528 sit
1378 495 1504 527 modus
1527 495 1781 537 generationis,
1805 496 1907 528 aliter
1927 496 2039 538 gignit
2056 493 2174 536 homo,

1190 546 1291 578 aliter
1315 546 1452 589 planta,
1478 551 1511 577 et
1535 552 1652 577 tamen
1679 546 1715 577 in
1741 553 1890 590 utroque
1909 547 2004 578 calor
2028 553 2078 579 est
2095 546 2173 578 fons

1191 595 1436 638 generationis,
1462 596 1521 627 sed
1538 594 1595 627 hic
1614 596 1691 627 fons
1708 596 1811 628 simul
1827 597 2042 639 gobernatur
2059 607 2077 628 a
2093 607 2174 629 cau-

1192 658 1229 678 sa
1254 645 1464 684 universali,
1490 657 1579 688 quae
1605 646 1653 677 sic
1670 646 1850 679 ordinavit
1869 654 2050 687 naturam,
2076 647 2175 691 quasi

1194 703 1267 729 arte
1280 722 1289 736 ,
1315 702 1355 728 ut
1370 695 1547 739 quaelibet
1566 696 1696 739 species
1710 696 1836 728 similia
1854 704 2024 740 procreet.

1297 753 1500 787 Monstrant
1519 753 1624 796 igitur
1641 753 1750 787 Stoici
1776 767 1848 787 rem
1870 756 2044 800 aliquam,
2072 767 2176 801 quam

1194 805 1311 838 vocari
1336 811 1497 837 naturam
1522 805 1666 844 volunt,
1696 805 1845 846 scilicet,
1876 806 2031 838 illumin
2053 818 2178 850 corpo-

1195 856 1292 888 ribus
1318 855 1487 894 calorem,
1515 856 1573 887 sed
1599 862 1691 887 certo
1716 857 1820 889 modo
1844 857 1887 888 ab
1905 863 2044 888 aeterna
2063 863 2178 889 mente

1196 907 1418 946 ordinatum,
1453 905 1513 949 qui
1539 906 1665 939 modus
1696 908 1795 950 quasi
1823 919 1879 939 ars
1910 914 1960 940 est
1992 906 2180 940 cuiuslibet

1196 956 1331 1001 speciei.

1299 1013 1376 1047 Etsi
1394 1021 1511 1047 autem
1530 1015 1574 1047 ad
1593 1014 1751 1047 omnitim
1770 1015 1841 1047 sere
1864 1015 2053 1049 mixtorum
2076 1027 2180 1059 gene-

1197 1065 1350 1099 rationes
1367 1066 1539 1098 concinne
1556 1066 1812 1098 accommodziri
1830 1063 1912 1098 haec
1931 1067 2039 1099 stoici·
2056 1067 2181 1099 defini-

1198 1117 1247 1150 tio
1268 1123 1390 1160 potest,
1414 1122 1531 1148 tamen
1550 1127 1619 1148 non
1639 1116 1824 1159 suscipiam
1844 1117 1917 1149 eius
1936 1117 2181 1160 patrocinium,

1199 1166 1375 1200 Recensui
1392 1172 1517 1206 autem,
1541 1173 1580 1199 ut
1596 1166 1736 1199 collatio
1753 1168 1923 1206 ostendat,
1948 1168 2032 1211 quid
2050 1168 2085 1199 in
2102 1167 2184 1200 Ari-

1200 1217 1354 1250 stotelica
1380 1217 1615 1256 desideretur,
1641 1228 1729 1261 quae
1760 1224 1810 1250 est
1834 1217 1945 1249 multo
1978 1218 2184 1259 generalior,

1201 1276 1233 1300 et
1248 1268 1318 1300 fere
1337 1274 1472 1300 tantum
1489 1267 1643 1299 nominis
1659 1267 1844 1307 enarratio,
1862 1274 1901 1300 ut
1918 1268 1945 1299 si
1965 1268 2094 1300 dicam:
2118 1268 2184 1302 So-

1202 1318 1243 1350 lis
1261 1317 1356 1349 orbis
1375 1324 1536 1350 movetur
1558 1325 1681 1350 natura
1701 1319 1743 1348 ab
1765 1328 1885 1349 occasu
1913 1329 2032 1350 versus
2057 1326 2184 1359 ortum,

1202 1369 1282 1411 quia
1301 1368 1336 1399 in
1357 1368 1430 1410 ipso
1449 1368 1501 1398 vis
1518 1374 1567 1399 est
1583 1367 1730 1399 interior
1746 1367 1793 1399 sic
1812 1367 1916 1399 ciens.
1971 1369 2017 1400 At
2035 1369 2077 1400 ab
2103 1377 2181 1401 ortu

1203 1418 1238 1449 in
1268 1429 1426 1449 occasum
1453 1424 1612 1449 movetur
1639 1429 1709 1449 non
1732 1424 1873 1457 naturai,
1901 1419 1959 1450 sed
1984 1419 2119 1462 rapitur
2142 1420 2184 1451 ab

1203 1469 1272 1500 alio
1289 1468 1459 1500 exteriore
1477 1467 1573 1501 orbe.
1618 1466 1685 1499 Hic
1704 1479 1800 1499 mens
1819 1467 1963 1510 cupiens
1982 1468 2076 1501 intus
2095 1469 2187 1513 aspi-

1205 1531 1279 1552 cere
1304 1525 1484 1556 naturam,
1513 1517 1649 1561 quaerit
1668 1530 1755 1561 quae
1780 1530 1834 1550 res
1852 1519 1909 1550 illa
1934 1518 1998 1557 sit,
2025 1531 2112 1563 quae
2129 1532 2186 1552 or-

1204 1571 1281 1602 bem
1299 1568 1392 1601 Solis
1408 1569 1513 1608 cieat,
1538 1575 1574 1600 ut
1591 1576 1714 1612 sponte
1732 1569 1774 1601 ab
1792 1581 1914 1602 occasu
1932 1581 2052 1602 versus
2070 1576 2186 1603 ortum

1203 1621 1346 1653 seratur.

1307 1675 1358 1709 Ita
1384 1676 1550 1708 dicimus:
1596 1676 1760 1709 Zinziber
1782 1685 1905 1711 natura
1929 1675 2124 1719 humectat,
2154 1680 2188 1713 id

1205 1733 1270 1766 est,
1304 1738 1376 1759 non
1410 1739 1471 1770 per
1503 1727 1598 1758 aliud
1635 1734 1837 1768 externum,
1868 1730 1926 1760 sed
1958 1741 2056 1762 mens
2088 1730 2190 1763 avida

1205 1779 1465 1819 cognoscendae
1492 1788 1631 1817 causae,
1668 1778 1823 1822 quaerit,
1856 1791 1944 1823 quae
1969 1791 2022 1812 res
2048 1781 2091 1813 sit
2118 1781 2190 1821 illa,

1205 1841 1272 1872 qua
1293 1827 1458 1859 Zinzilier
1482 1824 1677 1867 humecta,
1702 1841 1779 1860 cuin
1808 1836 1922 1861 tamen
1943 1831 2043 1863 valde
2065 1831 2191 1864 calefa-

1205 1879 1292 1918 ciat,
1320 1885 1351 1910 ct
1369 1878 1412 1911 sit
1431 1885 1508 1910 actu
1529 1878 1671 1913 siccum.

1299 1933 1352 1967 Ex
1373 1932 1425 1966 liis
1442 1935 1691 1967 collationibus
1709 1943 1885 1979 utcunque
1904 1936 2049 1979 intelligi
2070 1945 2192 1980 potest,

1208 1985 1291 2030 quid
1322 1985 1444 2016 avidus
1475 1986 1614 2017 auditor
1646 1986 1680 2017 in
1712 1986 1932 2019 Aristotelica
1958 1988 2191 2031 descriptione

1209 2036 1392 2069 desideret.

1312 2093 1441 2127 Medici
1462 2094 1599 2136 planius
1623 2095 1836 2139 loquuntur,
1865 2096 1963 2140 quasi
1987 2097 2096 2138 digito
2120 2110 2191 2130 rem

1211 2147 1320 2189 ipsam
1342 2151 1588 2181 monstrantes,
1615 2158 1718 2189 quam
1739 2147 1862 2178 volunt
1879 2148 2115 2190 adpellatione
2132 2161 2192 2181 113-

1209 2204 1306 2230 turae
1323 2195 1521 2237 significari.
1577 2194 1662 2227 Nan·
1682 2195 1840 2228 Galenus
1869 2198 1902 2228 in
1924 2198 2025 2231 tertio
2045 2199 2134 2231 libro
2151 2201 2194 2232 de

1183 2266 1185 2291 ,3
1211 2246 1512 2289 'l'einpermnen'is
1533 2246 1596 2277 ait:
1628 2246 1791 2278 §.iturum
1812 2260 1888 2280 cum
1908 2249 2005 2284 dico,
2031 2251 2194 2281 solistan-

546 2301 612 2344 lpsi
632 2301 744 2342 ignem
779 2306 948 2331 vomi-unt
978 2299 1159 2330 coelestem
1184 2309 1186 2319 ¹

179 2367 209 2393 et
235 2359 497 2391 elementarem,
527 2366 564 2385 ac
589 2352 716 2384 deinde
744 2363 821 2381 cum
849 2363 865 2381 a
900 2349 1059 2387 coelesti,
1086 2356 1159 2381 tum
1185 2364 1186 2367 ¹

1211 2298 1293 2330 tium
1312 2304 1419 2328 totam
1445 2302 1473 2327 et
1494 2303 1805 2338 temperatim—ntum
1830 2298 1987 2340 significo
2009 2312 2048 2332 ex
2073 2301 2193 2341 primis

1211 2347 1410 2384 elementis,
1437 2346 1568 2385 calido,
1596 2347 1742 2389 frigido,
1770 2349 1859 2380 sicco
1885 2358 1916 2382 et
1943 2348 2086 2382 humido
2108 2363 2194 2382 con-

1212 2399 1341 2430 flatum.
1400 2396 1513 2428 Verba
1542 2395 1623 2429 haec
1649 2406 1747 2430 sunt:
1784 2399 1900 2444 ‹sv'ons
1926 2397 2063 2433 δ’ὅταν
2091 2400 2191 2440 εἴπω,

1211 2446 1279 2492 τὴν
1296 2445 1384 2491 ὅλην
1402 2444 1573 2481 οὐσίαντε
1595 2447 1657 2482 καὶ
1682 2451 1816 2493 κρᾶσιν
1833 2448 1943 2496 λέγω,
1967 2447 2034 2493 τὴν
2060 2450 2097 2483 ἐκ
2118 2453 2194 2484 τῶν

1212 2495 1370 2544 πρώτων
1387 2496 1576 2542 στοιχείων
1593 2499 1738 2545 θερμοῦ
1755 2498 1817 2533 καὶ
1833 2501 1981 2545 ψυχροῦ
2004 2498 2065 2533 καὶ
2083 2501 2193 2545 ξηροῦ

1212 2547 1274 2584 καὶ
1300 2546 1431 2595 ὑγροῦ.
1483 2548 1659 2594 Loquitur
1684 2551 1778 2583 enim
1795 2551 1837 2582 de
1865 2550 1991 2583 mixtis.
2036 2550 2195 2595 Cumque

1214 2599 1280 2633 hoc
1305 2600 1409 2632 modo
1435 2599 1478 2632 ad
1501 2601 1731 2634 substantiam
1752 2606 1785 2633 et
1807 2606 2118 2643 temperamentum
2135 2602 2195 2633 de-

184 2669 235 2699 ta,
263 2665 295 2691 et
312 2655 457 2698 dissipat
472 2665 543 2686 non
563 2659 725 2696 cognata,
753 2660 791 2686 ut
810 2653 848 2685 in
863 2650 1019 2685 hominis
1035 2651 1164 2685 coctio·
1188 2660 1191 2695 1
1216 2650 1392 2688 ducimur,
1420 2661 1508 2695 quae
1524 2662 1579 2684 res
1596 2651 1659 2693 sit,
1686 2660 1774 2695 quae
1792 2657 1936 2684 vocatur
1952 2657 2095 2691 natura,
2122 2662 2194 2684 rna-
