<?xml version="1.0" encoding="UTF-8"?>
<!DOCTYPE html PUBLIC "-//W3C//DTD XHTML 1.0 Transitional//EN"
    "http://www.w3.org/TR/xhtml1/DTD/xhtml1-transitional.dtd">
<html xmlns="http://www.w3.org/1999/xhtml" xml:lang="en" lang="en">
 <head>
  <title>
</title>
<meta http-equiv="Content-Type" content="text/html;charset=utf-8" />
  <meta name='ocr-system' content='tesseract 3.04.00' />
  <meta name='ocr-capabilities' content='ocr_page ocr_carea ocr_par ocr_line ocrx_word'/>
</head>
<body>
  <div class='ocr_page' id='page_1' title='image "./operaquaesupersu13melauoft_0408.png"; bbox 0 0 2379 2948; ppageno 0'>
   <div class='ocr_carea' id='block_1_1' title="bbox 201 86 1625 131">
    <p class='ocr_par' dir='ltr' id='par_1_1' title="bbox 201 86 1625 131">
     <span class='ocr_line' id='line_1_1' title="bbox 201 86 1625 131; baseline -0.006 0"><span class='ocrx_word' id='word_1_1' title='bbox 201 96 270 131; x_wconf 88' lang='lat'>791</span> <span class='ocrx_word' id='word_1_2' title='bbox 790 88 916 127; x_wconf 88' lang='lat' dir='ltr'>PHlL.</span> <span class='ocrx_word' id='word_1_3' title='bbox 943 88 1061 125; x_wconf 85' lang='lat' dir='ltr'><strong>MEL.</strong></span> <span class='ocrx_word' id='word_1_4' title='bbox 1085 88 1293 125; x_wconf 84' lang='lat' dir='ltr'><strong>SCRIPTA</strong></span> <span class='ocrx_word' id='word_1_5' title='bbox 1321 86 1625 125; x_wconf 86' lang='lat' dir='ltr'><strong>EXEGETICA.</strong></span> 
     </span>
    </p>
   </div>
   <div class='ocr_carea' id='block_1_2' title="bbox 203 171 1190 324">
    <p class='ocr_par' dir='ltr' id='par_1_2' title="bbox 203 171 1190 324">
     <span class='ocr_line' id='line_1_2' title="bbox 203 171 1186 223; baseline -0.005 -12"><span class='ocrx_word' id='word_1_6' title='bbox 203 179 287 211; x_wconf 90' lang='lat' dir='ltr'>dum</span> <span class='ocrx_word' id='word_1_7' title='bbox 310 177 414 223; x_wconf 85' lang='lat' dir='ltr'>plane</span> <span class='ocrx_word' id='word_1_8' title='bbox 431 175 558 211; x_wconf 85' lang='lat' dir='ltr'>Esaiae</span> <span class='ocrx_word' id='word_1_9' title='bbox 576 175 606 210; x_wconf 92' lang='lat'>1.</span> <span class='ocrx_word' id='word_1_10' title='bbox 631 172 816 207; x_wconf 81' lang='lat' dir='ltr'>scribitur:</span> <span class='ocrx_word' id='word_1_11' title='bbox 849 171 969 207; x_wconf 88' lang='lat' dir='ltr'>Omne</span> <span class='ocrx_word' id='word_1_12' title='bbox 988 179 1092 217; x_wconf 89' lang='lat' dir='ltr'>caput</span> <span class='ocrx_word' id='word_1_13' title='bbox 1108 172 1186 205; x_wconf 90' lang='lat' dir='ltr'>lan-</span> 
     </span>
     <span class='ocr_line' id='line_1_3' title="bbox 203 223 1187 271; baseline -0.005 -8"><span class='ocrx_word' id='word_1_14' title='bbox 203 229 349 271; x_wconf 79' lang='lat' dir='ltr'>guidum</span> <span class='ocrx_word' id='word_1_15' title='bbox 371 235 456 266; x_wconf 72' lang='lat' dir='ltr'>etc„</span> <span class='ocrx_word' id='word_1_16' title='bbox 496 226 590 271; x_wconf 90' lang='lat' dir='ltr'>quod</span> <span class='ocrx_word' id='word_1_17' title='bbox 615 224 786 258; x_wconf 91' lang='lat' dir='ltr'>iudicium</span> <span class='ocrx_word' id='word_1_18' title='bbox 809 225 853 258; x_wconf 90' lang='lat' dir='ltr'>ad</span> <span class='ocrx_word' id='word_1_19' title='bbox 875 236 998 258; x_wconf 87' lang='lat' dir='ltr'>omnes</span> <span class='ocrx_word' id='word_1_20' title='bbox 1022 223 1187 268; x_wconf 84' lang='lat' dir='ltr'><strong>pertinet.</strong></span> 
     </span>
     <span class='ocr_line' id='line_1_4' title="bbox 203 273 1190 324; baseline -0.007 -11"><span class='ocrx_word' id='word_1_21' title='bbox 203 277 251 313; x_wconf 89' lang='lat' dir='ltr'>Et</span> <span class='ocrx_word' id='word_1_22' title='bbox 272 279 378 324; x_wconf 88' lang='lat' dir='ltr'>paulo</span> <span class='ocrx_word' id='word_1_23' title='bbox 401 284 496 322; x_wconf 90' lang='lat' dir='ltr'>post:</span> <span class='ocrx_word' id='word_1_24' title='bbox 523 275 601 309; x_wconf 76' lang='lat' dir='ltr'>Nisi</span> <span class='ocrx_word' id='word_1_25' title='bbox 618 274 795 310; x_wconf 85' lang='lat' dir='ltr'>Dominus</span> <span class='ocrx_word' id='word_1_26' title='bbox 817 276 953 310; x_wconf 86' lang='lat' dir='ltr'><strong>fecisset</strong></span> <span class='ocrx_word' id='word_1_27' title='bbox 976 275 1081 309; x_wconf 86' lang='lat' dir='ltr'>nohis</span> <span class='ocrx_word' id='word_1_28' title='bbox 1105 273 1190 308; x_wconf 87' lang='lat' dir='ltr'>reli-</span> 
     </span>
    </p>
   </div>
   <div class='ocr_carea' id='block_1_3' title="bbox 205 324 1189 415">
    <p class='ocr_par' dir='ltr' id='par_1_3' title="bbox 205 324 1189 415">
     <span class='ocr_line' id='line_1_5' title="bbox 205 324 1189 375; baseline -0.006 -11"><span class='ocrx_word' id='word_1_29' title='bbox 205 342 312 375; x_wconf 90' lang='lat' dir='ltr'>quum</span> <span class='ocrx_word' id='word_1_30' title='bbox 347 340 486 371; x_wconf 90' lang='lat' dir='ltr'>semen,</span> <span class='ocrx_word' id='word_1_31' title='bbox 526 326 615 361; x_wconf 86' lang='lat' dir='ltr'>sicut</span> <span class='ocrx_word' id='word_1_32' title='bbox 645 326 799 361; x_wconf 84' lang='lat' dir='ltr'>Sodoma</span> <span class='ocrx_word' id='word_1_33' title='bbox 831 335 864 362; x_wconf 91' lang='lat' dir='ltr'>et</span> <span class='ocrx_word' id='word_1_34' title='bbox 897 326 1074 362; x_wconf 82' lang='lat' dir='ltr'>Gomorra</span> <span class='ocrx_word' id='word_1_35' title='bbox 1106 324 1189 359; x_wconf 84' lang='lat' dir='ltr'>facti</span> 
     </span>
     <span class='ocr_line' id='line_1_6' title="bbox 206 391 367 415; baseline 0 -1"><span class='ocrx_word' id='word_1_36' title='bbox 206 391 367 415; x_wconf 85' lang='lat' dir='ltr'>essemus,</span> 
     </span>
    </p>
   </div>
   <div class='ocr_carea' id='block_1_4' title="bbox 326 505 1068 552">
    <p class='ocr_par' dir='ltr' id='par_1_4' title="bbox 326 505 1068 552">
     <span class='ocr_line' id='line_1_7' title="bbox 326 505 1068 552; baseline -0.003 -11"><span class='ocrx_word' id='word_1_37' title='bbox 326 508 520 542; x_wconf 76' lang='lat' dir='ltr'>Poenituz&#39;t</span> <span class='ocrx_word' id='word_1_38' title='bbox 547 517 631 541; x_wconf 79' lang='lat' dir='ltr'>eum</span> <span class='ocrx_word' id='word_1_39' title='bbox 659 505 756 552; x_wconf 82' lang='lat' dir='ltr'>quod</span> <span class='ocrx_word' id='word_1_40' title='bbox 783 505 971 541; x_wconf 80' lang='lat' dir='ltr'>hominem</span> <span class='ocrx_word' id='word_1_41' title='bbox 1000 509 1068 540; x_wconf 86' lang='lat' dir='ltr'>etc.</span> 
     </span>
    </p>
   </div>
   <div class='ocr_carea' id='block_1_5' title="bbox 207 579 1198 1492">
    <p class='ocr_par' dir='ltr' id='par_1_5' title="bbox 207 579 1198 1492">
     <span class='ocr_line' id='line_1_8' title="bbox 307 579 1193 627; baseline -0.005 -11"><span class='ocrx_word' id='word_1_42' title='bbox 307 582 467 617; x_wconf 90' lang='lat' dir='ltr'>Primum</span> <span class='ocrx_word' id='word_1_43' title='bbox 507 583 667 616; x_wconf 90' lang='lat' dir='ltr'>omnium</span> <span class='ocrx_word' id='word_1_44' title='bbox 700 583 958 627; x_wconf 81' lang='lat' dir='ltr'>simplicissime</span> <span class='ocrx_word' id='word_1_45' title='bbox 992 579 1193 625; x_wconf 82' lang='lat' dir='ltr'>exposueris</span> 
     </span>
     <span class='ocr_line' id='line_1_9' title="bbox 207 630 1192 678; baseline -0.005 -10"><span class='ocrx_word' id='word_1_46' title='bbox 207 635 354 668; x_wconf 75' lang='lat' dir='ltr'>verbum</span> <span class='ocrx_word' id='word_1_47' title='bbox 387 634 612 678; x_wconf 86' lang='lat' dir='ltr'>poenitendi,</span> <span class='ocrx_word' id='word_1_48' title='bbox 647 634 675 666; x_wconf 92' lang='lat' dir='ltr'>si</span> <span class='ocrx_word' id='word_1_49' title='bbox 706 634 834 667; x_wconf 86' lang='lat' dir='ltr'>sentias</span> <span class='ocrx_word' id='word_1_50' title='bbox 866 634 959 666; x_wconf 88' lang='lat' dir='ltr'>idem</span> <span class='ocrx_word' id='word_1_51' title='bbox 992 644 1065 665; x_wconf 86' lang='lat' dir='ltr'>esse</span> <span class='ocrx_word' id='word_1_52' title='bbox 1097 630 1192 676; x_wconf 91' lang='lat' dir='ltr'>quod</span> 
     </span>
     <span class='ocr_line' id='line_1_10' title="bbox 207 682 1193 729; baseline -0.005 -10"><span class='ocrx_word' id='word_1_53' title='bbox 207 692 344 719; x_wconf 87' lang='lat' dir='ltr'>mutare</span> <span class='ocrx_word' id='word_1_54' title='bbox 370 697 443 718; x_wconf 90' lang='lat' dir='ltr'>rem</span> <span class='ocrx_word' id='word_1_55' title='bbox 468 691 705 729; x_wconf 82' lang='lat' dir='ltr'>praesentem,</span> <span class='ocrx_word' id='word_1_56' title='bbox 733 692 771 719; x_wconf 91' lang='lat' dir='ltr'>ut</span> <span class='ocrx_word' id='word_1_57' title='bbox 794 697 873 718; x_wconf 88' lang='lat' dir='ltr'>cum</span> <span class='ocrx_word' id='word_1_58' title='bbox 901 683 986 717; x_wconf 89' lang='lat' dir='ltr'>dicit</span> <span class='ocrx_word' id='word_1_59' title='bbox 999 682 1193 716; x_wconf 87' lang='lat' dir='ltr'>Dominus:</span> 
     </span>
     <span class='ocr_line' id='line_1_11' title="bbox 208 732 1193 781; baseline -0.005 -11"><span class='ocrx_word' id='word_1_60' title='bbox 208 736 314 780; x_wconf 84' lang='lat' dir='ltr'>Quod</span> <span class='ocrx_word' id='word_1_61' title='bbox 339 736 516 781; x_wconf 86' lang='lat' dir='ltr'>poeniteat</span> <span class='ocrx_word' id='word_1_62' title='bbox 539 736 659 769; x_wconf 87' lang='lat' dir='ltr'>fecisse</span> <span class='ocrx_word' id='word_1_63' title='bbox 683 747 792 779; x_wconf 86' lang='lat' dir='ltr'>genus</span> <span class='ocrx_word' id='word_1_64' title='bbox 815 734 1030 775; x_wconf 83' lang='lat' dir='ltr'>humanum,</span> <span class='ocrx_word' id='word_1_65' title='bbox 1059 732 1193 767; x_wconf 83' lang='lat' dir='ltr'>intelli-</span> 
     </span>
     <span class='ocr_line' id='line_1_12' title="bbox 209 784 1195 831; baseline -0.003 -11"><span class='ocrx_word' id='word_1_66' title='bbox 209 799 268 831; x_wconf 84' lang='lat' dir='ltr'>gas</span> <span class='ocrx_word' id='word_1_67' title='bbox 296 787 522 830; x_wconf 84' lang='lat' dir='ltr'>simpliciter,</span> <span class='ocrx_word' id='word_1_68' title='bbox 556 785 647 819; x_wconf 85' lang='lat' dir='ltr'>hanc</span> <span class='ocrx_word' id='word_1_69' title='bbox 676 793 869 820; x_wconf 83' lang='lat' dir='ltr'>creaturam</span> <span class='ocrx_word' id='word_1_70' title='bbox 893 785 972 826; x_wconf 89' lang='lat' dir='ltr'>odi,</span> <span class='ocrx_word' id='word_1_71' title='bbox 1007 784 1111 819; x_wconf 87' lang='lat' dir='ltr'>etsie</span> <span class='ocrx_word' id='word_1_72' title='bbox 1135 784 1195 818; x_wconf 89' lang='lat' dir='ltr'>odi</span> 
     </span>
     <span class='ocr_line' id='line_1_13' title="bbox 209 833 1195 882; baseline -0.004 -10"><span class='ocrx_word' id='word_1_73' title='bbox 209 844 248 872; x_wconf 88' lang='lat' dir='ltr'>ut</span> <span class='ocrx_word' id='word_1_74' title='bbox 271 850 366 872; x_wconf 88' lang='lat' dir='ltr'>nunc</span> <span class='ocrx_word' id='word_1_75' title='bbox 388 844 588 871; x_wconf 77' lang='lat' dir='ltr'>mutaturus</span> <span class='ocrx_word' id='word_1_76' title='bbox 610 837 695 878; x_wconf 85' lang='lat' dir='ltr'>sim,</span> <span class='ocrx_word' id='word_1_77' title='bbox 722 844 755 871; x_wconf 91' lang='lat' dir='ltr'>et</span> <span class='ocrx_word' id='word_1_78' title='bbox 777 837 981 882; x_wconf 84' lang='lat' dir='ltr'>perditurus</span> <span class='ocrx_word' id='word_1_79' title='bbox 1002 848 1111 880; x_wconf 86' lang='lat' dir='ltr'>genus</span> <span class='ocrx_word' id='word_1_80' title='bbox 1127 833 1195 869; x_wconf 92' lang='lat' dir='ltr'>hu-</span> 
     </span>
     <span class='ocr_line' id='line_1_14' title="bbox 208 887 1196 929; baseline -0.001 -8"><span class='ocrx_word' id='word_1_81' title='bbox 208 900 366 923; x_wconf 89' lang='lat' dir='ltr'>manum.</span> <span class='ocrx_word' id='word_1_82' title='bbox 419 887 602 929; x_wconf 87' lang='lat' dir='ltr'>Secundo,</span> <span class='ocrx_word' id='word_1_83' title='bbox 629 888 717 922; x_wconf 89' lang='lat' dir='ltr'>sicut</span> <span class='ocrx_word' id='word_1_84' title='bbox 739 888 777 921; x_wconf 89' lang='lat' dir='ltr'>in</span> <span class='ocrx_word' id='word_1_85' title='bbox 800 888 908 921; x_wconf 86' lang='lat' dir='ltr'>verbo</span> <span class='ocrx_word' id='word_1_86' title='bbox 924 887 1114 921; x_wconf 88' lang='lat' dir='ltr'>miserendi</span> <span class='ocrx_word' id='word_1_87' title='bbox 1133 887 1196 920; x_wconf 87' lang='lat' dir='ltr'>ad-</span> 
     </span>
     <span class='ocr_line' id='line_1_15' title="bbox 209 939 1195 984; baseline -0.003 -11"><span class='ocrx_word' id='word_1_88' title='bbox 209 941 318 973; x_wconf 83' lang='lat' dir='ltr'>fectus</span> <span class='ocrx_word' id='word_1_89' title='bbox 338 946 388 973; x_wconf 88' lang='lat' dir='ltr'>est</span> <span class='ocrx_word' id='word_1_90' title='bbox 405 939 673 973; x_wconf 83' lang='lat' dir='ltr'>benevolentiae</span> <span class='ocrx_word' id='word_1_91' title='bbox 691 946 856 982; x_wconf 79' lang='lat' dir='ltr'>paternae</span> <span class='ocrx_word' id='word_1_92' title='bbox 872 950 952 982; x_wconf 82' lang='lat' dir='ltr'>erga</span> <span class='ocrx_word' id='word_1_93' title='bbox 970 949 1028 972; x_wconf 91' lang='lat' dir='ltr'>eos</span> <span class='ocrx_word' id='word_1_94' title='bbox 1044 949 1195 984; x_wconf 89' lang='lat' dir='ltr'>quorum</span> 
     </span>
     <span class='ocr_line' id='line_1_16' title="bbox 209 987 1196 1034; baseline -0.003 -10"><span class='ocrx_word' id='word_1_95' title='bbox 209 997 260 1024; x_wconf 88' lang='lat' dir='ltr'>est</span> <span class='ocrx_word' id='word_1_96' title='bbox 283 991 445 1024; x_wconf 88' lang='lat' dir='ltr'>misertus</span> <span class='ocrx_word' id='word_1_97' title='bbox 461 989 574 1024; x_wconf 89' lang='lat' dir='ltr'>Deus:</span> <span class='ocrx_word' id='word_1_98' title='bbox 602 990 648 1024; x_wconf 88' lang='lat' dir='ltr'>ita</span> <span class='ocrx_word' id='word_1_99' title='bbox 672 987 730 1024; x_wconf 86' lang='lat' dir='ltr'>hic</span> <span class='ocrx_word' id='word_1_100' title='bbox 752 990 791 1023; x_wconf 91' lang='lat' dir='ltr'>in</span> <span class='ocrx_word' id='word_1_101' title='bbox 813 996 1021 1034; x_wconf 85' lang='lat' dir='ltr'>argumento</span> <span class='ocrx_word' id='word_1_102' title='bbox 1045 990 1117 1023; x_wconf 89' lang='lat' dir='ltr'>irae</span> <span class='ocrx_word' id='word_1_103' title='bbox 1139 988 1196 1022; x_wconf 87' lang='lat' dir='ltr'>di-</span> 
     </span>
     <span class='ocr_line' id='line_1_17' title="bbox 210 1040 1196 1082; baseline -0.001 -8"><span class='ocrx_word' id='word_1_104' title='bbox 210 1042 332 1082; x_wconf 73' lang='lat' dir='ltr'>vinae,</span> <span class='ocrx_word' id='word_1_105' title='bbox 357 1041 513 1075; x_wconf 84' lang='lat' dir='ltr'>adfectus</span> <span class='ocrx_word' id='word_1_106' title='bbox 537 1042 628 1081; x_wconf 87' lang='lat' dir='ltr'>irae,</span> <span class='ocrx_word' id='word_1_107' title='bbox 655 1041 787 1074; x_wconf 89' lang='lat' dir='ltr'>furoris</span> <span class='ocrx_word' id='word_1_108' title='bbox 806 1048 838 1075; x_wconf 90' lang='lat' dir='ltr'>et</span> <span class='ocrx_word' id='word_1_109' title='bbox 855 1041 1006 1081; x_wconf 83' lang='lat' dir='ltr'>similes,</span> <span class='ocrx_word' id='word_1_110' title='bbox 1032 1040 1070 1073; x_wconf 89' lang='lat' dir='ltr'>in</span> <span class='ocrx_word' id='word_1_111' title='bbox 1088 1040 1196 1073; x_wconf 91' lang='lat' dir='ltr'>verbo</span> 
     </span>
     <span class='ocr_line' id='line_1_18' title="bbox 209 1089 1197 1137; baseline -0.002 -11"><span class='ocrx_word' id='word_1_112' title='bbox 209 1092 416 1137; x_wconf 87' lang='lat' dir='ltr'>poenitendi</span> <span class='ocrx_word' id='word_1_113' title='bbox 441 1089 690 1135; x_wconf 84' lang='lat' dir='ltr'>comprehendi</span> <span class='ocrx_word' id='word_1_114' title='bbox 716 1092 865 1133; x_wconf 85' lang='lat' dir='ltr'>debent,</span> <span class='ocrx_word' id='word_1_115' title='bbox 892 1091 957 1132; x_wconf 84' lang='lat' dir='ltr'>ita,</span> <span class='ocrx_word' id='word_1_116' title='bbox 984 1098 1023 1125; x_wconf 90' lang='lat' dir='ltr'>ut</span> <span class='ocrx_word' id='word_1_117' title='bbox 1045 1091 1088 1125; x_wconf 91' lang='lat' dir='ltr'>sit</span> <span class='ocrx_word' id='word_1_118' title='bbox 1115 1103 1197 1135; x_wconf 87' lang='lat' dir='ltr'>poe-</span> 
     </span>
     <span class='ocr_line' id='line_1_19' title="bbox 210 1142 1197 1186; baseline -0.001 -10"><span class='ocrx_word' id='word_1_119' title='bbox 210 1144 340 1184; x_wconf 86' lang='lat' dir='ltr'>nitere,</span> <span class='ocrx_word' id='word_1_120' title='bbox 366 1155 440 1176; x_wconf 89' lang='lat' dir='ltr'>rem</span> <span class='ocrx_word' id='word_1_121' title='bbox 466 1150 684 1186; x_wconf 82' lang='lat' dir='ltr'>praesentem</span> <span class='ocrx_word' id='word_1_122' title='bbox 708 1150 862 1184; x_wconf 87' lang='lat' dir='ltr'>mutare,</span> <span class='ocrx_word' id='word_1_123' title='bbox 889 1149 922 1176; x_wconf 91' lang='lat' dir='ltr'>et</span> <span class='ocrx_word' id='word_1_124' title='bbox 942 1142 1197 1186; x_wconf 84' lang='lat' dir='ltr'>significatione</span> 
     </span>
     <span class='ocr_line' id='line_1_20' title="bbox 210 1193 1196 1237; baseline 0 -10"><span class='ocrx_word' id='word_1_125' title='bbox 210 1194 281 1227; x_wconf 86' lang='lat' dir='ltr'>irae</span> <span class='ocrx_word' id='word_1_126' title='bbox 301 1194 356 1227; x_wconf 77' lang='lat' dir='ltr'>vel</span> <span class='ocrx_word' id='word_1_127' title='bbox 374 1193 505 1227; x_wconf 85' lang='lat' dir='ltr'>furoris</span> <span class='ocrx_word' id='word_1_128' title='bbox 520 1193 576 1227; x_wconf 87' lang='lat' dir='ltr'>sui</span> <span class='ocrx_word' id='word_1_129' title='bbox 595 1200 742 1229; x_wconf 87' lang='lat' dir='ltr'>mutare.</span> <span class='ocrx_word' id='word_1_130' title='bbox 796 1193 854 1228; x_wconf 87' lang='lat' dir='ltr'>Sic</span> <span class='ocrx_word' id='word_1_131' title='bbox 873 1194 926 1227; x_wconf 88' lang='lat' dir='ltr'>uti</span> <span class='ocrx_word' id='word_1_132' title='bbox 945 1194 1053 1227; x_wconf 82' lang='lat' dir='ltr'>verbo</span> <span class='ocrx_word' id='word_1_133' title='bbox 1072 1193 1196 1237; x_wconf 88' lang='lat' dir='ltr'>poeni-</span> 
     </span>
     <span class='ocr_line' id='line_1_21' title="bbox 210 1244 1196 1290; baseline -0.002 -11"><span class='ocrx_word' id='word_1_134' title='bbox 210 1245 307 1279; x_wconf 85' lang='lat' dir='ltr'>tendi</span> <span class='ocrx_word' id='word_1_135' title='bbox 330 1244 549 1288; x_wconf 86' lang='lat' dir='ltr'>Scripturam</span> <span class='ocrx_word' id='word_1_136' title='bbox 572 1245 654 1278; x_wconf 85' lang='lat' dir='ltr'>satis</span> <span class='ocrx_word' id='word_1_137' title='bbox 675 1245 807 1290; x_wconf 82' lang='lat' dir='ltr'>liquet,</span> <span class='ocrx_word' id='word_1_138' title='bbox 838 1244 978 1279; x_wconf 82' lang='lat' dir='ltr'>Psalmo</span> <span class='ocrx_word' id='word_1_139' title='bbox 1005 1244 1196 1278; x_wconf 83' lang='lat' dir='ltr'>centesimo</span> 
     </span>
     <span class='ocr_line' id='line_1_22' title="bbox 210 1295 1196 1330; baseline 0 -2"><span class='ocrx_word' id='word_1_140' title='bbox 210 1308 322 1329; x_wconf 89' lang='lat' dir='ltr'>nono:</span> <span class='ocrx_word' id='word_1_141' title='bbox 363 1295 543 1329; x_wconf 88' lang='lat' dir='ltr'>Poenituit</span> <span class='ocrx_word' id='word_1_142' title='bbox 577 1308 657 1328; x_wconf 87' lang='lat' dir='ltr'>eum</span> <span class='ocrx_word' id='word_1_143' title='bbox 697 1296 891 1330; x_wconf 88' lang='lat' dir='ltr'>secundum</span> <span class='ocrx_word' id='word_1_144' title='bbox 927 1295 1196 1330; x_wconf 84' lang='lat' dir='ltr'>multitudinem</span> 
     </span>
     <span class='ocr_line' id='line_1_23' title="bbox 210 1346 1197 1391; baseline 0 -12"><span class='ocrx_word' id='word_1_145' title='bbox 210 1346 471 1380; x_wconf 80' lang='lat' dir='ltr'>misericordiae</span> <span class='ocrx_word' id='word_1_146' title='bbox 495 1358 595 1387; x_wconf 86' lang='lat' dir='ltr'>suae,</span> <span class='ocrx_word' id='word_1_147' title='bbox 629 1346 665 1379; x_wconf 90' lang='lat' dir='ltr'>id</span> <span class='ocrx_word' id='word_1_148' title='bbox 689 1354 757 1387; x_wconf 90' lang='lat' dir='ltr'>est,</span> <span class='ocrx_word' id='word_1_149' title='bbox 790 1346 999 1391; x_wconf 86' lang='lat' dir='ltr'>simpliciter</span> <span class='ocrx_word' id='word_1_150' title='bbox 1022 1346 1197 1380; x_wconf 84' lang='lat' dir='ltr'>adflictio-</span> 
     </span>
     <span class='ocr_line' id='line_1_24' title="bbox 212 1395 1198 1437; baseline -0.002 -7"><span class='ocrx_word' id='word_1_151' title='bbox 212 1409 273 1430; x_wconf 85' lang='lat' dir='ltr'>nes</span> <span class='ocrx_word' id='word_1_152' title='bbox 293 1397 426 1437; x_wconf 83' lang='lat' dir='ltr'>finivit‚</span> <span class='ocrx_word' id='word_1_153' title='bbox 454 1403 487 1429; x_wconf 90' lang='lat' dir='ltr'>et</span> <span class='ocrx_word' id='word_1_154' title='bbox 503 1397 653 1431; x_wconf 87' lang='lat' dir='ltr'>mutavit</span> <span class='ocrx_word' id='word_1_155' title='bbox 671 1397 708 1429; x_wconf 90' lang='lat' dir='ltr'>in</span> <span class='ocrx_word' id='word_1_156' title='bbox 725 1397 995 1432; x_wconf 83' lang='lat' dir='ltr'>consolationes,</span> <span class='ocrx_word' id='word_1_157' title='bbox 1048 1395 1094 1430; x_wconf 90' lang='lat' dir='ltr'>Et</span> <span class='ocrx_word' id='word_1_158' title='bbox 1110 1395 1198 1429; x_wconf 89' lang='lat' dir='ltr'>Hie-</span> 
     </span>
     <span class='ocr_line' id='line_1_25' title="bbox 213 1446 1197 1492; baseline -0.002 -10"><span class='ocrx_word' id='word_1_159' title='bbox 213 1448 341 1482; x_wconf 88' lang='lat' dir='ltr'>remiae</span> <span class='ocrx_word' id='word_1_160' title='bbox 363 1447 532 1491; x_wconf 77' lang='lat' dir='ltr'>vigesimo</span> <span class='ocrx_word' id='word_1_161' title='bbox 559 1453 670 1481; x_wconf 83' lang='lat' dir='ltr'>sexto:</span> <span class='ocrx_word' id='word_1_162' title='bbox 705 1446 889 1482; x_wconf 87' lang='lat' dir='ltr'>Poeniteat</span> <span class='ocrx_word' id='word_1_163' title='bbox 912 1459 967 1481; x_wconf 88' lang='lat' dir='ltr'>me</span> <span class='ocrx_word' id='word_1_164' title='bbox 993 1447 1077 1480; x_wconf 87' lang='lat' dir='ltr'>mali</span> <span class='ocrx_word' id='word_1_165' title='bbox 1102 1447 1197 1492; x_wconf 91' lang='lat' dir='ltr'>quod</span> 
     </span>
    </p>
   </div>
   <div class='ocr_carea' id='block_1_6' title="bbox 2147 88 2222 126">
    <p class='ocr_par' dir='ltr' id='par_1_6' title="bbox 2147 88 2222 126">
     <span class='ocr_line' id='line_1_26' title="bbox 2147 88 2222 126; baseline 0.053 -4"><span class='ocrx_word' id='word_1_166' title='bbox 2147 88 2222 126; x_wconf 79' lang='lat'>792</span> 
     </span>
    </p>
   </div>
   <div class='ocr_carea' id='block_1_7' title="bbox 1237 169 2231 727">
    <p class='ocr_par' dir='ltr' id='par_1_7' title="bbox 1237 169 2231 727">
     <span class='ocr_line' id='line_1_27' title="bbox 1237 169 2221 217; baseline 0.002 -11"><span class='ocrx_word' id='word_1_167' title='bbox 1237 172 1386 216; x_wconf 83' lang='lat' dir='ltr'>cogitavi</span> <span class='ocrx_word' id='word_1_168' title='bbox 1405 171 1528 207; x_wconf 85' lang='lat' dir='ltr'>facere.</span> <span class='ocrx_word' id='word_1_169' title='bbox 1583 169 1835 205; x_wconf 83' lang='lat' dir='ltr'>Grammaticis</span> <span class='ocrx_word' id='word_1_170' title='bbox 1851 171 1997 206; x_wconf 87' lang='lat' dir='ltr'>verbum</span> <span class='ocrx_word' id='word_1_171' title='bbox 2016 175 2221 217; x_wconf 88' lang='lat' dir='ltr'>poenitendi</span> 
     </span>
     <span class='ocr_line' id='line_1_28' title="bbox 1238 221 2221 272; baseline 0.004 -15"><span class='ocrx_word' id='word_1_172' title='bbox 1238 223 1424 268; x_wconf 87' lang='lat' dir='ltr'>displicere</span> <span class='ocrx_word' id='word_1_173' title='bbox 1448 221 1638 266; x_wconf 84' lang='lat' dir='ltr'>significat,</span> <span class='ocrx_word' id='word_1_174' title='bbox 1663 221 1701 254; x_wconf 88' lang='lat' dir='ltr'>id</span> <span class='ocrx_word' id='word_1_175' title='bbox 1724 222 1819 267; x_wconf 91' lang='lat' dir='ltr'>quod</span> <span class='ocrx_word' id='word_1_176' title='bbox 1843 228 1946 256; x_wconf 87' lang='lat' dir='ltr'>antea</span> <span class='ocrx_word' id='word_1_177' title='bbox 1970 223 2124 267; x_wconf 86' lang='lat' dir='ltr'>placuit,</span> <span class='ocrx_word' id='word_1_178' title='bbox 2151 238 2221 272; x_wconf 92' lang='lat' dir='ltr'>quo</span> 
     </span>
     <span class='ocr_line' id='line_1_29' title="bbox 1240 271 2224 318; baseline 0 -10"><span class='ocrx_word' id='word_1_179' title='bbox 1240 275 1346 308; x_wconf 88' lang='lat' dir='ltr'>modo</span> <span class='ocrx_word' id='word_1_180' title='bbox 1377 274 1407 308; x_wconf 91' lang='lat' dir='ltr'>si</span> <span class='ocrx_word' id='word_1_181' title='bbox 1435 271 1493 307; x_wconf 86' lang='lat' dir='ltr'>hic</span> <span class='ocrx_word' id='word_1_182' title='bbox 1526 283 1679 318; x_wconf 86' lang='lat' dir='ltr'>exponas</span> <span class='ocrx_word' id='word_1_183' title='bbox 1707 272 1912 317; x_wconf 86' lang='lat' dir='ltr'>poenitendi</span> <span class='ocrx_word' id='word_1_184' title='bbox 1935 274 2098 317; x_wconf 85' lang='lat' dir='ltr'>verbum,</span> <span class='ocrx_word' id='word_1_185' title='bbox 2131 277 2224 311; x_wconf 76' lang='lat' dir='ltr'>redit</span> 
     </span>
     <span class='ocr_line' id='line_1_30' title="bbox 1240 324 2223 370; baseline -0.001 -11"><span class='ocrx_word' id='word_1_186' title='bbox 1240 337 1295 359; x_wconf 88' lang='lat' dir='ltr'>res</span> <span class='ocrx_word' id='word_1_187' title='bbox 1319 326 1362 359; x_wconf 88' lang='lat' dir='ltr'>ad</span> <span class='ocrx_word' id='word_1_188' title='bbox 1390 324 1667 370; x_wconf 87' lang='lat' dir='ltr'>disputationem</span> <span class='ocrx_word' id='word_1_189' title='bbox 1692 324 1736 357; x_wconf 91' lang='lat' dir='ltr'>de</span> <span class='ocrx_word' id='word_1_190' title='bbox 1760 324 2093 368; x_wconf 66' lang='lat' dir='ltr'>praedestinatione.</span> <span class='ocrx_word' id='word_1_191' title='bbox 2153 327 2223 362; x_wconf 88' lang='lat' dir='ltr'>Sed</span> 
     </span>
     <span class='ocr_line' id='line_1_31' title="bbox 1242 374 2226 422; baseline 0.002 -12"><span class='ocrx_word' id='word_1_192' title='bbox 1242 377 1324 422; x_wconf 87' lang='lat' dir='ltr'>quia</span> <span class='ocrx_word' id='word_1_193' title='bbox 1347 377 1385 409; x_wconf 90' lang='lat' dir='ltr'>in</span> <span class='ocrx_word' id='word_1_194' title='bbox 1408 376 1566 410; x_wconf 87' lang='lat' dir='ltr'>confesso</span> <span class='ocrx_word' id='word_1_195' title='bbox 1592 381 1643 410; x_wconf 88' lang='lat' dir='ltr'>est</span> <span class='ocrx_word' id='word_1_196' title='bbox 1664 375 1772 409; x_wconf 89' lang='lat' dir='ltr'>verbo</span> <span class='ocrx_word' id='word_1_197' title='bbox 1790 374 1998 420; x_wconf 89' lang='lat' dir='ltr'>poenitendi</span> <span class='ocrx_word' id='word_1_198' title='bbox 2017 376 2226 421; x_wconf 84' lang='lat' dir='ltr'>scripturam</span> 
     </span>
     <span class='ocr_line' id='line_1_32' title="bbox 1242 426 2226 472; baseline 0.001 -11"><span class='ocrx_word' id='word_1_199' title='bbox 1242 428 1348 462; x_wconf 90' lang='lat' dir='ltr'>latius</span> <span class='ocrx_word' id='word_1_200' title='bbox 1362 439 1460 461; x_wconf 88' lang='lat' dir='ltr'>usam</span> <span class='ocrx_word' id='word_1_201' title='bbox 1476 438 1560 468; x_wconf 90' lang='lat' dir='ltr'>esse,</span> <span class='ocrx_word' id='word_1_202' title='bbox 1584 426 1716 460; x_wconf 89' lang='lat' dir='ltr'>scilicet</span> <span class='ocrx_word' id='word_1_203' title='bbox 1730 432 1868 460; x_wconf 83' lang='lat' dir='ltr'>mutare</span> <span class='ocrx_word' id='word_1_204' title='bbox 1883 432 2020 460; x_wconf 89' lang='lat' dir='ltr'>tantum</span> <span class='ocrx_word' id='word_1_205' title='bbox 2036 438 2109 460; x_wconf 90' lang='lat' dir='ltr'>rem</span> <span class='ocrx_word' id='word_1_206' title='bbox 2126 439 2226 472; x_wconf 87' lang='lat' dir='ltr'>prae-</span> 
     </span>
     <span class='ocr_line' id='line_1_33' title="bbox 1243 475 2227 523; baseline 0 -11"><span class='ocrx_word' id='word_1_207' title='bbox 1243 485 1394 519; x_wconf 82' lang='lat' dir='ltr'>sentem,</span> <span class='ocrx_word' id='word_1_208' title='bbox 1426 477 1509 513; x_wconf 88' lang='lat' dir='ltr'>satis</span> <span class='ocrx_word' id='word_1_209' title='bbox 1537 477 1643 512; x_wconf 87' lang='lat' dir='ltr'>fuerit</span> <span class='ocrx_word' id='word_1_210' title='bbox 1673 478 1711 511; x_wconf 90' lang='lat' dir='ltr'>id</span> <span class='ocrx_word' id='word_1_211' title='bbox 1740 475 1798 511; x_wconf 85' lang='lat' dir='ltr'>hic</span> <span class='ocrx_word' id='word_1_212' title='bbox 1826 488 1967 522; x_wconf 90' lang='lat' dir='ltr'>quoque</span> <span class='ocrx_word' id='word_1_213' title='bbox 1992 476 2227 523; x_wconf 87' lang='lat' dir='ltr'>interpretari.</span> 
     </span>
     <span class='ocr_line' id='line_1_34' title="bbox 1242 527 2229 574; baseline 0 -11"><span class='ocrx_word' id='word_1_214' title='bbox 1242 529 1362 563; x_wconf 88' lang='lat' dir='ltr'>Habes</span> <span class='ocrx_word' id='word_1_215' title='bbox 1392 529 1592 574; x_wconf 83' lang='lat' dir='ltr'>exemplum</span> <span class='ocrx_word' id='word_1_216' title='bbox 1619 529 1795 574; x_wconf 87' lang='lat' dir='ltr'>superius,</span> <span class='ocrx_word' id='word_1_217' title='bbox 1830 527 2014 562; x_wconf 88' lang='lat' dir='ltr'>Poenituit</span> <span class='ocrx_word' id='word_1_218' title='bbox 2035 530 2229 563; x_wconf 82' lang='lat' dir='ltr'>secundum</span> 
     </span>
     <span class='ocr_line' id='line_1_35' title="bbox 1243 578 2229 614; baseline 0.001 -1"><span class='ocrx_word' id='word_1_219' title='bbox 1243 580 1509 614; x_wconf 86' lang='lat' dir='ltr'>multitudinem</span> <span class='ocrx_word' id='word_1_220' title='bbox 1533 579 1794 613; x_wconf 84' lang='lat' dir='ltr'>misericordiae</span> <span class='ocrx_word' id='word_1_221' title='bbox 1819 590 1902 613; x_wconf 87' lang='lat' dir='ltr'>suae</span> <span class='ocrx_word' id='word_1_222' title='bbox 1917 586 1979 614; x_wconf 89' lang='lat' dir='ltr'>etc.</span> <span class='ocrx_word' id='word_1_223' title='bbox 2033 578 2114 613; x_wconf 85' lang='lat' dir='ltr'>Non</span> <span class='ocrx_word' id='word_1_224' title='bbox 2134 580 2229 614; x_wconf 88' lang='lat' dir='ltr'>enim</span> 
     </span>
     <span class='ocr_line' id='line_1_36' title="bbox 1245 630 2230 677; baseline 0.001 -13"><span class='ocrx_word' id='word_1_225' title='bbox 1245 638 1345 665; x_wconf 85' lang='lat' dir='ltr'>antea</span> <span class='ocrx_word' id='word_1_226' title='bbox 1376 631 1425 664; x_wconf 88' lang='lat' dir='ltr'>sic</span> <span class='ocrx_word' id='word_1_227' title='bbox 1455 630 1578 665; x_wconf 88' lang='lat' dir='ltr'>intulit</span> <span class='ocrx_word' id='word_1_228' title='bbox 1605 631 1842 672; x_wconf 85' lang='lat' dir='ltr'>adflictiones,</span> <span class='ocrx_word' id='word_1_229' title='bbox 1875 630 1975 677; x_wconf 92' lang='lat' dir='ltr'>quasi</span> <span class='ocrx_word' id='word_1_230' title='bbox 1996 643 2122 675; x_wconf 91' lang='lat' dir='ltr'>parum</span> <span class='ocrx_word' id='word_1_231' title='bbox 2148 643 2230 676; x_wconf 87' lang='lat' dir='ltr'>pro-</span> 
     </span>
     <span class='ocr_line' id='line_1_37' title="bbox 1244 681 2231 727; baseline 0 -11"><span class='ocrx_word' id='word_1_232' title='bbox 1244 682 1393 727; x_wconf 89' lang='lat' dir='ltr'>spiceret</span> <span class='ocrx_word' id='word_1_233' title='bbox 1417 692 1453 714; x_wconf 91' lang='lat' dir='ltr'>se</span> <span class='ocrx_word' id='word_1_234' title='bbox 1477 681 1668 726; x_wconf 80' lang='lat' dir='ltr'>aliquando</span> <span class='ocrx_word' id='word_1_235' title='bbox 1690 688 1908 716; x_wconf 87' lang='lat' dir='ltr'>mutaturum</span> <span class='ocrx_word' id='word_1_236' title='bbox 1922 709 1931 723; x_wconf 92' lang='lat'>‚</span> <span class='ocrx_word' id='word_1_237' title='bbox 1959 693 2023 716; x_wconf 91' lang='lat' dir='ltr'>nec</span> <span class='ocrx_word' id='word_1_238' title='bbox 2039 682 2156 716; x_wconf 90' lang='lat' dir='ltr'>finivit</span> <span class='ocrx_word' id='word_1_239' title='bbox 2169 683 2231 721; x_wconf 91' lang='lat' dir='ltr'>sic,</span> 
     </span>
    </p>
   </div>
   <div class='ocr_carea' id='block_1_8' title="bbox 1244 732 2266 779">
    <p class='ocr_par' dir='ltr' id='par_1_8' title="bbox 1244 732 2266 779">
     <span class='ocr_line' id='line_1_38' title="bbox 1244 732 2266 779; baseline -0.002 -11"><span class='ocrx_word' id='word_1_240' title='bbox 1244 740 1284 768; x_wconf 89' lang='lat' dir='ltr'>nt</span> <span class='ocrx_word' id='word_1_241' title='bbox 1301 732 1457 767; x_wconf 89' lang='lat' dir='ltr'>doluerit</span> <span class='ocrx_word' id='word_1_242' title='bbox 1473 732 1587 766; x_wconf 88' lang='lat' dir='ltr'>illatas</span> <span class='ocrx_word' id='word_1_243' title='bbox 1603 732 1840 775; x_wconf 85' lang='lat' dir='ltr'>adflictiones,</span> <span class='ocrx_word' id='word_1_244' title='bbox 1863 733 2152 779; x_wconf 85' lang='lat' dir='ltr'>quandoquidem</span> <span class='ocrx_word' id='word_1_245' title='bbox 2170 745 2233 778; x_wconf 90' lang='lat' dir='ltr'>per</span> <span class='ocrx_word' id='word_1_246' title='bbox 2264 772 2266 775; x_wconf 21' lang='lat' dir='ltr'>v</span> 
     </span>
    </p>
   </div>
   <div class='ocr_carea' id='block_1_9' title="bbox 1246 781 2237 1188">
    <p class='ocr_par' dir='ltr' id='par_1_9' title="bbox 1246 781 2237 1188">
     <span class='ocr_line' id='line_1_39' title="bbox 1246 781 2233 826; baseline 0 -8"><span class='ocrx_word' id='word_1_247' title='bbox 1246 795 1383 819; x_wconf 86' lang='lat' dir='ltr'>crucem</span> <span class='ocrx_word' id='word_1_248' title='bbox 1415 781 1598 825; x_wconf 85' lang='lat' dir='ltr'>humiliat,</span> <span class='ocrx_word' id='word_1_249' title='bbox 1632 789 1666 817; x_wconf 90' lang='lat' dir='ltr'>et</span> <span class='ocrx_word' id='word_1_250' title='bbox 1697 783 1778 817; x_wconf 90' lang='lat' dir='ltr'>ideo</span> <span class='ocrx_word' id='word_1_251' title='bbox 1808 784 1956 826; x_wconf 89' lang='lat' dir='ltr'>iudicat,</span> <span class='ocrx_word' id='word_1_252' title='bbox 1993 797 2038 818; x_wconf 88' lang='lat' dir='ltr'>ne</span> <span class='ocrx_word' id='word_1_253' title='bbox 2061 797 2139 818; x_wconf 88' lang='lat' dir='ltr'>cum</span> <span class='ocrx_word' id='word_1_254' title='bbox 2164 782 2233 818; x_wconf 87' lang='lat' dir='ltr'>hoc</span> 
     </span>
     <span class='ocr_line' id='line_1_40' title="bbox 1247 835 2233 879; baseline 0 -10"><span class='ocrx_word' id='word_1_255' title='bbox 1247 836 1382 870; x_wconf 90' lang='lat' dir='ltr'>mundo</span> <span class='ocrx_word' id='word_1_256' title='bbox 1397 835 1619 868; x_wconf 87' lang='lat' dir='ltr'>damnemur:</span> <span class='ocrx_word' id='word_1_257' title='bbox 1647 835 1742 879; x_wconf 90' lang='lat' dir='ltr'>quod</span> <span class='ocrx_word' id='word_1_258' title='bbox 1759 835 1788 868; x_wconf 91' lang='lat' dir='ltr'>si</span> <span class='ocrx_word' id='word_1_259' title='bbox 1803 843 1886 869; x_wconf 90' lang='lat' dir='ltr'>sunt</span> <span class='ocrx_word' id='word_1_260' title='bbox 1901 836 2120 870; x_wconf 85' lang='lat' dir='ltr'>adflictiones</span> <span class='ocrx_word' id='word_1_261' title='bbox 2137 837 2233 870; x_wconf 89' lang='lat' dir='ltr'>bono</span> 
     </span>
     <span class='ocr_line' id='line_1_41' title="bbox 1247 885 2234 930; baseline -0.001 -10"><span class='ocrx_word' id='word_1_262' title='bbox 1247 887 1388 930; x_wconf 88' lang='lat' dir='ltr'>electis,</span> <span class='ocrx_word' id='word_1_263' title='bbox 1415 897 1497 929; x_wconf 83' lang='lat' dir='ltr'>ergo</span> <span class='ocrx_word' id='word_1_264' title='bbox 1520 897 1593 918; x_wconf 92' lang='lat' dir='ltr'>non</span> <span class='ocrx_word' id='word_1_265' title='bbox 1614 885 1710 919; x_wconf 89' lang='lat' dir='ltr'>dolet</span> <span class='ocrx_word' id='word_1_266' title='bbox 1727 885 1912 922; x_wconf 84' lang='lat' dir='ltr'>adflixisse.</span> <span class='ocrx_word' id='word_1_267' title='bbox 1966 886 2147 921; x_wconf 89' lang='lat' dir='ltr'>Poenituit</span> <span class='ocrx_word' id='word_1_268' title='bbox 2165 887 2234 920; x_wconf 85' lang='lat' dir='ltr'>sci-</span> 
     </span>
     <span class='ocr_line' id='line_1_42' title="bbox 1247 935 2234 981; baseline -0.001 -10"><span class='ocrx_word' id='word_1_269' title='bbox 1247 938 1328 971; x_wconf 90' lang='lat' dir='ltr'>licet</span> <span class='ocrx_word' id='word_1_270' title='bbox 1355 936 1548 971; x_wconf 85' lang='lat' dir='ltr'>declaravit</span> <span class='ocrx_word' id='word_1_271' title='bbox 1569 935 1647 970; x_wconf 77' lang='lat' dir='ltr'>Noe&#39;</span> <span class='ocrx_word' id='word_1_272' title='bbox 1670 937 1765 981; x_wconf 88' lang='lat' dir='ltr'>quod</span> <span class='ocrx_word' id='word_1_273' title='bbox 1790 937 1992 981; x_wconf 86' lang='lat' dir='ltr'>perditurus</span> <span class='ocrx_word' id='word_1_274' title='bbox 2014 945 2103 972; x_wconf 82' lang='lat' dir='ltr'>esset</span> <span class='ocrx_word' id='word_1_275' title='bbox 2124 948 2234 981; x_wconf 86' lang='lat' dir='ltr'>genus</span> 
     </span>
     <span class='ocr_line' id='line_1_43' title="bbox 1248 987 2235 1034; baseline -0.001 -11"><span class='ocrx_word' id='word_1_276' title='bbox 1248 987 1466 1027; x_wconf 86' lang='lat' dir='ltr'>humanum,</span> <span class='ocrx_word' id='word_1_277' title='bbox 1498 994 1611 1022; x_wconf 84' lang='lat' dir='ltr'>tactus</span> <span class='ocrx_word' id='word_1_278' title='bbox 1635 988 1759 1021; x_wconf 89' lang='lat' dir='ltr'>dolore</span> <span class='ocrx_word' id='word_1_279' title='bbox 1781 988 2015 1030; x_wconf 83' lang='lat' dir='ltr'>intrinsecus,</span> <span class='ocrx_word' id='word_1_280' title='bbox 2043 989 2126 1034; x_wconf 88' lang='lat' dir='ltr'>quia</span> <span class='ocrx_word' id='word_1_281' title='bbox 2149 1001 2235 1033; x_wconf 86' lang='lat' dir='ltr'>poe-</span> 
     </span>
     <span class='ocr_line' id='line_1_44' title="bbox 1248 1038 2236 1083; baseline -0.001 -10"><span class='ocrx_word' id='word_1_282' title='bbox 1248 1040 1360 1074; x_wconf 88' lang='lat' dir='ltr'>nitere</span> <span class='ocrx_word' id='word_1_283' title='bbox 1379 1051 1459 1073; x_wconf 92' lang='lat' dir='ltr'>cum</span> <span class='ocrx_word' id='word_1_284' title='bbox 1480 1039 1605 1072; x_wconf 89' lang='lat' dir='ltr'>dolore</span> <span class='ocrx_word' id='word_1_285' title='bbox 1622 1039 1740 1073; x_wconf 89' lang='lat' dir='ltr'>cordis</span> <span class='ocrx_word' id='word_1_286' title='bbox 1757 1045 1893 1073; x_wconf 86' lang='lat' dir='ltr'>mutare</span> <span class='ocrx_word' id='word_1_287' title='bbox 1908 1039 2090 1083; x_wconf 83' lang='lat' dir='ltr'>signifieat.</span> <span class='ocrx_word' id='word_1_288' title='bbox 2144 1038 2236 1073; x_wconf 89' lang='lat' dir='ltr'>Poe-</span> 
     </span>
     <span class='ocr_line' id='line_1_45' title="bbox 1247 1090 2237 1131; baseline -0.001 -6"><span class='ocrx_word' id='word_1_289' title='bbox 1247 1091 1337 1125; x_wconf 86' lang='lat' dir='ltr'>nitet</span> <span class='ocrx_word' id='word_1_290' title='bbox 1362 1090 1457 1124; x_wconf 86' lang='lat' dir='ltr'>enim</span> <span class='ocrx_word' id='word_1_291' title='bbox 1483 1101 1540 1123; x_wconf 86' lang='lat' dir='ltr'>me</span> <span class='ocrx_word' id='word_1_292' title='bbox 1562 1090 1684 1123; x_wconf 86' lang='lat' dir='ltr'>fecisse</span> <span class='ocrx_word' id='word_1_293' title='bbox 1708 1102 1785 1131; x_wconf 90' lang='lat' dir='ltr'>eos,</span> <span class='ocrx_word' id='word_1_294' title='bbox 1813 1091 1849 1124; x_wconf 89' lang='lat' dir='ltr'>id</span> <span class='ocrx_word' id='word_1_295' title='bbox 1872 1097 1941 1130; x_wconf 87' lang='lat' dir='ltr'>est,</span> <span class='ocrx_word' id='word_1_296' title='bbox 1968 1098 2069 1126; x_wconf 91' lang='lat' dir='ltr'>muto</span> <span class='ocrx_word' id='word_1_297' title='bbox 2092 1091 2237 1131; x_wconf 84' lang='lat' dir='ltr'>factum,</span> 
     </span>
     <span class='ocr_line' id='line_1_46' title="bbox 1248 1141 1785 1188; baseline -0.004 -12"><span class='ocrx_word' id='word_1_298' title='bbox 1248 1143 1372 1176; x_wconf 88' lang='lat' dir='ltr'>aboleo</span> <span class='ocrx_word' id='word_1_299' title='bbox 1391 1141 1487 1188; x_wconf 89' lang='lat' dir='ltr'>quod</span> <span class='ocrx_word' id='word_1_300' title='bbox 1508 1147 1609 1175; x_wconf 90' lang='lat' dir='ltr'>antea</span> <span class='ocrx_word' id='word_1_301' title='bbox 1625 1141 1785 1175; x_wconf 87' lang='lat' dir='ltr'>feceram.</span> 
     </span>
    </p>
   </div>
   <div class='ocr_carea' id='block_1_10' title="bbox 1459 1228 2024 1275">
    <p class='ocr_par' dir='ltr' id='par_1_10' title="bbox 1459 1228 2024 1275">
     <span class='ocr_line' id='line_1_47' title="bbox 1459 1228 2024 1275; baseline 0 -13"><span class='ocrx_word' id='word_1_302' title='bbox 1459 1228 1538 1262; x_wconf 65' lang='lat' dir='ltr'>Noe·</span> <span class='ocrx_word' id='word_1_303' title='bbox 1565 1238 1650 1262; x_wconf 85' lang='lat' dir='ltr'>vero</span> <span class='ocrx_word' id='word_1_304' title='bbox 1677 1229 1821 1262; x_wconf 81' lang='lat' dir='ltr'>invenit</span> <span class='ocrx_word' id='word_1_305' title='bbox 1843 1228 2024 1275; x_wconf 60' lang='lat' dir='ltr'>‚qratiam-</span> 
     </span>
    </p>
   </div>
   <div class='ocr_carea' id='block_1_11' title="bbox 1248 1294 2238 1441">
    <p class='ocr_par' dir='ltr' id='par_1_11' title="bbox 1248 1294 2238 1441">
     <span class='ocr_line' id='line_1_48' title="bbox 1352 1294 2238 1341; baseline 0 -12"><span class='ocrx_word' id='word_1_306' title='bbox 1352 1294 1566 1341; x_wconf 86' lang='lat' dir='ltr'>Quanquam</span> <span class='ocrx_word' id='word_1_307' title='bbox 1593 1302 1628 1329; x_wconf 88' lang='lat' dir='ltr'>et</span> <span class='ocrx_word' id='word_1_308' title='bbox 1651 1296 1726 1340; x_wconf 90' lang='lat' dir='ltr'>ipse</span> <span class='ocrx_word' id='word_1_309' title='bbox 1743 1308 1823 1329; x_wconf 91' lang='lat' dir='ltr'>reus</span> <span class='ocrx_word' id='word_1_310' title='bbox 1842 1303 1930 1330; x_wconf 88' lang='lat' dir='ltr'>esset</span> <span class='ocrx_word' id='word_1_311' title='bbox 1947 1296 2088 1337; x_wconf 87' lang='lat' dir='ltr'>iudicii,</span> <span class='ocrx_word' id='word_1_312' title='bbox 2116 1303 2150 1330; x_wconf 91' lang='lat' dir='ltr'>et</span> <span class='ocrx_word' id='word_1_313' title='bbox 2167 1295 2238 1329; x_wconf 88' lang='lat' dir='ltr'>iam</span> 
     </span>
     <span class='ocr_line' id='line_1_49' title="bbox 1248 1346 2238 1380; baseline 0.001 -1"><span class='ocrx_word' id='word_1_314' title='bbox 1248 1346 1466 1379; x_wconf 86' lang='lat' dir='ltr'>iudicaretur</span> <span class='ocrx_word' id='word_1_315' title='bbox 1481 1346 1630 1380; x_wconf 91' lang='lat' dir='ltr'>audiens</span> <span class='ocrx_word' id='word_1_316' title='bbox 1646 1347 1794 1380; x_wconf 88' lang='lat' dir='ltr'>verbum</span> <span class='ocrx_word' id='word_1_317' title='bbox 1810 1353 1844 1379; x_wconf 89' lang='lat' dir='ltr'>et</span> <span class='ocrx_word' id='word_1_318' title='bbox 1859 1346 2072 1380; x_wconf 84' lang='lat' dir='ltr'>sententiam</span> <span class='ocrx_word' id='word_1_319' title='bbox 2088 1347 2238 1380; x_wconf 90' lang='lat' dir='ltr'>damna-</span> 
     </span>
     <span class='ocr_line' id='line_1_50' title="bbox 1248 1396 2237 1441; baseline 0.002 -12"><span class='ocrx_word' id='word_1_320' title='bbox 1248 1396 1375 1435; x_wconf 87' lang='lat' dir='ltr'>tionis,</span> <span class='ocrx_word' id='word_1_321' title='bbox 1411 1403 1530 1430; x_wconf 84' lang='lat' dir='ltr'>tamen</span> <span class='ocrx_word' id='word_1_322' title='bbox 1563 1403 1701 1441; x_wconf 88' lang='lat' dir='ltr'>ereptus</span> <span class='ocrx_word' id='word_1_323' title='bbox 1733 1403 1783 1430; x_wconf 89' lang='lat' dir='ltr'>est</span> <span class='ocrx_word' id='word_1_324' title='bbox 1814 1397 1965 1441; x_wconf 85' lang='lat' dir='ltr'>gratuita</span> <span class='ocrx_word' id='word_1_325' title='bbox 1995 1397 2237 1432; x_wconf 88' lang='lat' dir='ltr'>misericordia</span> 
     </span>
    </p>
   </div>
   <div class='ocr_carea' id='block_1_12' title="bbox 1247 1445 1325 1480">
    <p class='ocr_par' dir='ltr' id='par_1_12' title="bbox 1247 1445 1325 1480">
     <span class='ocr_line' id='line_1_51' title="bbox 1247 1445 1325 1480; baseline 0 0"><span class='ocrx_word' id='word_1_326' title='bbox 1247 1445 1325 1480; x_wconf 89' lang='lat' dir='ltr'>Dei.</span> 
     </span>
    </p>
   </div>
   <div class='ocr_carea' id='block_1_13' title="bbox 2341 1338 2352 1572">
    <p class='ocr_par' dir='ltr' id='par_1_13' title="bbox 2341 1338 2352 1572">
     <span class='ocr_line' id='line_1_52' title="bbox 2341 1338 2352 1572; textangle 90"><span class='ocrx_word' id='word_1_327' title='bbox 2345 1565 2350 1572; x_wconf 72' lang='grc'><strong>.</strong></span> <span class='ocrx_word' id='word_1_328' title='bbox 2346 1526 2351 1554; x_wconf 42' lang='grc'>,4,</span> <span class='ocrx_word' id='word_1_329' title='bbox 2346 1463 2352 1520; x_wconf 49' lang='lat'>42⁴„</span> <span class='ocrx_word' id='word_1_330' title='bbox 2342 1396 2352 1457; x_wconf 74' lang='lat'><em>·-1.-.»=</em></span> <span class='ocrx_word' id='word_1_331' title='bbox 2341 1338 2351 1388; x_wconf 47' lang='lat' dir='ltr'>-s</span> 
     </span>
    </p>
   </div>
  </div>
 </body>
</html>
