2379 2948
174 104 250 142 433

809 108 871 144 lv.
926 106 1203 144 ELEMENTA
1231 108 1568 148 RHETORICES.

2133 120 2207 155 434

170 190 247 223 iure
268 191 462 225 desiderari
488 200 601 237 potest
625 194 826 238 diligentia,
854 194 936 239 quia
965 205 1038 227 non
1064 205 1166 238 saepe
1190 194 1193 220 ¹
1218 194 1313 240 quod
1334 195 1485 230 voluerit
1501 196 1675 231 Milonem
1693 198 1906 242 interficere,
1935 201 2062 245 partim
2087 205 2130 237 de
2156 206 2207 238 fa-

169 250 377 286 proponunt
396 245 662 278 concionatores
680 256 852 278 summam
871 245 946 277 eius
963 245 1012 277 rei
1031 245 1074 277 de
1096 258 1165 290 qua

169 291 298 325 dicturi
318 302 416 335 sunt,
444 307 481 327 ea
496 307 550 328 res
569 296 661 335 facit,
689 302 728 328 ut
744 295 888 328 auditor
904 295 1060 329 incertus
1079 308 1165 330 nus-
1189 321 1191 330 ,

168 355 274 386 quam
293 345 379 378 sciat
391 372 400 384 ,
426 346 512 390 quid
530 351 710 389 expectare
727 346 864 380 debeat.
902 343 1080 380 Rhetores
1098 345 1164 380 hoc

168 394 260 432 loco,
279 395 466 428 divisionis
482 407 541 428 seu
562 395 766 439 partitionis
784 396 1002 430 mentionem
1018 398 1163 439 faciunt,

169 442 261 478 hanc
280 446 403 479 dicunt
426 457 517 485 esse,
546 458 625 479 cum
650 447 928 491 propositionem
957 448 1003 481 ita
1030 450 1162 483 ronsti—
1187 460 1189 483 e

168 496 323 537 tuimus,
349 502 388 529 ut
404 496 509 529 simul
528 508 734 531 moneamus
763 510 853 543 quae
875 499 1076 544 relinquere
1101 513 1161 533 ve-

168 546 291 585 limus,
317 553 376 580 aut
392 559 470 580 cum
493 559 763 590 enumeramus,
791 561 896 594 quam
923 551 1053 583 multae
1081 563 1160 595 par-

167 603 216 630 tes
234 597 336 631 nobis
353 599 556 632 tractandae
572 606 667 633 sunt.

458 684 516 718 De
546 683 845 731 confirmatione.

268 750 499 785 Confirmatio
517 753 727 786 difficillima
746 766 827 797 pars
844 761 893 787 est
910 753 1055 787 oratorii
1075 767 1160 798 ope-

165 801 232 840 ris,
260 799 345 837 haec
370 804 464 836 enim
493 806 702 846 persuadere
725 804 835 838 iudici
864 805 986 844 dehet,
1012 811 1050 838 ut
1076 818 1159 848 pro-

163 852 333 897 positioni
359 855 584 889 assentiatur.
650 853 792 887 Etenim
826 867 905 888 cum
941 856 1037 889 aliud
1065 854 1157 889 nihil

162 903 208 936 sit
225 906 440 949 propositio,
470 906 537 939 nisi
558 906 740 939 conclusio
757 907 1056 947 confirmationis,
1085 920 1156 940 non

163 957 360 991 merebitur
391 958 495 990 fidem
526 957 743 1001 propositio,
790 957 859 990 nisi
889 958 1157 991 confirmatione

161 1015 385 1051 propugnata
409 1008 527 1043 fuerit.
594 1008 683 1041 Nam
716 1014 756 1042 ut
782 1007 968 1041 Dialectici
1000 1010 1156 1047 tradunt,

162 1057 585 1103 labefactispraemissis,
614 1071 715 1092 ruere
733 1059 997 1092 conclusionem
1018 1072 1156 1093 necesse

163 1115 232 1147 est,
266 1117 306 1144 ut
336 1122 426 1156 quae
448 1110 493 1143 sit
516 1110 612 1143 velut
635 1110 813 1153 fastigium
839 1121 900 1143 seu
927 1116 1056 1143 tectum
1084 1111 1155 1156 syl-

161 1158 314 1203 logismi.

263 1210 312 1245 At
336 1211 404 1244 loci
432 1211 491 1255 qui
513 1211 550 1243 in
569 1209 761 1246 Rhetorica
780 1213 988 1252 traduntur,
1016 1218 1153 1245 tantum

162 1263 356 1295 admonent
373 1273 437 1294 nos
455 1263 497 1294 de
513 1263 637 1303 rebus,
664 1264 762 1295 unde
787 1264 979 1296 sumendae
1005 1263 1075 1296 sint
1099 1275 1154 1295 res

162 1314 200 1346 in
221 1313 380 1358 quolibet
400 1324 527 1356 genere
555 1324 697 1353 causae,
723 1325 783 1346 seu
807 1314 923 1357 potius
948 1325 1075 1356 magno
1099 1326 1153 1346 re-

160 1376 239 1397 rum
268 1375 393 1397 acervo
421 1364 623 1408 proposito,
657 1364 742 1408 quid
771 1364 858 1407 elegi
885 1365 1031 1405 debeat,
1058 1366 1151 1408 quod

159 1416 204 1448 ad
225 1415 446 1459 propositum
473 1415 632 1459 quadret.
686 1412 929 1459 Deprehensis
955 1422 1071 1448 autem
1098 1428 1152 1448 re-

159 1467 226 1499 hus
255 1477 317 1499 seu
350 1465 496 1499 materia
520 1472 830 1507 argumentorum,
865 1467 1016 1499 tenenda
1047 1473 1097 1499 est
1121 1473 1153 1499 et

159 1518 272 1550 forma
290 1517 460 1560 quaedam
479 1523 790 1559 argumentorum,
815 1518 858 1549 de
884 1514 948 1549 hac
972 1529 1045 1549 non
1070 1517 1152 1550 satis

160 1567 343 1611 perspicue
366 1567 587 1610 praecipiunt
612 1564 781 1602 rhetores,
837 1566 960 1613 Itaque
982 1569 1150 1601 monendi

159 1625 242 1652 sunt
258 1618 507 1658 adolescentes,
533 1624 572 1651 ut
588 1618 793 1651 dialecticen
813 1619 1000 1651 consulant
1019 1620 1060 1651 de
1079 1620 1150 1652 for-

158 1682 215 1703 ma
234 1676 535 1711 argumentorum.
587 1666 664 1701 Etsi
682 1670 775 1701 enim
793 1669 941 1702 liberior
964 1676 1011 1702 est
1037 1671 1150 1702 oratio

157 1719 358 1764 popularis,
386 1732 491 1764 quam
509 1719 563 1751 illi
581 1719 685 1752 exiles
704 1727 735 1752 et
752 1721 842 1753 nudi
859 1707 1148 1766 syllogismi'ilia-

157 1771 362 1805 lecticorum
375 1795 384 1808 ‚
413 1778 528 1803 tamen
545 1771 702 1803 membra
720 1778 1009 1813 argumentorum
1028 1773 1147 1803 eadem

159 1833 233 1856 esse
258 1833 397 1854 necesse
419 1828 486 1861 est,
532 1833 620 1865 quae
651 1821 687 1853 in
718 1822 910 1854 dialecticis
944 1823 1148 1855 traduntur.

157 1873 313 1918 Ideoque
340 1884 396 1912 ea,
424 1884 513 1918 quae
532 1871 653 1905 Cicero
678 1873 720 1905 de
744 1873 948 1917 syllogismo
977 1873 1104 1913 tradit,
1131 1884 1147 1906 a

157 1923 351 1958 dialecticis
369 1930 551 1956 mutuatus
571 1930 620 1956 est
643 1923 772 1956 omnia.
826 1922 1012 1957 Caeterum
1030 1931 1150 1957 orator

157 1975 260 2009 vestit
277 1987 314 2008 ea
333 1975 433 2019 quasi
451 1971 577 2008 habitu
595 1975 798 2013 verborum,
820 1981 853 2008 et
872 1974 908 2006 in
926 1975 1147 2018 disponendo
1173 2014 1175 2022 ‚

157 2026 306 2059 liberior
337 2033 405 2065 est,
451 2037 557 2070 quam
590 2025 806 2060 dialecticus,
872 2025 912 2058 In
944 2026 1148 2070 syllogismo

157 2077 388 2122 plaerumque
411 2088 429 2109 a
457 2077 594 2110 minore
617 2074 762 2109 inchoat
783 2084 1050 2119 argumentum,
1075 2090 1145 2109 non

160 2139 262 2171 saepe
284 2128 421 2161 orditur
447 2140 465 2160 a
488 2127 632 2160 maiore.
685 2127 726 2160 In
752 2125 1033 2173 enthymemate,
1062 2130 1145 2160 dum

159 2178 339 2211 interdum
363 2186 546 2222 properat,
572 2179 743 2226 relinquit
763 2190 982 2223 consequens
1006 2180 1146 2213 audito—

160 2241 240 2263 rum
259 2228 483 2271 cogitationi,
510 2231 640 2263 etenim
658 2236 784 2263 natura
801 2230 893 2273 cogit
911 2242 1049 2263 sumere
1074 2231 1145 2263 sor—

159 2292 234 2313 mas
251 2286 538 2323 argumentorum
554 2292 573 2313 a
591 2281 800 2321 dialecticis,
827 2288 861 2314 et
879 2281 926 2314 sic
949 2282 1146 2314 communis

160 2343 274 2365 sermo
308 2331 427 2363 minus
456 2331 637 2376 aliquanto
670 2332 823 2366 vinculis
855 2332 926 2365 illis
955 2333 1147 2366 dialecticis

158 2383 321 2416 astrictus
338 2388 398 2415 est.

263 2432 520 2467 Coniecturalis
534 2439 641 2466 status
659 2431 765 2467 habet
782 2435 870 2468 duos
888 2435 995 2473 locos,
1019 2435 1146 2468 volun-

160 2491 267 2518 tatem
284 2491 317 2518 et
332 2484 554 2523 facultatem,
582 2484 719 2527 quoties
735 2485 844 2527 igitur
863 2487 998 2519 incides
1013 2487 1050 2519 in
1068 2498 1147 2519 ora-

159 2535 292 2569 tionem
308 2534 556 2568 coniecturalis
568 2540 697 2575 statuS,
722 2537 928 2571 memineris
946 2550 1022 2570 eam
1040 2544 1147 2571 totam

159 2586 200 2619 in
225 2586 444 2620 voluntatem
476 2592 510 2619 et
539 2584 760 2623 facultatem,
804 2594 972 2633 tanquam
1005 2589 1043 2621 in
1078 2589 1148 2621 duo

159 2638 346 2682 praecipua
364 2638 521 2670 membra
540 2635 767 2680 parciendam
789 2649 872 2672 esse.
925 2638 967 2672 In
990 2645 1060 2673 tota
1075 2638 1148 2672 Mi-

159 2687 305 2722 loniana
337 2688 538 2733 disputatur
574 2686 703 2730 partim
734 2687 777 2720 de
805 2688 987 2723 voluntate
1018 2688 1149 2730 Clodii,

208 2741 385 2772 MELANTH.
416 2741 518 2773 Omen.
543 2740 626 2771 Von.
657 2738 750 2770 XIII.

1217 246 1366 285 cultam,
1401 249 1495 291 quod
1530 248 1674 282 Clodius
1711 251 1865 294 potuerit
1900 252 2048 286 insidias
2083 255 2206 296 facere,

1216 295 1308 328 Milo
1326 308 1398 329 non
1420 298 1582 340 potuerit.
1636 298 1683 331 Ili
1702 301 1768 334 loci
1786 309 1866 335 sunt
1884 315 1924 336 ex
1947 311 2074 337 natura
2098 306 2206 347 ducti,

1215 358 1296 378 nam
1318 347 1355 379 in
1377 348 1544 381 omnibus
1569 347 1753 384 hominum
1778 354 1877 386 sactis
1903 366 2042 388 necesse
2065 363 2115 389 est
2140 369 2204 389 vo-

1216 397 1386 430 luntatem
1407 404 1438 431 et
1457 399 1657 432 facultatem
1676 413 1894 439 concurrere.
1949 405 2071 451 ltaque
2094 406 2202 440 iidem

1215 448 1282 481 loci
1310 449 1497 481 maximam
1530 450 1600 481 vim
1634 453 1727 493 apud
1763 452 2033 490 Iurisconsultos
2058 455 2204 498 habent,

1213 499 1273 544 qui
1291 500 1401 533 multa
1421 512 1460 532 ex
1476 502 1846 545 praesumptionibus,
1874 506 1908 538 id
1927 515 1995 545 est,
2023 508 2204 542 coniectu-

1212 550 1347 584 ralibus
1365 551 1580 593 argumentis
1598 552 1766 587 iudicant.

1319 601 1489 635 Voluntas
1508 599 1616 641 habet
1640 604 1726 636 duas
1744 604 1884 647 species.
1918 603 2038 640 Altera
2055 616 2202 643 vocatur

1212 652 1397 696 impulsio,
1425 665 1513 698 quae
1530 652 1673 686 affectus
1690 655 1865 691 continet,
1894 663 1931 688 ut
1949 655 2096 691 Clodius
2115 661 2201 693 ode-

1212 710 1262 736 rat
1281 703 1456 736 Milonem
1469 731 1477 744 ,
1505 704 1613 746 igitur
1633 706 1795 748 cupiebat
1813 717 1891 738 euin
1911 708 2102 742 extinctum
2120 722 2202 743 esse.

1211 754 1331 787 Altera
1350 755 1479 788 dicitur
1495 755 1737 796 ratiocinatio,
1764 768 1853 801 quae
1871 768 1888 788 a
1909 757 2005 790 finali
2025 771 2126 793 causa
2145 773 2204 793 su-

1211 805 1337 845 mitur,
1365 818 1444 838 cum
1463 806 1605 839 ducitur
1622 816 1869 849 argumentum
1889 820 1906 839 a
1929 820 1989 852 spe
2014 813 2203 845 commodi.

1210 854 1298 888 Nam
1325 854 1499 889 humanae
1522 863 1657 889 mentes
1683 858 1878 901 plurimum
1910 868 2100 894 moventur
2125 863 2204 906 opi—

1210 907 1317 939 nione
1331 907 1513 946 utilitatis,
1541 914 1579 941 ut
1594 906 1721 941 Clodio
1739 910 1902 953 proderat
1919 908 2069 944 Milonis
2092 913 2203 946 inter-

1210 957 1297 995 itus,
1323 957 1456 991 Miloni
1479 970 1553 991 non
1580 960 1746 1002 proderat
1761 958 1879 993 Clodii
1905 961 2087 1004 interitus,
2120 975 2202 1007 ergo

1210 1008 1401 1042 verisimile
1418 1016 1487 1049 est,
1509 1008 1675 1043 Clodium
1698 1011 1820 1043 fecisse
1844 1011 2004 1046 insidias.
2057 1012 2111 1047 Ex
2136 1012 2201 1047 hoc

1210 1059 1286 1092 loco
1307 1066 1386 1093 nata
1406 1072 1472 1092 vox
1491 1067 1541 1093 est
1556 1059 1684 1100 Cassii,
1712 1061 1811 1095 cuius
1829 1073 1930 1105 saepe
1952 1064 2033 1097 facit
2050 1065 2203 1099 mentio—

1209 1122 1288 1142 nem
1313 1108 1456 1150 Cicero,
1491 1113 1733 1155 quaerendum
1766 1113 1802 1144 in
1835 1113 1986 1158 iudicio,
2021 1116 2077 1148 cui
2106 1117 2202 1149 bono

1208 1161 1324 1193 suerit.
1379 1160 1541 1194 Facultas
1560 1162 1718 1196 continet
1735 1163 1831 1206 signa
1851 1170 1882 1197 et
1905 1164 2203 1201 circumstantias-

1208 1210 1315 1253 Signa
1344 1218 1427 1245 sunt
1451 1213 1540 1245 sacta
1561 1219 1619 1250 aut
1639 1220 1742 1246 notae
1766 1214 1914 1247 alicuius
1932 1216 1999 1253 rei,
2041 1217 2202 1251 iudican-

1209 1268 1265 1294 tur
1297 1269 1412 1295 autem
1446 1264 1550 1295 etiam
1586 1265 1766 1296 communi
1798 1277 1902 1298 sensu
1925 1267 2000 1299 sine
2026 1269 2200 1302 doctrina.

1207 1312 1297 1346 Sunt
1322 1313 1415 1345 enim
1442 1314 1497 1346 vel
1520 1326 1642 1346 causae
1660 1315 1714 1347 vel
1735 1315 1877 1348 effectus
1894 1317 2078 1354 factorum.
2134 1319 2201 1353 Fa—

1207 1364 1281 1395 cilis
1301 1364 1408 1406 igitur
1425 1371 1475 1397 est
1492 1366 1708 1408 comparatio
1730 1367 1818 1408 signi
1835 1368 1877 1398 ad
1898 1368 2039 1402 sactum.
2083 1370 2201 1412 Quae-

1206 1415 1285 1446 dam
1313 1421 1395 1447 sunt
1420 1416 1681 1453 antecedentia,
1717 1423 1776 1453 ut,
1814 1417 1905 1450 Milo
1927 1419 2025 1452 duxit
2054 1433 2200 1454 uxorem

1206 1472 1238 1498 et
1256 1465 1388 1498 liberos
1406 1477 1523 1498 secum
1542 1466 1577 1498 in
1596 1464 1742 1507 I'theda,
1771 1480 1850 1510 erga
1876 1480 1948 1501 non
1974 1476 2023 1502 est
2050 1483 2200 1505 consen-

1205 1523 1360 1556 taneum,
1387 1517 1582 1560 profectum
1601 1529 1681 1550 eum
1701 1530 1773 1551 esse
1790 1520 1831 1551 ad
1850 1522 2093 1563 pugnandum,
2118 1536 2200 1556 nam

1206 1568 1398 1610 pugnaturi
1435 1580 1507 1600 non
1542 1569 1725 1602 adducunt
1761 1570 1892 1603 liberos
1924 1572 1960 1603 in
1997 1572 2200 1610 discrimen.

1206 1617 1390 1660 Quaedam
1416 1626 1615 1663 sequuntur
1641 1620 1788 1661 factum,
1817 1628 1853 1654 ut
1880 1622 1988 1664 fugit,
2017 1625 2200 1668 expalluit,

1205 1670 1358 1704 erubuit.
1391 1668 1686 1704 Circumstantiae
1707 1679 1789 1705 sunt
1805 1679 1960 1716 tempus,
1991 1674 2109 1716 locus,
2137 1688 2200 1720 ap-

1204 1727 1366 1764 paratus,
1408 1721 1503 1754 iuxta
1539 1722 1771 1755 versiculum:
1827 1723 1937 1765 QniS,
1979 1726 2082 1769 quid,
2126 1728 2199 1767 ubi,

1204 1772 1332 1815 quibus
1350 1772 1510 1811 auxiliis,
1540 1784 1612 1812 cur,
1640 1774 1831 1816 quomodo,
1857 1776 2011 1818 quando.
2065 1776 2110 1810 Et
2130 1775 2197 1810 ho..

1204 1834 1281 1854 rum
1302 1823 1391 1855 ratio
1406 1834 1424 1855 a
1444 1834 1547 1855 sensu
1567 1824 1746 1856 communi
1763 1826 1912 1868 petenda
1930 1832 1991 1863 est,
2021 1834 2058 1860 ut
2073 1827 2196 1862 Cicero

1203 1884 1275 1904 non
1294 1873 1361 1905 fuit
1386 1873 1421 1904 in
1440 1874 1546 1912 urbe,
1574 1886 1653 1906 cum
1671 1873 1800 1908 Caesar
1825 1875 2101 1917 interficeretur,
2129 1879 2197 1922 igi—

1204 1929 1261 1956 tur
1286 1936 1360 1955 non
1386 1923 1561 1957 interfecit
1585 1923 1783 1960 Caesarem.
1845 1926 1989 1960 Praeter
2013 1926 2077 1961 hos
2103 1930 2196 1963 locos

1202 1980 1284 2007 sunt
1308 1973 1463 2018 ἄτεχνα,
1501 1987 1589 2019 quae
1614 1978 1873 2019 propemodum
1895 1979 1938 2010 ad
1965 1979 2062 2022 signa
2088 1982 2196 2024 perti-

1203 2032 1307 2063 nent,
1336 2031 1459 2065 testes,
1487 2024 1741 2071 chirographa,
1770 2029 2026 2070 confessiones,
2055 2032 2097 2064 de
2114 2032 2195 2076 qui-

1203 2077 1267 2109 bus
1287 2075 1535 2110 Iurisconsulti
1554 2077 1745 2120 diligenter
1764 2080 2000 2124 praecipiunt.

1517 2164 1576 2197 De
1604 2161 1874 2209 confutatione.

1287 2229 1493 2265 Consutatio
1516 2238 1564 2264 est
1583 2232 1770 2266 dissolutio
1787 2239 2087 2275 argumentorum,
2103 2248 2192 2280 quae

1200 2282 1433 2317 obiiciuntur.
1486 2281 1604 2315 Huius
1621 2283 1671 2315 rei
1687 2283 1874 2316 artificium
1893 2295 2016 2325 magna
2036 2296 2076 2317 ex
2093 2294 2192 2330 parte

1200 2334 1414 2366 sumendum
1439 2340 1490 2366 est
1510 2346 1549 2366 ex
1571 2332 1782 2368 Dialecticis.
1835 2332 1982 2367 Constat
2008 2342 2125 2369 autem
2152 2337 2191 2370 in

1201 2384 1382 2418 dialectica
1401 2384 1575 2428 triplicem
1602 2384 1775 2417 rationem
1800 2383 2108 2419 dissolvendorum
2133 2400 2190 2421 ar-

1200 2443 1450 2478 gumentorum
1476 2435 1579 2468 tradi.
1634 2434 1752 2467 Prima
1776 2442 1826 2468 est
1844 2447 1922 2468 cum
1946 2443 2126 2480 peccatum
2152 2439 2189 2472 in

1199 2488 1312 2520 forma
1335 2486 1531 2529 argumenti
1562 2483 1857 2528 deprehenditur,
1891 2493 1977 2520 tunc
2010 2488 2104 2521 enim
2133 2502 2188 2523 re-

1200 2536 1435 2583 prehenditur
1465 2536 1729 2580 consequentia.
1787 2535 1963 2571 Iudicium
1995 2545 2113 2572 autem
2144 2542 2187 2574 de

1201 2587 1451 2633 consequentia
1475 2593 1612 2619 tantum
1638 2599 1677 2620 ex
1702 2587 1885 2622 dialectica
1908 2591 2100 2632 petendum
2126 2599 2187 2625 est.

1200 2639 1289 2673 Nam
1309 2646 1341 2671 et
1361 2637 1518 2681 planiora
1541 2644 1641 2678 sunt,
1668 2645 1701 2672 et
1725 2639 1891 2680 meliora,
1919 2652 2007 2685 quae
2033 2641 2075 2674 de
2101 2654 2186 2674 con-

1201 2689 1381 2735 sequentia
1409 2689 1554 2722 tradunt
1577 2689 1768 2731 dialectici,
1804 2703 1908 2736 quam
1935 2703 2023 2736 quae
2048 2692 2186 2737 scripsit

1626 2740 1673 2774 28
