2379 2948
102 126 202 162 1375

99 210 259 245 Sciamus
276 210 380 244 etiam
399 208 484 245 haee
499 211 666 244 beneficia
682 223 755 244 esse
773 212 935 255 gratuita,
963 219 995 246 et
1014 212 1090 245 dari

98 261 202 294 nobis
218 273 282 309 per
293 262 582 303 misericordiam,
598 263 692 295 iuxta
707 263 959 310 promissiones
971 261 1090 295 Evan-

98 312 199 355 gelii,
226 319 258 345 et
276 311 388 345 Deum
406 314 454 346 sic
469 314 730 356 agnoscendum
748 320 781 346 et
798 313 985 346 colendum
1005 325 1091 354 esse,

99 369 293 397 statuamus
318 364 421 396 nobis
449 370 543 396 certo
568 364 771 407 contingere
794 361 879 397 haec
896 365 989 397 bona
1006 376 1091 411 pro-

98 421 176 457 pter
202 411 404 455 Christum,
431 426 496 447 nos
525 414 633 457 recipi
662 415 698 446 in
725 414 893 457 gratiam,
929 415 1089 448 exaudiri
1116 443 1118 451 ,

99 472 133 497 et
157 464 305 504 salvari,
339 476 377 496 ae
400 477 464 512 pro
489 462 543 497 his
578 476 721 507 agamus
742 465 888 508 gratias,
919 466 1089 499 addamus

98 514 203 548 etiam
219 514 499 555 invocationem,
526 526 712 558 precemur
738 522 776 549 ut
792 514 887 549 Deus
906 517 1089 560 gubernet,

98 566 241 598 adiuvet
259 573 290 599 et
308 573 489 599 conservet
507 563 720 604 Ecclesiam,
748 568 806 600 det
832 567 937 600 etiam
962 580 1089 615 corpo-

97 616 185 649 ralia
202 615 370 649 beneficia
391 617 581 649 necessaria
599 617 642 649 ad
668 619 945 651 conservandam
963 617 1088 651 Eccle—

97 667 184 700 siam
215 667 252 699 in
284 668 439 706 mundo,
478 668 770 711 tranquillitatem
803 669 937 713 publici
969 677 1090 711 status,

98 718 248 756 victum,
277 718 520 751 defensionem
539 725 601 752 ete.

147 816 197 852 In
213 818 313 852 exim
330 816 492 854 Israelis
503 845 511 858 ‚
541 823 601 854 etc.

199 903 279 937 Dixi
299 905 474 950 principio
491 905 598 950 repeti
618 903 801 939 historiam
820 906 916 939 illius
933 907 1087 949 singula-

95 957 144 990 ris
161 956 276 1000 operis
298 956 360 989 Dei
389 957 424 988 in
448 957 581 1003 populo
606 956 822 997 Isra'e'litico,
849 970 919 1002 quo
944 964 1088 992 testatus

95 1014 145 1040 est
170 1019 205 1040 se
231 1007 377 1050 elegisse
402 1005 497 1040 bunc
514 1008 686 1055 populum
700 1035 709 1048 ,
737 1015 769 1041 et
789 1020 867 1041 eum
886 1009 1088 1051 ingentibus

94 1058 274 1091 miraculis
291 1058 451 1092 defendit
468 1066 498 1091 et
518 1058 689 1099 servavit,
717 1066 756 1092 ut
773 1059 810 1092 in
828 1071 867 1092 eo
886 1067 1018 1093 extaret
1037 1067 1088 1093 te—

93 1109 321 1149 stimouium,
355 1110 450 1154 quod
476 1107 534 1142 hic
559 1116 646 1143 esset
665 1122 744 1143 vere
762 1110 877 1148 Deus,
906 1112 966 1155 qui
992 1108 1087 1144 hunc

94 1160 267 1207 populum
298 1160 464 1203 elegerat,
499 1173 538 1193 ac
567 1161 711 1194 dederat
745 1161 1014 1205 promissiones,
1050 1169 1088 1195 ut

93 1209 258 1244 homines
290 1211 464 1245 admoniti
497 1208 552 1244 his
584 1212 750 1255 operibus
781 1212 1016 1245 excitarentur
1044 1213 1085 1245 ad

93 1262 355 1305 agnoscendum
374 1262 506 1300 Deum,
536 1269 568 1295 et
584 1263 626 1294 ad
645 1263 807 1295 timorem
833 1275 872 1296 ac
896 1264 1021 1304 fidem,
1049 1271 1086 1296 ut

94 1313 223 1346 scirent
240 1311 354 1346 Deum
375 1313 478 1346 irasci
494 1313 630 1356 impiis,
651 1321 683 1347 et
699 1326 756 1346 eos
774 1313 983 1357 puniturum
1003 1326 1086 1354 esse,

93 1370 126 1397 et
149 1370 291 1396 econtra
317 1370 357 1396 ut
379 1365 562 1396 crederent
585 1364 661 1406 pios
687 1364 832 1407 respici,
866 1365 1026 1397 exaudiri
1054 1372 1085 1399 et

92 1414 255 1448 adiuvari
272 1424 291 1447 a
308 1414 387 1447 Deo
407 1414 502 1447 iuxta
519 1414 784 1458 promissiones,

195 1472 287 1507 Sunt
305 1479 421 1506 autem
439 1470 476 1505 hi
495 1484 616 1505 versus
638 1473 734 1516 plani
751 1480 783 1507 et
801 1473 996 1519 perspicui,
1021 1485 1084 1506 nec

91 1522 225 1558 habent
267 1535 356 1568 opus
390 1523 584 1570 prolixiore
622 1524 924 1568 interpretatione.
986 1523 1085 1557 Tan-

91 1583 168 1610 tum
186 1575 355 1608 recitatur
371 1571 519 1607 historia
547 1574 644 1607 illius
669 1575 803 1618 operis,
834 1588 923 1620 quae
952 1581 1003 1608 est
1018 1587 1084 1607 no-

92 1634 125 1661 ta
153 1639 193 1659 ex
217 1626 411 1673 scriptura,
446 1626 489 1658 de
515 1625 734 1672 profectione
753 1627 879 1673 populi
903 1638 942 1658 ex
967 1625 1084 1671 Aegy-

91 1685 153 1726 pto
179 1678 216 1710 in
241 1683 371 1710 terram
399 1676 629 1720 promissam,
657 1683 690 1709 et
712 1678 754 1709 de
777 1677 975 1719 miraculis,
1004 1677 1084 1721 qui-

92 1730 156 1762 bus
165 1727 260 1762 Deus
277 1726 374 1761 hunc
394 1727 565 1771 populum
578 1727 738 1761 defendit
756 1735 787 1761 et
804 1728 978 1762 liberavit.
1002 1726 1084 1761 Est—

92 1792 160 1826 que
183 1777 269 1812 haec
295 1790 449 1812 summa:
477 1777 572 1810 Deus
597 1778 700 1821 elegit
725 1776 819 1811 bunc
845 1779 1015 1826 populum
1035 1778 1083 1810 Is-

90 1830 313 1871 rae‘liticum,
340 1836 374 1863 et
390 1829 602 1862 mirabiliter
617 1830 775 1862 defendit
793 1842 831 1862 ac
851 1830 1001 1862 servavit
1020 1831 1082 1862 ad-

91 1893 213 1915 versus
229 1878 347 1914 hostes
364 1880 468 1914 editis
485 1879 685 1913 illustribus
702 1892 740 1913 ac
755 1881 958 1923 ingentibus
975 1880 1082 1913 mira-

92 1933 199 1973 culis,
234 1944 313 1965 cum
343 1932 463 1964 eduxit
488 1943 546 1964 eos
578 1943 641 1975 per
672 1943 767 1964 mare
796 1932 962 1971 rubrum,
999 1931 1082 1963 item

91 1983 286 2018 transvexit
301 1994 363 2027 per
383 1982 586 2016 Iordanem.
641 1981 735 2015 Haec
754 1983 899 2016 totidem
916 1983 988 2015 fere
1004 1994 1083 2015 ver-

92 2036 146 2069 bis
168 2033 227 2068 hic
244 2034 424 2067 dicuntur.

195 2093 265 2127 Sed
281 2090 428 2126 historia
448 2098 594 2136 propter
612 2092 811 2136 exemplum
829 2092 1007 2136 proposita
1035 2099 1084 2125 est

90 2151 130 2180 ut
159 2145 437 2178 admonerentur
469 2143 537 2186 pii,
574 2145 669 2188 quod
696 2143 810 2184 Deus,
846 2142 907 2188 qui
934 2143 1082 2186 elegerat

91 2195 281 2244 populum,
318 2201 353 2228 et
376 2194 586 2227 mirabiliter
609 2195 833 2234 defenderat,
866 2200 952 2227 esset
978 2194 1081 2227 etiam

91 2248 301 2281 defensurus
316 2245 429 2290 ipsOS,
455 2245 584 2289 quibus
600 2245 753 2278 dedisset
771 2245 917 2278 verbum
943 2252 975 2278 et
1001 2257 1083 2289 pro-

90 2298 287 2332 missiones.
346 2295 436 2329 Nam
468 2296 666 2340 exemplum
700 2309 772 2329 non
804 2302 943 2330 tantum
975 2296 1083 2329 unius

92 2348 265 2393 temporis
296 2353 361 2381 est:
390 2347 450 2379 sed
473 2345 570 2379 Deus
598 2348 710 2381 voluit
740 2348 828 2381 illud
860 2358 932 2380 esse
958 2359 1081 2391 perpe-

90 2407 210 2438 tuum,
240 2406 273 2432 et
299 2405 416 2432 extare
438 2397 604 2431 omnibus
628 2399 868 2442 temporibus,
893 2405 932 2430 ut
957 2399 1081 2430 admo—

91 2457 173 2484 neat
199 2450 276 2494 pios
303 2450 346 2482 de
368 2449 550 2482 voluntate
567 2448 647 2482 Dei.
703 2449 822 2492 Quare
846 2449 950 2483 etiam
977 2449 1081 2482 nobis

90 2502 305 2547 proponitur
329 2507 361 2533 et
385 2500 551 2533 admonet
576 2499 655 2543 pios
677 2507 716 2533 ut
738 2501 868 2541 sciant,
903 2500 993 2533 sicut
1020 2500 1081 2533 ille

91 2553 244 2598 populus
263 2559 314 2585 est
330 2550 504 2585 divinitus
520 2551 648 2584 electus
662 2557 696 2585 et
713 2552 892 2584 defensus:
908 2551 955 2584 ita
965 2549 1079 2584 Deum

92 2604 235 2647 elegisse
259 2610 292 2637 et
316 2603 543 2635 defensurum
569 2612 641 2634 esse
658 2599 871 2640 Ecclesiam,
899 2601 955 2635 cui
981 2603 1080 2635 dedit

704 125 766 160 IX.
818 124 1182 161 COMMENTARII
1216 124 1266 159 IN
1300 125 1541 163 PSALMOS.

2047 134 2145 169 1374

1145 223 1163 244 a
1183 212 1340 256 potentia
1363 213 1498 247 diaboli
1523 220 1556 246 et
1586 216 1730 255 mundi,
1759 223 1790 250 et
1808 216 1845 249 in
1865 229 1905 250 eo
1923 217 2020 251 dedit
2039 220 2138 252 testi-—

1146 263 1326 301 monium,
1355 266 1451 308 quod
1469 265 1632 308 respiciat
1649 278 1732 307 nos,
1761 269 1856 312 quod
1879 268 1965 302 velit
1990 281 2053 301 nos
2078 282 2137 302 ex-

1145 314 1268 346 audire
1286 321 1319 346 et
1337 315 1483 350 salvare.
1536 314 1613 349 Hoc
1633 319 1737 350 modo
1761 319 1960 362 exemplum
1986 321 2136 352 transfe-

1144 376 1263 397 ramus
1278 365 1322 397 ad
1338 377 1415 406 nOS,
1435 367 1477 399 ad
1496 367 1774 401 confirmandam
1794 370 1916 408 fidem,
1936 371 2029 415 quod
2040 369 2136 404 Deus

1144 415 1188 448 sit
1213 421 1415 450 servaturus
1435 428 1474 450 ac
1505 417 1714 453 defensurus
1734 418 1945 462 Ecclesiam,
1981 419 2048 455 hoc
2075 428 2137 462 est,

1143 466 1337 502 credentes.

1245 525 1298 558 Ac
1319 525 1480 559 Psalmus
1499 527 1561 560 etsi
1579 528 1784 563 brevissime
1796 527 1979 565 historiam
1998 531 2135 573 recitat,

1146 582 1180 609 et
1205 577 1331 620 repetit
1355 577 1526 610 miracula
1553 579 1644 612 edita
1673 580 1710 612 in
1738 578 1805 614 hoc
1831 582 1982 625 populo,
2019 589 2134 615 tamen

1145 627 1358 661 nominatim
1375 635 1530 661 recenset
1548 626 1632 662 haec
1653 631 1821 664 beneficia
1840 639 2008 678 tanquam
2031 644 2133 677 prae—

1115 706 1118 727 ζ
1143 678 1265 721 cipua,
1292 679 1386 723 quod
1411 677 1506 711 Deus
1532 680 1630 713 dedit
1653 682 1701 714 eis
1729 683 1984 724 sacerdotium,
2011 690 2043 717 et
2069 695 2134 727 gu-

1147 729 1305 762 bernarit
1330 740 1388 762 eos
1416 730 1542 770 verbo,
1572 737 1611 763 ut
1635 733 1823 767 existerent
1850 735 1944 776 apud
1969 745 2028 767 eos
2051 746 2133 766 vera

1143 779 1277 824 agnitio
1294 786 1327 813 et
1345 780 1418 812 veri
1444 780 1558 813 cultus
1574 779 1653 818 Dei.
1688 782 1775 816 Item
1800 785 1895 829 quod
1919 784 2022 817 etiam
2050 796 2136 817 con‘-

1142 831 1295 864 stituerit
1320 830 1481 875 politiam
1507 832 1648 875 populi,
1676 834 1811 868 dederit
1828 835 1934 868 duces
1956 841 1986 868 et
2004 835 2135 878 guber-

1143 887 1300 921 natores,
1339 893 1400 924 per
1422 893 1509 926 quos
1532 895 1611 915 eum
1639 884 1797 918 defendit
1822 893 1855 919 et
1880 886 2062 926 liberavit,
2097 893 2134 919 ut

1115 945 1117 956 ¹
1144 939 1320 965 constaret
1340 930 1435 965 hunc
1455 933 1626 976 populum
1644 935 1816 968 divinitus
1836 937 1921 979 regi.

1246 990 1343 1024 Haec
1365 991 1608 1034 significantur
1627 993 1663 1025 in
1689 991 1743 1026 his
1770 995 1902 1027 verbis:
1932 992 2056 1028 Facta
2083 1000 2134 1029 est

1144 1039 1293 1074 Iudaea
1309 1039 1557 1086 sanctificatio
1581 1042 1673 1084 eius,
1698 1041 1829 1079 Israel
1848 1050 2011 1092 potestas
2045 1045 2132 1082 eius.

1143 1092 1231 1125 Nam
1256 1094 1483 1125 sanctificatio
1510 1094 1681 1136 significat
1708 1094 1971 1138 Sacerdotium,
2000 1098 2037 1130 in
2062 1110 2133 1142 quo

1142 1144 1360 1187 propositum
1380 1151 1453 1177 erat
1464 1146 1610 1177 verbum
1629 1153 1660 1178 et
1678 1147 1928 1189 promissiones
1938 1149 2037 1182 datae
2050 1146 2134 1182 huic

1142 1195 1273 1238 populo
1291 1196 1332 1227 de
1351 1192 1513 1233 Christo,
1543 1196 1673 1240 quibus
1687 1196 1782 1230 Deus
1805 1210 1839 1231 se
1865 1198 1936 1231 illis
1958 1200 2132 1243 patefecit,

1141 1251 1180 1278 ut
1197 1252 1459 1289 agnosceretur,
1478 1254 1509 1278 et
1528 1248 1666 1281 addidit
1682 1248 1768 1281 ritus
1783 1260 1843 1282 seu
1862 1250 1987 1290 cultus,
2002 1251 2133 1295 quibus

1140 1297 1334 1339 segregavit
1358 1294 1453 1329 hunc
1479 1298 1650 1341 populum
1677 1299 1719 1331 ab
1743 1300 1820 1332 aliis
1843 1301 2026 1343 gentibus,
2054 1308 2133 1335 tan-

1140 1359 1245 1391 quam
1280 1347 1393 1386 notis,
1428 1348 1557 1392 quibus
1587 1357 1836 1391 agnosceretur
1868 1352 2021 1395 populus
2052 1350 2132 1390 Dei,

1139 1398 1222 1441 quia
1239 1398 1398 1441 oportuit
1417 1409 1489 1430 esse
1513 1399 1666 1443 aliquem
1697 1401 1886 1444 populum,
1915 1402 1951 1434 in
1978 1415 2047 1447 quo
2074 1415 2132 1435 ex-

1139 1454 1253 1481 tarent
1269 1448 1542 1492 promissiones,
1570 1456 1603 1483 et
1619 1451 1681 1483 ubi
1702 1451 1851 1485 sciretur
1864 1450 2047 1487 Christum
2068 1465 2132 1487 na-

1137 1506 1310 1532 sclturum
1327 1510 1407 1532 esse.

1241 1568 1381 1601 Deinde
1409 1569 1516 1602 etiam
1547 1570 1671 1613 politia
1704 1571 1894 1605 constituta
1921 1579 1971 1605 est
1998 1572 2035 1605 in
2064 1570 2130 1606 hoc

1138 1620 1269 1663 populo
1299 1619 1490 1660 divinitus,
1519 1628 1551 1653 et
1571 1621 1643 1653 dati
1672 1622 1868 1666 principes,
1896 1623 1956 1667 qui
1982 1634 2040 1656 eos
2065 1634 2131 1666 gu—

1138 1671 1328 1702 bernarent
1347 1670 1441 1703 iuxta
1460 1672 1607 1704 verbum
1626 1684 1697 1716 quo
1708 1671 1804 1706 Deus
1817 1674 1929 1707 voluit
1945 1674 2017 1717 regi
2034 1671 2130 1707 hunc

1138 1722 1321 1765 populum.
1384 1719 1467 1753 Ideo
1501 1723 1661 1755 additur:
1698 1721 1828 1757 Israel
1853 1728 2016 1770 poteslas
2039 1724 2129 1769 eiuS‚

1137 1784 1197 1804 seu
1218 1771 1431 1812 dominatio,
1450 1773 1570 1815 politia
1591 1786 1650 1806 seu
1669 1786 1815 1817 regnum
1836 1782 1899 1810 etc.

1238 1838 1335 1872 Haec
1359 1839 1441 1871 satis
1464 1840 1508 1873 sit
1533 1840 1688 1874 breviter
1713 1842 1940 1875 admonuisse
1956 1844 1999 1876 de
2016 1840 2128 1877 histo-

1138 1890 1211 1923 ria:
1240 1888 1332 1922 nihil
1357 1890 1450 1922 enim
1479 1888 1584 1924 habet
1601 1892 1843 1933 obscuritatis,
1870 1900 1987 1927 tamen
2003 1895 2130 1927 memi-

1137 1941 1294 1974 nerimus
1310 1941 1508 1984 exemplum
1539 1944 1880 1977 accommodandum
1908 1956 1979 1977 esse
1999 1947 2040 1978 ad
2059 1944 2129 1979 Ec·-

1137 1992 1290 2026 clesiam.
1346 1990 1445 2025 Sicut
1461 1990 1558 2025 Deus
1576 1993 1677 2026 illum
1698 1995 1868 2038 populum
1890 1995 1992 2039 elegit
2016 2003 2048 2029 et
2066 1997 2128 2029 de-

1136 2043 1268 2083 fendit,
1295 2042 1350 2075 cui
1372 2042 1469 2076 dedit
1486 2045 1632 2077 verbum
1653 2052 1731 2080 ete.:
1761 2046 1807 2078 ita
1831 2047 1987 2079 sciamus
2008 2048 2128 2079 omni·

1136 2095 1201 2127 bus
1218 2093 1437 2138 temporibus
1453 2105 1524 2126 esse
1546 2095 1582 2127 in
1609 2097 1742 2129 mundo
1760 2097 1914 2139 aliquam
1929 2095 2125 2130 Ecclesiam

1136 2145 1299 2183 electam,
1335 2156 1424 2189 quae
1456 2145 1676 2188 gubernatur
1698 2147 1890 2192 divinitus,
1927 2155 1959 2181 et
1981 2148 2127 2193 quidem

1136 2196 1173 2228 in
1194 2208 1231 2229 ea
1246 2202 1362 2229 extare
1381 2193 1470 2228 hanc
1487 2203 1606 2229 notam
1619 2223 1628 2236 ,
1656 2198 1751 2241 quod
1776 2195 1880 2232 habet
1899 2199 2046 2231 verbum
2071 2199 2127 2232 di-

1136 2247 1269 2281 vinitus
1286 2246 1479 2280 revelatum
1491 2273 1500 2287 ,
1526 2247 1689 2281 videlicet
1706 2246 1941 2292 Evangelium
1961 2250 2003 2282 de
2017 2248 2125 2283 Chri-

1136 2304 1207 2338 sto,
1241 2298 1279 2331 in
1302 2309 1372 2343 quo
1395 2297 1488 2330 lucet
1513 2304 1547 2331 et
1573 2295 1854 2342 apprehenditur
1886 2312 1966 2333 vera
1993 2301 2125 2333 noticia

1135 2347 1222 2390 Dei,
1250 2361 1288 2382 ac
1309 2355 1531 2392 praestantur
1550 2349 1623 2382 veri
1643 2349 1775 2388 cultus,
1801 2351 1918 2390 timor,
1946 2351 2040 2391 fides,
2067 2351 2125 2384 in-

1134 2400 1271 2433 vocatio
1295 2406 1328 2432 et
1354 2399 1481 2432 caeteri
1508 2407 1623 2433 motus
1647 2400 1857 2444 spirituales.
1910 2400 2013 2435 Hanc
2036 2403 2125 2435 scia-

1134 2463 1212 2483 mus
1228 2449 1371 2483 defendi
1394 2456 1427 2483 et
1452 2450 1656 2484 conservari
1679 2451 1799 2484 divina
1818 2452 1974 2496 potentia
2001 2459 2123 2486 contra

1133 2502 1312 2535 saevitiam
1338 2500 1464 2533 mundi
1491 2507 1524 2534 et
1547 2501 1700 2540 diaboli,
1735 2510 1768 2536 et
1793 2501 1856 2536 hac
1882 2503 2124 2537 consolatione

1132 2564 1197 2586 nos
1218 2557 1468 2592 sustentemus,
1496 2563 1576 2585 cum
1595 2553 1756 2586 videmus
1775 2566 1849 2587 eam
1868 2554 1904 2587 in
1918 2555 2053 2588 mundo
2071 2556 2124 2588 af-

1130 2603 1225 2647 fligi,
1257 2610 1289 2636 et
1314 2602 1572 2646 propemodum
1597 2604 1770 2648 opprimi,
1805 2611 1839 2639 et
1863 2605 2015 2638 exerceri
2045 2606 2122 2650 pios

91 2655 258 2695 verbum,
296 2653 466 2687 revelavit
496 2651 731 2695 Evangelium
765 2654 809 2686 de
837 2651 1001 2694 Christo,
1043 2659 1076 2686 et
1101 2665 1104 2690 f
1132 2655 1230 2687 omni
1247 2664 1374 2697 genere
1389 2653 1627 2687 calamitatum
1646 2660 1731 2693 etc.‚
1761 2655 1961 2701 quodDeus
1976 2657 2123 2690 mirabi-

93 2706 168 2739 eius
194 2704 372 2739 beneficiis
419 2704 462 2737 de
485 2703 696 2737 liberatione
720 2716 738 2737 a
764 2711 927 2748 peccato,
953 2710 1078 2745 morte,
1099 2692 1103 2748 l
1130 2705 1212 2739 liter
1228 2705 1443 2739 liberaturus
1463 2704 1509 2738 sit
1532 2704 1628 2750 pios,
1656 2712 1688 2740 et
1705 2714 1975 2742 conservaturus
1991 2719 2028 2741 ac
2045 2708 2122 2752 glo-
