2379 2948
140 119 214 155 773
814 121 841 154 Ι.

139 206 195 240 die
217 205 408 251 quieverit,
443 217 522 239 cum
546 212 663 239 tamen
696 213 863 250 perpetuo
887 212 996 248 creet,
1031 207 1126 241 iuxta

136 257 228 290 illud
250 256 287 290 in
306 255 480 290 Iohanne:
514 256 620 291 Pater
635 269 733 290 meus
750 269 860 302 usque
876 258 982 290 modo
1001 270 1126 302 opera-

136 315 204 342 tur.
257 306 305 341 Et
321 308 359 341 in
377 307 492 343 Actis:
519 307 561 341 In
577 308 653 351 ipso
668 318 800 348 sumus,
827 307 982 341 vivimus
998 315 1031 342 et
1046 321 1124 342 rno-

136 370 269 393 vemur.
324 358 537 403 Respondeo
552 358 725 402 primum,
753 355 845 391 hanc
866 359 1026 404 requiem
1051 371 1122 393 esse

135 410 377 455 accipiendam
405 410 474 450 sic,
502 410 595 454 quod
623 405 695 441 non
721 410 915 452 perrexerit
938 410 1038 454 plura
1065 422 1122 454 ge-

135 473 220 495 nera
237 473 356 495 rerum
374 462 534 497 condere,
553 471 658 503 quam
677 468 879 494 enumerata
897 469 990 499 sunt,
1013 463 1121 495 adeo-

136 525 204 557 que
229 514 324 558 quod
350 511 570 557 conquiescat
594 509 687 543 Deus
712 510 747 543 in
774 509 840 544 hoc
862 512 1013 556 opificio.
1069 512 1121 546 Ita

136 571 227 598 certe
245 564 431 602 sentimus,
458 573 530 594 non
549 561 668 605 plures
684 573 756 595 esse
774 567 834 595 aut
860 563 998 596 futuros
1015 575 1121 597 mun-

135 615 210 656 dos,
239 612 334 648 hunc
357 613 469 647 solum
488 624 560 645 esse
578 610 763 646 hominum
784 620 901 647 ortum
919 622 952 648 et
970 616 1121 659 lapsum,

133 662 202 699 hoc
220 666 331 699 solum
350 675 422 697 esse
438 661 625 697 hominum
643 675 769 707 genuS,
794 666 836 698 ad
854 678 941 710 quos
959 664 1120 700 Christus

133 717 327 762 pertineat,
353 715 448 760 quod
473 722 627 759 expectet
649 717 989 750 consummationem
1013 717 1118 750 seculi

134 775 168 802 et
184 767 363 801 iudicium.

237 826 322 860 Item
340 826 419 859 ideo
442 827 715 872 circumscripsit
733 834 925 866 creaturas,
955 833 987 860 et
1004 826 1121 860 finivit

133 889 221 922 opus
238 878 294 911 die
309 878 477 922 septimo,
506 891 583 911 cum
600 879 669 911 iam
694 878 812 912 omnia
840 876 978 912 homini
1002 878 1121 911 subie-

133 930 253 968 cisset,
286 936 325 962 ut
349 937 442 963 certo
466 929 653 969 sciremus,
690 930 809 963 omnia
836 930 940 963 nobis
963 930 1117 963 subiecta

132 991 221 1020 esse,
263 980 437 1026 siquidem
473 981 572 1014 nulla
609 981 675 1014 alia
712 992 836 1024 genera
879 987 1118 1014 creaturarum

131 1038 229 1065 erant
255 1033 456 1065 condenda:
488 1029 554 1065 hoc
581 1033 781 1065 dominium
810 1033 847 1065 in
873 1031 990 1066 Adam
1014 1032 1118 1065 amis-

130 1094 227 1123 sum,
255 1083 290 1116 in
310 1081 452 1116 Christo
478 1084 778 1127 recuperavimus.
832 1083 1014 1117 Postremo
1040 1083 1119 1115 ideo

130 1134 349 1179 conquiescit
375 1134 412 1167 in
439 1132 506 1168 hoc
529 1135 688 1178 opificio,
721 1142 760 1168 ut
785 1136 934 1169 sciamus
958 1132 1024 1168 hoc
1047 1145 1120 1167 esse

130 1184 310 1230 opificium
323 1212 330 1225 ,
359 1186 452 1230 quod
470 1186 739 1229 glorificandum
759 1187 814 1220 sit.

233 1244 389 1290 Requies
410 1245 489 1279 finit
513 1257 639 1289 genera
668 1253 925 1286 creaturarum,
953 1246 1012 1279 sed
1035 1242 1121 1277 haec

130 1308 202 1330 non
223 1304 507 1336 consummatur,
535 1297 604 1329 nisi
628 1297 690 1329 ubi
716 1295 807 1329 nihil
827 1309 970 1341 prorsus
997 1308 1120 1339 opera-

130 1355 188 1381 tur
205 1346 316 1387 Deus,
344 1354 377 1380 et
394 1354 574 1379 creaturae
592 1347 788 1381 intereunt.
842 1346 893 1380 Ea
911 1346 1049 1392 requies
1069 1353 1119 1379 est

129 1397 285 1438 Christi,
320 1397 382 1442 qui
406 1396 502 1430 Deus
530 1404 601 1437 est,
631 1398 816 1431 morientis
843 1405 876 1431 et
907 1398 1121 1443 quiescentis

130 1449 286 1484 Sabbato
306 1447 344 1481 in
362 1448 535 1492 sepulcro,
563 1455 596 1481 et
615 1460 696 1482 vere
713 1448 980 1482 sabbatizantis:
1008 1449 1120 1491 signi-

129 1501 245 1534 ficavit
280 1511 361 1542 ergo
399 1499 517 1532 Moses
553 1497 620 1533 hoc
655 1512 777 1533 verum
813 1499 1009 1534 Sabbatum
1037 1498 1117 1534 Dei.

130 1551 314 1584 Praeterea
334 1548 401 1583 hoc
419 1549 613 1584 Sabbatum
632 1550 718 1590 Dei,
745 1558 777 1584 et
796 1551 958 1585 interitus
983 1559 1120 1585 creatu—

129 1614 250 1635 rarum
275 1601 497 1635 benedicitur
524 1608 556 1635 et
586 1602 840 1642 sanctificatur,
868 1614 949 1646 ergo
974 1615 1048 1636 non
1072 1603 1120 1636 sic

130 1654 311 1687 intereunt
334 1659 533 1693 creaturae,
567 1660 605 1686 ut
631 1665 704 1686 non
731 1660 967 1693 renoventur,
998 1655 1056 1686 sed
1081 1660 1121 1687 ut

130 1717 169 1738 ex
188 1702 254 1738 hoc
273 1704 419 1738 interitu
445 1710 675 1737 renascantur
700 1704 912 1747 glorificatae
936 1711 968 1737 et
991 1705 1120 1738 sancti-

129 1757 259 1790 ficatae.

232 1813 280 1848 Et
302 1812 369 1848 hoc
394 1821 444 1848 est
462 1815 555 1860 quod
574 1811 689 1848 Exodi
707 1815 877 1858 vigesimo
906 1815 1121 1859 praecipitur

131 1866 359 1899 sanctificatio
378 1864 544 1906 Sabbati,
573 1866 704 1899 scilicet
720 1874 758 1900 ut
778 1868 961 1899 credamus
981 1865 1118 1900 Sabba-

131 1925 205 1951 tum
225 1914 359 1950 Christi
380 1923 540 1950 sanctum
559 1928 631 1950 esse
650 1925 680 1951 et
698 1918 870 1957 salutare,
900 1925 932 1952 et
958 1924 1118 1950 nostrum

131 1968 325 2002 Sabbatum
353 1979 413 2001 sen
439 1968 622 2002 interitum
647 1969 826 2008 benedici,
854 1981 893 2002 eo
913 1971 1008 2014 quod
1030 1967 1120 2002 Sab-

132 2020 251 2052 batum
269 2017 403 2053 Christi
422 2019 646 2053 benedictum
672 2027 733 2055 est.
786 2019 866 2053 Huc
886 2021 1063 2064 pertinent
1082 2032 1118 2053 ea

133 2082 222 2114 quae
246 2071 288 2102 de
314 2069 469 2103 Sabbato
501 2071 542 2103 ad
568 2069 749 2104 Hebraeos
774 2072 877 2104 tertio
905 2072 1120 2111 scribuntur,

134 2127 167 2153 et
183 2127 322 2166 quarto:
340 2121 532 2166 Requievit
542 2120 636 2156 Deus
652 2122 709 2155 die
725 2123 874 2167 septimo
893 2124 936 2156 ab
953 2122 1119 2156 omnibus

132 2172 299 2215 operibus
318 2171 399 2206 suis.

235 2228 331 2263 Deus
347 2230 493 2274 quiescit
511 2232 547 2264 in
564 2229 620 2265 his
639 2232 825 2270 creaturis,
855 2232 936 2277 quia
956 2233 1031 2266 vult
1057 2230 1120 2266 has

132 2281 338 2326 glorificare.

235 2338 350 2374 Adam
375 2339 510 2372 excidit.
565 2341 607 2374 In
639 2342 713 2384 lege
744 2343 872 2375 iterum
906 2341 1120 2385 praecipitur

133 2392 345 2430 Sabbatum,
377 2397 415 2423 ut
438 2390 653 2433 significetur
676 2394 835 2427 futurum
865 2400 982 2428 tamen
1005 2405 1120 2438 quun-

133 2455 240 2491 quam
260 2441 510 2482 ceciderimus,
536 2449 575 2475 ut
593 2444 746 2488 quiescat
762 2444 800 2477 in
818 2445 920 2478 nobis
937 2444 1043 2479 Deus.

234 2500 424 2545 Quiescere
450 2499 563 2534 Deum
589 2502 626 2535 in
651 2503 774 2544 nobis,
808 2512 858 2538 est
880 2516 952 2538 non
979 2515 1121 2537 movere

134 2560 329 2591 creaturas,
363 2558 403 2585 ut
426 2558 529 2595 agant
555 2554 730 2587 naturalia
756 2567 880 2599 opera,
916 2556 974 2589 sed
1000 2555 1122 2588 absor-

134 2605 217 2638 bere
234 2616 299 2636 nos
312 2603 405 2636 intra
421 2614 473 2643 se,
504 2604 564 2636 ubi
581 2612 631 2638 est
648 2611 788 2638 aeterna
807 2606 916 2650 quies.
972 2605 1052 2639 Huc
1069 2606 1122 2639 sa-

135 2656 227 2688 cient
252 2667 341 2699 quae
365 2661 448 2688 sunt
474 2656 565 2698 apud
589 2654 729 2689 Esaiam
757 2656 799 2689 de
825 2656 1000 2696 sabbato,
1029 2663 1061 2691 et
1085 2657 1121 2689 in

135 2704 294 2750 Epistola
310 2706 352 2738 ad
372 2704 562 2739 Hebraeos.

894 118 1159 156 COMMENT.
1190 121 1238 156 IN
1267 118 1489 158 GENESIN.
2092 134 2165 170 774

1281 205 1374 240 Illud
1396 209 1573 252 quiescere
1589 222 1662 245 non
1679 220 1789 257 potest
1806 215 1882 248 fieri
1898 215 2030 260 integra
2049 228 2163 254 vetere

1178 264 1355 298 creatura,
1391 259 1473 302 quia
1498 268 1595 295 vetus
1626 272 1783 298 creatura
1812 273 1949 300 tantum
1977 275 2026 301 est
2056 283 2161 315 capax

1177 309 1376 344 motionum
1394 312 1608 345 naturalium
1620 340 1628 353 ,
1656 326 1735 358 ergo
1752 325 1890 360 oportet
1907 330 1980 351 eam
2002 320 2146 358 destrui.

1280 358 1392 392 Vetus
1419 368 1576 395 creatura
1603 364 1796 399 destruitur
1816 376 1960 403 vacante
1977 368 2053 404 Deo
2074 373 2161 418 ipso,

1176 410 1225 443 sic
1241 409 1375 456 quievit
1394 410 1431 443 in
1449 413 1611 456 sepulcro
1630 413 1802 452 Christus.

1275 459 1511 507 Benedicere‚
1540 470 1591 497 est
1609 464 1888 501 incolumitatem
1906 478 1939 505 et
1964 473 2160 516 profectum

1175 511 1369 556 imperare,
1396 514 1485 547 sicut
1501 526 1606 559 supra
1630 516 1812 551 benedixit
1834 521 2094 570 animantibus,
2124 527 2162 560 id

1175 569 1242 603 est,
1271 563 1379 601 dixit,
1406 571 1446 598 ut
1466 565 1626 602 existant.
1679 566 1732 601 Ita
1757 566 1814 601 hic
1839 571 1987 614 septimo
2004 575 2074 608 diei
2098 578 2162 611 be-

1174 614 1325 653 nedicit,
1353 614 1388 648 id
1406 621 1474 656 est,
1502 616 1605 657 dicit,
1631 624 1670 652 ut
1686 619 1843 662 proficiat
1861 617 1917 654 hic
1933 623 2017 658 dies.
2070 626 2161 662 Nam

1174 677 1253 698 cum
1274 665 1310 697 in
1328 667 1497 700 creaturis
1514 667 1638 711 incipit
1655 670 1833 713 quiescere
1850 669 1965 713 Deus,
1992 679 2161 720 septimus

1173 716 1246 749 dics
1268 723 1333 750 est:
1362 717 1423 751 illa
1441 730 1524 751 vero
1544 719 1643 763 quies
1667 727 1717 753 est
1741 728 1924 764 perpetua,
1952 724 2046 759 iuxta
2071 728 2161 763 illud

1173 765 1298 800 Esaiae
1322 769 1535 812 sexagesimo
1553 777 1665 804 sexto:
1693 769 1772 805 Erit
1791 771 1986 808 Sabbatum
2014 789 2053 810 ex
2070 778 2160 813 Sab-

1173 819 1266 852 bato.
1319 818 1546 853 Sanctificare
1561 828 1611 855 est
1628 822 1672 855 ad
1695 834 1778 855 usus
1798 821 1865 856 Dei
1888 830 2161 872 accommodare,

1173 869 1263 903 sicut
1279 877 1396 904 sancta
1418 882 1498 904 vasa
1515 872 1696 908 dicuntur.
1749 873 1869 919 Itaque
1893 876 1968 910 dies
1990 880 2161 923 septimus

1173 927 1223 954 est
1246 923 1529 956 accommodatus
1553 923 1634 957 usui
1651 922 1735 965 Dei,
1756 923 1802 958 Et
1819 925 1899 959 vide
1920 932 2161 974 pugnantiam,

1172 971 1267 1005 Deus
1284 972 1431 1017 quiescit
1448 972 1602 1007 Sabbato
1622 981 1701 1016 etc.,
1727 982 1845 1009 tamen
1863 989 1942 1011 cum
1966 979 2161 1017 Sabbatum

1173 1023 1247 1056 eius
1264 1023 1345 1056 usui
1362 1025 1616 1058 sanctificatum
1634 1026 1698 1067 sit,
1727 1039 1864 1061 necesse
1879 1036 1929 1063 est
1945 1037 1983 1064 ut
2001 1040 2078 1075 agat
2095 1035 2159 1068 ali—

1173 1075 1259 1120 quid
1284 1074 1321 1106 in
1341 1074 1404 1107 eo?
1456 1074 1689 1120 RespondeO‚
1716 1076 1873 1112 Sabbato
1892 1089 2001 1115 cessat
2021 1096 2160 1120 movere

1173 1125 1328 1159 naturali
1364 1125 1541 1167 motione,
1575 1134 1608 1160 et
1634 1128 1798 1162 absorbet
1833 1129 1870 1162 in
1904 1143 1939 1164 se
1974 1142 2161 1176 creaturas,

1174 1178 1268 1222 quod
1291 1175 1414 1209 Esaias
1440 1177 1577 1210 vocavit
1607 1177 1801 1212 Sabbatum
1828 1181 2039 1222 dedicatum,
2092 1187 2162 1222 Ita-

1174 1240 1241 1273 que
1268 1228 1384 1273 quoad
1412 1228 1621 1262 naturaliter
1646 1242 1850 1273 movemur,
1885 1235 2046 1269 nondum
2072 1238 2161 1273 Sab-

1174 1280 1294 1312 batum
1321 1285 1384 1312 est.

1277 1329 1462 1363 Praecedit
1478 1331 1634 1365 conditio
1656 1344 1773 1364 rerum
1799 1341 1878 1367 ante
1896 1336 2162 1374 describendam

1174 1378 1331 1413 hominis
1355 1381 1616 1421 conditionem,
1643 1389 1683 1416 ut
1708 1383 1926 1428 intelligatur
1950 1390 2068 1423 onmia
2092 1404 2164 1424 esse

1174 1430 1315 1464 condita
1333 1438 1478 1474 propter
1496 1429 1698 1474 hominem,
1726 1441 1758 1467 et
1776 1432 1955 1470 hominem
1974 1450 2046 1473 esse
2064 1453 2164 1485 prae-

1175 1482 1327 1526 positum
1348 1482 1534 1515 universae
1551 1492 1747 1518 creaturae:
1776 1498 1865 1531 quae
1885 1485 2040 1524 hominis
2064 1505 2166 1536 prae-

1174 1534 1331 1576 rogativa
1362 1533 1574 1567 describitur
1599 1534 1739 1569 Psalmo
1764 1545 1899 1574 octavo.
1960 1539 2008 1574 Et
2032 1540 2164 1578 Coloss.

1174 1585 1289 1628 primo
1309 1584 1352 1617 de
1369 1582 1510 1618 Christo
1530 1585 1661 1620 Paulus
1679 1587 1743 1620 ait:
1798 1586 1932 1623 Omnia
1954 1604 2016 1636 per
2039 1593 2164 1638 ipsum,

1175 1637 1211 1667 in
1238 1635 1333 1679 ipso,
1361 1642 1394 1668 et
1416 1636 1453 1668 in
1477 1636 1612 1679 ipsum,
1640 1638 1676 1670 id
1695 1645 1761 1676 est,
1788 1641 1879 1673 utin
1900 1639 2087 1679 haeredem
2103 1648 2165 1691 qui

1174 1686 1379 1718 dominetur
1413 1687 1589 1722 omnibus.
1644 1687 1690 1722 Et
1726 1691 1766 1722 ad
1803 1690 1987 1727 Romanos
2020 1705 2162 1739 quarto:

1175 1736 1367 1770 Promissio
1385 1734 1573 1778 Abrahae,
1603 1746 1636 1772 et
1654 1740 1779 1772 semini
1797 1743 1888 1782 eius,
1916 1751 1954 1777 ut
1973 1742 2094 1781 haeres
2111 1761 2165 1782 es-

1174 1795 1225 1821 set
1242 1788 1379 1820 mundi.
1434 1787 1524 1821 Nam
1548 1790 1669 1822 omnia
1688 1803 1777 1835 quae
1797 1794 1839 1825 de
1865 1791 2021 1829 hominis
2046 1799 2163 1842 digni-

1175 1845 1241 1872 tate
1266 1838 1451 1879 dicuntur,
1487 1839 1522 1870 in
1549 1853 1618 1884 quo
1643 1844 1927 1885 recuperavimus
1956 1847 2163 1890 dignitatem

1175 1890 1337 1922 amissam
1367 1889 1402 1921 in
1428 1888 1555 1923 Adam.
1607 1891 1779 1935 Magnum
1807 1903 1857 1928 est
1882 1903 1997 1930 autem
2023 1902 2163 1936 credere

1174 1939 1355 1974 Christum
1388 1941 1583 1983 dominari,
1617 1945 1758 1977 credere
1783 1946 1885 1979 nobis
1910 1949 2063 1984 subiecta
2090 1965 2162 1987 esse

1174 2004 1305 2025 omnia.

1277 2041 1373 2076 Haec
1390 2044 1510 2077 inultis
1529 2045 1644 2078 verbis
1661 2047 1928 2091 describuntur,
1960 2060 1997 2086 ut
2017 2053 2100 2088 fides
2120 2058 2162 2090 de

1175 2094 1351 2128 creatione
1370 2093 1599 2130 confirmetur
1609 2104 1687 2137 etc.,
1706 2100 1748 2132 de
1765 2113 1832 2145 qua
1851 2112 1966 2145 supra.
2002 2105 2075 2137 Iam
2096 2105 2161 2140 hoc

1175 2158 1315 2191 qnoque
1339 2146 1559 2188 observabis,
1585 2147 1748 2182 Pluviam
1775 2164 1846 2185 esse
1873 2165 1944 2186 non
1965 2158 2159 2190 naturalem

1175 2197 1363 2230 colluviem
1395 2209 1586 2242 aquarum,
1621 2201 1679 2233 sed
1712 2213 1800 2245 opus
1825 2202 1888 2236 Dei
1915 2204 2160 2242 foecundantis

1176 2256 1302 2282 terram
1322 2254 1396 2289 etc„
1417 2255 1455 2281 ut
1472 2249 1743 2284 Deuteronomii
1760 2254 1967 2296 undecinm,
1994 2256 2046 2290 De
2062 2260 2158 2293 coelo

1175 2305 1359 2343 expectans
1384 2299 1557 2343 pluviam:
1593 2309 1625 2334 et
1651 2302 1822 2336 Actorum
1848 2305 1983 2340 decimo
2016 2318 2159 2352 quarto,

1174 2351 1226 2384 De
1242 2350 1339 2383 coelo
1357 2350 1444 2383 dans
1461 2351 1617 2396 pluv'iam
1636 2359 1667 2385 et
1684 2360 1840 2398 tempora
1857 2355 2048 2394 fructifera.
2101 2361 2159 2395 Sic
2203 2390 2206 2392 ,

1174 2402 1345 2445 scriptura
1371 2413 1432 2446 per
1455 2404 1573 2436 omnia
1598 2403 1701 2436 nohis
1725 2405 1877 2439 inculcat
1898 2419 1969 2441 non
1995 2418 2157 2445 naturam

1175 2453 1329 2498 aliquam
1348 2464 1431 2493 esse,
1458 2466 1546 2498 quae
1565 2466 1624 2496 per
1643 2465 1714 2486 sese
1732 2456 1862 2499 gignat,
1890 2460 1947 2492 sed
1969 2459 2032 2494 Dei
2053 2464 2159 2497 bene-

1174 2503 1251 2538 ficia
1270 2515 1342 2537 esse
1359 2505 1478 2537 omnia
1498 2516 1586 2549 quae
1603 2505 1797 2548 gignuntur
1814 2515 1875 2541 etc.
1925 2508 2031 2553 Quod
2052 2511 2158 2548 homo

1175 2555 1391 2599 compositus
1409 2562 1457 2588 est
1474 2568 1513 2588 ex
1531 2555 1736 2599 pulveribus
1754 2565 1867 2592 terrae
1890 2572 1991 2605 saepe
2018 2564 2055 2597 in
2075 2567 2160 2599 scri-

1176 2606 1288 2651 pturis
1306 2606 1495 2649 repetitur,
1524 2606 1663 2640 Psalmo
1682 2610 1870 2644 centesimo
1886 2616 2058 2648 secundo:
2087 2616 2160 2650 Re-

1177 2658 1339 2691 cordatus
1357 2664 1404 2690 est
1424 2658 1517 2702 quod
1545 2658 1661 2702 pulvis
1679 2671 1818 2698 sumus,
1845 2659 1951 2696 homo
1976 2666 2061 2699 sicut
2088 2668 2159 2699 fem

1178 2720 1284 2747 num,
1317 2707 1392 2740 dies
1417 2709 1488 2742 eius
1514 2709 1603 2742 sicut
1629 2710 1694 2742 flos
1722 2723 1779 2755 agi·
1852 2717 1854 2719 '

1612 2758 1683 2780 aa*
