2379 2948
191 120 260 151 391

187 209 225 235 ut
261 200 435 233 discordia
468 197 637 232 naturalis
668 195 879 239 Aquilarum
909 201 942 227 et
969 192 1168 239 Cycnorum

190 251 359 294 significat
375 249 517 283 dissidia
529 247 780 292 Tyrannorum
798 252 831 279 et
845 244 1067 279 Senatorum.

295 317 363 351 Sed
390 314 526 348 omissis
550 311 830 352 narrationibus,
857 312 1040 344 redeamus
1062 311 1104 343 ad
1123 322 1171 350 ea,

194 379 283 412 quae
320 365 457 410 Physici
502 364 545 395 de
588 362 730 395 virtuali
772 361 939 407 qualitate
979 362 1171 405 disputant.

194 419 377 459 Quaerunt
401 414 507 454 enim,
532 414 628 446 unde
646 412 689 446 sit
706 412 766 445 illa
788 412 994 456 proprietas,
1016 423 1060 444 an
1079 411 1172 443 oria-

194 475 251 500 tur
274 478 311 498 ex
330 464 499 508 peculiari
521 469 795 507 temperamento
812 462 1005 506 primarum
1022 461 1173 506 qualita-

194 525 282 555 tum,
305 522 335 548 et
353 527 397 548 an
414 515 450 547 in
469 514 588 558 primis
605 513 832 558 qualitatibus
849 511 1038 545 monstrari
1051 522 1173 544 causae

195 566 353 609 possint?
404 563 520 598 Credo
538 564 735 608 aliquarum
753 574 870 595 causas
887 573 971 604 esse,
998 567 1031 594 et
1050 563 1174 604 depre-

197 615 303 649 hendi
332 627 430 659 posse
453 615 490 647 in
514 619 786 657 temperamento
812 614 1003 656 primarum
1022 611 1174 656 qualita-

195 674 284 699 tum.
336 666 403 699 Sed
423 676 496 698 non
519 670 663 707 possunt
679 661 744 696 hae
767 663 946 706 specificae
967 661 1113 695 virtutes
1137 661 1173 692 in

196 716 360 749 omnibus
385 715 542 748 revocari
567 715 610 746 ad
638 715 769 758 primas
791 713 995 757 qualitates,
1023 718 1062 744 ut
1086 708 1174 742 mihi

196 778 268 799 non
294 766 453 809 displicet
479 776 615 797 censam
641 764 761 808 quaeri
787 763 822 795 in
848 762 970 805 primis
995 761 1175 806 qualitati—

195 817 279 858 bus,
315 828 377 849 cur
401 827 539 849 amarae
564 814 767 859 amygdalae
791 810 1001 856 prohibeant
1026 811 1175 845 ebrieta-

195 874 284 906 tem,
315 873 355 899 ut
379 867 422 898 de
445 865 553 898 Drusi
579 864 715 896 medico
745 870 889 896 narrant
911 859 1121 895 Plutarchus
1143 868 1175 894 et

195 914 416 956 Athenaeus,
446 916 526 959 plus
548 914 667 947 bibere
692 914 833 946 solitum
859 913 933 945 sine
959 911 1176 951 temulentia,

194 978 297 1010 quam
315 966 498 1010 quisquam
517 963 776 997 Germanorum
788 990 798 1003 ,
824 974 902 996 cum
920 962 1048 1007 quibus
1064 969 1175 994 certa-

194 1017 269 1056 bat,
295 1016 415 1049 bibere
433 1021 579 1058 poterat.
633 1014 702 1048 Sed
719 1013 874 1046 medicus
896 1019 975 1045 ante
1001 1019 1174 1045 certamen

193 1067 328 1110 aliquot
360 1076 493 1098 amaras
521 1064 721 1109 amygdalas
748 1064 952 1096 comederat.
1004 1061 1175 1094 Fortassis

193 1117 231 1148 in
267 1116 388 1158 primis
423 1114 651 1159 qualitatibus
693 1125 794 1146 causa
829 1112 1016 1145 monstrari
1051 1117 1174 1154 potest.

192 1165 281 1199 Nam
299 1173 330 1198 et
355 1165 531 1198 consumit
554 1162 798 1203 humiditates,
826 1169 858 1196 et
880 1162 1020 1196 vellicat
1042 1168 1175 1194 meatus

192 1222 224 1249 et
243 1215 406 1257 astringit
421 1215 630 1254 amaritudo,
659 1213 761 1247 citius
778 1213 884 1255 igitur
901 1211 1063 1245 desiccati
1080 1223 1174 1244 mea—

191 1273 247 1300 tus
265 1272 299 1298 et
315 1265 464 1298 vellicati
485 1272 653 1308 tanquam
671 1263 826 1297 sitientes
844 1263 1023 1295 imbibunt
1041 1262 1175 1302 vinum,

191 1323 221 1350 et
248 1323 391 1359 propter
413 1315 652 1348 astrictionem
677 1314 795 1346 minus
820 1320 869 1346 est
887 1310 1075 1345 halituum.
1130 1310 1175 1345 Et

190 1377 328 1399 amarae
351 1365 553 1410 amygdalae
577 1377 638 1408 per
653 1375 725 1396 sese
741 1370 885 1407 propter
901 1363 1088 1396 siccitatem
1107 1362 1175 1394 mi-

190 1427 257 1449 nus
272 1422 354 1449 sunt
371 1413 567 1448 halituosae
580 1441 589 1454 ,
617 1421 649 1447 et
668 1420 810 1457 propter
833 1412 1104 1445 amaritudinem
1122 1418 1174 1445 at-

191 1473 335 1499 tenuant
361 1463 511 1502 halitus,
539 1465 676 1508 pellunt
694 1463 797 1497 etiam
815 1462 966 1496 urinam.
1021 1462 1076 1495 Sit
1091 1473 1174 1494 sane

189 1514 274 1549 haec
290 1527 389 1549 causa
403 1542 412 1556 ,
436 1515 495 1547 sed
514 1526 576 1547 cur
593 1514 715 1558 vulpes
733 1513 877 1556 gustatis
902 1512 1029 1544 amaris
1052 1523 1173 1557 amyg-

189 1566 277 1598 dalis
294 1566 484 1604 moriatur,
512 1576 613 1597 causa
629 1565 666 1596 in
685 1563 807 1607 primis
831 1570 891 1596 aut
909 1562 1070 1595 secundis
1087 1574 1173 1607 qua-

189 1616 347 1650 litatibus
365 1627 436 1648 non
456 1615 556 1647 facile
574 1614 711 1648 ostendi
731 1620 854 1657 potest.

293 1681 351 1715 Sic
377 1682 414 1714 in
437 1681 558 1714 multis
582 1680 678 1721 aliis,
705 1686 744 1713 ut
767 1679 803 1712 in
830 1679 977 1723 plantis,
1003 1691 1065 1712 cur
1086 1679 1173 1711 aliae

189 1733 266 1766 aliis
283 1732 450 1765 membris
468 1731 609 1775 proprie
630 1731 848 1769 conducant,
875 1740 977 1763 causa
996 1729 1033 1761 in
1051 1729 1173 1773 primis

188 1790 249 1816 aut
283 1783 445 1815 secundis
481 1781 710 1826 qualitatibus
746 1780 883 1813 ostendi
924 1791 998 1812 non
1037 1791 1174 1823 semper

189 1839 320 1877 potest,
354 1833 413 1865 sed
440 1831 643 1865 distributio
676 1831 735 1863 illa
765 1829 1007 1874 providentiae
1032 1830 1174 1862 divinae

190 1894 277 1926 opus
292 1889 324 1916 et
338 1881 576 1915 testimonium
596 1888 656 1915 est.
684 1880 806 1914 Voluit
819 1879 913 1913 Deus
930 1880 1083 1913 remedia
1100 1892 1174 1913 cer-

189 1934 234 1967 tis
249 1932 433 1972 membris,
461 1938 493 1964 et
511 1939 632 1964 contra
649 1938 761 1964 certos
785 1932 926 1964 morbos
945 1931 1114 1971 condere,
1142 1937 1173 1963 et

191 1983 343 2017 ostendit
367 1979 433 2014 hoc
460 1981 647 2020 beneficio,
683 1988 722 2014 ut
746 1981 866 2014 multis
893 1981 971 2014 aliIs
999 1982 1173 2014 mundum

190 2046 261 2066 non
282 2044 361 2066 casu
382 2031 545 2066 extitisse.

291 2090 436 2124 Necesse
460 2097 510 2124 est
532 2088 638 2131 igitur
661 2088 825 2126 concedi,
852 2099 923 2121 esse
948 2088 1084 2133 aliquas
1102 2089 1173 2122 vir-

192 2142 301 2176 tuales
327 2141 512 2186 qualitates
537 2140 575 2172 in
600 2139 777 2183 aliquibus
805 2139 928 2178 rebus,
963 2150 1112 2183 quarum
1137 2139 1173 2171 in

192 2192 315 2236 primis
340 2198 399 2224 aut
423 2189 585 2223 secundis
607 2200 708 2222 causa
733 2189 922 2222 monstrari
944 2200 1017 2221 non
1049 2196 1174 2233 potest,

191 2250 230 2276 ut
248 2242 341 2287 quod
360 2240 506 2283 Magnes
523 2241 653 2273 ferrum
671 2236 788 2279 trahit,
816 2251 885 2284 quo
898 2238 1085 2281 Agaricum
1104 2246 1175 2273 tra-

191 2290 245 2326 hit
285 2290 467 2336 phlegma,
524 2287 796 2324 Rhabarbarum
837 2286 946 2323 trahit
988 2295 1174 2334 utramque

191 2343 311 2378 bilem.

293 2399 476 2434 Caeterum
499 2400 561 2433 ubi
581 2399 722 2432 effectus
743 2410 822 2431 cum
850 2397 971 2441 primis
994 2397 1173 2442 qualitati-

193 2451 259 2484 bus
281 2451 522 2489 consentiunt,
549 2462 649 2483 causa
675 2448 826 2482 inveniri
852 2454 984 2492 potest,
1008 2455 1045 2481 ut
1066 2447 1172 2481 Gale-

193 2512 258 2533 nus
284 2501 419 2534 erudite
451 2507 483 2533 et
508 2501 699 2544 prudenter
720 2499 887 2532 discernit
915 2509 1063 2541 genera,
1099 2510 1172 2541 μα-
1198 2501 1199 2541 t
1226 2504 1322 2531 runt.

428 112 635 150 SCRIPTA
662 112 737 146 PH.
766 109 881 146 MEL.
907 108 973 143 AD
1001 107 1127 144 HlST.
1158 106 1300 143 PROF.
1328 107 1393 142 ET
1422 106 1611 142 PHILOS.
1639 106 1957 145 SPECTANTtA.

2129 109 2203 145 392

1224 192 1353 228 Malva.
1406 192 1577 234 Econtra,
1607 193 1718 236 figunt
1742 193 1869 236 frigida
1898 201 1930 228 et
1953 194 2054 228 sicca.
2108 193 2202 226 Haec

1225 244 1399 277 monuisse
1415 245 1497 278 satis
1514 245 1571 279 sit.

1325 301 1419 334 Illud
1447 301 1557 335 sciant
1579 300 1754 341 iuniores,
1778 299 1816 332 in
1839 299 2020 333 elementis
2042 313 2115 334 non
2131 313 2202 334 esse

1225 351 1390 385 virtuales
1407 351 1602 396 qualitates,
1630 352 1688 384 sed
1704 350 1836 394 primas
1851 361 1890 383 ac
1907 351 2089 390 secundas,
2115 363 2204 396 quae

1225 412 1329 435 sensu
1354 402 1573 442 iudicantur,
1600 408 1638 435 ut
1656 401 1749 434 calor
1772 401 1807 433 in
1832 401 1931 443 igne,
1954 398 2144 434 humiditas
2167 402 2202 434 in

1226 464 1315 496 aqua
1341 459 1435 485 tactu
1469 452 1720 496 percipiuntur.
1785 450 1830 485 Et
1861 451 1986 484 usitate
2009 451 2078 483 dici
2101 451 2202 484 solet:

1228 501 1322 543 lgnis
1338 502 1534 535 formaliter
1558 503 1690 535 calidus
1716 509 1784 540 est,
1813 502 1849 533 id
1871 507 1937 541 est,
1964 501 2045 534 talis
2064 500 2101 533 in
2126 501 2205 543 igne

1226 552 1358 592 forma,
1385 559 1418 584 et
1439 552 1615 585 sensibilis
1639 552 1789 596 qualitas
1813 559 1873 587 est.
1926 551 1972 585 At
1992 550 2114 584 vinum
2142 563 2206 595 po-

1227 603 1335 635 tentia
1362 614 1422 634 seu
1450 603 1577 636 virtute
1602 602 1754 635 calidum
1780 609 1847 643 est,
1877 602 1913 635 id
1937 609 2007 642 est,
2039 602 2206 641 calefacit,

1227 652 1362 685 etiamsi
1379 659 1498 694 gustus
1515 652 1682 693 frigidum
1702 663 1774 684 esse
1789 652 1905 688 sentit.

1330 709 1389 743 Sic
1414 711 1456 742 de
1473 709 1548 741 luce
1565 709 1705 743 coelesti
1728 709 1878 750 dicitur,
1904 709 2033 743 Lucem
2052 709 2207 752 potentia

1229 760 1433 799 calefacere,
1459 766 1518 792 aut
1537 759 1755 802 frigefacere,
1781 766 1818 792 ut
1835 759 2008 793 Saturnus
2026 759 2207 802 frigefacit‚

1229 817 1261 843 et
1278 810 1380 843 aliter
1399 809 1555 843 calefacit
1574 809 1716 853 Iupiter,
1744 810 1846 842 aliter
1862 809 1970 843 Mars.
2023 809 2209 850 Saturnus,

1230 861 1327 893 Mars
1343 861 1538 900 desiccant,
1564 859 1664 893 Luna
1690 857 1878 893 humectat.
1928 858 2002 893 Has
2025 860 2126 893 etiam
2145 872 2207 893 vo-

1229 922 1347 944 camus
1364 911 1400 943 in
1418 910 1527 944 stellis
1541 910 1709 943 virtuales
1725 911 1921 954 qualitates.

1370 1001 1554 1044 Quomodo
1577 1002 1844 1037 discernuntur
1861 1000 2073 1037 elementa?

1331 1067 1435 1102 Motu
1454 1076 1486 1103 et
1503 1069 1742 1113 qualitatibus.
1783 1068 1889 1102 Levia
1907 1080 2045 1102 sursum
2064 1078 2210 1101 moven-

1229 1126 1303 1159 tur,
1330 1118 1448 1161 gravia
1467 1120 1642 1152 deorsum.

1278 1169 1374 1213 Ignis
1391 1169 1526 1202 calidus
1543 1176 1592 1202 est
1610 1176 1643 1202 et
1661 1169 1781 1204 siccus.

1279 1220 1352 1254 A‘e'r
1369 1219 1502 1252 calidus
1520 1226 1552 1252 et
1569 1217 1747 1252 humidus.

1279 1270 1381 1314 Aqua
1400 1270 1526 1312 frigida
1544 1277 1575 1302 et
1593 1267 1750 1303 humida.

1279 1320 1391 1353 Terra
1408 1320 1534 1362 frigida
1550 1327 1583 1353 et
1599 1320 1701 1355 sicca.

1331 1370 1486 1403 Additur
1515 1376 1549 1402 et
1577 1368 1642 1401 hoc
1669 1369 1858 1402 discrimen
1873 1396 1882 1409 ‚
1916 1381 1995 1403 cum
2023 1369 2211 1403 dissimiles

1228 1420 1299 1453 sint
1313 1420 1351 1453 in
1367 1420 1514 1453 diversis
1531 1419 1724 1463 qualitates,
1744 1417 1811 1452 hoc
1827 1420 1932 1452 modo
1951 1427 2069 1454 tamen
2078 1420 2210 1453 discer-

1228 1477 1373 1504 nuntur.
1417 1469 1456 1502 ln
1475 1470 1554 1512 igne
1573 1470 1709 1502 excellit
1723 1470 1829 1513 calor,
1857 1471 1894 1502 in
1910 1471 1991 1503 ae're
2007 1467 2210 1509 humiditas,

1228 1521 1265 1553 in
1282 1533 1370 1565 aqua
1385 1520 1569 1563 frigiditas,
1596 1519 1632 1551 in
1649 1527 1741 1552 terra
1757 1520 1904 1555 siccitas,
1938 1519 2007 1554 Sed
2024 1531 2114 1564 aqua
2131 1528 2212 1553 sen—

1227 1571 1365 1604 sibilius
1380 1568 1576 1609 humectat,
1602 1569 1683 1614 quia
1707 1577 1757 1604 est
1775 1570 1928 1603 densior.
1983 1569 2078 1613 Ignis
2101 1571 2211 1614 magis

1227 1621 1394 1661 desiccat,
1419 1621 1500 1664 quia
1528 1620 1577 1652 ibi
1603 1620 1697 1652 calor
1722 1620 1930 1654 coniunctus
1949 1627 2018 1659 est,
2046 1621 2144 1654 cuius
2160 1621 2212 1653 vis

1228 1678 1278 1705 est
1295 1671 1394 1703 valde
1409 1671 1546 1710 efficax,
1573 1670 1628 1702 vel
1646 1671 1681 1702 in
1704 1671 1956 1714 congregandis
1973 1669 2210 1714 homogeneis,

1228 1723 1283 1754 vel
1300 1722 1337 1753 in
1355 1721 1567 1764 dissipandis
1584 1727 1617 1753 et
1632 1721 1849 1754 resolvendis
1866 1719 2118 1765 heterogeneis.
2153 1720 2210 1754 Fit

1228 1772 1335 1815 igitur
1353 1771 1389 1803 in
1409 1768 1463 1803 his
1480 1777 1512 1804 et
1530 1771 1669 1804 facilior
1685 1771 1881 1805 desiccatio.

1403 1873 1503 1912 Quae
1525 1876 1615 1906 sunt
1633 1874 1857 1906 mixtionum
1873 1870 2035 1907 causae?

1329 1936 1432 1970 Nunc
1450 1937 1671 1980 ingredimur
1687 1937 1938 1982 amplissimam
1955 1938 2150 1971 doctrinam
2166 1938 2209 1969 de

1227 1987 1415 2028 mixtione,
1452 1989 1547 2020 unde
1581 1987 1846 2030 generationum
1879 1988 1978 2022 initia
2010 1995 2209 2021 sumuntur.

1227 2037 1387 2071 Primum
1424 2044 1541 2070 autem
1576 2035 1632 2071 hic
1665 2038 1842 2080 generales
1875 2039 2042 2083 quasdam
2073 2038 2209 2081 regulas

1226 2088 1319 2121 tradi
1337 2095 1485 2132 oportet.

1329 2146 1447 2179 Prima
1466 2146 1584 2190 regula
1606 2147 1699 2191 apud
1717 2146 1942 2180 Aristotelem
1960 2148 2003 2180 de
2027 2146 2208 2181 mixtioni-

1227 2198 1292 2230 bus
1317 2195 1401 2229 haec
1421 2203 1486 2230 est:
1524 2195 1588 2229 Illa
1612 2197 1705 2230 inter
1726 2209 1815 2242 quae
1840 2203 1960 2230 mutua
1984 2197 2074 2231 actio
2100 2203 2150 2231 est
2175 2204 2208 2230 et

1229 2248 1360 2291 passio,
1385 2258 1510 2290 genere
1533 2247 1722 2280 convenire
1743 2248 1891 2287 dehent,
1917 2255 1949 2280 et
1968 2248 2111 2281 differre
2129 2259 2208 2291 spe-

1227 2298 1288 2331 cie.
1341 2297 1417 2330 Hoc
1435 2297 1566 2331 dictum
1591 2298 1733 2341 proprie
1755 2299 1798 2330 de
1822 2298 2052 2342 qualitatibus
2073 2297 2206 2330 intelli-

1227 2349 1380 2390 gendum
1401 2355 1469 2387 est,
1492 2354 1531 2381 ut
1547 2348 1642 2380 calor
1659 2355 1690 2380 et
1716 2348 1825 2391 frigus
1841 2349 2056 2382 conveniunt
2071 2359 2207 2391 genere,

1227 2405 1259 2431 et
1282 2398 1451 2430 differunt
1477 2398 1601 2441 specie.
1649 2397 1766 2431 Calori
1791 2410 1863 2431 non
1891 2405 1940 2432 est
1963 2398 2053 2431 actio
2084 2409 2145 2441 per
2170 2408 2205 2430 se

1227 2460 1304 2481 cum
1321 2448 1484 2481 albedine
1496 2475 1505 2488 ,
1532 2455 1591 2482 aut
1607 2460 1685 2481 cum
1702 2449 1829 2492 figura,
1857 2448 1939 2493 quIa
1959 2459 2084 2491 genere
2102 2447 2206 2480 diffe-

1374 2496 1420 2531 Et
1437 2499 1480 2531 de
1498 2498 1765 2532 alterationibus
1783 2500 1957 2544 loquitur,
1984 2510 2058 2531 non
2082 2499 2124 2531 de
2147 2508 2206 2541 ge—

192 2546 363 2592 λακτικά,
389 2550 423 2582 id
447 2557 514 2589 est,
542 2549 734 2582 mollientia
752 2561 823 2582 esse
838 2549 922 2582 dicit
939 2549 1050 2581 calida
1069 2555 1101 2581 et
1121 2549 1170 2581 le-
1197 2549 1200 2600 1
1227 2548 1423 2587 neratione‚
1451 2556 1510 2581 aut
1533 2549 1576 2581 de
1593 2556 1689 2582 motu
1717 2549 1837 2588 locali,
1863 2555 1923 2581 aut
1948 2549 1992 2581 de
2015 2548 2206 2582 artificiali—

192 2602 284 2633 niter
304 2601 413 2639 sicca,
441 2606 479 2632 ut
499 2599 695 2632 Melilotum
710 2626 718 2638 ‚
745 2606 803 2633 ant
828 2599 939 2632 calida
957 2605 990 2632 et
1014 2596 1170 2639 humida,
1196 2604 1199 2653 t
1224 2599 1289 2630 bus
1307 2598 1569 2632 mutationibus.
1601 2598 1723 2642 Gignit
1740 2599 1904 2632 enimbos
1914 2599 2052 2638 bovem,
2072 2598 2205 2632 etiamsi

190 2659 227 2685 nt
253 2650 445 2695 Butyrum,
472 2657 530 2682 aut
558 2649 682 2682 leniter
711 2650 837 2692 frigida
864 2657 897 2683 et
929 2647 1094 2690 humida,
1129 2656 1168 2682 ut
1223 2661 1296 2682 non
1314 2649 1484 2683 differunt
1507 2649 1631 2694 specie.

1684 2648 1729 2682 Et
1744 2649 1889 2693 spiritus
1910 2656 2051 2682 movent
2077 2656 2108 2682 et
2134 2649 2206 2693 pel-

2360 1453 2367 1520 ...-
