2379 2948
186 132 258 166 539

193 226 270 248 cum
291 214 361 247 suis
379 211 538 247 hostibus
555 209 714 244 Diabolis
732 217 804 239 esse
816 231 826 246 ‚
853 215 916 237 nec
941 204 1022 237 vult
1046 212 1109 235 nos
1127 200 1170 233 ab

197 265 280 308 ipsis
297 276 397 308 opem
422 270 547 306 petere.

298 314 337 346 ln
348 309 623 345 Deuteronomio
645 314 677 340 et
697 306 764 339 alia
782 305 951 338 vocabula
969 304 1171 337 recitantur.

197 364 369 397 Generale
406 369 453 394 est
488 360 634 397 Kesem,
669 357 760 402 quod
788 355 955 398 significat
980 352 1174 386 vaticinan-

198 423 283 448 tem„
311 413 404 456 quod
429 416 540 454 potest
566 407 714 449 intelligi
738 407 780 438 de
803 406 984 445 omnibus,
1011 403 1073 447 qui
1099 401 1174 434 sine

198 463 307 496 causis
322 459 473 505 physicis
491 470 634 503 quoquo
657 458 762 489 modo
779 456 912 500 aliquid
931 454 1152 498 praedicunt·

300 518 455 550 Meonen
482 524 581 552 sunt,
611 515 671 559 qui
698 513 941 557 supersticiose
967 518 1078 544 certos
1106 508 1178 540 dies

203 571 352 611 eligunt,
379 574 438 600 aut
456 567 578 599 vitant.

299 615 469 650 Menahes
492 623 573 648 suut
598 613 771 655 sortilegi,
805 613 865 656 qui
889 624 928 644 ex
952 610 1087 654 figuris,
1122 612 1180 639 aut

201 668 373 707 numeris,
399 674 458 700 aut
476 666 629 699 sortibus
654 663 827 696 divinant.

303 723 500 768 Micaseph,
538 735 677 766 magus,
719 721 781 765 qui
815 719 997 752 diabolicis
1035 716 1181 760 praesti-

201 777 266 819 giis
299 776 402 808 esficit
436 774 590 818 aliquid,
627 779 665 805 ut
696 771 825 803 fiebant
847 782 865 802 a
891 768 1052 802 Diabolis
1076 777 1181 810 opera

199 837 380 868 magorum
393 823 699 869 Aegyptiacorum,
729 821 790 865 qui
811 826 1013 862 serpentum
1029 817 1180 861 speciem

204 876 410 908 efficiebant.

304 932 446 972 Hober,
474 932 533 976 qui
562 930 726 963 divinant
743 940 782 961 ex
807 928 894 961 coeli
918 927 1095 971 partibus,
1124 931 1183 957 aut

204 984 375 1026 auguriis,
403 990 461 1015 aut
480 982 591 1013 abusu
610 979 790 1013 doctrinae
813 980 854 1011 de
881 978 1001 1017 astris,
1027 983 1065 1008 ut
1082 974 1183 1007 multi

204 1035 410 1076 impostores
436 1032 592 1064 referunt
615 1031 659 1062 ad
690 1036 779 1062 astra
804 1034 967 1066 eventus,
995 1027 1055 1071 qui
1081 1036 1183 1068 pror-

203 1095 261 1115 sus
287 1083 402 1116 nullas
430 1080 562 1114 habent
586 1091 722 1120 causas,
765 1085 825 1112 aut
852 1076 1121 1120 significationes
1146 1074 1183 1106 in

205 1134 317 1166 astris.

304 1181 361 1215 Ab
379 1180 432 1214 bis
451 1180 630 1224 speciebus
653 1178 818 1211 omnibus
839 1187 1077 1210 removeamus
1094 1173 1183 1219 phy-

206 1233 293 1265 sicas
310 1232 562 1275 predictiones,
589 1241 675 1273 quae
700 1236 781 1261 sunt
809 1228 920 1270 reipsa
948 1225 1182 1259 consideratio

205 1283 338 1315 ordinis
361 1282 473 1314 divini
496 1282 532 1313 in
559 1286 695 1312 natura.
755 1277 985 1310 BIanifestum
1015 1284 1065 1308 est
1091 1275 1183 1307 enim

204 1332 357 1375 praedici
375 1343 494 1374 posse,
521 1336 683 1363 aestatem
708 1328 863 1361 futuram
893 1338 966 1359 esse
1002 1326 1182 1359 sicciorem

204 1389 264 1414 aut
287 1379 541 1419 humidiorem,
568 1385 711 1422 propter
734 1378 887 1421 aliquam
913 1387 1074 1418 magnam
1100 1386 1184 1406 con-

205 1432 434 1466 iunctionem.

307 1487 397 1522 Cum
431 1488 539 1531 igitur
569 1485 802 1519 consideratio
834 1484 970 1516 ordinis
1006 1482 1118 1515 divini
1149 1482 1185 1513 in

206 1546 350 1578 natura,
390 1545 429 1571 ut
453 1536 708 1581 praedictiones
740 1534 910 1573 medicae,
954 1534 996 1565 sit
1018 1545 1072 1565 res
1102 1544 1186 1565 con-

206 1601 316 1627 cessa,
347 1588 571 1621 manifestum
595 1593 645 1619 est
676 1593 709 1619 et
731 1584 973 1625 astrologicas,
1010 1594 1087 1615 cum
1113 1594 1185 1614 me-

208 1647 260 1672 tae
275 1637 438 1683 physicae
455 1643 657 1675 servantur,
686 1645 864 1667 concessas
888 1644 970 1665 esse.

309 1695 427 1737 Quare
443 1702 475 1728 et
492 1695 528 1726 in
547 1693 678 1727 Genesi
702 1694 739 1725 in
758 1692 868 1735 capite
885 1691 998 1735 primo
1017 1690 1185 1732 scriptum

209 1753 280 1785 est,
309 1745 435 1778 Stellas
452 1757 525 1777 non
541 1751 676 1777 tantum
700 1742 858 1775 conditas
883 1752 973 1781 esse,
1004 1746 1042 1773 ut
1065 1751 1187 1779 annos,

207 1796 282 1827 dies
315 1802 349 1828 et
381 1806 516 1827 menses
556 1795 777 1831 discernant,
819 1792 877 1824 sed
910 1791 1016 1824 etiam
1049 1797 1086 1823 ut
1117 1789 1188 1822 sint

208 1845 316 1886 signa.
368 1843 457 1877 Cum
487 1844 594 1886 igitur
618 1842 712 1876 Deus
739 1842 823 1875 velit
847 1853 885 1874 ea
909 1853 1026 1874 rerum
1051 1840 1187 1884 aliqua-

209 1906 287 1926 rum
306 1895 403 1936 signa
427 1905 520 1933 esse,
547 1893 769 1925 considerare
798 1892 834 1923 in
860 1890 1091 1934 experientia,
1125 1889 1187 1934 qui

211 1950 355 1977 eventus
374 1944 626 1986 significentur,
655 1953 856 1975 concessum
873 1948 934 1975 est.

313 2000 416 2042 Quod
438 2013 517 2033 vero
537 2000 703 2043 scriptum
719 2006 768 2032 est
784 1999 821 2030 in
840 1997 1004 2030 Ieremia:
1033 1997 1065 2029 A
1081 1997 1188 2039 signis

213 2051 299 2084 coeli
320 2051 431 2085 nolite
446 2051 580 2089 timere,
609 2048 675 2081 hoc
692 2049 767 2091 ipso
788 2048 879 2080 dicto
898 2048 1013 2090 potius
1031 2058 1085 2079 ars
1103 2059 1188 2079 con-

212 2102 381 2135 firmatur.
432 2099 542 2132 Vocat
569 2099 662 2132 enim
687 2099 803 2140 signa,
839 2097 973 2141 aliquid
999 2097 1105 2138 igitur
1128 2098 1187 2129 de-

212 2150 394 2185 nunciant.
453 2149 522 2183 Sed
554 2148 743 2182 Ecclesiam
765 2148 860 2180 Deus
891 2147 1109 2186 consolatur,
1144 2159 1188 2180 ne

213 2201 250 2232 in
275 2200 529 2233 calamitatibus
553 2199 689 2241 generis
712 2196 879 2236 humani,
907 2208 941 2229 se
965 2208 1104 2241 quoque
1131 2197 1188 2228 in-

213 2251 395 2283 terituram
420 2261 491 2283 esse
515 2249 704 2288 existimet,
737 2248 795 2280 sed
823 2247 907 2280 sciat
929 2258 964 2279 se
985 2246 1060 2278 Deo
1084 2259 1187 2279 curae

215 2311 304 2340 esse,
331 2312 365 2333 se
381 2300 537 2333 exaudiri
561 2306 593 2332 et
611 2299 760 2335 servari,
788 2298 891 2330 etiam
917 2308 995 2329 cum
1022 2297 1189 2330 deficiunt

216 2361 336 2382 causae
351 2351 532 2383 secundae.
574 2349 631 2382 Sic
646 2360 724 2381 cum
741 2347 836 2380 Deus
852 2344 1016 2390 prohibet
1032 2357 1096 2379 nos
1111 2358 1188 2379 suc-

216 2400 377 2432 cumbere
401 2400 516 2432 dolori
541 2400 578 2431 in
602 2405 732 2438 morte,
758 2409 832 2430 non
857 2396 921 2430 hoc
946 2396 1069 2436 sentit,
1096 2395 1187 2429 nihil

216 2449 298 2480 mali
317 2460 386 2481 esse
404 2458 548 2483 mortem
561 2474 569 2486 ‚
594 2450 652 2481 sed
671 2449 752 2493 quia
770 2460 823 2480 res
840 2445 1016 2480 horrenda
1034 2452 1103 2487 est,
1124 2459 1188 2490 op-

215 2498 317 2540 ponit
350 2500 641 2539 consolationem,
690 2506 722 2532 et
763 2498 931 2531 auxilium
967 2496 1070 2530 nobis
1107 2509 1188 2540 pro-

217 2547 335 2581 mittit.

316 2596 383 2631 Sed
401 2594 458 2629 hic
476 2608 611 2630 necesse
628 2604 677 2630 est
693 2598 795 2631 simul
812 2599 942 2638 doceri,
969 2608 1188 2642 nequaquam

215 2659 334 2681 omnes
350 2653 493 2680 eventus
512 2647 553 2680 ad
573 2655 661 2681 astra
684 2648 884 2682 referendos
908 2660 998 2689 esse,
1023 2648 1083 2681 sed
1109 2659 1188 2680 cum

424 126 631 163 SCRIPTA
659 124 732 159 PH.
762 118 875 155 MEL.
901 116 967 152 AD
994 115 1122 152 HIST.
1149 109 1292 149 PROF.
1319 108 1384 144 ET
1412 108 1603 146 PHILOS.
1631 108 1949 146 SPECTANTIA.

2127 113 2202 147 340

1223 198 1266 230 de
1282 195 1480 229 actionibus
1496 192 1662 228 humanis
1677 201 1709 228 et
1729 195 1911 228 eventibus
1923 222 1932 236 ‚
1959 197 2019 241 qui
2043 194 2202 229 homini-

1223 248 1289 280 bus
1314 247 1500 288 accidunt,
1534 245 1736 290 loquimur,
1766 256 1888 277 causae
1918 247 2122 291 praecipuae
2146 258 2203 280 sex

1226 296 1500 330 considerandae
1532 302 1630 329 sunt:
1670 293 1844 328 Voluntas
1871 292 2044 334 hominis,
2071 303 2203 340 tempe-

1227 353 1403 387 ramenta,
1436 352 1544 386 astra,
1576 345 1691 385 Deus,
1718 352 1752 378 et
1768 345 1926 379 Diaboli.
1962 344 2047 378 Item
2065 353 2204 380 externa

1228 397 1393 430 violentia
1407 424 1415 435 ‚
1444 408 1531 440 quae
1553 396 1666 429 varias
1689 406 1807 428 causas
1832 395 2056 439 impulsionis
2077 394 2204 429 habere

1230 453 1355 490 potest.

1331 496 1437 538 Quod
1462 494 1559 528 Paris
1583 496 1729 529 abduxit
1751 494 1942 535 Helenam,
1978 507 2050 529 non
2077 496 2205 536 stellae,

1230 547 1290 578 sed
1317 546 1353 578 in
1376 553 1525 589 utroque
1550 546 1712 579 voluntas
1735 546 1874 589 proprie
1909 557 2011 579 causa
2043 553 2102 581 est.
2162 545 2210 579 Et

1233 596 1431 628 voluntates
1464 607 1622 628 accensas
1655 596 1806 639 impellit
1828 595 2008 629 Diabolus.
2067 595 2209 630 Poterat

1233 652 1348 678 autem
1371 646 1532 678 voluntas
1554 645 1593 677 in
1616 644 1741 678 Paride
1773 658 1892 678 revera
1915 658 1949 678 se
1980 647 2137 687 frenare,
2171 658 2211 679 ac

1234 696 1405 739 imperare
1426 695 1612 733 membris,
1639 707 1683 728 ne
1710 696 1859 728 alienam
1887 697 2112 730 abducerent.
2164 693 2212 729 Et

1233 745 1369 778 Helena
1393 746 1569 778 adversari
1601 745 1734 789 potuit,
1767 757 1805 779 ac
1830 747 2001 790 imperare
2033 746 2212 786 membris,

1234 807 1278 828 ne
1293 792 1478 828 moechum
1496 803 1734 840 sequerentur.

1337 845 1630 889 Temperamenta
1653 847 1689 877 in
1713 846 1833 879 multis
1862 847 2065 880 manifestae
2092 858 2212 881 causae

1236 902 1319 929 sunt
1337 896 1563 936 morborum,
1588 896 1670 929 item
1699 896 1969 929 inclinationum
1994 898 2036 929 ad
2064 903 2154 929 artes
2181 904 2214 929 et

1236 947 1280 979 ad
1298 946 1451 978 actiones
1477 947 1642 978 morales:
1672 953 1711 979 ut
1727 944 1765 978 hi
1789 947 1826 978 in
1847 947 1975 991 quibus
1999 947 2140 990 copiosa
2164 953 2214 979 est

1236 1004 1311 1029 atra
1338 996 1437 1035 bilis,
1477 1003 1666 1039 quartanae
1696 997 1784 1029 febri
1813 997 1922 1038 magis
1947 996 2094 1029 obnoxii
2122 1003 2213 1030 sunt.

1237 1045 1311 1079 Atii
1331 1046 1367 1077 in
1385 1046 1515 1089 quibus
1532 1047 1670 1090 copiosa
1690 1053 1739 1079 est
1758 1047 1863 1079 rubra
1882 1047 1982 1089 hilis,
2011 1047 2214 1080 iracundio-

1236 1108 1290 1129 res
1313 1103 1405 1128 sunt.
1466 1096 1559 1135 Alii,
1593 1097 1630 1128 iu
1653 1097 1781 1140 quibus
1805 1103 1994 1140 temperata
2025 1097 2130 1130 crasis
2153 1103 2215 1136 est,

1237 1146 1417 1179 declinans
1447 1146 1489 1178 ad
1513 1143 1823 1186 melancholicam,
1856 1147 1965 1189 magis
1991 1147 2108 1180 idonei
2133 1154 2216 1180 sunt

1237 1198 1278 1230 ad
1299 1195 1540 1240 percipiendas
1558 1203 1658 1230 artes.

1339 1244 1416 1279 Etsi
1454 1253 1569 1279 autem
1598 1252 1869 1289 temperamenta
1900 1246 2034 1291 aliquid
2073 1252 2218 1279 sumunt

1238 1309 1256 1329 a
1275 1296 1425 1336 semine,
1453 1294 1520 1328 hoc
1544 1303 1610 1337 est,
1638 1297 1792 1341 aliquam
1808 1303 1993 1339 parentum
2014 1296 2218 1329 similitudi-

1239 1359 1320 1379 nem
1345 1346 1518 1385 referunt,
1551 1353 1667 1379 tamen
1691 1346 1819 1378 variari
1843 1358 1880 1378 ea
1913 1358 1931 1378 a
1949 1346 2129 1379 stellarum
2154 1358 2217 1389 po-

1239 1398 1323 1435 situ,
1357 1396 1677 1428 manifestissimum
1708 1402 1766 1428 est.
1824 1394 1907 1428 Ideo
1939 1407 2039 1440 saepe
2060 1396 2217 1435 fratrum,

1240 1445 1374 1479 etiamsi
1391 1445 1684 1478 lineamentorum
1710 1445 1905 1478 similitudo
1929 1453 1998 1486 est,
2025 1453 2143 1479 tamen
2161 1447 2217 1478 iu-

1240 1496 1357 1539 genia,
1392 1503 1425 1528 et
1449 1507 1561 1528 mores
1587 1495 1779 1538 plurimum
1804 1494 1993 1529 differuntJ
2045 1494 2131 1528 Item
2156 1508 2217 1539 pa-

1240 1547 1302 1579 tris
1330 1552 1363 1577 et
1391 1546 1464 1579 filii.
1512 1543 1697 1578 Excellens
1720 1545 1830 1577 virtns
1847 1546 1915 1578 fuit
1931 1544 2107 1589 Scipionis
2121 1544 2219 1579 Afri-

1240 1596 1317 1629 cani
1336 1595 1543 1638 superioris,
1571 1593 1665 1627 haud
1693 1595 1799 1627 dubie
1820 1602 1963 1639 propter
1989 1596 2144 1641 aliquam
2160 1607 2218 1630 su-

1241 1647 1418 1690 periorum
1445 1644 1672 1678 Planetarum
1708 1645 2004 1680 coniunctionem.
2068 1646 2108 1679 In
2144 1647 2217 1680 filio

1240 1709 1322 1729 vero
1341 1707 1464 1737 magna
1482 1702 1513 1728 et
1531 1696 1688 1739 corporis
1712 1702 1745 1728 et
1768 1696 1876 1727 animi
1900 1696 2122 1730 imbecillitas
2142 1697 2220 1732 fuit.

1241 1746 1293 1780 Ac
1310 1745 1632 1779 manifestissimum
1652 1752 1718 1785 est,
1743 1746 1870 1778 robore
1887 1758 2094 1789 corporum,
2121 1747 2219 1789 inge-

1240 1797 1309 1829 niis
1325 1804 1356 1829 et
1373 1796 1529 1828 moribus
1547 1807 1646 1839 saepe
1661 1796 1848 1828 dissimiles
1866 1807 1938 1829 esse
1953 1797 2094 1837 fratres,
2120 1799 2219 1831 cuius

1239 1846 1541 1880 dissimilitudinis
1563 1858 1700 1878 causam
1734 1846 1770 1878 in
1797 1846 1912 1890 positu
1937 1853 2109 1880 astrorum
2133 1859 2218 1880 con—

1241 1897 1327 1942 spici
1358 1908 1430 1928 non
1454 1896 1601 1929 dubium
1626 1903 1686 1930 est.
1748 1895 1794 1929 Ut
1818 1907 1920 1939 supra
1945 1896 2077 1929 dictum
2102 1904 2152 1930 est
2175 1899 2217 1930 de

1239 1944 1443 1980 marchione
1467 1945 1624 1978 Iohanne
1643 1946 1789 1978 Alberto
1812 1946 2087 1987 valetudinario,
2120 1947 2219 1981 cuius

1240 1999 1347 2031 frater
1372 1996 1539 2028 Albertus
1573 1997 1643 2028 dux
1674 1994 1855 2035 Prussiae,
1899 2007 2101 2041 quanquam
2133 2005 2219 2032 natu

1241 2048 1372 2085 maior,
1400 2053 1431 2079 et
1452 2053 1611 2089 expertus
1629 2046 1798 2078 maiorem
1822 2046 1983 2078 fortunae
2005 2047 2219 2089 varietatem,

1241 2106 1357 2132 tamen
1376 2096 1575 2129 valetudine
1593 2096 1690 2128 firma
1712 2103 1779 2136 est,
1805 2103 1838 2129 et
1859 2108 1961 2129 senex
1977 2094 2092 2130 adhue
2110 2098 2220 2132 robur

1241 2147 1344 2181 habet
1363 2147 1526 2180 militare.

1343 2196 1384 2229 ln
1409 2197 1566 2229 moribus
1591 2203 1624 2229 et
1648 2196 1776 2228 artium
1802 2197 1926 2229 studiis
1955 2198 2089 2242 aliquid
2115 2199 2218 2232 etiam

1241 2248 1378 2281 variant
1394 2247 1552 2279 educatio
1578 2253 1611 2280 et
1629 2247 1826 2290 disciplina.
1879 2246 1947 2280 Sed
1970 2245 2053 2281 haec
2077 2249 2148 2282 duo
2174 2250 2216 2282 ad

1241 2300 1394 2343 primum
1411 2297 1606 2341 pertinent,
1630 2297 1761 2329 scilicet
1777 2298 1820 2329 ad
1839 2297 2066 2331 voluntatem.

1341 2345 1407 2379 Dei
1432 2347 1597 2379 beneficia
1624 2347 1810 2389 peculiaria
1835 2348 1944 2382 multa
1976 2355 2058 2382 sunt
2082 2347 2119 2380 in
2142 2360 2218 2381 om-

1241 2398 1340 2430 nium
1369 2395 1553 2429 hominum
1571 2397 1671 2436 wita,
1695 2408 1734 2430 ac
1757 2398 1959 2441 praesertim
1992 2398 2148 2441 piorum,
2182 2406 2219 2432 ut

1241 2449 1334 2493 quod
1360 2446 1491 2480 Moises
1512 2453 1688 2484 servatur,
1725 2460 1923 2493 quanquam
1951 2448 2018 2480 iam
2044 2448 2082 2480 in
2104 2450 2218 2482 undas

1241 2498 1417 2537 abiectus,
1443 2509 1515 2530 non
1534 2498 1575 2529 ad
1603 2497 1717 2529 stellas
1739 2499 1930 2538 referatur,
1957 2499 2016 2530 sed
2039 2499 2216 2541 singulare

1241 2548 1306 2579 Dei
1329 2547 1535 2580 heneficium
1557 2559 1629 2579 esse
1644 2548 1802 2581 ducatur.
1854 2546 1906 2580 Ac
1933 2548 2082 2582 sciamus
2101 2548 2215 2582 Deum

1241 2609 1340 2640 saepe
1372 2597 1617 2630 invocantibus
1640 2609 1741 2641 opem
1768 2598 1878 2637 ferre,
1915 2609 1993 2630 cum
2014 2610 2032 2631 a
2056 2599 2216 2632 secundis

1241 2648 1352 2681 causis
1376 2648 1616 2689 destituimur,
1650 2659 1748 2692 saepe
1769 2647 1871 2681 etiam
1898 2649 2067 2683 secundas
2089 2660 2218 2688 causam,

2367 1469 2373 1506 l
