2379 2948
109 121 158 158 45
840 117 886 154 ΙΙ.
938 115 1089 151 LIBER

104 205 258 238 vidimus
280 202 346 238 hoc
371 206 495 239 morbo
520 205 688 238 laborare.
740 201 787 235 Et
803 201 947 246 quidam
967 201 1089 233 admo-

103 256 168 288 niti
192 258 235 287 de
252 256 381 296 causis,
407 268 485 289 cum
512 261 611 287 antea
636 254 800 285 morbum
823 263 897 285 non
913 251 1089 293 intellige-

103 313 201 346 rent,
229 306 368 339 facilius
387 312 506 350 postea
523 304 661 337 liberati
677 309 770 336 sunt.

444 416 565 447 Renes·
574 441 581 453 ‚
609 412 750 459 m'qQot.

206 487 334 523 Adhuc
358 488 542 521 recitamus
560 489 737 528 membra,
765 488 801 520 in
820 498 908 532 quae
930 484 1087 520 evehun-

102 548 160 575 tur
176 538 443 582 superfluitates,
469 550 556 582 quae
575 539 610 570 in
629 546 726 581 epate
753 539 905 582 primum
923 538 1085 580 sangnini

102 592 227 623 mixtae
244 596 335 621 sunt.
377 589 595 621 Alimentuin
615 596 663 622 est
681 589 880 631 sanguinis,
909 589 1085 632 subaquo-

103 652 159 674 sus
189 637 317 671 humor
346 640 507 671 nondum
537 646 733 682 percoctus,
767 651 870 684 quem
900 638 1086 671 nominant

101 690 186 723 utile
211 687 392 732 phlegma,
427 687 488 722 καὶ
516 686 746 735 καῖαᾳύσιν,
780 697 812 722 et
838 686 979 722 vehitur
1003 700 1085 726 una,

101 747 139 773 ut
161 746 315 772 vertatur
331 739 367 771 in
389 739 594 781 sanguinem
620 748 651 773 et
675 741 777 773 saciat
801 740 1019 778 tenuiorem,
1048 746 1085 771 ut

101 789 242 832 sangnis
274 796 455 833 penetrare
481 802 586 822 venas
615 791 734 833 possit.
793 789 943 822 Labitur
968 795 1083 821 autem

101 840 206 872 simul
234 847 490 872 excrementum
516 852 555 872 ex
582 847 651 872 tota
677 852 787 872 massa
819 840 1010 882 sanguinea
1035 846 1083 872 te-

100 890 309 923 nuissimum
337 901 507 934 aqueum,
535 891 632 923 cuins
658 891 755 923 nulla
781 897 830 923 est
854 890 987 923 utilitas
1011 901 1084 921 am-

100 941 194 984 plius
213 947 357 984 propter
371 940 518 972 nimiam
535 941 757 984 tenuitatem,
787 941 881 985 qnod
899 940 1085 972 nominant

101 1002 251 1023 serOSam
266 990 555 1034 superfluitatem,
579 989 733 1035 ὀῤῥιῦδες
748 988 970 1035 περίττωμα,
990 991 1083 1034 quod

100 1047 151 1074 est
175 1041 342 1085 quiddam
367 1041 488 1073 sudori
519 1042 650 1082 simile,
685 1049 723 1074 ut
743 1041 870 1075 Graeci
901 1041 1085 1073 nominant

100 1089 220 1136 ὀῤῥὸν,
240 1092 333 1135 quod
352 1091 521 1135 tantisper
538 1092 621 1124 dum
641 1092 736 1125 venit
754 1093 796 1124 ad
815 1103 933 1125 cavam
950 1102 1085 1131 venam,

99 1143 243 1174 adiuvat
260 1141 446 1175 transitum
463 1154 522 1175 sua
540 1143 720 1177 tenuitate.
764 1141 888 1175 Postea
905 1153 986 1174 vero
1006 1153 1084 1173 cum

101 1204 141 1224 ex
168 1199 266 1234 epate
291 1193 333 1223 ad
360 1204 477 1224 cavam
502 1204 626 1224 venam
652 1192 791 1234 sanguis
809 1192 987 1235 pervenit,
1015 1192 1083 1223 iam

102 1241 184 1274 haec
201 1253 314 1273 serosa
332 1239 520 1275 humiditas
538 1243 689 1286 copiosa,
716 1254 804 1286 quae
821 1243 856 1276 fit
874 1243 987 1279 urina,
1006 1254 1084 1273 eve-

101 1290 208 1324 llitur.
237 1289 416 1322 Oriuntur
434 1293 527 1321 enim
539 1306 554 1323 a
566 1305 646 1325 cava
665 1306 753 1325 vena
772 1299 906 1336 praeter
922 1292 1007 1324 alios
1026 1304 1084 1323 ra-

101 1352 194 1380 mos,
227 1347 259 1372 et
289 1341 360 1372 duo
386 1340 495 1383 ampli
525 1340 631 1377 rami,
665 1342 774 1382 figura
799 1343 920 1375 literae
948 1344 986 1382 λ,
1023 1341 1084 1386 qui

101 1391 331 1424 nominantur
355 1401 464 1422 venae
487 1389 720 1432 emulgentes,
755 1402 843 1434 quae
876 1387 964 1422 hanc
989 1401 1084 1422 sero-

101 1454 173 1474 sain
198 1440 473 1483 superfluitatem
507 1447 718 1483 segregatam
749 1452 767 1472 a
797 1440 966 1482 sangnine
994 1440 1084 1472 exci-

100 1493 221 1536 piunt,
252 1497 283 1523 et
306 1492 348 1522 ad
375 1489 492 1524 Renes
520 1492 775 1524 transmittunt.
828 1490 943 1523 Simul
969 1497 1084 1523 autem

100 1541 233 1586 aliquid
255 1540 436 1582 sanguinis
459 1552 498 1572 eo
521 1541 639 1573 influit
666 1542 710 1574 ad
739 1541 945 1574 nutriendos
975 1551 1086 1581 renes,

99 1599 219 1636 estque
238 1591 318 1623 bilis
335 1591 486 1623 admixta
504 1592 678 1633 sanguini.

202 1649 372 1682 Tendunt
389 1649 494 1691 igitur
510 1662 617 1682 venae
633 1650 846 1693 emulgentes
863 1651 905 1683 ad
924 1652 1011 1683 duos
1028 1662 1084 1683 re—

99 1712 180 1738 nes,
219 1712 369 1744 quorum
396 1700 484 1732 alter
508 1701 573 1733 sub
611 1708 730 1744 epate,
764 1702 852 1734 alter
876 1702 940 1733 sub
967 1702 1085 1743 splene

101 1752 187 1783 situs
204 1758 264 1782 est.
300 1747 433 1793 Estque
450 1761 572 1782 eorum
590 1751 785 1784 substantia
801 1763 936 1790 carnea,
960 1751 1084 1792 solida,

100 1803 220 1839 densa,
244 1812 287 1832 ne
305 1799 517 1832 dissolvatur
534 1801 576 1833 ab
593 1812 721 1845 aquosa
738 1808 770 1834 et
787 1814 805 1834 a
823 1801 946 1834 biliosa
964 1813 1086 1844 supcr-

99 1852 252 1890 fluitate,
286 1857 315 1882 et
345 1856 379 1882 nt
405 1848 562 1882 Galenus
594 1850 728 1895 inquit,
756 1863 800 1883 ne
828 1852 985 1894 sangnis,
1015 1864 1084 1895 qno
1110 1855 1112 1859 ’

99 1913 200 1934 renes
225 1900 405 1932 nutriendi
430 1907 532 1941 sunt,
559 1913 629 1933 una
645 1914 723 1934 cum
743 1913 871 1945 aquosa
899 1902 1085 1944 superflui-

99 1959 170 1985 tate
203 1951 346 1984 extillet.
399 1950 550 1984 Additae
583 1958 664 1983 sunt
695 1952 841 1984 renibus
873 1952 1085 1985 maiusculae

98 2001 255 2041 arteriae,
282 2012 370 2045 quae
387 2001 548 2044 spiritum
568 2009 599 2034 et
617 2002 767 2034 calorem
783 2003 1019 2045 suppeditant,
1046 2009 1085 2035 ut

97 2064 198 2085 renes
214 2051 389 2095 pcrcolare
399 2060 669 2092 excrementum,
687 2059 932 2086 etconvertere
943 2052 1085 2095 sangui-

99 2114 178 2135 nem
195 2102 232 2134 in
251 2102 507 2136 nutrimentum
528 2102 672 2146 possint.

198 2159 262 2194 Est
284 2168 398 2194 autem
426 2160 462 2192 in
486 2161 602 2194 medio
627 2173 750 2194 renum
771 2161 899 2194 cavitas
917 2167 1083 2205 tanquam

99 2212 224 2244 lacuna
242 2208 346 2244 huius
364 2222 447 2243 usus
465 2223 565 2243 causa
582 2212 682 2247 sacta.
737 2211 825 2244 Nam
846 2223 954 2245 venae
973 2212 1085 2244 emul-

98 2267 218 2305 gentes
236 2273 305 2293 non
324 2261 458 2294 suntin
476 2262 657 2295 cavitatem
678 2261 864 2302 demissae,
891 2263 949 2294 sed
967 2263 1082 2295 statim

98 2311 160 2344 ubi
179 2323 301 2344 renum
319 2323 457 2344 carnem
474 2313 676 2354 attigerunt,
701 2319 914 2356 sparguntur
937 2312 973 2344 in
992 2313 1082 2345 mul-

98 2369 149 2396 tas
176 2361 282 2394 exiles
306 2373 427 2401 venas,
462 2363 589 2406 quibus
616 2375 714 2395 renes
747 2363 953 2406 sanguinem
982 2363 1082 2395 illum
1108 2376 1110 2396 ς

97 2424 206 2456 aquae
225 2411 433 2455 permixtum
452 2413 647 2456 accipiunt,
675 2420 712 2446 ut
731 2414 901 2456 sanguine
920 2413 1083 2446 nutrian-

98 2469 172 2502 tur,
199 2474 268 2507 quo
285 2462 457 2498 defecato,
485 2475 573 2506 aqua
593 2470 626 2496 et
649 2464 729 2496 hilis
745 2464 782 2496 in
800 2465 960 2496 lacunam
987 2464 1083 2496 illam
1106 2495 1109 2500 ,

97 2513 259 2547 exudant.
294 2512 350 2544 Ab
367 2524 404 2544 ea
422 2512 545 2544 lacuna
565 2511 752 2548 inchoatur
768 2514 805 2546 in
823 2514 981 2559 quolibet
1000 2526 1083 2546 rene

96 2565 223 2605 longus
247 2562 397 2599 canalis,
427 2563 639 2595 descendens
662 2566 704 2596 ad
729 2566 890 2599 vesicam.

95 2620 229 2647 meatus
253 2612 484 2646 nominantur
513 2611 726 2658 οὐρητῆρες,
763 2615 798 2647 id
825 2622 892 2654 est,
922 2614 1083 2654 urinarii,

96 2663 180 2710 quia
198 2675 262 2708 per
288 2674 346 2696 eos
373 2663 496 2697 defluit
516 2663 617 2697 urina
634 2664 671 2696 in
689 2664 848 2700 vesicam.
885 2664 983 2708 Quae
1000 2665 1082 2709 quia

945 2563 992 2596 Hi
1011 2567 1082 2597 duo
1106 2556 1108 2585 f

1120 115 1187 150 DE
1222 115 1396 152 ANtMA.
2071 110 2120 143 45

1138 201 1208 232 iam
1234 211 1252 232 a
1273 201 1441 242 sanguine
1464 203 1638 242 segregata
1654 203 1721 236 est,
1748 195 1899 228 colorem
1923 206 2030 239 aquae
2052 192 2116 227 ha-

1138 251 1216 290 bet,
1242 250 1300 282 sed
1318 261 1337 282 a
1355 250 1424 282 bile
1449 250 1608 293 tingitur.
1661 247 1743 280 ldeo
1762 243 1928 279 nonnihil
1952 246 2040 278 ssava
2068 251 2116 277 est

1138 307 1171 334 et
1188 300 1287 334 acris.

1239 349 1287 383 Ut
1303 356 1418 382 autem
1436 348 1472 381 in
1494 355 1584 381 terra
1608 348 1800 390 gignuntur
1821 358 1898 379 saxa
1920 358 1958 379 ex
1978 352 2066 379 terra
2083 352 2115 378 et

1138 398 1286 433 humore
1312 399 1453 443 pingui,
1480 410 1540 431 seu
1559 399 1684 439 magis,
1711 410 1769 430 seu
1793 397 1910 429 minus
1934 402 2033 435 usto,
2061 395 2115 427 vel

1137 458 1176 485 ut
1199 451 1237 482 in
1257 450 1403 482 caminis
1429 454 1629 493 coquuntur
1653 447 1786 481 lateres.
1840 446 1889 479 Ita
1915 447 1951 479 in
1972 446 2116 478 renibus

1137 514 1175 534 ac
1194 501 1420 544 plaerumque
1443 499 1479 531 in
1508 499 1653 535 lacuna,
1678 497 1871 538 gignuntur
1894 496 2018 529 calculi
2045 502 2116 528 ter-

1137 552 1236 584 restri
1262 558 1294 583 et
1325 550 1501 592 glutinoso
1530 546 1699 585 humore,
1733 546 1846 590 qualis
1871 547 2054 589 praecipue
2076 557 2115 577 ex

1136 601 1352 634 salsamentis
1370 607 1428 633 aut
1450 599 1548 632 frixis
1566 596 1780 641 excoquitur.
1834 594 1918 627 Inde
1936 608 2013 628 cum
2032 597 2116 628 sub-

1135 653 1217 685 sidit
1234 651 1272 683 in
1289 651 1434 683 renibus
1450 649 1646 691 coagulum,
1673 657 1773 678 renes
1790 645 2017 677 immoderate
2033 646 2115 678 cali-

1136 703 1264 735 ditum
1289 709 1435 740 natura,
1463 707 1536 733 tum
1562 703 1706 741 propter
1731 695 2025 736 obstructionem,
2052 696 2118 726 dn-

1135 759 1213 785 rant
1231 764 1305 784 eam
1323 751 1469 789 molem,
1497 750 1586 782 sicut
1601 749 1724 780 lateres
1743 746 1815 788 igni
1834 746 2018 779 durantur.
2070 742 2116 777 Et

1135 803 1216 847 quia
1234 803 1271 834 in
1286 801 1440 844 angustis
1460 800 1529 833 illis
1553 797 1729 837 cavernis,
1757 803 1789 829 et
1808 802 1924 839 postea
1947 795 1983 827 in
2002 800 2118 827 urete-

1135 854 1233 885 ribus
1258 853 1358 884 nervi
1382 851 1651 890 distenduntur,
1684 846 1862 880 interdum
1887 846 1990 878 etiam
2013 844 2117 878 urina

1135 903 1345 945 impeditur,
1387 902 1494 934 laesio
1531 910 1719 932 nervorum
1754 897 1911 939 ingentes
1944 895 2117 927 cruciatus

1135 954 1249 987 efficit.
1282 951 1328 985 Et
1348 953 1429 996 quia
1447 950 1504 984 hic
1521 950 1624 982 dolor
1640 947 1800 991 pervenit
1815 947 1856 978 ad
1875 945 1989 978 vicina
2007 957 2117 976 mem—

1135 1005 1215 1042 bra,
1243 1003 1459 1036 ventriculus
1477 1001 1579 1034 etiam
1599 999 1778 1037 adficitur,
1807 1003 1839 1028 et
1852 996 2003 1028 vomitus
2023 995 2118 1027 cien-

1135 1061 1205 1088 tur,
1247 1052 1342 1085 Haec
1359 1049 1649 1087 commemoravi,
1672 1055 1711 1081 ut
1726 1046 1874 1081 studiosi
1892 1045 2115 1079 considerent

1135 1102 1295 1148 plivsicas
1315 1114 1444 1142 causas,
1466 1101 1644 1146 quomodo
1658 1099 1695 1131 in
1712 1098 1854 1130 renibus
1872 1095 1994 1129 calculi
2014 1106 2117 1137 gene-

1134 1144 1267 1188 rentur.
1328 1153 1419 1187 Sunt
1454 1159 1570 1185 autem
1607 1160 1734 1182 renum
1769 1147 1902 1187 officia,
1943 1142 2117 1178 attrahere

1134 1216 1298 1249 aquosam
1325 1211 1357 1237 et
1381 1214 1532 1236 serosam
1561 1199 1836 1243 superfluitatem
1863 1209 1902 1229 ex
1920 1207 2006 1229 vena
2025 1205 2119 1233 cava,

1135 1263 1167 1289 et
1185 1254 1343 1288 derivare
1362 1254 1501 1286 urinam
1520 1251 1557 1283 in
1573 1250 1735 1284 vesicam.

1238 1420 1291 1455 Ex
1315 1420 1460 1454 renibus
1491 1415 1670 1451 advehunt
1698 1416 1838 1449 urinam
1868 1414 1939 1446 duo
1971 1412 2120 1450 canales,

1136 1472 1196 1517 qui
1221 1472 1453 1504 nominantur
1485 1468 1700 1513 οὐρητῆρες,
1730 1467 1766 1499 id
1788 1472 1855 1505 est,
1888 1462 2054 1502 urinarii,
2082 1462 2120 1494 in

1136 1522 1318 1560 vesicam„
1341 1533 1430 1566 quae
1460 1519 1601 1553 condita
1626 1525 1695 1559 est,
1730 1523 1769 1550 ut
1793 1516 1837 1549 sit
1864 1513 2120 1558 receptaculum

1135 1573 1302 1617 paulatim
1325 1572 1500 1616 excipiens
1516 1569 1749 1602 destillantem
1773 1566 1931 1602 urinam,
1958 1569 1996 1596 ut
2013 1563 2121 1595 colle-

1136 1630 1226 1657 ctam
1248 1623 1376 1656 deinde
1400 1622 1568 1655 effundat.
1621 1618 1711 1652 Nam
1738 1618 1767 1650 si
1790 1615 1875 1649 hacc
1897 1613 2121 1658 superfluitas

1136 1686 1209 1706 non
1237 1671 1459 1712 eveheretur,
1487 1683 1565 1704 cum
1592 1680 1718 1713 corpus
1743 1667 1926 1711 impletum
1955 1669 2060 1702 esset,
2088 1669 2120 1695 et

1136 1725 1361 1763 redundaret,
1390 1723 1576 1766 plaeraque
1594 1720 1749 1752 membra
1766 1721 2025 1759 rumperentur,
2048 1714 2119 1745 imo

1137 1774 1366 1808 suffocaretur
1383 1770 1488 1805 honio
1507 1781 1706 1815 compresso
1724 1765 1997 1811 diaphragmate.

1228 1832 1318 1865 Nota
1337 1838 1386 1864 est
1404 1831 1512 1873 figura
1530 1841 1618 1872 pene
1637 1826 1762 1860 similis
1779 1836 1899 1861 urnae,
1923 1823 2021 1855 cuius
2038 1821 2120 1854 fun-

1136 1884 1202 1916 dus
1220 1890 1270 1916 est
1287 1881 1456 1926 amplior,
1483 1880 1610 1912 deinde
1629 1877 1801 1911 orificium
1818 1873 2010 1916 angustius.

1109 1936 1112 1960 ⁸
1238 1940 1311 1974 Sita
1335 1947 1384 1972 est
1411 1939 1447 1970 in
1465 1938 1551 1970 viris
1575 1937 1669 1969 iuxta
1694 1941 1828 1968 rectum
1848 1931 2050 1965 intestinum
2077 1930 2121 1962 ad

1136 2003 1255 2025 anum.
1316 1991 1404 2023 Inde
1427 1987 1578 2033 porrigit
1603 1985 1771 2019 cervicem
1794 1984 1836 2016 ad
1854 1983 1997 2024 virgam.
2050 1979 2120 2013 Sed

1137 2043 1173 2075 in
1205 2041 1413 2075 mulieribus
1437 2039 1546 2081 magis
1575 2048 1678 2079 supra
1710 2047 1749 2068 os
1773 2033 1927 2066 matricis
1954 2031 2121 2064 collocata

1137 2100 1197 2126 est.
1247 2090 1294 2125 Et
1310 2098 1392 2124 sunt
1412 2090 1449 2122 in
1466 2087 1674 2122 mulieribus
1691 2085 1869 2119 breviores
1887 2089 1918 2115 et
1934 2081 2119 2124 ampliores

1109 2135 1110 2142 ἵ
1135 2144 1258 2177 urinae
1282 2149 1433 2181 meatus,
1466 2150 1574 2184 quare
1600 2137 1718 2170 minus
1742 2135 1792 2168 ibi
1816 2133 2026 2167 adficiuntur
2051 2129 2121 2162 cal-

1136 2193 1205 2227 culi
1226 2192 1421 2227 doloribus.

1108 2253 1111 2292 l
1236 2250 1382 2285 Constat
1397 2257 1512 2283 autem
1530 2246 1723 2282 substantia
1739 2256 1779 2277 ex
1804 2252 1929 2275 nervea
1946 2239 2121 2272 membra-

1108 2303 1109 2307 ’
1135 2314 1178 2335 na
1191 2329 1200 2343 ,
1228 2302 1359 2335 intexto
1376 2299 1507 2344 triplici
1526 2310 1651 2341 genere
1667 2297 1845 2329 fibrarum.
1881 2290 2010 2325 Rectae
2028 2289 2121 2321 enim

1135 2350 1328 2388 attrahunt.
1370 2349 1548 2395 Obliquae
1566 2349 1687 2381 iuvant
1703 2343 1948 2378 retentionem.
1986 2339 2122 2373 Trans-

1137 2415 1253 2437 versae
1270 2402 1523 2447 expulsionem.

1107 2465 1110 2491 ’ί
1211 2461 1357 2506 Sparsae
1374 2467 1454 2493 sunt
1472 2459 1509 2490 in
1527 2468 1600 2489 eam
1619 2461 1651 2488 et
1669 2465 1778 2487 venae
1795 2457 1828 2485 et
1845 2450 1994 2485 arteriae
2013 2459 2121 2493 quae-

1134 2514 1228 2546 dam.
1281 2510 1408 2545 Cervix
1427 2508 1558 2541 vesicae
1577 2516 1721 2539 carnosa
1738 2509 1805 2542 est,
1833 2509 1865 2535 et
1881 2500 1985 2534 habet
2003 2499 2121 2531 anfra-

1134 2571 1218 2603 ctus,
1242 2569 1281 2596 ut
1297 2561 1433 2594 facilius
1451 2557 1600 2590 retineat
1617 2556 1769 2589 urinam.
1796 2552 1913 2586 Habet
1930 2559 1963 2585 et
1980 2560 2120 2582 muscu-

1106 2605 1108 2635 l
1133 2615 1207 2647 lum
1231 2623 1340 2645 unum
1367 2609 1603 2641 involventem
1630 2606 1703 2639 eins
1727 2617 1782 2646 os,
1809 2604 1957 2643 factum,
1983 2606 2022 2634 ut
2041 2608 2119 2631 cum

1104 2639 1109 2710 l
1134 2664 1318 2702 volumus,
1345 2660 1483 2693 urinam
1503 2657 1663 2702 expellat.

1108 1200 1111 1287 l

1108 1291 1112 1486 ,
1469 1355 1600 1387 Vesana
1611 1376 1620 1391 ,
1645 1347 1780 1387 κύστις.
