2379 2948
233 98 306 134 695

677 180 787 212 Aliml.

391 242 583 286 Raptorem
609 239 864 285 deprehensum
889 242 978 287 patri
996 244 1070 277 sine
1089 243 1219 276 iudicio

443 293 636 325 interficere
654 293 745 333 licet,

391 341 485 386 Ergo
510 342 606 376 Mars
637 351 727 376 recte
751 343 831 378 fecit
854 345 1065 378 interficiens
1087 345 1221 389 Neptu-

443 393 480 425 ni
513 393 622 427 filium
649 392 900 428 Halirothoum
932 403 971 429 ut
1002 403 1221 440 stuprantem

442 444 549 477 filiam
568 444 764 489 Alcippem.

619 574 658 614 A
682 574 846 615 maiore.

342 653 454 699 Saepe
486 655 719 690 conferuntur
745 657 877 697 vicina,
921 670 1072 702 quorum
1104 665 1222 692 tamen

242 705 370 750 gradus
394 706 505 750 aliqui
528 714 627 747 sunt,
656 708 699 740 de
722 704 777 740 his
801 709 890 742 duae
914 709 1053 751 regulae
1073 709 1221 742 tradun-

240 764 313 791 tur:
342 756 374 789 A
397 757 529 790 maiore
555 764 691 791 tantum
716 759 874 799 negative
897 759 988 792 valet
1004 771 1223 804 consequen-

241 808 309 848 tia,
338 807 434 841 iuxta
457 808 629 851 regulam:
660 807 698 841 Si
723 808 757 840 id
777 821 848 842 non
866 809 972 850 inest,
999 812 1094 855 quod
1113 810 1222 853 magis

241 858 354 891 inesse
376 858 533 898 videtur,
560 870 622 892 nec
647 858 736 892 illud
761 859 882 901 inerit,
910 861 1005 905 quod
1029 861 1147 894 minus
1166 862 1221 893 in-

241 919 313 942 esse
329 908 487 949 videtur,
513 915 567 942 ut:

391 958 468 993 Rex
485 971 558 993 non
576 965 689 1003 potest
705 971 903 1004 expugnare
919 973 1044 1003 arcem,

393 1007 487 1052 Ergo
504 1009 616 1043 multo
632 1010 750 1043 minus
765 1012 893 1056 aliquis
908 1012 1056 1046 inferior
1073 1023 1222 1056 praeses.

680 1115 788 1148 Aliud.

392 1176 490 1211 quta
530 1175 881 1213 senatusconsultum
921 1179 1221 1216 Macedonianum

443 1235 541 1271 pater
557 1239 630 1260 non
648 1235 789 1263 tenetur
802 1230 937 1264 solvere
947 1233 1131 1276 pecuniam
1142 1245 1222 1266 mu-

443 1285 506 1311 tuo
523 1279 639 1311 datam
657 1279 902 1319 filiofamilias,
929 1283 1004 1316 sine
1020 1284 1199 1325 mandato,

390 1326 485 1372 Ergo
501 1329 612 1362 multo
628 1330 746 1363 minus
764 1343 837 1364 non
855 1339 994 1366 tenetur
1010 1334 1145 1367 solvere
1161 1347 1222 1379 pe-

441 1379 603 1436 cuniam,
629 1392 734 1425 quam
759 1382 852 1416 filius
874 1384 973 1417 nudo
996 1391 1096 1428 pacto
1120 1385 1222 1419 alteri

441 1436 614 1474 promisit.

611 1565 649 1604 A
678 1565 847 1608 minore.

342 1645 498 1680 Tantum
517 1646 726 1680 affirmative
743 1648 834 1682 valet
850 1649 1098 1694 consequentia
1115 1662 1133 1683 a
1152 1650 1222 1682 mi-

240 1708 344 1738 nore,
371 1697 468 1731 iuxta
485 1697 658 1740 regulam:
684 1698 723 1732 Si
738 1699 773 1731 id
790 1699 891 1740 inest,
919 1701 1013 1745 quod
1031 1700 1148 1734 minus
1165 1701 1221 1733 in-

241 1759 314 1781 esse
339 1748 498 1786 videtur,
525 1748 637 1781 multo
661 1749 772 1792 magis
798 1750 831 1782 id
860 1749 969 1790 inest,
999 1752 1093 1796 quod
1112 1752 1222 1796 magis

241 1799 354 1832 inesse
370 1798 529 1839 videtur,
555 1806 612 1832 ut:

394 1849 433 1883 Si
448 1850 580 1883 furtum
598 1856 647 1883 est
663 1850 823 1894 capitale,

394 1898 514 1933 Multo
532 1900 641 1943 magis
657 1901 868 1935 adulterium
885 1902 929 1935 sit
944 1901 1101 1946 capitale.

679 2005 787 2038 Aliud.

397 2067 532 2111 Lapsus
558 2064 733 2101 Ecclesiae
763 2069 976 2112 gravissimis
1005 2071 1127 2113 poenis
1158 2084 1225 2115 pu-

447 2125 608 2157 muntur,

400 2166 495 2211 Ergo
524 2168 637 2202 multo
667 2168 777 2211 magis
801 2164 1058 2212 Epicureorum
1090 2171 1226 2206 furores

452 2219 655 2264 punientur.

682 2326 792 2359 Aliud.

397 2387 496 2422 Licet
514 2388 657 2422 sabbato
676 2389 801 2422 hovem
819 2401 966 2431 servare,

399 2437 494 2482 Ergo
511 2439 623 2473 multo
639 2439 748 2483 magis
765 2437 958 2475 hominem.

349 2497 535 2542 Utrunque
565 2498 681 2531 locum
706 2506 912 2542 nuncupant
937 2498 1182 2535 Iurisconsulti
1205 2514 1222 2535 a

459 97 668 134 SCRIPTA
696 97 770 132 PH.
797 95 911 132 MEL.
939 95 1006 132 AD
1032 95 1158 132 HIST.
1187 94 1330 134 PROF.
1355 95 1421 130 ET
1449 93 1639 133 PHILOS.
1672 94 1992 134 SPECTANTIA.

2175 97 2250 135 696

1581 181 1622 221 A
1652 181 1936 234 proportione.

1371 264 1484 298 Valde
1509 263 1598 297 mihi
1625 264 1736 308 placet
1762 265 1979 297 mentionem
2003 265 2076 298 fieri
2100 277 2252 310 propor-

1271 315 1409 349 tionum
1435 316 1526 349 inter
1550 316 1644 348 locos
1662 314 1893 348 Inventionis.
1946 314 2135 360 Postquam
2156 316 2251 349 enim

1273 367 1315 399 de
1339 367 1533 400 substantia
1558 373 1592 399 et
1616 367 1659 399 de
1679 366 1790 398 causis
1816 366 1948 398 dictum
1975 372 2044 408 est,
2071 367 2114 398 de
2131 379 2251 412 'quan-

1274 417 1371 450 titate
1399 425 1432 451 et
1463 418 1506 450 de
1537 417 1713 457 numeris,
1750 423 1784 449 et
1810 428 2039 449 numerorum
2067 415 2253 449 collatione

1274 467 1375 501 etiam
1392 479 1492 512 saepe
1508 467 1577 500 dici
1595 479 1731 500 necesse
1749 473 1818 508 est,
1845 474 1883 500 ut
1901 467 1937 499 in
1957 466 2163 511 quotidiana
2183 467 2254 500 vita

1273 524 1451 551 sumtuum
1473 518 1606 551 mentio
1626 525 1658 550 et
1673 518 1798 552 usitata
1815 525 1849 552 et
1864 517 2056 550 necessaria
2073 523 2136 551 est.
2188 516 2254 549 Vi-

1274 569 1353 601 deat
1384 569 1652 612 paterfamilias,
1683 568 1754 601 imo
1785 569 1926 602 videant
1954 578 2075 601 omnes
2099 573 2255 601 amantes

1275 618 1450 659 iusticiae‚
1480 631 1524 652 ne
1546 625 1725 652 sumtuum
1748 619 1952 662 magnitudo
1979 625 2119 663 superet
2144 617 2255 651 facul-

1274 675 1370 703 tates.
1422 667 1518 702 Haec
1543 669 1684 701 collatio
1701 670 1852 703 sumitur
1869 681 1908 703 ex
1928 670 2087 703 doctrina
2104 680 2254 713 propor-

1274 719 1424 754 tionum.
1477 719 1592 752 Tanta
1615 725 1665 752 est
1682 726 1797 752 autem
1817 720 2013 763 amplitudo
2032 720 2105 753 eius
2123 718 2256 753 doctri-

1275 781 1360 808 nae,
1388 777 1427 803 ut
1450 770 1487 802 in
1503 768 1703 803 Dialecticis
1727 781 1770 802 ne
1794 770 1936 814 quidem
1956 768 2116 803 inchoari
2135 769 2256 814 possit.

1275 820 1343 854 Sed
1367 821 1642 862 gubernatorum
1667 819 1853 853 autoritate
1871 827 1903 853 et
1921 821 2120 855 docentium
2139 821 2206 853 fide
2222 825 2256 853 et

1274 871 1456 913 diligentia
1490 871 1741 914 perficiendum
1764 877 1832 909 est,
1873 877 1912 903 ut
1938 870 2175 904 adolescentes
2197 870 2254 903 di-

1273 928 1371 954 scant
1396 919 1674 961 Arithmeticen,
1715 932 1804 965 quae
1836 920 1929 954 inter
1960 927 2111 954 caeteras
2139 927 2255 965 partes

1274 971 1378 1005 etiam
1397 972 1648 1015 amplissimam
1668 971 1939 1015 proportionum
1954 972 2150 1005 doctrinam
2169 982 2255 1004 con-

1273 1022 1374 1056 tinet.
1422 1020 1569 1055 Discant
1593 1022 1750 1055 iuniores
1767 1022 1949 1056 vocabula.
2001 1020 2112 1056 Aliud
2129 1028 2180 1055 est
2196 1017 2256 1055 λό-

1272 1084 1354 1119 γος,
1383 1073 1480 1106 aliud
1496 1070 1688 1119 ἀναλογία.
1741 1071 1874 1107 Usitate
1889 1079 2034 1106 vocatur
2048 1069 2155 1120 λόγος
2170 1083 2254 1117 pro-

1274 1123 1389 1167 portio
1417 1135 1477 1157 seu
1508 1123 1617 1162 ratio,
1660 1123 1696 1156 id
1726 1129 1793 1162 est,
1834 1124 1983 1156 duarum
2015 1124 2254 1168 quantitatum

1274 1173 1430 1207 eiusdem
1453 1174 1589 1217 generis
1613 1173 1754 1207 collatio
1778 1173 1870 1207 inter
1893 1185 1947 1215 se,
1975 1186 2064 1218 quae
2085 1179 2177 1207 certa
2194 1184 2256 1217 ap-

1274 1225 1462 1268 pellatione
1478 1224 1705 1269 exprimitur,
1732 1231 1770 1257 ut
1784 1224 2000 1269 quaternarii
2016 1225 2059 1257 ad
2075 1223 2255 1257 binarium

1273 1275 1404 1309 dicitur
1425 1287 1497 1308 esse
1520 1275 1702 1320 proportio
1724 1275 1844 1318 dupla.
1896 1274 1965 1309 Sed
1983 1272 2165 1323 ἀναλογία
2181 1273 2256 1308 usi-

1272 1332 1341 1359 tate
1371 1327 1502 1360 dicitur
1531 1326 1860 1370 proportionalitas,
1903 1337 1991 1370 quae
2022 1332 2073 1359 est
2103 1327 2254 1358 duarum

1272 1377 1542 1420 proportionum
1573 1376 1788 1415 similitudo,
1821 1382 1861 1408 ut
1890 1375 1979 1408 sicut
2007 1387 2043 1408 se
2073 1373 2207 1408 habent
2229 1373 2253 1407 4

1272 1427 1315 1459 ad
1334 1429 1369 1468 2,
1392 1427 1441 1460 sic
1459 1438 1493 1460 se
1510 1424 1642 1459 habent
1657 1425 1678 1459 6
1694 1426 1737 1458 ad
1754 1425 1789 1460 3.
1842 1424 1965 1459 Postea
1982 1426 2113 1459 multae
2131 1437 2254 1459 recen-

1272 1485 1394 1511 sentur
1424 1477 1574 1520 species,
1606 1488 1755 1520 quarum
1781 1476 1930 1509 varietas
1952 1483 1985 1510 et
2006 1476 2166 1509 miranda
2190 1482 2254 1517 est,

1273 1534 1304 1561 et
1327 1527 1471 1560 maximi
1487 1538 1570 1560 usus
1587 1526 1623 1558 in
1642 1526 1950 1559 numerationibus
1970 1532 2002 1559 et
2017 1526 2254 1559 mensuratio-

1271 1578 1389 1611 nibus.
1443 1577 1510 1611 Sed
1535 1574 1786 1619 comprehendi
1807 1577 1845 1609 in
1869 1575 2072 1610 Dialecticis
2093 1588 2167 1610 non
2189 1588 2254 1620 po-

1271 1633 1346 1662 test.
1400 1626 1503 1660 Nasci
1520 1633 1636 1659 autem
1652 1626 1735 1659 inde
1749 1632 1953 1669 argumenta
1970 1626 2254 1669 innumerabilia,

1271 1678 1309 1710 in
1327 1677 1534 1723 quotidiana
1551 1676 1621 1710 vita
1637 1676 1870 1711 animadverti
1887 1683 2010 1722 potest.

1663 1782 1869 1820 Exemplum.

1374 1843 1462 1879 Cum
1486 1844 1522 1877 in
1544 1843 1640 1878 Cana
1664 1843 1821 1878 Galileae
1844 1842 2006 1879 Christus
2029 1857 2086 1879 sex
2109 1843 2253 1891 hydrias

1273 1907 1363 1941 aqua
1386 1895 1527 1940 impleri
1550 1895 1707 1936 iusserit,
1735 1907 1839 1940 quam
1865 1895 2035 1929 convertit
2060 1896 2098 1929 in
2116 1897 2253 1937 vinum,

1273 1947 1302 1980 si
1319 1953 1523 1991 quaeratur,
1550 1952 1720 1990 quantum
1739 1945 1813 1978 vini
1826 1946 1969 1979 donarit
1983 1957 2130 1989 sponso,
2155 1947 2252 1980 iuxta

1274 2003 1411 2030 nostras
1439 2008 1637 2036 mensuras,
1685 1995 1721 2028 id
1750 1996 1903 2029 ostendit
1934 1996 2105 2039 analogia.
2172 1996 2253 2031 Una

1274 2046 1399 2093 hydria
1430 2047 1634 2080 continebat
1665 2046 1752 2079 duas
1781 2053 1962 2087 metretas,
1996 2054 2139 2081 metreta
2168 2059 2252 2081 vero

1275 2097 1477 2131 continebat
1500 2097 1641 2140 triginta
1663 2108 1861 2138 mensuras,
1887 2108 1973 2142 quas
1996 2104 2115 2131 nostra
2131 2098 2254 2142 appel-

1275 2149 1408 2182 latione
1423 2159 1586 2181 vocamus
1602 2147 1758 2189 stanneus
1786 2159 1867 2191 ergo
1882 2149 1972 2181 duae
1988 2155 2152 2183 metretae
2168 2160 2253 2182 con-

1275 2199 1391 2233 tinent
1421 2209 1641 2239 mensuram‚
1687 2210 1791 2243 quam
1821 2210 1916 2232 nunc
1940 2199 2065 2232 usitate
2088 2211 2253 2233 vocamus

1276 2251 1326 2285 ein
1351 2250 1492 2293 &putetu-
1557 2247 1630 2282 Iam
1659 2248 1748 2282 sicut
1773 2259 1808 2281 se
1834 2246 1939 2283 habet
1961 2261 2032 2283 una
2059 2247 2184 2295 hydria
2207 2250 2252 2283 ad

1275 2302 1363 2335 duas
1385 2305 1563 2337 metretas,
1591 2299 1637 2333 ita
1660 2311 1695 2332 se
1719 2297 1849 2333 habent
1865 2311 1921 2333 sex
1940 2297 2086 2346 hydriae
2101 2302 2144 2334 ad
2161 2300 2250 2333 duo-

1276 2352 1389 2385 decim
1417 2356 1588 2383 metretas.
1655 2348 1811 2383 Donavit
1834 2350 1942 2394 igitur
1962 2362 2142 2384 mensuras
2165 2349 2251 2391 vini,

1275 2409 1314 2435 ut
1348 2413 1413 2435 nos
1443 2411 1606 2433 vocamus
1638 2399 1717 2445 sech&
1741 2402 1880 2444 (Zomer,
1915 2402 2009 2447 quod
2032 2401 2098 2434 fuit
2121 2412 2250 2434 munus

1273 2464 1347 2486 non
1371 2451 1546 2494 exiguum.
1600 2449 1678 2484 Hoc
1702 2453 1898 2496 exemplum
1921 2450 2078 2485 recensui
2101 2457 2249 2492 tantum,

1273 2509 1312 2536 ut
1329 2503 1372 2536 de
1389 2502 1459 2535 loci
1477 2498 1581 2535 huius
1599 2501 1705 2535 titulo
1720 2503 1876 2536 iuniores
1890 2503 2131 2542 admonerem,
2156 2508 2195 2535 ut
2211 2501 2250 2534 in

249 2547 398 2581 fortiori.
448 2547 579 2592 Magna
599 2550 691 2582 enim
711 2549 762 2581 vis
780 2557 829 2583 est
847 2547 971 2583 harum
990 2553 1222 2596 comparatio-
1273 2552 1478 2598 quotidiana
1514 2552 1758 2586 numeratione
1795 2553 1946 2596 cogitent
1977 2562 2142 2594 magnum
2176 2552 2250 2585 eius

248 2610 347 2631 num.

247 2654 387 2692 gruunt.

401 2596 469 2630 Sed
486 2598 544 2632 fiat
558 2600 698 2634 collatio
713 2599 751 2632 in
767 2599 810 2633 iis
826 2602 984 2644 partibus
996 2629 1006 2643 ,
1034 2614 1121 2647 quae
1137 2615 1221 2636 con-
1271 2615 1374 2637 usum
1398 2614 1488 2644 esse,
1514 2602 1584 2636 Sed
1609 2603 1757 2637 varietas
1780 2604 1853 2636 eius
1873 2602 1917 2635 ab
1931 2599 2174 2636 Arithmeticis
2190 2602 2248 2635 di-

1271 2655 1397 2688 scenda
1418 2661 1479 2690 est.
1533 2652 1760 2688 Transfertur
1774 2659 1886 2687 autem
1898 2652 2167 2696 proportionum
2185 2653 2249 2686 do-
