2379 2948
84 120 180 156 1085

79 213 111 239 et
128 205 338 239 nominatim
363 206 552 250 deplorans
570 206 753 250 perfidiam
771 218 910 245 eorum,
938 205 998 250 qui
1024 218 1063 238 ex
1089 227 1091 237 .

76 256 197 289 amicis
222 257 311 290 fiunt
340 256 534 289 saevissimi
558 255 690 290 hostes:
734 264 773 290 ut
798 256 926 290 Davidi
952 257 1063 289 factus

76 313 126 340 est
145 304 256 341 hostis
274 304 511 351 Achitophel,
539 308 600 352 qui
625 314 725 340 antea
749 307 842 339 inter
860 307 1061 339 familiaris-

75 357 184 390 simos
210 359 340 391 amicos
370 359 495 393 fuerat.
555 357 798 400 Intelligamus
821 364 937 390 autem
965 356 1062 390 Psal-

75 420 172 441 mum
193 409 228 441 in
246 420 371 452 genere
388 410 430 441 de
447 405 511 441 bac
527 408 654 441 usitata
679 407 825 451 perfidia
843 408 1061 446 concionari,

74 465 110 492 et
135 460 176 492 ad
204 459 362 492 omnium
390 466 587 502 temporum
614 458 769 505 exempla
801 459 1059 491 accommodari

75 521 186 552 posse.
242 509 396 548 Usitatae
420 509 513 541 enim
539 516 621 542 sunt
645 507 709 541 hae
733 509 914 553 querelae,
948 510 1061 542 deseri

75 571 140 592 nos
164 562 208 593 ab
232 561 352 593 amicis
377 560 413 592 in
436 561 541 592 rebus
567 560 742 598 adversis,
771 560 842 592 imo
866 561 970 594 etiam
998 561 1058 592 de-

74 611 180 653 spici,
217 618 248 644 et
274 610 404 644 multos
436 622 475 643 ex
498 611 619 643 amicis
645 611 720 643 fieri
744 611 902 643 crudeles
934 609 1088 645 hostesj*

74 659 158 694 Ideo
194 662 253 694 illa
279 663 369 695 dicta
403 673 504 704 saepe
527 661 736 695 recitantur:
779 661 958 706 Nusquam
987 668 1059 695 tuta

73 711 169 745 fides.
220 711 267 745 Et
283 724 361 745 cum
377 713 520 746 fortuna
540 719 676 758 statque
695 713 858 757 caditque
873 714 970 747 fides,

175 769 336 813 Augetur
358 779 474 804 autem
497 772 620 811 dolor,
644 784 723 805 cum
752 772 805 804 illi
831 772 893 818 qui
918 772 1060 804 fuerunt

72 828 172 854 antea
190 821 292 854 nobis
309 822 429 862 amici,
451 830 482 856 et
501 823 630 855 nostris
649 823 758 856 evecti
775 823 953 855 beneficiis
973 822 1059 854 fiunt

73 869 207 911 hostes,
234 879 273 905 ut
291 874 384 916 apud
402 872 614 917 Sophoclem
632 874 780 906 dicitur:
806 874 912 916 Quod
930 873 1057 906 vulnus

72 929 122 956 est
145 922 257 955 amico
281 923 395 956 maius
420 925 578 968 perfido?
607 924 656 958 lta
681 922 822 958 Christo
848 924 884 957 fit
908 936 947 956 ex
973 923 1058 956 luda

72 972 247 1016 discipulo
265 981 297 1006 et
317 975 427 1007 amico
446 975 710 1008 crudelissimus
729 975 905 1009 inimicus.
940 973 986 1007 Et
1003 986 1059 1006 ac-

73 1023 196 1057 cidunt
214 1024 343 1057 similia
372 1026 537 1059 omnibus
559 1026 680 1066 bonis,
708 1026 911 1068 praesertim
934 1026 971 1057 in
996 1037 1060 1067 gu-

70 1074 278 1108 bernatione
296 1077 463 1109 omnibus
479 1078 662 1110 aetatibus.
698 1076 742 1110 Ut
760 1088 854 1109 nunc
869 1088 947 1109 cum
964 1088 1060 1108 suin-

71 1137 129 1158 ma
159 1126 267 1160 {uerit
296 1127 454 1160 amicicia
482 1128 575 1161 inter
598 1128 844 1169 landgravium
869 1134 901 1160 et
926 1126 1059 1172 Lycao-

72 1188 173 1216 nem,
201 1184 320 1210 tamen
346 1185 465 1221 postea
483 1178 627 1224 Lycaon
643 1179 775 1212 oblitus
797 1178 921 1211 veteris
938 1178 1060 1209 amici-

71 1227 145 1260 ciae
161 1234 195 1262 et
218 1230 447 1272 meritorum,
480 1236 627 1262 conatus
649 1236 698 1262 est
715 1229 922 1272 landgravio
944 1227 1058 1271 digni-

72 1285 200 1319 tatem,
226 1279 398 1316 ditionem
418 1287 451 1313 et
470 1280 576 1313 vitam
596 1280 741 1324 eripere.

172 1336 268 1370 Haec
292 1337 446 1381 pericula
469 1338 706 1381 intelligamus
728 1345 760 1371 et
780 1338 981 1371 intueamur
1002 1335 1058 1370 hic

70 1388 287 1432 propositam
305 1388 543 1432 precationem
563 1395 595 1422 et
611 1389 900 1423 consolationem.
928 1387 1059 1421 Exem-

70 1439 169 1483 plum
199 1439 294 1471 enim
328 1436 384 1471 hie
411 1441 633 1483 propositum
663 1441 707 1472 ad
737 1451 859 1472 omnes
896 1439 1059 1482 pertinet,

70 1497 110 1524 ut
128 1489 244 1523 David
267 1496 390 1533 petens
414 1490 585 1523 auxilium
611 1491 798 1523 exauditur
821 1497 853 1523 et
877 1491 1058 1528 liberatur,

71 1540 118 1574 ita
142 1546 236 1573 certo
264 1551 328 1573 nos
351 1552 492 1585 quoque
515 1548 695 1584 precantes
720 1542 859 1574 exaudit
884 1540 999 1580 Deus,
1026 1547 1059 1572 et

69 1591 207 1635 mitigat
232 1591 336 1624 nobis
359 1592 586 1625 calamitates.
639 1591 692 1624 Ac
720 1604 820 1635 saepe
844 1592 977 1624 dictum
1008 1598 1057 1634 est

70 1640 127 1675 his
151 1642 319 1683 Psalmis,
354 1642 416 1676 ubi
446 1642 530 1676 talia
557 1643 713 1686 exempla
739 1649 771 1675 et
799 1642 1058 1675 consolationes

15 1691 19 1736 ἦ
68 1700 341 1738 proponuntur,
368 1700 407 1727 ut
424 1693 527 1726 multi
545 1700 626 1727 sunt
644 1693 773 1726 Psalmi
795 1693 944 1732 similes,
969 1704 1059 1724 sem-

17 1742 19 1747 '
931 1743 1059 1786 Adpli-
1085 1773 1087 1783 ,

19 1803 20 1806 ’
69 1806 187 1828 cemus
204 1796 307 1828 nobis
330 1795 600 1838 promissiones,
627 1794 893 1827 commonefacti
919 1792 973 1826 his
1002 1806 1058 1826 ex-
1085 1819 1086 1823 ,

21 1886 23 1892 y
70 1846 214 1890 emplis‚
249 1853 282 1879 et
306 1858 388 1879 vere
419 1848 601 1879 credamus
627 1857 691 1878 nos
715 1846 879 1878 similiter
902 1844 1058 1877 exaudiri

70 1755 132 1788 per
147 1744 407 1788 adiungendam
426 1756 498 1777 esse
513 1744 710 1777 doctrinam
734 1745 777 1776 de
801 1744 877 1778 fide.

69 1904 102 1930 et
120 1897 253 1937 iuvari,
281 1898 376 1942 quod
403 1898 431 1929 si
449 1898 636 1935 faciemus,
663 1897 883 1940 experiemur
898 1896 1059 1928 consola-

70 1948 206 1982 tionem
225 1960 298 1981 non
318 1948 479 1986 inanem,
505 1949 562 1981 sed
583 1948 755 1981 efficacem
776 1959 860 1980 esse.

215 2067 552 2113 Argumentum
577 2078 628 2100 ac
655 2066 913 2110 dispositio

403 2134 561 2173 Psalmi
591 2133 731 2172 xnlt.

122 2214 445 2256 Quemadmodum
471 2214 666 2248 desiderat
697 2225 827 2248 cerrus
859 2211 1059 2258 adfantes

122 2278 324 2311 aquarum,
367 2269 422 2300 ι’ία
448 2265 640 2300 desiderat
669 2269 799 2299 αηὶηια
831 2277 913 2299 mea
942 2266 991 2299 ad
1025 2270 1060 2299 te
1086 2281 1087 2287 ¹

123 2319 236 2351 Deus.

170 2391 330 2426 Precatio
348 2398 418 2432 est,
435 2391 473 2423 in
492 2402 560 2436 qua
576 2392 786 2425 describitur
803 2402 892 2434 agon
910 2397 943 2423 et
962 2402 1058 2422 acer·
1084 2424 1085 2427 Ἴ

70 2443 200 2476 rimum
217 2450 393 2476 certamen
412 2442 491 2475 fidei
505 2453 565 2475 seu
581 2443 675 2486 spei,
703 2443 867 2476 luctantis
891 2454 969 2474 cum
995 2442 1058 2473 de—

71 2495 286 2537 speratione,
314 2501 347 2527 et
363 2494 552 2526 difficulter
574 2504 609 2525 se
627 2493 791 2535 erigentis
809 2494 902 2526 inter
919 2499 969 2525 tot
987 2493 1055 2525 ssu-

71 2551 147 2578 ctus
182 2545 242 2590 qui
276 2545 427 2578 subinde
453 2555 574 2576 rursus
598 2544 633 2575 in
659 2556 796 2586 aegram
824 2550 977 2576 mentem
1009 2545 1056 2576 ir-

71 2602 189 2630 ruunt.
243 2594 288 2629 Et
306 2602 447 2640 apparet
467 2595 618 2627 describi
642 2594 738 2626 exilii
761 2595 900 2627 dolores
924 2602 956 2628 et
982 2607 1056 2628 cer-

73 2646 228 2687 tamina,
262 2648 461 2691 uhi-causae
484 2645 633 2689 ingentis
653 2645 852 2678 moesticiae
868 2646 1057 2688 diligenter

71 2697 345 2731 considerandae
367 2704 460 2733 sunt.
511 2697 593 2731 Non
617 2696 760 2730 dolebat
782 2694 898 2728 David
924 2703 964 2730 ut
987 2695 1056 2730 Ca·

680 119 743 155 IX.
796 118 1161 157 COMMENTARH
1191 121 1240 155 IN
1265 121 1508 159 PSALMOS.

2008 126 2104 161 1086

1089 210 1092 223 Ι

1117 206 1236 239 millus
1267 214 1328 240 aut
1354 205 1610 244 Themistocles
1634 210 1713 244 ideo
1744 218 1900 251 tantum,
1934 213 2029 256 quod
2059 213 2103 245 ab

1089 262 1091 291 l
1117 257 1262 300 ingratis
1286 258 1422 291 civibus
1449 260 1578 294 iniuria
1603 263 1758 295 adfectus
1786 269 1889 304 esset,
1914 264 2009 307 quod
2034 260 2101 295 ho-

1088 315 1091 341 t
1117 320 1203 340 nore
1220 320 1323 352 quem
1341 309 1377 340 in
1395 311 1504 352 patria
1523 310 1692 346 habuerat
1709 314 1877 357 spoliatus
1893 319 1990 353 esset,
2006 314 2100 357 quod

1088 345 1091 408 1
1115 359 1362 398 facultatibus,
1390 361 1521 403 patria,
1548 363 1736 406 coniugum
1754 371 1786 397 et
1811 364 2004 397 liberorum
2022 375 2102 396 sua-

1087 411 1090 470 Ῐ
1117 411 1222 442 vitate
1236 416 1380 442 careret.
1434 409 1569 444 Harum
1588 425 1705 446 rerum
1721 414 1851 448 iactura
1876 427 1935 448 seu
1959 414 2101 447 amissio

1087 475 1089 506 4
1116 460 1178 492 etsi
1211 461 1314 493 etiam
1343 460 1494 494 fortibus
1518 463 1603 495 viris
1626 464 1784 496 dolorem
1814 466 1946 504 adfert,
1981 471 2100 498 tamen

1087 529 1089 565 Ε
1117 509 1222 543 homo
1238 512 1392 554 prudens
1409 512 1520 545 lenire
1535 514 1759 547 mediocriter
1775 513 1865 548 hanc
1882 515 2099 548 moesticiam

1087 568 1089 596 ὲ
1117 569 1248 605 potest,
1276 561 1335 605 qui
1361 562 1522 596 videlicet
1548 564 1713 607 intelligit
1735 565 1908 598 iusticiam
1932 573 1966 599 et
1991 565 2101 598 animi

1116 612 1391 644 moderationem
1411 613 1631 646 retinendam
1662 627 1752 655 esse,
1776 617 1880 649 etiam
1905 628 1983 649 cum
2007 617 2101 649 bona

1087 669 1089 705 g
1115 664 1276 695 fortunae
1298 663 1529 705 amittuntur,
1556 666 1638 710 quia
1664 666 1776 699 virtus
1800 667 2027 701 anteferenda
2051 673 2102 700 est

1117 714 1281 746 fortunae
1298 713 1414 748 honis.

1217 763 1331 796 David
1350 771 1464 796 autem
1482 764 1585 807 longe
1603 766 1753 800 maiores
1776 774 1810 800 et
1825 766 1996 799 tristiores
2020 779 2103 800 cau-

1115 825 1168 847 sas
1185 815 1320 847 doloris
1338 813 1452 847 habet.
1508 815 1634 850 Multis
1659 818 1794 860 magnis
1817 818 2023 850 vulneribus
2049 818 2101 850 la-

1115 873 1228 898 cerata
1245 873 1295 898 est
1314 865 1388 898 eius
1404 866 1628 903 conscientia.
1684 868 1854 910 Agnoscit
1871 879 1931 901 sua
1949 875 2102 912 peccata,

1115 928 1202 960 quae
1222 916 1330 949 multa
1350 923 1383 948 et
1400 917 1529 949 atrocia
1549 925 1665 957 erant,
1696 927 1838 962 propter
1861 931 1949 963 quae
1976 919 2102 953 metuit

1115 979 1149 999 se
1171 978 1311 1008 prorsus
1337 979 1355 999 a
1373 965 1447 999 Deo
1473 968 1598 1009 abiici‚
1626 977 1659 1003 et
1676 970 1771 1003 videt
1792 982 1827 1002 se
1853 977 1885 1002 et
1904 976 2013 1003 totam
2031 969 2102 1002 Dei

1115 1016 1306 1049 Ecclesiam
1328 1017 1394 1049 iam
1414 1018 1554 1060 puniri,
1583 1027 1617 1053 et
1632 1020 1730 1054 timet
1747 1022 1906 1053 futurum
1923 1027 1963 1054 ut
1981 1027 2013 1053 et
2028 1020 2102 1063 ipse

1115 1075 1146 1101 et
1167 1068 1318 1112 populus
1337 1068 1439 1110 longe
1454 1069 1649 1104 maioribus
1672 1072 1794 1114 poenis
1818 1071 1922 1104 etiam
1938 1071 2103 1114 deinceps

1115 1120 1298 1152 obruatur.
1354 1119 1398 1152 Se
1424 1119 1517 1153 videt
1541 1132 1613 1153 non
1637 1122 1751 1154 solum
1777 1133 1884 1165 regno
1916 1121 2101 1165 expulsum

1115 1181 1188 1203 esse
1213 1182 1230 1202 a
1254 1169 1346 1207 filio,
1374 1171 1432 1202 sed
1459 1171 1563 1204 etiam
1587 1179 1729 1205 exutum
1758 1173 1818 1205 illa
1840 1173 1974 1215 ingenti
1991 1172 2104 1214 gloria

1115 1220 1304 1264 sapientiae
1339 1227 1372 1253 et
1408 1221 1582 1261 iusticiae,
1636 1235 1741 1267 quam
1782 1229 1882 1255 antea
1920 1221 2103 1257 habuerat.

1114 1271 1216 1303 Nunc
1234 1283 1305 1304 non
1323 1271 1437 1303 solum
1458 1271 1592 1304 inimici
1610 1273 1768 1306 iudicant
1786 1285 1863 1306 eum
1881 1284 1953 1306 esse
1972 1280 2103 1317 pestem

1116 1322 1314 1364 publicam,
1345 1322 1405 1353 sed
1441 1322 1550 1365 ipsius
1586 1325 1800 1357 conscientia
1840 1321 1907 1356 hoe
1937 1324 2104 1367 disputat,

1114 1373 1339 1404 considerans
1358 1373 1637 1414 magnitudinem
1653 1381 1874 1417 peccatorum
1892 1381 1924 1408 et
1944 1374 2015 1407 irae
2025 1372 2102 1407 Dei.

1113 1421 1209 1466 Ego,
1238 1422 1372 1466 inquit,
1398 1422 1436 1454 in
1453 1423 1584 1466 populo
1599 1422 1665 1457 Dei
1684 1437 1743 1457 rex
1768 1432 1800 1458 et
1818 1431 1961 1458 vocatus
1982 1436 2001 1458 a
2027 1423 2102 1458 Deo

1114 1473 1286 1516 singulari
1312 1473 1439 1513 mod0,
1474 1480 1508 1507 et
1533 1482 1678 1508 ornatus
1702 1475 1904 1518 ingentibus
1936 1475 2038 1508 donis
2069 1481 2104 1508 et

1115 1524 1290 1564 victoriis,
1325 1524 1437 1556 abieci
1471 1525 1731 1567 obedientiam,
1772 1534 1805 1560 et
1836 1524 1924 1559 mihi
1950 1526 2102 1559 indulsi:

1115 1576 1214 1619 rapui
1233 1575 1343 1608 sancti
1363 1575 1431 1607 viri
1453 1582 1608 1608 sanctam
1630 1577 1832 1620 coniugem:
1860 1577 1972 1620 pollui
1991 1577 2103 1621 ipsius

1084 1635 1086 1686 j
1114 1634 1146 1659 et
1172 1638 1283 1658 meam
1311 1626 1581 1659 conscientiam:
1618 1627 1747 1660 deinde
1779 1628 1947 1661 maritum
1979 1628 2103 1660 fraude

1084 1695 1087 1698 >
1115 1676 1273 1709 interfeci
1299 1683 1331 1709 et
1359 1676 1518 1709 interfeci
1543 1677 1632 1710 alios
1653 1689 1738 1710 una:
1776 1678 1922 1722 praebui
1947 1678 2104 1711 occasio-

1086 1752 1087 1759 ,
1116 1740 1194 1760 nem
1215 1724 1428 1770 blasphemis
1446 1724 1618 1768 hostibus,
1636 1736 1673 1762 ut
1689 1730 1856 1762 adversus
1868 1728 1982 1762 Deum
1994 1728 2103 1762 Israel

1085 1785 1087 1797 '
1114 1775 1375 1820 triumphantes
1391 1778 1548 1811 dicerent
1566 1779 1734 1812 convicia.

1084 1826 1088 1853 Ἰ
1217 1828 1300 1861 Post
1317 1825 1402 1860 haec
1418 1835 1554 1871 peccata
1572 1838 1709 1864 secutae
1726 1837 1809 1864 sunt
1834 1843 1984 1875 poenae,
2012 1840 2102 1875 quae

1114 1880 1339 1913 cumularunt
1358 1885 1512 1922 peccata:
1540 1880 1632 1913 filius
1649 1882 1823 1924 stupravit
1841 1894 2010 1921 sororem,
2027 1881 2103 1913 Ab-

1115 1931 1214 1963 salon
1244 1930 1386 1962 fratrem
1420 1930 1610 1964 interfecit:
1658 1939 1774 1974 postea
1806 1939 1899 1965 mota
1929 1932 2102 1965 seditione

1116 1983 1281 2014 adversus
1305 1987 1454 2023 patrem,
1482 1981 1655 2025 stupravit
1678 1983 1843 2025 coniuges
1868 1984 1996 2026 patris,
2031 1994 2101 2026 quo

1115 2033 1242 2065 scelere
1269 2032 1352 2064 vicit
1371 2031 1559 2074 impiarum
1583 2033 1740 2075 gentium
1763 2034 1910 2066 furores.
1963 2033 2102 2067 Deinde

1118 2083 1152 2115 in
1179 2083 1351 2116 seditione
1375 2094 1514 2114 necesse
1535 2090 1584 2116 est
1608 2084 1745 2117 infinita
1770 2086 1899 2117 scelera
1916 2084 2101 2118 committi.

1115 2133 1307 2167 NecDavid
1327 2140 1407 2166 ante
1424 2134 1683 2167 restitutionem
1698 2135 1769 2168 ulla
1790 2134 1943 2168 humana
1961 2134 2100 2178 sapien-

1116 2186 1162 2218 tia
1186 2186 1289 2217 finem
1318 2185 1439 2217 videre
1467 2185 1623 2229 aliquem
1650 2186 1896 2218 confusionum
1921 2192 2100 2218 secutura-

1115 2248 1191 2269 rum
1215 2236 1340 2279 potuit.
1394 2235 1532 2282 Horum
1556 2242 1733 2269 tantorum
1753 2244 1993 2280 peccatorum,
2020 2242 2099 2268 tan-

1115 2295 1229 2320 tarum
1260 2287 1498 2320 calamitatum
1527 2293 1560 2319 et
1590 2287 1836 2320 scandalorum
1864 2298 2002 2320 causam
2027 2297 2099 2319 esse

1115 2339 1246 2383 lapsus,
1273 2345 1311 2371 ut
1333 2344 1452 2378 erant,
1481 2338 1670 2371 iudicabat.

1214 2388 1380 2432 Quantus
1403 2395 1519 2421 autem
1546 2388 1649 2420 dolor
1675 2388 1718 2421 sit
1744 2388 1782 2419 in
1806 2387 1866 2421 tali
1891 2394 2097 2421 consterna-

1113 2440 1208 2473 tione
1224 2440 1334 2472 animi
1352 2439 1520 2472 intuentis
1540 2445 1574 2471 et
1592 2445 1727 2481 peccata
1744 2450 1823 2478 sua,
1845 2445 1877 2471 et
1903 2450 2032 2482 poenas
2056 2450 2096 2471 ac

1114 2492 1200 2524 iram
1220 2490 1303 2530 Dei,
1331 2503 1402 2523 non
1427 2496 1539 2533 potest
1558 2490 1673 2522 verbis
1698 2490 1780 2522 satis
1796 2489 1972 2531 explicari.
2025 2488 2096 2522 Sed

1113 2543 1188 2585 piae
1212 2548 1363 2581 mentes,
1390 2552 1479 2585 quae
1497 2541 1770 2582 degustaverunt
1792 2540 1909 2585 aliqua
1934 2552 1973 2573 ex
1997 2546 2095 2584 parte

1112 2593 1196 2626 tales
1215 2593 1371 2628 dolores,
1400 2598 1580 2637 utcunque
1598 2588 1691 2623 hunc
1707 2602 1852 2633 agonem
1878 2591 2094 2634 intelligunt.

1110 2643 1302 2682 Camillus,
1329 2640 1601 2682 Themistocles,
1628 2642 1710 2686 quia
1730 2653 1802 2674 non
1825 2649 1978 2685 aguntur
2000 2641 2096 2684 cogi-

1111 2695 1241 2728 tatione
1263 2693 1388 2727 iudicii
1419 2693 1508 2734 Dei,
1553 2705 1627 2726 non
1657 2693 1814 2727 sentiunt
1848 2691 1913 2726 hos
1942 2692 2093 2726 dolores.
