2379 2948
234 115 329 150 1425

236 210 333 238 rum,
361 195 514 240 primum
539 193 738 225 deerratum
762 192 814 219 est
837 197 856 218 a
881 196 986 228 scopo
1010 195 1070 217 seu
1091 182 1220 226 regula,

237 249 330 296 qnod
364 253 413 280 est
447 244 592 277 verbum
626 238 714 280 Dei,
749 248 853 281 opera
884 235 1116 269 traditionum
1146 233 1222 266 sine

236 300 403 335 mandato
420 294 487 328 Dei
504 291 625 326 habita
643 296 726 324 sunt
741 299 804 333 pro
824 287 986 321 cultibus.
1038 285 1223 319 Praeterea

238 353 275 385 in
303 349 467 383 universa
492 342 653 377 doctrina
679 350 842 384 operum,
877 348 1021 382 prorsus
1041 335 1222 370 silentium

237 402 304 436 suit
329 401 370 433 de
391 397 470 430 fide.
524 392 680 428 Accessit
695 388 878 424 horribilis
893 400 992 422 error
1009 388 1051 421 de
1069 385 1224 430 applica-

237 453 332 487 tione
364 447 479 492 operis
506 443 642 489 operati
670 443 707 475 in
734 440 866 481 Missa,
898 445 938 473 ut
962 450 1065 483 supra
1091 437 1223 470 dictum

237 510 300 537 est:
330 500 526 534 Finxerunt
551 493 730 533 homines,
758 503 846 535 opus
862 490 1052 523 sacerdotis
1069 486 1225 531 adplica-
1249 490 1251 500 ¹

238 562 312 588 tum
338 551 433 590 aliis,
461 546 550 580 vivis
575 552 608 579 et
631 543 801 583 mortuis,
830 540 958 575 mereri
980 540 1223 574 remissionem

239 604 360 648 culpae
379 608 410 634 et
426 608 640 644 poenarum,
663 601 727 629 etc.

342 675 417 709 Hos
435 682 571 706 errores
588 679 727 703 necesse
744 673 794 701 est
809 667 846 700 in
862 665 1016 699 Ecclesia
1035 661 1227 709 reprehen-

240 730 276 764 di
289 756 297 769 ‚
325 734 357 761 et
373 733 488 759 extare
504 733 629 767 puram
646 719 844 753 doctrinam
856 715 1062 759 Evangelii,
1089 721 1122 748 et
1139 725 1228 759 quae

241 790 346 825 opera
376 781 545 809 vocentur
570 770 756 809 sacrificia,
790 775 822 801 et
848 768 943 811 quod
969 766 1013 800 sit
1038 765 1228 798 discrimen

241 828 398 865 sacrificii
420 823 572 863 Christi,
606 821 701 866 quod
725 820 792 853 fide
815 818 918 851 nobis
942 816 1160 861 adplicatur,
1196 821 1230 848 et

244 889 446 915 nostrorum
477 884 644 918 opernm,
678 882 767 914 quae
794 881 866 902 non
891 874 1039 912 possunt
1061 865 1231 911 adplicari

243 933 342 970 aliis,
371 939 430 961 sen
455 930 627 958 vocantur
653 917 889 967 εὐχαριστικὰ
914 919 950 951 in
974 916 1050 959 his,
1078 918 1139 963 qui
1163 917 1231 950 fide

244 977 555 1027 apprehenderunt
582 972 789 1006 sacrificium
813 970 955 1005 Christi.
1008 968 1076 1003 Sed
1101 969 1232 1002 refuta-

243 1035 293 1068 tio
327 1039 486 1065 errorum
520 1026 562 1058 de
588 1023 756 1057 sacrificio
783 1021 915 1055 Missae
940 1028 973 1056 et
996 1019 1232 1064 applicatione

243 1083 359 1129 operis
388 1076 574 1112 sacerdotis
606 1073 754 1119 requirit
786 1073 956 1115 integram
981 1078 1012 1105 et
1034 1070 1232 1114 longiorem
1258 1073 1261 1083 ’

245 1131 537 1179 disputationem,
565 1136 653 1170 quae
671 1124 757 1158 alias
776 1130 825 1157 est
842 1123 979 1167 agitata.

521 1270 717 1311 Psalmus
762 1265 962 1309 CXVIII.

301 1360 327 1394 l.
361 1353 598 1403 Confitemini
616 1353 775 1386 Domino
792 1351 971 1395 quoniam
988 1348 1121 1390 bonus,
1151 1359 1237 1392 quo-
1262 1370 1263 1376 ,

351 1412 455 1443 niam
471 1408 510 1440 in
525 1404 692 1439 seculum
710 1399 974 1436 misericordia
991 1402 1086 1433 eius.

302 1469 347 1502 lt.
382 1468 500 1500 Dicat
519 1473 618 1497 nunc
634 1461 772 1502 Israel,
801 1460 977 1503 quoniam
995 1456 1123 1498 bonus,
1152 1466 1238 1500 quo-

354 1521 457 1552 niam
474 1517 513 1548 in
531 1513 700 1547 seculum
714 1508 974 1544 misericordia
991 1510 1083 1543 eius,

302 1578 362 1612 lll.
400 1577 519 1610 Dicat
542 1582 640 1606 nunc
668 1569 799 1604 domus
822 1570 970 1610 Aaron,
999 1568 1177 1612 quoniam
1201 1568 1240 1599 in

353 1627 519 1662 seculum
538 1619 795 1657 misericordia
815 1621 908 1653 eius.

303 1688 363 1723 ΙΥ.
390 1687 536 1720 Dicant
557 1693 656 1716 nunc
674 1683 736 1726 qui
754 1682 890 1713 timent
906 1678 1129 1719 Dominum,
1156 1688 1241 1722 quo·
1266 1714 1268 1722 ‚

357 1741 459 1772 niam
477 1738 514 1768 in
529 1733 698 1767 seculum
716 1729 976 1765 misericordia
994 1731 1084 1762 eius.

306 1799 346 1833 Υ.
385 1798 441 1830 De
465 1792 707 1828 tribulatione
733 1790 902 1823 invocavi
926 1789 1151 1830 Dominum,
1179 1797 1242 1821 ex-
1268 1824 1269 1827 Ἴ

357 1847 503 1883 audivit
522 1854 580 1879 me
597 1845 637 1876 in
652 1839 862 1876 latitudine
879 1841 1075 1874 Dominus.

306 1909 367 1943 Vl.
403 1907 587 1940 Dominus
602 1911 771 1942 mecum,
799 1911 870 1934 non
891 1897 1045 1941 timebo,
1074 1896 1164 1942 quid
1177 1894 1243 1941 fa-
1269 1919 1270 1923 ,

357 1961 435 1992 ciat
451 1954 543 1990 mihi
559 1951 691 1988 homo?

309 2016 390 2050 Vll.
426 2015 609 2049 Dominus
643 2021 789 2044 mecum
819 2013 854 2042 et
888 2008 1095 2042 auxiliator
1126 2017 1272 2055 meus,2

361 2072 397 2102 et
415 2077 478 2113 e90
501 2063 711 2107 despiciam
724 2061 898 2095 inimicos
916 2070 1028 2093 meos.

310 2125 408 2160 vtlt.
437 2124 574 2159 Melius
590 2126 648 2156 est
665 2117 855 2167 confidere
873 2121 911 2152 in
925 2119 1104 2160 Domino,
1134 2129 1245 2162 quam

362 2185 516 2221 sperare
534 2177 573 2208 in
590 2172 753 2206 homine.

312 2239 373 2272 IX.
415 2236 552 2270 Melius
577 2237 634 2267 est
659 2229 840 2278 confidere
864 2232 901 2263 in
919 2230 1101 2269 Domum,
1138 2239 1248 2273 quam

363 2297 520 2332 sperare
538 2288 575 2319 in
592 2281 837 2328 principibus,

312 2350 357 2383 X.
396 2350 530 2381 Omnes
549 2348 682 2391 gentes
710 2339 1037 2376 circumdederunt
1063 2350 1142 2382 me,
1178 2339 1250 2374 Sed

366 2403 401 2433 in
420 2399 567 2432 nomine
587 2395 739 2428 Domini
759 2391 886 2426 delebo
906 2402 974 2425 eos.

316 2458 373 2490 xl.
414 2451 748 2490 Circumdederunt
779 2461 838 2484 me
871 2448 1051 2494 undique,

370 2509 516 2541 nomine
535 2506 687 2538 Domini
703 2500 832 2536 delebo
851 2512 922 2534 eos.

317 2565 397 2600 ΧΗ.
438 2562 768 2599 Circumdederunt
798 2572 856 2595 me
880 2562 978 2594 sicut
1004 2571 1113 2604 apes,
1149 2570 1252 2593 arse-

368 2621 453 2650 runt
476 2618 572 2649 sicut
594 2617 693 2661 ignis
708 2615 924 2657 spinarum,
952 2610 1028 2646 Sed
1047 2614 1084 2646 in
1105 2613 1252 2646 nomine

367 2668 518 2701 Domini
537 2665 658 2700 delebo
678 2676 750 2698 eos.

1103 2448 1180 2483 Sed
1213 2452 1249 2482 in

827 98 952 134 PHIL.
979 96 1096 135 MEL.
1122 94 1331 132 SCRIPTA
1360 92 1658 130 EXEGETICA.

2160 92 2257 129 1424

1325 181 1423 216 XllI.
1457 182 1655 227 Impellens
1679 181 1829 224 impulit
1853 191 1912 215 me
1936 183 1980 214 ut
1998 179 2192 223 caderem,
2219 184 2257 213 et

1375 235 1559 268 Dominus
1574 232 1719 266 adiuvit
1736 242 1807 266 me.

1323 299 1421 333 Xtv.
1456 297 1652 334 Fortitudo
1675 308 1759 332 mea
1781 302 1816 332 et
1841 299 2030 331 canticum
2047 307 2170 331 meum
2185 297 2260 331 Do-

1374 353 1522 393 minus,
1550 354 1587 384 et
1606 347 1686 395 fuit
1703 347 1799 383 mihi
1819 349 2037 383 auxiliator.

1326 418 1404 453 XV.
1443 420 1522 453 Vox
1548 419 1795 452 exultationis
1821 421 1860 450 et
1876 417 2016 450 salutis
2034 419 2074 450 in
2089 416 2262 450 tentoriis

1377 472 1579 512 iustorum,
1607 470 1759 502 Dextra
1776 469 1929 503 Domini
1943 465 2040 512 fecit
2056 469 2248 501 virtutem».

1326 536 1424 571 XVI.
1468 538 1613 570 Dextra
1637 537 1789 569 Domini
1812 537 1986 570 exaltata
2009 538 2084 577 est,
2112 535 2262 568 Dextra

1377 589 1530 622 Domini
1544 584 1641 631 fecit
1661 589 1847 620 virtutem.

1330 653 1442 689 xvll.
1482 655 1567 688 Non
1590 654 1752 695 moriar,
1779 651 1847 686 sed
1871 655 2014 694 vivam,
2043 656 2080 686 et
2106 649 2264 686 narrabo

1379 716 1491 751 opera
1507 706 1671 738 Domini.

1330 773 1464 807 xvnl.
1491 774 1691 819 Castiyans
1709 772 1910 817 castigavit
1926 782 1984 806 me
2002 772 2203 813 Dominus,
2230 773 2267 803 et

1381 827 1492 859 vmorti
1511 835 1580 858 non
1599 822 1762 857 tradidit
1779 833 1850 856 me.

1333 892 1433 927 XIX.
1470 893 1620 937 Aperite
1644 889 1739 925 milii
1760 893 1894 934 portas
1918 890 2117 932 iusticiae,
2146 891 2268 936 inyre-

1383 943 1471 978 diar
1486 955 1573 987 eas,
1600 947 1638 977 et
1656 939 1852 988 confitebor
1871 941 2044 974 Domino.

1335 1012 1413 1047 XX.
1448 1014 1550 1046 Haec
1573 1016 1680 1056 portu
1705 1011 1876 1051 Domini,
1906 1011 1996 1043 iusti
2016 1007 2212 1044 intrabunt:
2230 1011 2270 1043 in

1386 1074 1483 1098 eam.

1337 1129 1434 1165 XXI.
1477 1127 1683 1176 Confitebor
1713 1127 1802 1170 tibi,
1839 1130 1927 1172 quia
1957 1125 2168 1161 humiliasti
2201 1138 2271 1170 me,

1389 1186 1427 1216 et
1440 1179 1572 1226 factus
1591 1191 1631 1214 es
1647 1178 1739 1214 milti
1758 1182 1798 1213 in
1815 1179 1989 1212 salutem.

1338 1249 1454 1284 XXH.
1492 1251 1606 1293 Lapis
1630 1259 1737 1293 quem
1760 1245 2051 1291 reprobaverunt
2068 1244 2274 1293 aedifican-

1390 1305 1466 1343 tes,
1492 1298 1622 1345 factus
1638 1304 1692 1333 est
1709 1302 1749 1332 in
1767 1302 1881 1342 caput
1898 1298 2035 1344 anguli.

1341 1367 1476 1403 XXIII.
1512 1369 1545 1402 A
1567 1368 1727 1401 Domino
1750 1364 1899 1410 factum
1923 1370 1981 1399 est
2009 1365 2128 1407 istud,
2159 1369 2198 1399 et
2221 1370 2277 1399 est

1391 1417 1564 1453 mirabile
1582 1420 1620 1451 in
1637 1418 1754 1451 oculis
1771 1419 1921 1451 nostris·

1341 1485 1473 1521 XXIV.
1514 1488 1618 1520 Haec
1645 1489 1701 1518 est
1722 1483 1804 1518 dies
1827 1495 1937 1528 quam
1958 1481 2055 1528 fecit
2079 1485 2277 1528 Dominus,

1395 1538 1607 1572 exultemus
1625 1540 1662 1569 et
1677 1536 1863 1569 laetemur
1882 1537 1921 1568 in
1940 1545 1999 1569 ea.

1344 1603 1458 1639 XXV.
1504 1606 1530 1638 0
1553 1605 1714 1639 Domine
1745 1602 1794 1638 da
1824 1604 2005 1646 salutem,
2039 1604 2199 1638 Domine
2230 1603 2278 1638 da

1393 1658 1706 1702 prosperitatem,
1746 1654 1973 1690 Benedictus
2009 1657 2072 1701 qui
2108 1657 2211 1689 venit
2240 1658 2279 1690 in

1395 1709 1545 1742 nomine
1563 1708 1730 1741 Domini.

1344 1774 1477 1809 XXVI.
1514 1773 1785 1809 Benediximus
1809 1771 1909 1807 vobis
1928 1783 1976 1806 ex·
1992 1772 2096 1807 domo
2114 1773 2281 1814 Domini,

1398 1828 1499 1861 Deus
1518 1830 1575 1860 est
1591 1827 1793 1868 Dominus,
1821 1825 2054 1858 illuminator
2071 1828 2205 1858 noster.

1348 1893 1499 1928 xxvtl.
1535 1895 1676 1927 Ornate
1696 1889 1837 1937 festum
1856 1889 2075 1936 frondibus,
2103 1903 2216 1937 usque
2232 1891 2283 1926 ad

1400 1956 1541 1980 cornua
1559 1945 1709 1978 altaris.

1349 2011 1520 2047 XXVIII.
1556 2013 1658 2046 Deus
1676 2022 1782 2044 meus
1798 2022 1838 2044 es
1854 2014 1913 2050 tu,
1943 2014 1979 2043 et
1993 2008 2186 2056 confitebor
2202 2009 2284 2053 tibi,

1401 2065 1502 2098 Deus
1519 2074 1621 2097 meus
1637 2061 1807 2096 exaltabo
1825 2066 1873 2095 te.

1351 2132 1483 2166 XXIX.
1524 2130 1757 2179 Confitemini
1780 2131 1937 2164 Domino
1960 2132 2131 2174 quoniam
2157 2129 2285 2172 bonus,

1403 2186 1579 2229 quoniam
1596 2186 1635 2217 in
1652 2182 1816 2216 seculum
1837 2181 2096 2214 misericordia
2116 2182 2210 2215 eius.

1455 2283 1694 2317 Euam-aiio
1736 2282 1904 2315 Psalmi
1941 2282 2133 2337 CXVJII.

1405 2352 1643 2397 Hieronymus
1658 2350 1796 2391 scribit,
1817 2349 1962 2384 ludaeos
1974 2378 1982 2391 ‚
2009 2351 2157 2384 florente
2173 2349 2287 2385 adhue

1304 2417 1434 2449 regno,
1460 2404 1495 2436 in
1519 2402 1702 2447 synagogis
1727 2402 1849 2434 crebro
1875 2400 1970 2434 hunc
1993 2401 2170 2435 Psalmum
2198 2402 2287 2435 reci—

1304 2464 1412 2496 tasse,
1449 2460 1603 2499 petentes
1640 2450 1797 2485 exhiberi
1828 2451 2016 2493 Messiam,
2049 2465 2158 2498 eoque
2189 2452 2288 2485 Psal-

1304 2520 1400 2541 mum
1433 2505 1538 2538 fuisse
1569 2504 1744 2537 notiorem
1777 2503 1926 2547 populo,
1964 2511 1995 2536 et
2028 2503 2108 2536 inde
2134 2510 2287 2537 sumtum

1305 2570 1375 2591 esse
1401 2555 1611 2589 versiculum
1638 2554 1673 2586 in
1694 2565 1839 2598 pompa,
1865 2566 1941 2587 cum
1961 2555 2175 2597 exciperetur
2193 2553 2289 2588 lesus

1304 2609 1524 2647 Nazaenus,
1550 2612 1717 2651 tanquam
1734 2603 1890 2638 Messias.
1944 2603 2105 2638 Christus
2122 2605 2226 2638 etiarn
2244 2605 2287 2638 ad

1306 2672 1341 2694 se
1363 2657 1604 2694 accommodat
1626 2654 1824 2696 Psalmum‚
1853 2652 1980 2691 Matth.
1996 2655 2055 2690 21.
2079 2656 2189 2689 citans
2211 2667 2288 2688 ver-
