2379 2948
106 102 180 138 857
508 99 552 137 V.

104 187 188 222 mali
212 187 345 222 fecisse.
407 185 509 220 Hanc
540 198 662 220 vocem
686 186 845 223 Danielis
868 186 911 219 ad
938 197 1001 219 nos
1026 182 1093 220 hoc

103 246 260 282 tempore
282 238 548 272 transferamus.
603 237 817 282 Quanquam
847 237 942 269 enim
968 244 1090 270 contra

103 290 215 323 edicta
248 289 471 333 imperatoris
501 288 668 329 facimus,
703 295 819 321 tamen
851 287 1001 320 sciamus
1026 300 1091 321 nos

102 338 195 374 nibil
220 341 303 373 mali
326 347 447 373 contra
471 351 551 373 eum
575 339 706 377 facere,
735 350 798 370 nec
817 349 888 371 esse
907 338 1090 372 seditiosos

101 404 166 426 nec
182 392 319 425 laedere
337 391 549 424 maiestatem
575 388 810 433 superiorum.
864 388 967 423 Talia
994 389 1090 422 enim

102 443 215 476 edicta
238 442 366 476 violari
390 451 528 475 necesse
552 445 621 481 est,
656 451 746 485 quae
761 439 906 484 quidem
931 440 999 485 ipsi
1025 452 1088 485 pro

102 494 270 527 inanibus
296 491 424 526 habere
448 491 587 525 dehent.
643 488 695 524 Ita
721 488 814 524 nihil
850 491 935 524 mali
966 498 1088 525 contra

102 545 348 588 imperatorem
364 542 513 576 faciebat
530 540 798 575 Nicomedensis
817 542 999 585 patricius,
1026 543 1088 588 qui

101 596 254 629 edictum
272 594 409 639 publice
423 591 645 638 propositum
665 593 873 637 concerpsit.
912 591 1088 638 Oppona-

100 659 178 680 mus
201 646 308 690 igitur
330 656 450 678 vocem
473 642 655 684 Danielis,
682 641 738 677 his
754 645 815 690 qui
837 651 1000 678 accusant
1024 656 1088 679 nos

100 696 359 737 contumaciae,
394 702 427 729 et
457 695 661 738 vituperant
693 704 861 741 tanquam
893 696 1088 730 seditiosos.

99 746 157 781 Ad
182 746 263 781 haec
289 747 536 786 reclamemus,
563 745 636 781 Nos
654 743 748 780 nihil
770 747 856 780 mali
879 754 1000 782 contra
1019 747 1087 780 im-

99 805 293 843 peratorem
308 797 431 835 facere.

560 873 623 910 IX.

196 933 321 976 Nono,
355 933 474 968 Poena
506 934 804 968 calumniatorum
828 935 996 969 admonet
1021 933 1088 969 ho-

95 992 163 1020 stes
186 982 373 1029 Evangelii
396 987 439 1019 de
462 986 595 1020 iudicio
618 983 706 1025 Dei,
742 991 775 1018 et
798 984 1007 1021 adhortatur
1030 998 1088 1020 eos

94 1038 136 1071 ad
154 1037 419 1085 poenitentiam.

566 1113 610 1150 X.

197 1173 364 1215 Decimo,
392 1172 440 1208 Ut
464 1185 568 1219 supra
588 1172 787 1218 exemplum
805 1171 1088 1217 Nabogdonosor

94 1227 137 1259 (le
153 1226 269 1259 officio
286 1225 487 1270 principum
502 1228 622 1266 docet,
649 1225 745 1269 quod
769 1224 920 1258 debeant
946 1226 1087 1259 abolere

95 1277 224 1322 impios
249 1277 364 1310 cultus
389 1283 468 1316 etcâ€ž
499 1277 548 1309 sic
572 1276 672 1310 Darii
695 1276 892 1318 exemplum
918 1273 983 1309 boc
1009 1278 1086 1310 loco

95 1329 187 1361 idem
211 1329 329 1365 docet,
364 1327 425 1371 qui
449 1326 553 1360 etiam
577 1327 731 1360 edictum
764 1326 934 1370 proponit
960 1328 1002 1360 de
1026 1340 1086 1361 co-

93 1379 199 1413 lendo
216 1377 292 1413 Deo
310 1376 481 1411 Danielis.

555 1452 618 1487 Xl.

195 1513 413 1554 Undecimo,
447 1511 684 1547 Observauda
709 1519 760 1546 est
782 1513 819 1546 in
849 1514 963 1547 edicto
995 1514 1085 1557 regis

93 1565 294 1609 evangelica
312 1565 435 1599 concio
448 1591 457 1605 ,
483 1564 549 1605 ait,
577 1563 683 1597 Hunc
700 1563 814 1597 Deum
832 1563 991 1598 Danielis
1013 1578 1085 1599 esse

92 1619 336 1652 Liberatorem
357 1623 388 1649 et
406 1615 638 1649 Salvatorem.
693 1615 862 1649 Nominat
879 1616 994 1649 Deum
1014 1617 1085 1650 Da-

91 1669 214 1709 nielis,
243 1668 276 1701 id
296 1674 364 1705 est,
392 1666 452 1712 qui
471 1667 674 1709 agnoscitur
690 1674 721 1699 et
738 1666 868 1700 colitur
886 1668 953 1700 fide
973 1669 1085 1710 verbi,

93 1721 189 1765 quod
223 1718 401 1763 praedicat
432 1716 580 1757 Daniel,
620 1718 702 1761 quia
735 1718 881 1750 verbum
912 1719 1084 1753 divinitus

91 1771 263 1806 traditum
289 1768 459 1802 discernit
476 1766 668 1801 Ecclesiam
697 1780 714 1800 a
743 1767 931 1804 Gentibus,
986 1771 1084 1804 Deus

92 1823 187 1856 enim
211 1834 284 1854 non
308 1820 385 1853 vult
410 1820 552 1861 agnosci
582 1825 641 1852 aut
667 1819 735 1850 coli
760 1819 837 1852 sine
866 1821 985 1865 aliquo
1018 1833 1082 1854 suo

92 1874 201 1906 verbo
226 1879 259 1906 et
282 1871 497 1907 testimonio,
551 1870 633 1902 ldeo
663 1869 811 1902 dicitur:
843 1870 939 1904 Deus
967 1870 1083 1906 Abra-

91 1922 192 1962 ham,
220 1924 256 1956 id
275 1930 342 1963 est,
370 1922 430 1967 qui
447 1921 544 1955 dedit
566 1919 631 1953 boc
648 1921 814 1961 verbum,
844 1919 905 1955 lias
930 1924 1082 1967 promis-

91 1975 208 2009 siones
226 1971 389 2008 Abrahae
407 1980 471 2007 etc.
526 1972 584 2006 Sic
601 1971 732 2005 dicitur
749 1970 843 2004 Deus
860 1972 988 2014 lsrael,
1019 1974 1081 2019 qui

94 2026 198 2059 eduxi
221 2033 253 2059 te
278 2027 321 2058 de
351 2031 445 2058 terra
471 2021 635 2069 Aegypti.
690 2022 749 2056 Sic
782 2035 846 2056 nos
877 2025 1083 2059 invocamus

93 2079 205 2109 Deum
222 2075 361 2109 Patrem
380 2075 524 2109 Domini
542 2074 653 2108 nostri
673 2073 749 2107 [esu
768 2072 912 2109 Christi.
954 2076 1082 2110 Testa-

93 2135 151 2161 tur
169 2127 274 2169 igitur
290 2138 347 2160 rex
367 2126 468 2159 illum
485 2125 602 2159 Deum
626 2137 698 2159 esse
715 2138 837 2159 verum
856 2125 970 2160 Deum
984 2155 991 2168 ,
1021 2140 1081 2161 cu-

94 2179 148 2212 ius
165 2178 310 2210 verbum
328 2178 504 2220 praedicat
519 2176 660 2213 Daniel.

194 2228 333 2263 Deinde
351 2227 447 2261 addit
462 2228 611 2261 alterum
628 2228 831 2270 discrimen,
851 2228 957 2263 Hunc
966 2229 1082 2264 Deum

93 2291 166 2315 esse
182 2280 408 2313 liberatorem
424 2285 457 2312 et
473 2280 692 2321 salvatorem,
719 2292 800 2313 nam
820 2287 851 2313 et
872 2279 938 2315 hoc
953 2282 1081 2315 discri-

91 2344 173 2366 men
191 2338 240 2364 est
260 2342 361 2363 verae
378 2329 558 2372 religionis
575 2343 592 2363 a
612 2331 755 2364 caeteris
774 2332 951 2368 omnibus,

196 2381 268 2416 Ubi
287 2387 425 2415 tantum
443 2386 492 2413 est
515 2381 600 2424 legis
625 2383 754 2416 noticia
768 2410 776 2423 ,
804 2391 922 2417 manet
938 2384 1082 2418 dubita-

91 2434 159 2474 tio,
187 2440 220 2467 et
243 2432 366 2466 asssicti
391 2443 463 2464 non
490 2439 635 2475 possunt
660 2440 829 2475 statuere,
856 2434 970 2469 Deum
1000 2447 1081 2468 vere

91 2485 182 2519 velle
199 2483 370 2523 misereri,
398 2482 574 2523 exaudire,
600 2483 738 2525 iuvare,
766 2486 824 2518 sed
844 2484 1078 2530 Evangelium

91 2536 265 2577 clamitat,
292 2535 387 2580 quod
407 2533 502 2567 Deus
517 2534 623 2576 gratis
640 2547 703 2568 nos
727 2536 870 2579 recipiat
889 2539 1080 2578 credentem,

91 2586 195 2631 item,
224 2587 319 2632 quod
339 2597 418 2619 vere
442 2584 527 2617 velit
552 2585 718 2619 exaudire
743 2593 776 2620 et
801 2587 954 2629 salvare,
983 2590 1079 2634 quod

91 2635 182 2672 banc
205 2639 310 2671 fidem
340 2636 516 2682 requirat,
549 2637 642 2681 quod
673 2635 738 2670 boc
768 2638 864 2671 cultu
895 2642 1080 2683 praecipue

93 2688 160 2722 coli
178 2689 273 2727 velit.

606 100 657 136 IN
682 99 946 136 DANIELEM
973 97 1291 135 PROPIIETAM
1316 97 1739 136 COMMENTARIUS.

2066 100 2138 137 858

1148 185 1334 230 promissio
1353 187 1506 219 naturali
1522 186 1738 220 dubitationi
1750 192 1781 220 et
1792 183 1941 220 ethnicis
1954 186 2137 231 opinioni-

1146 237 1225 277 bus,
1242 243 1274 269 et
1291 237 1474 270 excitanda
1493 238 1587 278 fides,
1603 250 1646 270 ne
1661 249 1848 281 arguamus
1858 236 1970 271 Deum
1989 241 2135 273 menda-

1147 288 1204 320 cii.
1249 286 1369 329 Quare
1387 285 1470 321 haec
1493 290 1615 321 concio
1633 289 1669 321 in
1692 289 1824 330 edicto,
1852 300 1940 334 quae
1955 289 2134 332 praedicat

1144 337 1259 372 Deum
1278 349 1350 370 esse
1362 338 1587 372 liberatorem
1602 346 1633 372 et
1651 340 1872 378 salvatorem,
1889 352 1968 374 vere
1983 352 2132 384 evange-

1144 389 1211 422 lica
1228 395 1288 430 est,
1305 389 1395 423 sicut
1410 389 1470 422 illa
1486 390 1522 422 in
1537 389 1627 424 Psal.
1642 389 1737 423 147.:
1757 390 1830 433 Qui
1848 397 1946 424 sanat
1963 391 2133 425 contritos

1144 441 1269 481 corde,
1296 446 1329 474 et
1353 440 1475 483 alligat
1497 440 1726 473 contritiones
1749 453 1883 477 eorum.
1936 440 2032 476 Haec
2048 442 2133 476 fides

1143 491 1181 524 in
1198 491 1406 537 quotidiana
1423 491 1648 525 invocatione
1664 493 1855 526 exercenda
1874 500 1935 529 est.

1502 610 1640 664 Caput
1675 611 1774 652 Vll.

1246 694 1315 730 Hic
1338 694 1466 730 Daniel
1489 695 1605 730 incoat
1628 696 1788 740 proprias
1815 695 1968 729 visiones
1989 695 2033 729 (le
2056 707 2134 729 suc-

1143 746 1298 781 cessione
1331 748 1580 792 imperiorum,
1613 755 1646 781 et
1668 748 1712 780 de
1735 748 1890 781 adventu
1913 744 2062 787 Christi,
2095 759 2135 780 ac

1144 798 1334 832 certamine
1356 797 1554 838 Ecclesiae,
1581 799 1676 843 quod
1703 798 1888 842 postremis
1913 797 2133 842 temporibus

1142 850 1303 884 futurum
1327 857 1411 884 erat.
1466 849 1550 884 Ideo
1574 849 1668 882 enim
1692 846 1777 882 haec
1795 849 1882 882 visio
1901 846 2056 882 exhibita
2073 855 2135 890 est,

1141 907 1181 935 ut
1199 901 1454 944 significaretur
1470 908 1608 945 tempus
1624 901 1796 934 adventus
1812 899 1965 941 Christi,
1992 912 2035 933 ne
2050 911 2134 944 pro-

1143 958 1219 996 pter
1242 965 1378 985 moram
1402 959 1437 987 et
1453 960 1597 998 propter
1614 952 1822 986 afflictiones
1840 952 1890 996 pii
1907 952 2134 996 desperarent

1142 1004 1185 1036 de
1200 1003 1395 1048 promissis,

1242 1054 1355 1088 Porro
1371 1056 1498 1089 iterum
1514 1055 1551 1087 in
1567 1052 1622 1088 his
1639 1054 1815 1088 vaticiniis
1829 1054 2016 1094 admoneo,
2038 1053 2134 1098 quod

1142 1116 1245 1149 supra
1271 1106 1405 1140 dictum
1431 1113 1500 1148 est,
1528 1105 1774 1150 multipliciter
1797 1105 1932 1138 erudiri
1956 1111 1988 1138 et
2004 1104 2134 1137 confir-

1141 1157 1231 1190 mari
1258 1154 1464 1191 Ecclesiam.
1523 1155 1684 1190 Primum
1716 1162 1889 1190 testantur
1912 1155 2027 1188 Deum
2061 1166 2133 1187 esse

1141 1215 1300 1242 autorem
1326 1208 1578 1253 imperiorum,
1607 1208 1690 1241 item
1707 1207 1851 1241 defendi
1867 1214 1900 1240 et
1916 1205 2049 1240 servari
2064 1203 2134 1239 EcÎ‡-

1141 1259 1282 1292 clesiam
1299 1260 1391 1293 inter
1408 1257 1492 1292 haec
1509 1259 1669 1302 imperia.

1245 1309 1429 1350 Secundo,
1456 1322 1534 1343 cum
1550 1309 1808 1353 praedictiones
1823 1310 1866 1342 de
1883 1308 2048 1342 omuibus
2066 1308 2133 1341 im-

1141 1362 1248 1405 periis
1272 1361 1472 1401 evenerint,
1501 1367 1638 1393 constat
1655 1359 1749 1393 baud
1769 1360 1876 1393 dubie
1894 1359 2033 1392 divinas
2049 1371 2133 1394 esse.

1142 1411 1260 1455 Quare
1284 1413 1465 1445 fatendum
1487 1417 1536 1443 est
1553 1412 1638 1444 istos
1655 1409 1850 1455 Prophetas
1869 1421 1949 1442 vere
1969 1408 2133 1443 habuisse

1141 1464 1289 1497 verbum
1305 1461 1391 1503 Dei,
1417 1469 1451 1496 et
1476 1460 1568 1495 hanc
1590 1462 1787 1495 doctrinam
1811 1474 1917 1507 quam
1938 1461 2041 1494 nobis
2057 1467 2133 1494 traâ€”

1140 1514 1309 1548 diderunt
1327 1525 1406 1547 vere
1425 1514 1583 1546 divinam
1602 1525 1687 1548 esse.

1242 1565 1365 1598 Tertio
1377 1591 1388 1609 â€š
1414 1571 1563 1598 monent
1583 1565 1688 1598 etiam
1705 1575 1769 1597 uos
1787 1564 1830 1597 de
1847 1563 1976 1597 suturis
1993 1564 2132 1608 pericu-

1139 1617 1202 1656 lis,
1237 1622 1275 1649 ut
1300 1617 1548 1656 observemus,
1582 1616 1696 1660 qualis
1720 1616 1764 1648 sit
1790 1612 2052 1655 Antichristus,
2088 1628 2132 1648 ne

1139 1668 1272 1701 incauti
1297 1668 1531 1700 assentiamur
1555 1666 1845 1709 belligerantibus
1862 1678 1941 1699 cum
1960 1678 2041 1699 vera
2062 1664 2131 1700 Ec-

1139 1719 1263 1760 clesia,
1291 1731 1354 1752 nec
1372 1724 1516 1763 propter
1533 1718 1695 1750 scandala
1715 1717 1916 1750 deficiamus
1932 1728 1950 1750 a
1968 1717 2047 1750 fide.

1526 1814 1741 1847 Eum-ratio.

1239 1872 1287 1907 Ut
1312 1878 1428 1905 antem
1453 1883 1557 1914 supra
1583 1879 1736 1916 quatuor
1754 1868 1978 1904 monarchias
1997 1870 2129 1904 consti-

1137 1925 1226 1966 tuit,
1261 1924 1309 1957 ita
1335 1921 1420 1956 baec
1449 1923 1536 1956 visio
1562 1923 1701 1956 easdem
1726 1919 1952 1955 monarchias
1976 1923 2129 1955 ostendit

1136 1976 1205 2010 alia
1224 1975 1348 2019 specie.

1240 2026 1312 2060 Leo
1337 2025 1508 2069 significat
1528 2021 1723 2060 Chaldaeos
1749 2030 1780 2058 et
1798 2022 1975 2070 Assyrios.
2027 2022 2128 2057 Duae

1137 2079 1212 2112 alae
1235 2077 1434 2120 significant
1458 2078 1546 2110 duas
1571 2076 1776 2120 praecipuas
1794 2082 1932 2119 gentesâ·
1962 2088 2050 2120 quae
2068 2087 2128 2118 per

1137 2130 1229 2163 vices
1246 2134 1485 2172 regnaverunt
1503 2125 1700 2161 Chaldaeos
1718 2133 1751 2160 et
1770 2125 1945 2172 Assyrios.
1998 2124 2126 2159 Eleva-

1136 2187 1195 2214 tur
1217 2191 1320 2224 snpra
1340 2186 1489 2219 terram,
1516 2185 1549 2212 et
1565 2185 1722 2212 mutatur
1740 2178 1774 2210 in
1793 2178 1939 2220 figuram
1958 2174 2126 2216 bominis,

1136 2232 1173 2265 id
1203 2238 1272 2272 est,
1305 2242 1452 2273 regnum
1481 2230 1583 2262 valde
1611 2229 1648 2262 fit
1673 2229 1886 2271 gloriosum,
1920 2234 1952 2261 et
1978 2228 2126 2270 deponit

1136 2283 1411 2322 immanitatem,
1439 2281 1520 2326 quia
1539 2287 1684 2314 vocatur
1699 2280 1742 2312 ad
1759 2279 1977 2322 agnitiOnem
1994 2279 2074 2313 Dei.

1239 2333 1350 2368 Ursus
1374 2332 1546 2375 significat
1570 2330 1705 2364 Persas.
1767 2329 1855 2362 Tres
1881 2329 1977 2372 longi
2001 2329 2124 2363 dentes

1135 2385 1172 2418 in
1199 2397 1259 2419 ore
1288 2384 1486 2428 significant
1513 2389 1582 2415 tres
1607 2381 1814 2426 praecipuos
1840 2391 1956 2424 reges,
1981 2379 2125 2426 Cyrum,

1106 2418 1109 2468 l
1134 2435 1305 2477 Darium,
1334 2434 1564 2469 Artaxerxen.

1236 2487 1374 2521 Pardus
1406 2484 1578 2528 significat
1605 2482 1849 2516 Alexandrum
1877 2480 2122 2518 Macedonem.

1135 2537 1300 2581 Quatuor
1324 2538 1398 2571 alae
1421 2543 1452 2568 et
1477 2541 1630 2579 quatuor
1654 2532 1766 2577 capita
1788 2544 2006 2566 successores
2022 2541 2121 2567 sunt:

1133 2601 1215 2622 nam
1247 2595 1324 2633 post
1349 2586 1505 2630 ingentia
1533 2584 1722 2618 certamina
1747 2590 1900 2629 quatuor
1920 2585 2025 2617 duces
2045 2592 2122 2628 post

1133 2638 1398 2678 Alexandrum,
1425 2637 1657 2670 obtinuerunt
1677 2646 1782 2678 regna
1801 2634 1970 2675 maxima,
1996 2635 2125 2668 Seleu-

326 2686 552 2733 opponenda
569 2694 620 2723 est
638 2688 746 2732 igitur
763 2701 828 2723 vox
845 2687 1031 2734 Evangelii
1047 2697 1080 2725 et
1104 2711 1110 2731 Í¾
1133 2701 1193 2725 cus
1217 2690 1356 2737 Syriam
1389 2695 1422 2724 et
1446 2687 1634 2730 ulteriora,
1667 2685 1888 2722 Ptolemaeus
1910 2686 2122 2732 Aegyptum,
