<?xml version="1.0" encoding="UTF-8"?>
<!DOCTYPE html PUBLIC "-//W3C//DTD XHTML 1.0 Transitional//EN"
    "http://www.w3.org/TR/xhtml1/DTD/xhtml1-transitional.dtd">
<html xmlns="http://www.w3.org/1999/xhtml" xml:lang="en" lang="en">
 <head>
  <title>
</title>
<meta http-equiv="Content-Type" content="text/html;charset=utf-8" />
  <meta name='ocr-system' content='tesseract 3.04.00' />
  <meta name='ocr-capabilities' content='ocr_page ocr_carea ocr_par ocr_line ocrx_word'/>
</head>
<body>
  <div class='ocr_page' id='page_1' title='image "./operaquaesupersu13melauoft_0618.png"; bbox 0 0 2379 2948; ppageno 0'>
   <div class='ocr_carea' id='block_1_1' title="bbox 244 90 340 128">
    <p class='ocr_par' dir='ltr' id='par_1_1' title="bbox 244 90 340 128">
     <span class='ocr_line' id='line_1_1' title="bbox 244 90 340 128; baseline -0.01 -1"><span class='ocrx_word' id='word_1_1' title='bbox 244 90 340 128; x_wconf 78' lang='lat'>1215</span> 
     </span>
    </p>
   </div>
   <div class='ocr_carea' id='block_1_2' title="bbox 835 81 1666 121">
    <p class='ocr_par' dir='ltr' id='par_1_2' title="bbox 835 81 1666 121">
     <span class='ocr_line' id='line_1_2' title="bbox 835 81 1666 121; baseline -0.001 -1"><span class='ocrx_word' id='word_1_2' title='bbox 835 85 960 121; x_wconf 88' lang='lat' dir='ltr'><strong>PHIL.</strong></span> <span class='ocrx_word' id='word_1_3' title='bbox 988 83 1103 120; x_wconf 81' lang='lat' dir='ltr'><strong>MEL.</strong></span> <span class='ocrx_word' id='word_1_4' title='bbox 1132 82 1341 120; x_wconf 79' lang='lat' dir='ltr'><strong>SCRIPTA</strong></span> <span class='ocrx_word' id='word_1_5' title='bbox 1369 81 1666 120; x_wconf 82' lang='lat' dir='ltr'><strong>EXEGETICA.</strong></span> 
     </span>
    </p>
   </div>
   <div class='ocr_carea' id='block_1_3' title="bbox 2162 88 2260 124">
    <p class='ocr_par' dir='ltr' id='par_1_3' title="bbox 2162 88 2260 124">
     <span class='ocr_line' id='line_1_3' title="bbox 2162 88 2260 124; baseline 0 -2"><span class='ocrx_word' id='word_1_6' title='bbox 2162 88 2260 124; x_wconf 74' lang='lat'>1216</span> 
     </span>
    </p>
   </div>
   <div class='ocr_carea' id='block_1_4' title="bbox 245 170 2258 220">
    <p class='ocr_par' dir='ltr' id='par_1_4' title="bbox 245 170 2258 220">
     <span class='ocr_line' id='line_1_4' title="bbox 245 170 2258 220; baseline -0.002 -8"><span class='ocrx_word' id='word_1_7' title='bbox 245 185 278 212; x_wconf 90' lang='lat' dir='ltr'>et</span> <span class='ocrx_word' id='word_1_8' title='bbox 295 177 425 220; x_wconf 80' lang='lat' dir='ltr'>legalis.</span> <span class='ocrx_word' id='word_1_9' title='bbox 460 175 602 219; x_wconf 78' lang='lat' dir='ltr'>Legales</span> <span class='ocrx_word' id='word_1_10' title='bbox 619 174 775 219; x_wconf 89' lang='lat' dir='ltr'>pendent</span> <span class='ocrx_word' id='word_1_11' title='bbox 790 184 829 205; x_wconf 85' lang='lat' dir='ltr'>ex</span> <span class='ocrx_word' id='word_1_12' title='bbox 846 171 1050 206; x_wconf 87' lang='lat' dir='ltr'>conditione</span> <span class='ocrx_word' id='word_1_13' title='bbox 1066 183 1229 216; x_wconf 90' lang='lat' dir='ltr'>operum,</span> <span class='ocrx_word' id='word_1_14' title='bbox 1251 173 1255 216; x_wconf 60' lang='lat' dir='ltr'>l</span> <span class='ocrx_word' id='word_1_15' title='bbox 1279 171 1432 204; x_wconf 86' lang='lat' dir='ltr'>iustitiae</span> <span class='ocrx_word' id='word_1_16' title='bbox 1449 176 1508 203; x_wconf 88' lang='lat' dir='ltr'>aut</span> <span class='ocrx_word' id='word_1_17' title='bbox 1524 170 1653 203; x_wconf 90' lang='lat' dir='ltr'>virium</span> <span class='ocrx_word' id='word_1_18' title='bbox 1670 181 1830 203; x_wconf 90' lang='lat' dir='ltr'>securum</span> <span class='ocrx_word' id='word_1_19' title='bbox 1848 181 1920 204; x_wconf 88' lang='lat' dir='ltr'>esse</span> <span class='ocrx_word' id='word_1_20' title='bbox 1943 178 1977 206; x_wconf 91' lang='lat' dir='ltr'>et</span> <span class='ocrx_word' id='word_1_21' title='bbox 1998 173 2130 206; x_wconf 85' lang='lat' dir='ltr'>efferri:</span> <span class='ocrx_word' id='word_1_22' title='bbox 2161 173 2258 218; x_wconf 88' lang='lat' dir='ltr'>quod</span> 
     </span>
    </p>
   </div>
   <div class='ocr_carea' id='block_1_5' title="bbox 245 220 2257 315">
    <p class='ocr_par' dir='ltr' id='par_1_5' title="bbox 245 220 2257 315">
     <span class='ocr_line' id='line_1_5' title="bbox 245 220 1254 267; baseline -0.009 -5"><span class='ocrx_word' id='word_1_23' title='bbox 245 235 302 267; x_wconf 85' lang='lat' dir='ltr'>ut,</span> <span class='ocrx_word' id='word_1_24' title='bbox 329 227 417 261; x_wconf 87' lang='lat' dir='ltr'>Date</span> <span class='ocrx_word' id='word_1_25' title='bbox 435 234 468 261; x_wconf 90' lang='lat' dir='ltr'>et</span> <span class='ocrx_word' id='word_1_26' title='bbox 486 227 628 259; x_wconf 88' lang='lat' dir='ltr'>dabitur</span> <span class='ocrx_word' id='word_1_27' title='bbox 644 225 763 257; x_wconf 85' lang='lat' dir='ltr'>vobis:</span> <span class='ocrx_word' id='word_1_28' title='bbox 797 224 855 255; x_wconf 89' lang='lat' dir='ltr'>sed</span> <span class='ocrx_word' id='word_1_29' title='bbox 873 223 1057 266; x_wconf 78' lang='lat' dir='ltr'>promissio</span> <span class='ocrx_word' id='word_1_30' title='bbox 1083 221 1228 265; x_wconf 83' lang='lat' dir='ltr'>gratiae,</span> <span class='ocrx_word' id='word_1_31' title='bbox 1252 220 1254 258; x_wconf 70' lang='grc' dir='ltr'>ζ</span> 
     </span>
     <span class='ocr_line' id='line_1_6' title="bbox 1253 272 2257 315; baseline 0.002 -10"><span class='ocrx_word' id='word_1_32' title='bbox 1253 279 1254 282; x_wconf 79' lang='grc'>’</span> <span class='ocrx_word' id='word_1_33' title='bbox 1278 272 1331 305; x_wconf 90' lang='lat' dir='ltr'>sui</span> <span class='ocrx_word' id='word_1_34' title='bbox 1350 272 1499 315; x_wconf 73' lang='lat' dir='ltr'><strong>impellit</strong></span> <span class='ocrx_word' id='word_1_35' title='bbox 1514 272 1682 315; x_wconf 88' lang='lat' dir='ltr'>superbos</span> <span class='ocrx_word' id='word_1_36' title='bbox 1697 273 1740 305; x_wconf 88' lang='lat' dir='ltr'>ad</span> <span class='ocrx_word' id='word_1_37' title='bbox 1757 273 1949 306; x_wconf 90' lang='lat' dir='ltr'>movendas</span> <span class='ocrx_word' id='word_1_38' title='bbox 1973 285 2027 306; x_wconf 90' lang='lat' dir='ltr'>res</span> <span class='ocrx_word' id='word_1_39' title='bbox 2053 273 2127 307; x_wconf 90' lang='lat' dir='ltr'>sine</span> <span class='ocrx_word' id='word_1_40' title='bbox 2155 286 2257 308; x_wconf 89' lang='lat' dir='ltr'>man-</span> 
     </span>
    </p>
   </div>
   <div class='ocr_carea' id='block_1_6' title="bbox 245 273 1230 1891">
    <p class='ocr_par' dir='ltr' id='par_1_6' title="bbox 245 273 1230 1891">
     <span class='ocr_line' id='line_1_7' title="bbox 247 273 1228 323; baseline -0.008 -11"><span class='ocrx_word' id='word_1_41' title='bbox 247 280 282 312; x_wconf 87' lang='lat' dir='ltr'>id</span> <span class='ocrx_word' id='word_1_42' title='bbox 301 286 368 317; x_wconf 86' lang='lat' dir='ltr'>est,</span> <span class='ocrx_word' id='word_1_43' title='bbox 397 290 463 323; x_wconf 90' lang='lat' dir='ltr'>qua</span> <span class='ocrx_word' id='word_1_44' title='bbox 482 283 624 321; x_wconf 89' lang='lat' dir='ltr'>propter</span> <span class='ocrx_word' id='word_1_45' title='bbox 642 275 773 308; x_wconf 84' lang='lat' dir='ltr'>Filium</span> <span class='ocrx_word' id='word_1_46' title='bbox 788 273 855 307; x_wconf 86' lang='lat' dir='ltr'>Dei</span> <span class='ocrx_word' id='word_1_47' title='bbox 871 280 905 307; x_wconf 91' lang='lat' dir='ltr'>et</span> <span class='ocrx_word' id='word_1_48' title='bbox 922 285 984 317; x_wconf 87' lang='lat' dir='ltr'>per</span> <span class='ocrx_word' id='word_1_49' title='bbox 1008 285 1086 306; x_wconf 90' lang='lat' dir='ltr'>eum</span> <span class='ocrx_word' id='word_1_50' title='bbox 1116 274 1228 305; x_wconf 82' lang='lat' dir='ltr'>dona-</span> 
     </span>
     <span class='ocr_line' id='line_1_8' title="bbox 247 324 1227 369; baseline -0.008 -7"><span class='ocrx_word' id='word_1_51' title='bbox 247 341 325 362; x_wconf 87' lang='lat' dir='ltr'>mur</span> <span class='ocrx_word' id='word_1_52' title='bbox 342 328 547 361; x_wconf 80' lang='lat' dir='ltr'>remissione</span> <span class='ocrx_word' id='word_1_53' title='bbox 566 332 805 369; x_wconf 89' lang='lat' dir='ltr'>peccatorum,</span> <span class='ocrx_word' id='word_1_54' title='bbox 834 324 1065 358; x_wconf 85' lang='lat' dir='ltr'>iustificamur</span> <span class='ocrx_word' id='word_1_55' title='bbox 1090 331 1123 357; x_wconf 88' lang='lat' dir='ltr'>et</span> <span class='ocrx_word' id='word_1_56' title='bbox 1147 335 1227 356; x_wconf 87' lang='lat' dir='ltr'>san-</span> 
     </span>
     <span class='ocr_line' id='line_1_9' title="bbox 246 372 1227 422; baseline -0.007 -9"><span class='ocrx_word' id='word_1_57' title='bbox 246 380 439 414; x_wconf 86' lang='lat' dir='ltr'>ctificamur</span> <span class='ocrx_word' id='word_1_58' title='bbox 464 377 600 422; x_wconf 81' lang='lat' dir='ltr'>Spiritu</span> <span class='ocrx_word' id='word_1_59' title='bbox 626 383 763 416; x_wconf 90' lang='lat' dir='ltr'>sancto,</span> <span class='ocrx_word' id='word_1_60' title='bbox 805 382 839 409; x_wconf 91' lang='lat' dir='ltr'>et</span> <span class='ocrx_word' id='word_1_61' title='bbox 864 375 1035 408; x_wconf 84' lang='lat' dir='ltr'>efficimur</span> <span class='ocrx_word' id='word_1_62' title='bbox 1063 372 1227 407; x_wconf 90' lang='lat' dir='ltr'>haeredes</span> 
     </span>
     <span class='ocr_line' id='line_1_10' title="bbox 247 426 1227 471; baseline -0.007 -8"><span class='ocrx_word' id='word_1_63' title='bbox 247 431 338 463; x_wconf 77' lang='lat' dir='ltr'>vitae</span> <span class='ocrx_word' id='word_1_64' title='bbox 353 437 513 463; x_wconf 74' lang='lat' dir='ltr'>aeternae</span> <span class='ocrx_word' id='word_1_65' title='bbox 525 453 534 467; x_wconf 93' lang='lat'>‚</span> <span class='ocrx_word' id='word_1_66' title='bbox 561 439 633 460; x_wconf 86' lang='lat' dir='ltr'>nou</span> <span class='ocrx_word' id='word_1_67' title='bbox 655 428 782 471; x_wconf 84' lang='lat' dir='ltr'>pendet</span> <span class='ocrx_word' id='word_1_68' title='bbox 800 438 839 459; x_wconf 85' lang='lat' dir='ltr'>ex</span> <span class='ocrx_word' id='word_1_69' title='bbox 857 426 1061 459; x_wconf 89' lang='lat' dir='ltr'>conditione</span> <span class='ocrx_word' id='word_1_70' title='bbox 1088 431 1227 457; x_wconf 89' lang='lat' dir='ltr'>nostrae</span> 
     </span>
     <span class='ocr_line' id='line_1_11' title="bbox 247 476 1226 523; baseline -0.007 -9"><span class='ocrx_word' id='word_1_71' title='bbox 247 480 440 523; x_wconf 79' lang='lat' dir='ltr'>dignitatis.</span> <span class='ocrx_word' id='word_1_72' title='bbox 492 480 544 514; x_wconf 88' lang='lat' dir='ltr'>De</span> <span class='ocrx_word' id='word_1_73' title='bbox 563 477 627 511; x_wconf 85' lang='lat' dir='ltr'>hac</span> <span class='ocrx_word' id='word_1_74' title='bbox 643 477 876 522; x_wconf 84' lang='lat' dir='ltr'>promissione</span> <span class='ocrx_word' id='word_1_75' title='bbox 893 476 1023 510; x_wconf 88' lang='lat' dir='ltr'>Paulus</span> <span class='ocrx_word' id='word_1_76' title='bbox 1050 476 1226 520; x_wconf 88' lang='lat' dir='ltr'>loquitur:</span> 
     </span>
     <span class='ocr_line' id='line_1_12' title="bbox 248 523 1227 573; baseline -0.006 -9"><span class='ocrx_word' id='word_1_77' title='bbox 248 530 332 564; x_wconf 90' lang='lat' dir='ltr'>Ideo</span> <span class='ocrx_word' id='word_1_78' title='bbox 351 542 391 563; x_wconf 82' lang='lat' dir='ltr'>ex</span> <span class='ocrx_word' id='word_1_79' title='bbox 407 530 474 563; x_wconf 85' lang='lat' dir='ltr'>fide</span> <span class='ocrx_word' id='word_1_80' title='bbox 489 530 594 573; x_wconf 86' lang='lat' dir='ltr'>gratis</span> <span class='ocrx_word' id='word_1_81' title='bbox 609 535 648 562; x_wconf 90' lang='lat' dir='ltr'>ut</span> <span class='ocrx_word' id='word_1_82' title='bbox 664 529 707 562; x_wconf 89' lang='lat' dir='ltr'>sit</span> <span class='ocrx_word' id='word_1_83' title='bbox 722 529 821 561; x_wconf 87' lang='lat' dir='ltr'>firma</span> <span class='ocrx_word' id='word_1_84' title='bbox 837 528 1039 573; x_wconf 85' lang='lat' dir='ltr'>promissio.</span> <span class='ocrx_word' id='word_1_85' title='bbox 1080 525 1127 559; x_wconf 86' lang='lat' dir='ltr'>Et</span> <span class='ocrx_word' id='word_1_86' title='bbox 1144 523 1227 558; x_wconf 91' lang='lat' dir='ltr'>haec</span> 
     </span>
     <span class='ocr_line' id='line_1_13' title="bbox 247 575 1225 626; baseline -0.006 -12"><span class='ocrx_word' id='word_1_87' title='bbox 247 582 320 626; x_wconf 90' lang='lat' dir='ltr'>ipsa</span> <span class='ocrx_word' id='word_1_88' title='bbox 337 580 439 615; x_wconf 87' lang='lat' dir='ltr'>Pauli</span> <span class='ocrx_word' id='word_1_89' title='bbox 457 580 579 614; x_wconf 87' lang='lat' dir='ltr'>concio</span> <span class='ocrx_word' id='word_1_90' title='bbox 597 586 647 613; x_wconf 87' lang='lat' dir='ltr'>est</span> <span class='ocrx_word' id='word_1_91' title='bbox 666 579 841 613; x_wconf 78' lang='lat' dir='ltr'>enarratio</span> <span class='ocrx_word' id='word_1_92' title='bbox 860 577 964 611; x_wconf 87' lang='lat' dir='ltr'>huius</span> <span class='ocrx_word' id='word_1_93' title='bbox 982 576 1156 611; x_wconf 76' lang='lat' dir='ltr'>versiculi.</span> <span class='ocrx_word' id='word_1_94' title='bbox 1186 575 1225 608; x_wconf 89' lang='lat' dir='ltr'>ln</span> 
     </span>
     <span class='ocr_line' id='line_1_14' title="bbox 247 627 1224 677; baseline -0.007 -12"><span class='ocrx_word' id='word_1_95' title='bbox 247 644 317 677; x_wconf 88' lang='lat' dir='ltr'>quo</span> <span class='ocrx_word' id='word_1_96' title='bbox 335 632 438 665; x_wconf 83' lang='lat' dir='ltr'>etiam</span> <span class='ocrx_word' id='word_1_97' title='bbox 456 629 522 664; x_wconf 86' lang='lat' dir='ltr'>hoc</span> <span class='ocrx_word' id='word_1_98' title='bbox 539 631 792 669; x_wconf 86' lang='lat' dir='ltr'>consideretur,</span> <span class='ocrx_word' id='word_1_99' title='bbox 809 630 903 674; x_wconf 92' lang='lat' dir='ltr'>quod</span> <span class='ocrx_word' id='word_1_100' title='bbox 922 627 1147 672; x_wconf 84' lang='lat' dir='ltr'>promissioni</span> <span class='ocrx_word' id='word_1_101' title='bbox 1163 627 1224 659; x_wconf 91' lang='lat' dir='ltr'>ad-</span> 
     </span>
     <span class='ocr_line' id='line_1_15' title="bbox 247 675 1229 726; baseline -0.006 -11"><span class='ocrx_word' id='word_1_102' title='bbox 247 682 406 725; x_wconf 87' lang='lat' dir='ltr'>iungitur</span> <span class='ocrx_word' id='word_1_103' title='bbox 424 688 645 726; x_wconf 87' lang='lat' dir='ltr'>praeceptum</span> <span class='ocrx_word' id='word_1_104' title='bbox 664 682 706 715; x_wconf 92' lang='lat' dir='ltr'>de</span> <span class='ocrx_word' id='word_1_105' title='bbox 722 680 791 715; x_wconf 84' lang='lat' dir='ltr'>fide</span> <span class='ocrx_word' id='word_1_106' title='bbox 809 688 841 714; x_wconf 89' lang='lat' dir='ltr'>et</span> <span class='ocrx_word' id='word_1_107' title='bbox 857 692 932 723; x_wconf 88' lang='lat' dir='ltr'>spe:</span> <span class='ocrx_word' id='word_1_108' title='bbox 962 676 1085 722; x_wconf 78' lang='lat' dir='ltr'>Speret</span> <span class='ocrx_word' id='word_1_109' title='bbox 1101 675 1229 710; x_wconf 60' lang='lat' dir='ltr'>Israe‘l</span> 
     </span>
     <span class='ocr_line' id='line_1_16' title="bbox 249 726 1230 777; baseline -0.008 -9"><span class='ocrx_word' id='word_1_110' title='bbox 249 732 287 766; x_wconf 87' lang='lat' dir='ltr'>in</span> <span class='ocrx_word' id='word_1_111' title='bbox 304 731 522 768; x_wconf 78' lang='lat' dir='ltr'>Dominum.</span> <span class='ocrx_word' id='word_1_112' title='bbox 558 731 605 766; x_wconf 84' lang='lat' dir='ltr'>Et</span> <span class='ocrx_word' id='word_1_113' title='bbox 624 732 781 777; x_wconf 85' lang='lat' dir='ltr'>sequitur</span> <span class='ocrx_word' id='word_1_114' title='bbox 798 730 996 774; x_wconf 84' lang='lat' dir='ltr'>promissio:</span> <span class='ocrx_word' id='word_1_115' title='bbox 1013 727 1113 775; x_wconf 75' lang='lat' dir='ltr'>Quia</span> <span class='ocrx_word' id='word_1_116' title='bbox 1126 726 1230 775; x_wconf 80' lang='lat' dir='ltr'>apud</span> 
     </span>
     <span class='ocr_line' id='line_1_17' title="bbox 245 777 1225 827; baseline -0.005 -11"><span class='ocrx_word' id='word_1_117' title='bbox 245 781 452 817; x_wconf 79' lang='lat' dir='ltr'>Dominum</span> <span class='ocrx_word' id='word_1_118' title='bbox 471 780 739 821; x_wconf 81' lang='lat' dir='ltr'>misericordia,</span> <span class='ocrx_word' id='word_1_119' title='bbox 766 786 795 814; x_wconf 81' lang='lat' dir='ltr'>et</span> <span class='ocrx_word' id='word_1_120' title='bbox 814 779 958 827; x_wconf 79' lang='lat' dir='ltr'>copiosa</span> <span class='ocrx_word' id='word_1_121' title='bbox 980 777 1085 826; x_wconf 76' lang='lat' dir='ltr'>apud</span> <span class='ocrx_word' id='word_1_122' title='bbox 1107 779 1225 826; x_wconf 76' lang='lat' dir='ltr'>ipsum</span> 
     </span>
     <span class='ocr_line' id='line_1_18' title="bbox 248 829 1224 878; baseline -0.005 -11"><span class='ocrx_word' id='word_1_123' title='bbox 248 832 419 867; x_wconf 80' lang='lat' dir='ltr'>redemtio</span> <span class='ocrx_word' id='word_1_124' title='bbox 437 838 507 874; x_wconf 78' lang='lat' dir='ltr'>est,</span> <span class='ocrx_word' id='word_1_125' title='bbox 538 837 567 866; x_wconf 78' lang='lat' dir='ltr'>et</span> <span class='ocrx_word' id='word_1_126' title='bbox 587 833 661 878; x_wconf 77' lang='lat' dir='ltr'>ipse</span> <span class='ocrx_word' id='word_1_127' title='bbox 679 830 824 865; x_wconf 80' lang='lat' dir='ltr'>redimet</span> <span class='ocrx_word' id='word_1_128' title='bbox 843 829 970 864; x_wconf 53' lang='lat' dir='ltr'>Israel</span> <span class='ocrx_word' id='word_1_129' title='bbox 993 842 1038 864; x_wconf 62' lang='lat' dir='ltr'>em</span> <span class='ocrx_word' id='word_1_130' title='bbox 1062 831 1224 863; x_wconf 76' lang='lat' dir='ltr'>omnibus</span> 
     </span>
     <span class='ocr_line' id='line_1_19' title="bbox 248 882 1225 932; baseline -0.004 -14"><span class='ocrx_word' id='word_1_131' title='bbox 248 883 508 932; x_wconf 76' lang='lat' dir='ltr'>iniquitalibus</span> <span class='ocrx_word' id='word_1_132' title='bbox 530 883 619 919; x_wconf 79' lang='lat' dir='ltr'>eius.</span> <span class='ocrx_word' id='word_1_133' title='bbox 673 883 749 917; x_wconf 90' lang='lat' dir='ltr'>Hae</span> <span class='ocrx_word' id='word_1_134' title='bbox 776 882 1026 927; x_wconf 83' lang='lat' dir='ltr'>promissiones</span> <span class='ocrx_word' id='word_1_135' title='bbox 1051 894 1124 914; x_wconf 89' lang='lat' dir='ltr'>non</span> <span class='ocrx_word' id='word_1_136' title='bbox 1149 888 1225 914; x_wconf 88' lang='lat' dir='ltr'>tan-</span> 
     </span>
     <span class='ocr_line' id='line_1_20' title="bbox 247 933 1223 977; baseline -0.005 -8"><span class='ocrx_word' id='word_1_137' title='bbox 247 944 323 970; x_wconf 90' lang='lat' dir='ltr'>tum</span> <span class='ocrx_word' id='word_1_138' title='bbox 339 936 381 968; x_wconf 90' lang='lat' dir='ltr'>ad</span> <span class='ocrx_word' id='word_1_139' title='bbox 397 936 538 968; x_wconf 91' lang='lat' dir='ltr'>initium</span> <span class='ocrx_word' id='word_1_140' title='bbox 555 934 794 968; x_wconf 84' lang='lat' dir='ltr'>conversionis</span> <span class='ocrx_word' id='word_1_141' title='bbox 812 933 1005 977; x_wconf 74' lang='lat' dir='ltr'>pertinent,</span> <span class='ocrx_word' id='word_1_142' title='bbox 1027 934 1085 966; x_wconf 90' lang='lat' dir='ltr'>sed</span> <span class='ocrx_word' id='word_1_143' title='bbox 1106 933 1149 965; x_wconf 89' lang='lat' dir='ltr'>ad</span> <span class='ocrx_word' id='word_1_144' title='bbox 1168 944 1223 965; x_wconf 90' lang='lat' dir='ltr'>ex-</span> 
     </span>
     <span class='ocr_line' id='line_1_21' title="bbox 248 984 1227 1028; baseline -0.006 -8"><span class='ocrx_word' id='word_1_145' title='bbox 248 986 408 1020; x_wconf 89' lang='lat' dir='ltr'>ercitium</span> <span class='ocrx_word' id='word_1_146' title='bbox 426 986 507 1019; x_wconf 90' lang='lat' dir='ltr'>fidei</span> <span class='ocrx_word' id='word_1_147' title='bbox 525 986 562 1018; x_wconf 90' lang='lat' dir='ltr'>in</span> <span class='ocrx_word' id='word_1_148' title='bbox 579 992 650 1018; x_wconf 86' lang='lat' dir='ltr'>tota</span> <span class='ocrx_word' id='word_1_149' title='bbox 671 985 754 1018; x_wconf 85' lang='lat' dir='ltr'>vita.</span> <span class='ocrx_word' id='word_1_150' title='bbox 810 984 1023 1028; x_wconf 79' lang='lat' dir='ltr'>Quanquam</span> <span class='ocrx_word' id='word_1_151' title='bbox 1049 984 1144 1016; x_wconf 83' lang='lat' dir='ltr'>enim</span> <span class='ocrx_word' id='word_1_152' title='bbox 1167 996 1227 1015; x_wconf 87' lang='lat' dir='ltr'>ve-</span> 
     </span>
     <span class='ocr_line' id='line_1_22' title="bbox 246 1033 1225 1072; baseline -0.004 -2"><span class='ocrx_word' id='word_1_153' title='bbox 246 1049 325 1070; x_wconf 89' lang='lat' dir='ltr'>rum</span> <span class='ocrx_word' id='word_1_154' title='bbox 344 1044 393 1070; x_wconf 89' lang='lat' dir='ltr'>est</span> <span class='ocrx_word' id='word_1_155' title='bbox 411 1037 447 1069; x_wconf 91' lang='lat' dir='ltr'>in</span> <span class='ocrx_word' id='word_1_156' title='bbox 466 1036 695 1069; x_wconf 83' lang='lat' dir='ltr'>conversione</span> <span class='ocrx_word' id='word_1_157' title='bbox 711 1033 794 1068; x_wconf 87' lang='lat' dir='ltr'>haec</span> <span class='ocrx_word' id='word_1_158' title='bbox 818 1035 909 1072; x_wconf 78' lang='lat' dir='ltr'>fieri,</span> <span class='ocrx_word' id='word_1_159' title='bbox 946 1034 1058 1067; x_wconf 85' lang='lat' dir='ltr'>Filius</span> <span class='ocrx_word' id='word_1_160' title='bbox 1083 1033 1148 1067; x_wconf 82' lang='lat' dir='ltr'>Dei</span> <span class='ocrx_word' id='word_1_161' title='bbox 1174 1033 1225 1066; x_wconf 81' lang='lat' dir='ltr'>vi-</span> 
     </span>
     <span class='ocr_line' id='line_1_23' title="bbox 247 1085 1224 1132; baseline -0.004 -12"><span class='ocrx_word' id='word_1_162' title='bbox 247 1088 362 1120; x_wconf 70' lang='lat' dir='ltr'>vificat</span> <span class='ocrx_word' id='word_1_163' title='bbox 380 1098 437 1120; x_wconf 89' lang='lat' dir='ltr'>eos</span> <span class='ocrx_word' id='word_1_164' title='bbox 454 1087 514 1132; x_wconf 90' lang='lat' dir='ltr'>qui</span> <span class='ocrx_word' id='word_1_165' title='bbox 531 1094 803 1126; x_wconf 86' lang='lat' dir='ltr'>convertuntur,</span> <span class='ocrx_word' id='word_1_166' title='bbox 830 1092 862 1118; x_wconf 83' lang='lat' dir='ltr'>et</span> <span class='ocrx_word' id='word_1_167' title='bbox 881 1085 1008 1119; x_wconf 87' lang='lat' dir='ltr'>liberat</span> <span class='ocrx_word' id='word_1_168' title='bbox 1027 1098 1066 1118; x_wconf 84' lang='lat' dir='ltr'>ex</span> <span class='ocrx_word' id='word_1_169' title='bbox 1086 1092 1224 1118; x_wconf 83' lang='lat' dir='ltr'>aeterna</span> 
     </span>
     <span class='ocr_line' id='line_1_24' title="bbox 245 1136 1225 1181; baseline -0.003 -10"><span class='ocrx_word' id='word_1_170' title='bbox 245 1144 377 1178; x_wconf 80' lang='lat' dir='ltr'>morte,</span> <span class='ocrx_word' id='word_1_171' title='bbox 420 1144 453 1171; x_wconf 88' lang='lat' dir='ltr'>et</span> <span class='ocrx_word' id='word_1_172' title='bbox 478 1137 670 1171; x_wconf 85' lang='lat' dir='ltr'>sanctificat</span> <span class='ocrx_word' id='word_1_173' title='bbox 693 1149 750 1170; x_wconf 91' lang='lat' dir='ltr'>eos</span> <span class='ocrx_word' id='word_1_174' title='bbox 774 1136 910 1181; x_wconf 87' lang='lat' dir='ltr'>Spiritu</span> <span class='ocrx_word' id='word_1_175' title='bbox 937 1148 999 1169; x_wconf 91' lang='lat' dir='ltr'>suo</span> <span class='ocrx_word' id='word_1_176' title='bbox 1021 1143 1160 1176; x_wconf 84' lang='lat' dir='ltr'>sancto,</span> <span class='ocrx_word' id='word_1_177' title='bbox 1194 1142 1225 1167; x_wconf 87' lang='lat' dir='ltr'>et</span> 
     </span>
     <span class='ocr_line' id='line_1_25' title="bbox 246 1186 1224 1232; baseline -0.002 -11"><span class='ocrx_word' id='word_1_178' title='bbox 246 1201 326 1221; x_wconf 76' lang='lat' dir='ltr'>vere</span> <span class='ocrx_word' id='word_1_179' title='bbox 344 1189 378 1221; x_wconf 90' lang='lat' dir='ltr'>in</span> <span class='ocrx_word' id='word_1_180' title='bbox 397 1188 446 1221; x_wconf 91' lang='lat' dir='ltr'>eis</span> <span class='ocrx_word' id='word_1_181' title='bbox 462 1188 628 1221; x_wconf 87' lang='lat' dir='ltr'>divinitas</span> <span class='ocrx_word' id='word_1_182' title='bbox 648 1186 798 1221; x_wconf 83' lang='lat' dir='ltr'>habitat:</span> <span class='ocrx_word' id='word_1_183' title='bbox 831 1194 947 1220; x_wconf 88' lang='lat' dir='ltr'>tamen</span> <span class='ocrx_word' id='word_1_184' title='bbox 962 1188 1126 1231; x_wconf 83' lang='lat' dir='ltr'>deinceps</span> <span class='ocrx_word' id='word_1_185' title='bbox 1137 1199 1224 1232; x_wconf 85' lang='lat' dir='ltr'>quo-</span> 
     </span>
     <span class='ocr_line' id='line_1_26' title="bbox 247 1237 1225 1285; baseline -0.002 -13"><span class='ocrx_word' id='word_1_186' title='bbox 247 1251 315 1285; x_wconf 88' lang='lat' dir='ltr'>que</span> <span class='ocrx_word' id='word_1_187' title='bbox 330 1239 514 1272; x_wconf 86' lang='lat' dir='ltr'>retinenda</span> <span class='ocrx_word' id='word_1_188' title='bbox 533 1246 583 1272; x_wconf 85' lang='lat' dir='ltr'>est</span> <span class='ocrx_word' id='word_1_189' title='bbox 600 1237 683 1271; x_wconf 87' lang='lat' dir='ltr'>haec</span> <span class='ocrx_word' id='word_1_190' title='bbox 701 1238 912 1278; x_wconf 89' lang='lat' dir='ltr'>consolatio,</span> <span class='ocrx_word' id='word_1_191' title='bbox 947 1239 1042 1283; x_wconf 89' lang='lat' dir='ltr'>quod</span> <span class='ocrx_word' id='word_1_192' title='bbox 1060 1238 1127 1270; x_wconf 87' lang='lat' dir='ltr'>fide</span> <span class='ocrx_word' id='word_1_193' title='bbox 1144 1249 1225 1281; x_wconf 87' lang='lat' dir='ltr'>pro-</span> 
     </span>
     <span class='ocr_line' id='line_1_27' title="bbox 246 1287 1224 1337; baseline -0.004 -13"><span class='ocrx_word' id='word_1_194' title='bbox 246 1298 324 1337; x_wconf 88' lang='lat' dir='ltr'>pter</span> <span class='ocrx_word' id='word_1_195' title='bbox 340 1289 471 1323; x_wconf 88' lang='lat' dir='ltr'>Filium</span> <span class='ocrx_word' id='word_1_196' title='bbox 491 1289 557 1323; x_wconf 92' lang='lat' dir='ltr'>Dei</span> <span class='ocrx_word' id='word_1_197' title='bbox 575 1289 845 1334; x_wconf 80' lang='lat' dir='ltr'>propiciatorem</span> <span class='ocrx_word' id='word_1_198' title='bbox 859 1288 974 1322; x_wconf 90' lang='lat' dir='ltr'>Deum</span> <span class='ocrx_word' id='word_1_199' title='bbox 993 1296 1026 1323; x_wconf 88' lang='lat' dir='ltr'>et</span> <span class='ocrx_word' id='word_1_200' title='bbox 1046 1287 1224 1322; x_wconf 86' lang='lat' dir='ltr'>hominem</span> 
     </span>
     <span class='ocr_line' id='line_1_28' title="bbox 248 1338 1226 1387; baseline -0.001 -14"><span class='ocrx_word' id='word_1_201' title='bbox 248 1339 376 1373; x_wconf 88' lang='lat' dir='ltr'>habeas</span> <span class='ocrx_word' id='word_1_202' title='bbox 394 1341 636 1374; x_wconf 83' lang='lat' dir='ltr'>remissionem</span> <span class='ocrx_word' id='word_1_203' title='bbox 659 1347 902 1387; x_wconf 85' lang='lat' dir='ltr'>peccatorum,</span> <span class='ocrx_word' id='word_1_204' title='bbox 931 1346 964 1373; x_wconf 92' lang='lat' dir='ltr'>et</span> <span class='ocrx_word' id='word_1_205' title='bbox 979 1338 1054 1373; x_wconf 89' lang='lat' dir='ltr'>Deo</span> <span class='ocrx_word' id='word_1_206' title='bbox 1079 1339 1226 1383; x_wconf 82' lang='lat' dir='ltr'>placeas.</span> 
     </span>
     <span class='ocr_line' id='line_1_29' title="bbox 245 1388 1226 1434; baseline -0.002 -10"><span class='ocrx_word' id='word_1_207' title='bbox 245 1390 348 1424; x_wconf 89' lang='lat' dir='ltr'>Hanc</span> <span class='ocrx_word' id='word_1_208' title='bbox 365 1392 594 1424; x_wconf 87' lang='lat' dir='ltr'>necessariam</span> <span class='ocrx_word' id='word_1_209' title='bbox 613 1391 889 1424; x_wconf 87' lang='lat' dir='ltr'>consolationem</span> <span class='ocrx_word' id='word_1_210' title='bbox 914 1397 1117 1434; x_wconf 90' lang='lat' dir='ltr'>proponunt</span> <span class='ocrx_word' id='word_1_211' title='bbox 1142 1388 1226 1422; x_wconf 84' lang='lat' dir='ltr'>haec</span> 
     </span>
     <span class='ocr_line' id='line_1_30' title="bbox 247 1441 1226 1486; baseline -0.003 -11"><span class='ocrx_word' id='word_1_212' title='bbox 247 1442 339 1475; x_wconf 85' lang='lat' dir='ltr'>dicta</span> <span class='ocrx_word' id='word_1_213' title='bbox 357 1442 395 1474; x_wconf 91' lang='lat' dir='ltr'>in</span> <span class='ocrx_word' id='word_1_214' title='bbox 411 1441 577 1483; x_wconf 88' lang='lat' dir='ltr'>Psalmis,</span> <span class='ocrx_word' id='word_1_215' title='bbox 610 1442 671 1486; x_wconf 86' lang='lat' dir='ltr'>qui</span> <span class='ocrx_word' id='word_1_216' title='bbox 690 1442 870 1474; x_wconf 87' lang='lat' dir='ltr'>deducunt</span> <span class='ocrx_word' id='word_1_217' title='bbox 888 1452 952 1474; x_wconf 91' lang='lat' dir='ltr'>nos</span> <span class='ocrx_word' id='word_1_218' title='bbox 968 1442 1010 1474; x_wconf 90' lang='lat' dir='ltr'>ad</span> <span class='ocrx_word' id='word_1_219' title='bbox 1028 1441 1226 1473; x_wconf 87' lang='lat' dir='ltr'>misericor-</span> 
     </span>
     <span class='ocr_line' id='line_1_31' title="bbox 247 1490 1226 1535; baseline -0.003 -9"><span class='ocrx_word' id='word_1_220' title='bbox 247 1493 359 1533; x_wconf 88' lang='lat' dir='ltr'>diam,</span> <span class='ocrx_word' id='word_1_221' title='bbox 393 1492 556 1526; x_wconf 74' lang='lat' dir='ltr'>videlicet</span> <span class='ocrx_word' id='word_1_222' title='bbox 589 1498 731 1535; x_wconf 87' lang='lat' dir='ltr'>propter</span> <span class='ocrx_word' id='word_1_223' title='bbox 752 1490 986 1525; x_wconf 88' lang='lat' dir='ltr'>Mediatorem</span> <span class='ocrx_word' id='word_1_224' title='bbox 1008 1491 1226 1535; x_wconf 80' lang='lat' dir='ltr'>promissam,</span> 
     </span>
     <span class='ocr_line' id='line_1_32' title="bbox 246 1542 1226 1576; baseline -0.003 0"><span class='ocrx_word' id='word_1_225' title='bbox 246 1543 341 1576; x_wconf 79' lang='lat' dir='ltr'>iuxta</span> <span class='ocrx_word' id='word_1_226' title='bbox 359 1543 419 1575; x_wconf 88' lang='lat' dir='ltr'>illa</span> <span class='ocrx_word' id='word_1_227' title='bbox 437 1543 544 1575; x_wconf 81' lang='lat' dir='ltr'>dicta:</span> <span class='ocrx_word' id='word_1_228' title='bbox 562 1542 642 1576; x_wconf 85' lang='lat' dir='ltr'>Non</span> <span class='ocrx_word' id='word_1_229' title='bbox 662 1543 771 1575; x_wconf 86' lang='lat' dir='ltr'>intres</span> <span class='ocrx_word' id='word_1_230' title='bbox 787 1542 824 1573; x_wconf 92' lang='lat' dir='ltr'>in</span> <span class='ocrx_word' id='word_1_231' title='bbox 841 1542 1011 1575; x_wconf 88' lang='lat' dir='ltr'>iudicium</span> <span class='ocrx_word' id='word_1_232' title='bbox 1030 1554 1108 1575; x_wconf 89' lang='lat' dir='ltr'>cum</span> <span class='ocrx_word' id='word_1_233' title='bbox 1127 1553 1226 1575; x_wconf 90' lang='lat' dir='ltr'>servo</span> 
     </span>
     <span class='ocr_line' id='line_1_33' title="bbox 246 1591 1225 1634; baseline -0.003 -8"><span class='ocrx_word' id='word_1_234' title='bbox 246 1601 318 1627; x_wconf 91' lang='lat' dir='ltr'>tuo.</span> <span class='ocrx_word' id='word_1_235' title='bbox 372 1591 474 1626; x_wconf 82' lang='lat' dir='ltr'>Item:</span> <span class='ocrx_word' id='word_1_236' title='bbox 509 1592 589 1626; x_wconf 88' lang='lat' dir='ltr'>Non</span> <span class='ocrx_word' id='word_1_237' title='bbox 613 1592 694 1625; x_wconf 87' lang='lat' dir='ltr'>estis</span> <span class='ocrx_word' id='word_1_238' title='bbox 718 1593 782 1624; x_wconf 86' lang='lat' dir='ltr'>sub</span> <span class='ocrx_word' id='word_1_239' title='bbox 809 1592 901 1634; x_wconf 84' lang='lat' dir='ltr'>lege,</span> <span class='ocrx_word' id='word_1_240' title='bbox 929 1593 987 1625; x_wconf 84' lang='lat' dir='ltr'>sed</span> <span class='ocrx_word' id='word_1_241' title='bbox 1012 1593 1077 1624; x_wconf 89' lang='lat' dir='ltr'>sub</span> <span class='ocrx_word' id='word_1_242' title='bbox 1103 1592 1225 1634; x_wconf 87' lang='lat' dir='ltr'>gratia.</span> 
     </span>
     <span class='ocr_line' id='line_1_34' title="bbox 247 1641 1225 1688; baseline -0.002 -12"><span class='ocrx_word' id='word_1_243' title='bbox 247 1643 292 1677; x_wconf 82' lang='lat' dir='ltr'>Et</span> <span class='ocrx_word' id='word_1_244' title='bbox 311 1643 398 1676; x_wconf 90' lang='lat' dir='ltr'>sicut</span> <span class='ocrx_word' id='word_1_245' title='bbox 414 1641 471 1676; x_wconf 88' lang='lat' dir='ltr'>hic</span> <span class='ocrx_word' id='word_1_246' title='bbox 495 1643 627 1688; x_wconf 90' lang='lat' dir='ltr'>inquit:</span> <span class='ocrx_word' id='word_1_247' title='bbox 664 1642 768 1686; x_wconf 87' lang='lat' dir='ltr'>Apud</span> <span class='ocrx_word' id='word_1_248' title='bbox 792 1641 987 1675; x_wconf 90' lang='lat' dir='ltr'>Dominum</span> <span class='ocrx_word' id='word_1_249' title='bbox 1014 1643 1153 1686; x_wconf 83' lang='lat' dir='ltr'>copiosa</span> <span class='ocrx_word' id='word_1_250' title='bbox 1178 1648 1225 1674; x_wconf 89' lang='lat' dir='ltr'>est</span> 
     </span>
     <span class='ocr_line' id='line_1_35' title="bbox 247 1691 1226 1736; baseline -0.002 -9"><span class='ocrx_word' id='word_1_251' title='bbox 247 1694 438 1735; x_wconf 85' lang='lat' dir='ltr'>redemtio,</span> <span class='ocrx_word' id='word_1_252' title='bbox 467 1693 512 1727; x_wconf 88' lang='lat' dir='ltr'>ita</span> <span class='ocrx_word' id='word_1_253' title='bbox 527 1693 659 1727; x_wconf 91' lang='lat' dir='ltr'>Paulus</span> <span class='ocrx_word' id='word_1_254' title='bbox 684 1693 745 1726; x_wconf 81' lang='lat' dir='ltr'>ait:</span> <span class='ocrx_word' id='word_1_255' title='bbox 782 1691 905 1726; x_wconf 87' lang='lat' dir='ltr'>Gratia</span> <span class='ocrx_word' id='word_1_256' title='bbox 932 1694 1098 1726; x_wconf 80' lang='lat' dir='ltr'>exuberat,</span> <span class='ocrx_word' id='word_1_257' title='bbox 1124 1705 1226 1736; x_wconf 77' lang='lat' dir='ltr'>supra</span> 
     </span>
     <span class='ocr_line' id='line_1_36' title="bbox 245 1743 1227 1788; baseline -0.003 -10"><span class='ocrx_word' id='word_1_258' title='bbox 245 1751 435 1788; x_wconf 87' lang='lat' dir='ltr'>peccatum.</span> <span class='ocrx_word' id='word_1_259' title='bbox 490 1743 595 1778; x_wconf 86' lang='lat' dir='ltr'>Item:</span> <span class='ocrx_word' id='word_1_260' title='bbox 626 1743 749 1777; x_wconf 77' lang='lat' dir='ltr'>Gratia</span> <span class='ocrx_word' id='word_1_261' title='bbox 767 1743 860 1783; x_wconf 90' lang='lat' dir='ltr'>Deo,</span> <span class='ocrx_word' id='word_1_262' title='bbox 887 1744 947 1788; x_wconf 86' lang='lat' dir='ltr'>qui</span> <span class='ocrx_word' id='word_1_263' title='bbox 965 1746 1023 1777; x_wconf 64' lang='lat' dir='ltr'>dat</span> <span class='ocrx_word' id='word_1_264' title='bbox 1046 1745 1150 1777; x_wconf 90' lang='lat' dir='ltr'>nobis</span> <span class='ocrx_word' id='word_1_265' title='bbox 1175 1744 1227 1775; x_wconf 86' lang='lat' dir='ltr'>vi-</span> 
     </span>
     <span class='ocr_line' id='line_1_37' title="bbox 245 1793 1227 1839; baseline -0.003 -10"><span class='ocrx_word' id='word_1_266' title='bbox 245 1796 391 1829; x_wconf 88' lang='lat' dir='ltr'>ctoriam</span> <span class='ocrx_word' id='word_1_267' title='bbox 410 1807 470 1839; x_wconf 88' lang='lat' dir='ltr'>per</span> <span class='ocrx_word' id='word_1_268' title='bbox 487 1794 600 1828; x_wconf 84' lang='lat' dir='ltr'>Iesum</span> <span class='ocrx_word' id='word_1_269' title='bbox 618 1793 800 1828; x_wconf 86' lang='lat' dir='ltr'>Christum</span> <span class='ocrx_word' id='word_1_270' title='bbox 820 1801 851 1827; x_wconf 87' lang='lat' dir='ltr'>et</span> <span class='ocrx_word' id='word_1_271' title='bbox 871 1795 1145 1828; x_wconf 85' lang='lat' dir='ltr'>sanctificantem</span> <span class='ocrx_word' id='word_1_272' title='bbox 1164 1806 1227 1828; x_wconf 79' lang='lat' dir='ltr'>nos</span> 
     </span>
     <span class='ocr_line' id='line_1_38' title="bbox 245 1845 753 1891; baseline -0.004 -11"><span class='ocrx_word' id='word_1_273' title='bbox 245 1854 277 1880; x_wconf 86' lang='lat' dir='ltr'>et</span> <span class='ocrx_word' id='word_1_274' title='bbox 295 1848 537 1891; x_wconf 83' lang='lat' dir='ltr'>deprecantem</span> <span class='ocrx_word' id='word_1_275' title='bbox 559 1858 622 1890; x_wconf 90' lang='lat' dir='ltr'>pro</span> <span class='ocrx_word' id='word_1_276' title='bbox 640 1845 753 1891; x_wconf 82' lang='lat' dir='ltr'>nobis.</span> 
     </span>
    </p>
   </div>
   <div class='ocr_carea' id='block_1_7' title="bbox 386 1964 1095 2009">
    <p class='ocr_par' dir='ltr' id='par_1_7' title="bbox 386 1964 1095 2009">
     <span class='ocr_line' id='line_1_39' title="bbox 386 1964 1095 2009; baseline 0.001 -13"><span class='ocrx_word' id='word_1_277' title='bbox 386 1964 722 2009; x_wconf 65' lang='lat' dir='ltr'>Argumentum</span> <span class='ocrx_word' id='word_1_278' title='bbox 752 1975 805 1997; x_wconf 71' lang='lat' dir='ltr'>ac</span> <span class='ocrx_word' id='word_1_279' title='bbox 834 1964 1095 2007; x_wconf 73' lang='lat' dir='ltr'>dispositio</span> 
     </span>
    </p>
   </div>
   <div class='ocr_carea' id='block_1_8' title="bbox 545 2028 933 2129">
    <p class='ocr_par' dir='ltr' id='par_1_8' title="bbox 545 2028 933 2129">
     <span class='ocr_line' id='line_1_40' title="bbox 545 2028 933 2070; baseline 0.005 -2"><span class='ocrx_word' id='word_1_280' title='bbox 545 2028 703 2068; x_wconf 82' lang='lat' dir='ltr'>Psalmi</span> <span class='ocrx_word' id='word_1_281' title='bbox 732 2029 933 2070; x_wconf 85' lang='lat' dir='ltr'>CXXXI.</span> 
     </span>
     <span class='ocr_line' id='line_1_41' title="bbox 597 2100 877 2129; baseline 0.007 -2"><span class='ocrx_word' id='word_1_282' title='bbox 597 2101 789 2128; x_wconf 77' lang='lat' dir='ltr'>Graduum</span> <span class='ocrx_word' id='word_1_283' title='bbox 813 2100 877 2129; x_wconf 86' lang='lat' dir='ltr'>Xlt.</span> 
     </span>
    </p>
   </div>
   <div class='ocr_carea' id='block_1_9' title="bbox 298 2162 1229 2255">
    <p class='ocr_par' dir='ltr' id='par_1_9' title="bbox 298 2162 1229 2255">
     <span class='ocr_line' id='line_1_42' title="bbox 299 2162 1229 2206; baseline 0.004 -11"><span class='ocrx_word' id='word_1_284' title='bbox 299 2162 461 2195; x_wconf 79' lang='lat' dir='ltr'>Domine</span> <span class='ocrx_word' id='word_1_285' title='bbox 484 2171 555 2194; x_wconf 79' lang='lat' dir='ltr'>non</span> <span class='ocrx_word' id='word_1_286' title='bbox 579 2165 636 2195; x_wconf 78' lang='lat' dir='ltr'>est</span> <span class='ocrx_word' id='word_1_287' title='bbox 660 2162 870 2196; x_wconf 73' lang='lat' dir='ltr'>exaltatum</span> <span class='ocrx_word' id='word_1_288' title='bbox 897 2173 957 2195; x_wconf 81' lang='lat' dir='ltr'>cor</span> <span class='ocrx_word' id='word_1_289' title='bbox 980 2174 1123 2206; x_wconf 82' lang='lat' dir='ltr'>meum,</span> <span class='ocrx_word' id='word_1_290' title='bbox 1160 2176 1229 2199; x_wconf 76' lang='lat' dir='ltr'>nec</span> 
     </span>
     <span class='ocr_line' id='line_1_43' title="bbox 298 2213 850 2255; baseline 0 -9"><span class='ocrx_word' id='word_1_291' title='bbox 298 2214 391 2246; x_wconf 79' lang='lat' dir='ltr'>elati</span> <span class='ocrx_word' id='word_1_292' title='bbox 415 2216 501 2246; x_wconf 78' lang='lat' dir='ltr'>sunt</span> <span class='ocrx_word' id='word_1_293' title='bbox 525 2213 621 2246; x_wconf 67' lang='lat' dir='ltr'>ocule·</span> <span class='ocrx_word' id='word_1_294' title='bbox 651 2215 742 2255; x_wconf 80' lang='lat' dir='ltr'>mei,</span> <span class='ocrx_word' id='word_1_295' title='bbox 779 2218 850 2246; x_wconf 80' lang='lat' dir='ltr'>etc.</span> 
     </span>
    </p>
   </div>
   <div class='ocr_carea' id='block_1_10' title="bbox 248 2279 1227 2425">
    <p class='ocr_par' dir='ltr' id='par_1_10' title="bbox 248 2279 1227 2425">
     <span class='ocr_line' id='line_1_44' title="bbox 351 2279 1226 2325; baseline 0.006 -14"><span class='ocrx_word' id='word_1_296' title='bbox 351 2279 523 2312; x_wconf 84' lang='lat' dir='ltr'>Doctrina</span> <span class='ocrx_word' id='word_1_297' title='bbox 542 2286 591 2313; x_wconf 90' lang='lat' dir='ltr'>est</span> <span class='ocrx_word' id='word_1_298' title='bbox 608 2285 728 2313; x_wconf 88' lang='lat' dir='ltr'>contra</span> <span class='ocrx_word' id='word_1_299' title='bbox 750 2279 964 2324; x_wconf 84' lang='lat' dir='ltr'>superbiam,</span> <span class='ocrx_word' id='word_1_300' title='bbox 984 2292 1071 2325; x_wconf 85' lang='lat' dir='ltr'>quae</span> <span class='ocrx_word' id='word_1_301' title='bbox 1081 2283 1226 2317; x_wconf 84' lang='lat' dir='ltr'>cstfidu-</span> 
     </span>
     <span class='ocr_line' id='line_1_45' title="bbox 248 2329 1227 2373; baseline 0.006 -11"><span class='ocrx_word' id='word_1_302' title='bbox 248 2329 299 2363; x_wconf 91' lang='lat' dir='ltr'>cia</span> <span class='ocrx_word' id='word_1_303' title='bbox 321 2329 482 2373; x_wconf 87' lang='lat' dir='ltr'>propriae</span> <span class='ocrx_word' id='word_1_304' title='bbox 500 2329 709 2373; x_wconf 76' lang='lat' dir='ltr'>sapientiae,</span> <span class='ocrx_word' id='word_1_305' title='bbox 739 2331 896 2365; x_wconf 86' lang='lat' dir='ltr'>iusticiae</span> <span class='ocrx_word' id='word_1_306' title='bbox 917 2332 971 2364; x_wconf 85' lang='lat' dir='ltr'>vel</span> <span class='ocrx_word' id='word_1_307' title='bbox 996 2332 1127 2365; x_wconf 76' lang='lat' dir='ltr'>virium</span> <span class='ocrx_word' id='word_1_308' title='bbox 1152 2347 1227 2368; x_wconf 90' lang='lat' dir='ltr'>mo-</span> 
     </span>
     <span class='ocr_line' id='line_1_46' title="bbox 250 2380 1227 2425; baseline 0.006 -13"><span class='ocrx_word' id='word_1_309' title='bbox 250 2391 328 2413; x_wconf 87' lang='lat' dir='ltr'>vere</span> <span class='ocrx_word' id='word_1_310' title='bbox 344 2380 478 2425; x_wconf 87' lang='lat' dir='ltr'>aliquid</span> <span class='ocrx_word' id='word_1_311' title='bbox 499 2380 573 2413; x_wconf 91' lang='lat' dir='ltr'>sine</span> <span class='ocrx_word' id='word_1_312' title='bbox 590 2381 697 2414; x_wconf 72' lang='lat' dir='ltr'>verbo</span> <span class='ocrx_word' id='word_1_313' title='bbox 714 2380 799 2422; x_wconf 85' lang='lat' dir='ltr'>Dei,</span> <span class='ocrx_word' id='word_1_314' title='bbox 822 2382 897 2415; x_wconf 87' lang='lat' dir='ltr'>sine</span> <span class='ocrx_word' id='word_1_315' title='bbox 915 2383 1097 2416; x_wconf 86' lang='lat' dir='ltr'>vocatione</span> <span class='ocrx_word' id='word_1_316' title='bbox 1113 2396 1151 2417; x_wconf 91' lang='lat' dir='ltr'>ac</span> <span class='ocrx_word' id='word_1_317' title='bbox 1166 2397 1227 2418; x_wconf 90' lang='lat' dir='ltr'>ne—</span> 
     </span>
    </p>
   </div>
   <div class='ocr_carea' id='block_1_11' title="bbox 250 2430 1252 2478">
    <p class='ocr_par' dir='ltr' id='par_1_11' title="bbox 250 2430 1252 2478">
     <span class='ocr_line' id='line_1_47' title="bbox 250 2430 1252 2478; baseline 0.006 -16"><span class='ocrx_word' id='word_1_318' title='bbox 250 2430 423 2471; x_wconf 84' lang='lat' dir='ltr'>cessitate,</span> <span class='ocrx_word' id='word_1_319' title='bbox 457 2430 640 2464; x_wconf 84' lang='lat' dir='ltr'>incitatum</span> <span class='ocrx_word' id='word_1_320' title='bbox 667 2443 878 2478; x_wconf 87' lang='lat' dir='ltr'>quocunque</span> <span class='ocrx_word' id='word_1_321' title='bbox 903 2434 1027 2471; x_wconf 82' lang='lat' dir='ltr'>modo,</span> <span class='ocrx_word' id='word_1_322' title='bbox 1065 2434 1137 2467; x_wconf 85' lang='lat' dir='ltr'>sive</span> <span class='ocrx_word' id='word_1_323' title='bbox 1167 2448 1224 2468; x_wconf 84' lang='lat' dir='ltr'>cu—</span> <span class='ocrx_word' id='word_1_324' title='bbox 1250 2437 1252 2449; x_wconf 78' lang='lat'><strong>⁴</strong></span> 
     </span>
    </p>
   </div>
   <div class='ocr_carea' id='block_1_12' title="bbox 249 2480 1227 2528">
    <p class='ocr_par' dir='ltr' id='par_1_12' title="bbox 249 2480 1227 2528">
     <span class='ocr_line' id='line_1_48' title="bbox 249 2480 1227 2528; baseline 0.007 -17"><span class='ocrx_word' id='word_1_325' title='bbox 249 2480 425 2521; x_wconf 84' lang='lat' dir='ltr'>riositate,</span> <span class='ocrx_word' id='word_1_326' title='bbox 467 2481 538 2514; x_wconf 86' lang='lat' dir='ltr'>sive</span> <span class='ocrx_word' id='word_1_327' title='bbox 563 2482 669 2515; x_wconf 86' lang='lat' dir='ltr'>stulto</span> <span class='ocrx_word' id='word_1_328' title='bbox 692 2483 785 2524; x_wconf 83' lang='lat' dir='ltr'>zelo,</span> <span class='ocrx_word' id='word_1_329' title='bbox 827 2484 898 2516; x_wconf 83' lang='lat' dir='ltr'>sive</span> <span class='ocrx_word' id='word_1_330' title='bbox 926 2485 1117 2528; x_wconf 87' lang='lat' dir='ltr'>cupiditate</span> <span class='ocrx_word' id='word_1_331' title='bbox 1147 2485 1227 2518; x_wconf 86' lang='lat' dir='ltr'>vin—</span> 
     </span>
    </p>
   </div>
   <div class='ocr_carea' id='block_1_13' title="bbox 250 2530 1250 2593">
    <p class='ocr_par' dir='ltr' id='par_1_13' title="bbox 250 2530 1250 2593">
     <span class='ocr_line' id='line_1_49' title="bbox 250 2530 1250 2593; baseline 0.009 -31"><span class='ocrx_word' id='word_1_332' title='bbox 250 2530 361 2563; x_wconf 85' lang='lat' dir='ltr'>dictae</span> <span class='ocrx_word' id='word_1_333' title='bbox 372 2555 384 2573; x_wconf 84' lang='lat'>,</span> <span class='ocrx_word' id='word_1_334' title='bbox 411 2530 482 2564; x_wconf 90' lang='lat' dir='ltr'>sive</span> <span class='ocrx_word' id='word_1_335' title='bbox 499 2532 577 2564; x_wconf 88' lang='lat' dir='ltr'>aliis</span> <span class='ocrx_word' id='word_1_336' title='bbox 592 2533 715 2566; x_wconf 81' lang='lat' dir='ltr'>causis.</span> <span class='ocrx_word' id='word_1_337' title='bbox 1248 2573 1250 2593; x_wconf 55' lang='grc' dir='ltr'>Ι</span> 
     </span>
    </p>
   </div>
   <div class='ocr_carea' id='block_1_14' title="bbox 250 2594 1250 2698">
    <p class='ocr_par' dir='ltr' id='par_1_14' title="bbox 250 2594 1250 2698">
     <span class='ocr_line' id='line_1_50' title="bbox 351 2594 1250 2647; baseline 0.01 -18"><span class='ocrx_word' id='word_1_338' title='bbox 351 2596 419 2629; x_wconf 92' lang='lat' dir='ltr'>Hic</span> <span class='ocrx_word' id='word_1_339' title='bbox 446 2598 696 2642; x_wconf 84' lang='lat' dir='ltr'>descriptiones</span> <span class='ocrx_word' id='word_1_340' title='bbox 720 2608 916 2635; x_wconf 87' lang='lat' dir='ltr'>teneantur.</span> <span class='ocrx_word' id='word_1_341' title='bbox 979 2601 1152 2647; x_wconf 86' lang='lat' dir='ltr'>Superbia</span> <span class='ocrx_word' id='word_1_342' title='bbox 1176 2611 1226 2638; x_wconf 86' lang='lat' dir='ltr'>est</span> <span class='ocrx_word' id='word_1_343' title='bbox 1248 2594 1250 2598; x_wconf 36' lang='lat'><strong><em>¹</em></strong></span> 
     </span>
     <span class='ocr_line' id='line_1_51' title="bbox 250 2648 1225 2698; baseline 0.007 -16"><span class='ocrx_word' id='word_1_344' title='bbox 250 2659 322 2682; x_wconf 88' lang='lat' dir='ltr'>esse</span> <span class='ocrx_word' id='word_1_345' title='bbox 359 2648 435 2697; x_wconf 82' lang='lat' dir='ltr'>sine</span> <span class='ocrx_word' id='word_1_346' title='bbox 469 2648 595 2682; x_wconf 88' lang='lat' dir='ltr'>timore</span> <span class='ocrx_word' id='word_1_347' title='bbox 619 2648 685 2683; x_wconf 78' lang='lat' dir='ltr'>Dei</span> <span class='ocrx_word' id='word_1_348' title='bbox 713 2659 745 2685; x_wconf 89' lang='lat' dir='ltr'>et</span> <span class='ocrx_word' id='word_1_349' title='bbox 769 2652 895 2685; x_wconf 87' lang='lat' dir='ltr'>fiducia</span> <span class='ocrx_word' id='word_1_350' title='bbox 920 2663 1002 2687; x_wconf 85' lang='lat' dir='ltr'>suae</span> <span class='ocrx_word' id='word_1_351' title='bbox 1025 2655 1225 2698; x_wconf 86' lang='lat' dir='ltr'>sapientiae,</span> 
     </span>
    </p>
   </div>
   <div class='ocr_carea' id='block_1_15' title="bbox 1252 1651 1257 2681">
    <p class='ocr_par' dir='ltr' id='par_1_15' title="bbox 1252 1651 1257 2681">
     <span class='ocr_line' id='line_1_52' title="bbox 1252 1651 1257 2681; baseline 0 0"><span class='ocrx_word' id='word_1_352' title='bbox 1252 1651 1257 2681; x_wconf 95' lang='lat' dir='ltr'> </span> 
     </span>
    </p>
   </div>
   <div class='ocr_carea' id='block_1_16' title="bbox 1279 220 2257 267">
    <p class='ocr_par' dir='ltr' id='par_1_16' title="bbox 1279 220 2257 267">
     <span class='ocr_line' id='line_1_53' title="bbox 1279 220 2257 267; baseline 0.003 -13"><span class='ocrx_word' id='word_1_353' title='bbox 1279 222 1410 254; x_wconf 83' lang='lat' dir='ltr'>malum</span> <span class='ocrx_word' id='word_1_354' title='bbox 1435 221 1472 253; x_wconf 90' lang='lat' dir='ltr'>in</span> <span class='ocrx_word' id='word_1_355' title='bbox 1499 220 1680 255; x_wconf 84' lang='lat' dir='ltr'>effectibus</span> <span class='ocrx_word' id='word_1_356' title='bbox 1706 220 1880 262; x_wconf 89' lang='lat' dir='ltr'>cernitur,</span> <span class='ocrx_word' id='word_1_357' title='bbox 1917 223 1999 267; x_wconf 88' lang='lat' dir='ltr'>quia</span> <span class='ocrx_word' id='word_1_358' title='bbox 2022 221 2107 257; x_wconf 89' lang='lat' dir='ltr'>haec</span> <span class='ocrx_word' id='word_1_359' title='bbox 2129 224 2257 257; x_wconf 88' lang='lat' dir='ltr'>fiducia</span> 
     </span>
    </p>
   </div>
   <div class='ocr_carea' id='block_1_17' title="bbox 1277 322 2262 2143">
    <p class='ocr_par' dir='ltr' id='par_1_17' title="bbox 1278 322 2258 469">
     <span class='ocr_line' id='line_1_54' title="bbox 1278 322 2258 364; baseline 0.002 -8"><span class='ocrx_word' id='word_1_360' title='bbox 1278 324 1359 357; x_wconf 90' lang='lat' dir='ltr'>dato</span> <span class='ocrx_word' id='word_1_361' title='bbox 1372 322 1458 362; x_wconf 81' lang='lat' dir='ltr'>Dei,</span> <span class='ocrx_word' id='word_1_362' title='bbox 1485 322 1559 355; x_wconf 89' lang='lat' dir='ltr'>sine</span> <span class='ocrx_word' id='word_1_363' title='bbox 1577 323 1776 364; x_wconf 89' lang='lat' dir='ltr'>vocatione,</span> <span class='ocrx_word' id='word_1_364' title='bbox 1804 323 1879 356; x_wconf 90' lang='lat' dir='ltr'>sine</span> <span class='ocrx_word' id='word_1_365' title='bbox 1896 324 2112 364; x_wconf 89' lang='lat' dir='ltr'>necessitate,</span> <span class='ocrx_word' id='word_1_366' title='bbox 2131 331 2170 358; x_wconf 90' lang='lat' dir='ltr'>ut</span> <span class='ocrx_word' id='word_1_367' title='bbox 2181 325 2258 358; x_wconf 90' lang='lat' dir='ltr'>An-</span> 
     </span>
     <span class='ocr_line' id='line_1_55' title="bbox 1278 372 2258 420; baseline 0.002 -13"><span class='ocrx_word' id='word_1_368' title='bbox 1278 374 1396 407; x_wconf 88' lang='lat' dir='ltr'>tonius</span> <span class='ocrx_word' id='word_1_369' title='bbox 1414 379 1531 406; x_wconf 83' lang='lat' dir='ltr'>movet</span> <span class='ocrx_word' id='word_1_370' title='bbox 1558 374 1649 406; x_wconf 86' lang='lat' dir='ltr'>bella</span> <span class='ocrx_word' id='word_1_371' title='bbox 1672 380 1793 408; x_wconf 88' lang='lat' dir='ltr'>contra</span> <span class='ocrx_word' id='word_1_372' title='bbox 1816 372 2039 418; x_wconf 84' lang='lat' dir='ltr'>Augustum,</span> <span class='ocrx_word' id='word_1_373' title='bbox 2071 386 2175 420; x_wconf 88' lang='lat' dir='ltr'>quem</span> <span class='ocrx_word' id='word_1_374' title='bbox 2200 386 2258 409; x_wconf 93' lang='lat' dir='ltr'>su-</span> 
     </span>
     <span class='ocr_line' id='line_1_56' title="bbox 1278 424 1609 469; baseline -0.003 -11"><span class='ocrx_word' id='word_1_375' title='bbox 1278 426 1385 469; x_wconf 90' lang='lat' dir='ltr'>perbe</span> <span class='ocrx_word' id='word_1_376' title='bbox 1403 424 1609 460; x_wconf 86' lang='lat' dir='ltr'>contemnit.</span> 
     </span>
    </p>

    <p class='ocr_par' dir='ltr' id='par_1_18' title="bbox 1277 473 2260 1019">
     <span class='ocr_line' id='line_1_57' title="bbox 1378 473 2259 518; baseline 0.002 -11"><span class='ocrx_word' id='word_1_377' title='bbox 1378 474 1570 508; x_wconf 90' lang='lat' dir='ltr'>Humilitas</span> <span class='ocrx_word' id='word_1_378' title='bbox 1588 487 1669 507; x_wconf 82' lang='lat' dir='ltr'>vero</span> <span class='ocrx_word' id='word_1_379' title='bbox 1697 481 1747 508; x_wconf 91' lang='lat' dir='ltr'>est</span> <span class='ocrx_word' id='word_1_380' title='bbox 1771 475 1809 508; x_wconf 91' lang='lat' dir='ltr'>in</span> <span class='ocrx_word' id='word_1_381' title='bbox 1830 475 1957 509; x_wconf 90' lang='lat' dir='ltr'>timore</span> <span class='ocrx_word' id='word_1_382' title='bbox 1982 473 2048 508; x_wconf 86' lang='lat' dir='ltr'>Dei</span> <span class='ocrx_word' id='word_1_383' title='bbox 2072 487 2259 518; x_wconf 86' lang='lat' dir='ltr'>agnoscere</span> 
     </span>
     <span class='ocr_line' id='line_1_58' title="bbox 1278 523 2259 569; baseline 0.001 -11"><span class='ocrx_word' id='word_1_384' title='bbox 1278 525 1457 569; x_wconf 86' lang='lat' dir='ltr'>propriam</span> <span class='ocrx_word' id='word_1_385' title='bbox 1484 525 1743 566; x_wconf 86' lang='lat' dir='ltr'>infirmitatem,</span> <span class='ocrx_word' id='word_1_386' title='bbox 1783 533 1817 560; x_wconf 85' lang='lat' dir='ltr'>et</span> <span class='ocrx_word' id='word_1_387' title='bbox 1839 538 1913 559; x_wconf 92' lang='lat' dir='ltr'>non</span> <span class='ocrx_word' id='word_1_388' title='bbox 1940 523 2068 560; x_wconf 89' lang='lat' dir='ltr'>habere</span> <span class='ocrx_word' id='word_1_389' title='bbox 2094 527 2259 560; x_wconf 79' lang='lat' dir='ltr'>fiduciam</span> 
     </span>
     <span class='ocr_line' id='line_1_59' title="bbox 1278 575 2259 619; baseline 0.002 -10"><span class='ocrx_word' id='word_1_390' title='bbox 1278 589 1359 610; x_wconf 89' lang='lat' dir='ltr'>suae</span> <span class='ocrx_word' id='word_1_391' title='bbox 1377 576 1586 619; x_wconf 87' lang='lat' dir='ltr'>sapientiae,</span> <span class='ocrx_word' id='word_1_392' title='bbox 1612 575 1769 610; x_wconf 86' lang='lat' dir='ltr'>iusticiae</span> <span class='ocrx_word' id='word_1_393' title='bbox 1784 583 1844 611; x_wconf 85' lang='lat' dir='ltr'>aut</span> <span class='ocrx_word' id='word_1_394' title='bbox 1862 577 2008 610; x_wconf 91' lang='lat' dir='ltr'>virium:</span> <span class='ocrx_word' id='word_1_395' title='bbox 2052 578 2110 610; x_wconf 90' lang='lat' dir='ltr'>sed</span> <span class='ocrx_word' id='word_1_396' title='bbox 2130 576 2259 611; x_wconf 86' lang='lat' dir='ltr'>fiducia</span> 
     </span>
     <span class='ocr_line' id='line_1_60' title="bbox 1278 625 2260 667; baseline 0.001 -7"><span class='ocrx_word' id='word_1_397' title='bbox 1278 626 1400 660; x_wconf 86' lang='lat' dir='ltr'>auxilii</span> <span class='ocrx_word' id='word_1_398' title='bbox 1419 627 1532 660; x_wconf 90' lang='lat' dir='ltr'>divini</span> <span class='ocrx_word' id='word_1_399' title='bbox 1558 627 1702 660; x_wconf 91' lang='lat' dir='ltr'>obedire</span> <span class='ocrx_word' id='word_1_400' title='bbox 1723 627 1918 667; x_wconf 80' lang='lat' dir='ltr'>vocationi,</span> <span class='ocrx_word' id='word_1_401' title='bbox 1953 634 1986 661; x_wconf 90' lang='lat' dir='ltr'>et</span> <span class='ocrx_word' id='word_1_402' title='bbox 2008 625 2099 660; x_wconf 85' lang='lat' dir='ltr'>nihil</span> <span class='ocrx_word' id='word_1_403' title='bbox 2124 634 2260 662; x_wconf 87' lang='lat' dir='ltr'>tentare</span> 
     </span>
     <span class='ocr_line' id='line_1_61' title="bbox 1277 676 2260 723; baseline 0.003 -13"><span class='ocrx_word' id='word_1_404' title='bbox 1277 678 1353 711; x_wconf 88' lang='lat' dir='ltr'>sine</span> <span class='ocrx_word' id='word_1_405' title='bbox 1381 678 1489 711; x_wconf 89' lang='lat' dir='ltr'>verbo</span> <span class='ocrx_word' id='word_1_406' title='bbox 1513 676 1578 710; x_wconf 83' lang='lat' dir='ltr'>Dei</span> <span class='ocrx_word' id='word_1_407' title='bbox 1605 683 1639 710; x_wconf 89' lang='lat' dir='ltr'>et</span> <span class='ocrx_word' id='word_1_408' title='bbox 1661 677 1736 710; x_wconf 91' lang='lat' dir='ltr'>sine</span> <span class='ocrx_word' id='word_1_409' title='bbox 1761 679 1962 719; x_wconf 89' lang='lat' dir='ltr'>vocatione,</span> <span class='ocrx_word' id='word_1_410' title='bbox 1995 690 2059 712; x_wconf 88' lang='lat' dir='ltr'>nec</span> <span class='ocrx_word' id='word_1_411' title='bbox 2083 679 2260 723; x_wconf 88' lang='lat' dir='ltr'>despicere</span> 
     </span>
     <span class='ocr_line' id='line_1_62' title="bbox 1278 727 2259 773; baseline 0.001 -12"><span class='ocrx_word' id='word_1_412' title='bbox 1278 729 1381 769; x_wconf 86' lang='lat' dir='ltr'>alios,</span> <span class='ocrx_word' id='word_1_413' title='bbox 1408 741 1472 761; x_wconf 91' lang='lat' dir='ltr'>nec</span> <span class='ocrx_word' id='word_1_414' title='bbox 1490 729 1638 761; x_wconf 85' lang='lat' dir='ltr'>fremere</span> <span class='ocrx_word' id='word_1_415' title='bbox 1653 729 1818 762; x_wconf 86' lang='lat' dir='ltr'>adversus</span> <span class='ocrx_word' id='word_1_416' title='bbox 1835 727 1951 763; x_wconf 90' lang='lat' dir='ltr'>Deum</span> <span class='ocrx_word' id='word_1_417' title='bbox 1969 730 2008 762; x_wconf 88' lang='lat' dir='ltr'>in</span> <span class='ocrx_word' id='word_1_418' title='bbox 2026 729 2169 773; x_wconf 88' lang='lat' dir='ltr'>poenis,</span> <span class='ocrx_word' id='word_1_419' title='bbox 2185 742 2259 763; x_wconf 91' lang='lat' dir='ltr'>non</span> 
     </span>
     <span class='ocr_line' id='line_1_63' title="bbox 1277 779 2260 824; baseline 0 -11"><span class='ocrx_word' id='word_1_420' title='bbox 1277 779 1491 818; x_wconf 89' lang='lat' dir='ltr'>ambitione,</span> <span class='ocrx_word' id='word_1_421' title='bbox 1520 791 1592 812; x_wconf 91' lang='lat' dir='ltr'>non</span> <span class='ocrx_word' id='word_1_422' title='bbox 1611 779 1833 819; x_wconf 87' lang='lat' dir='ltr'>curiositate,</span> <span class='ocrx_word' id='word_1_423' title='bbox 1866 792 1939 813; x_wconf 91' lang='lat' dir='ltr'>non</span> <span class='ocrx_word' id='word_1_424' title='bbox 1964 780 2157 824; x_wconf 85' lang='lat' dir='ltr'>cupiditate</span> <span class='ocrx_word' id='word_1_425' title='bbox 2180 781 2260 813; x_wconf 89' lang='lat' dir='ltr'>vin-</span> 
     </span>
     <span class='ocr_line' id='line_1_64' title="bbox 1277 827 2260 874; baseline 0.001 -11"><span class='ocrx_word' id='word_1_426' title='bbox 1277 831 1389 864; x_wconf 89' lang='lat' dir='ltr'>dictae</span> <span class='ocrx_word' id='word_1_427' title='bbox 1407 831 1550 863; x_wconf 88' lang='lat' dir='ltr'>turbare</span> <span class='ocrx_word' id='word_1_428' title='bbox 1573 827 1765 863; x_wconf 88' lang='lat' dir='ltr'>Ecclesiam</span> <span class='ocrx_word' id='word_1_429' title='bbox 1783 837 1843 864; x_wconf 87' lang='lat' dir='ltr'>aut</span> <span class='ocrx_word' id='word_1_430' title='bbox 1858 829 2141 874; x_wconf 88' lang='lat' dir='ltr'>Rempublicam.</span> <span class='ocrx_word' id='word_1_431' title='bbox 2186 830 2260 864; x_wconf 90' lang='lat' dir='ltr'>Ta-</span> 
     </span>
     <span class='ocr_line' id='line_1_65' title="bbox 1279 881 2259 926; baseline 0.001 -13"><span class='ocrx_word' id='word_1_432' title='bbox 1279 882 1365 914; x_wconf 89' lang='lat' dir='ltr'>lium</span> <span class='ocrx_word' id='word_1_433' title='bbox 1398 881 1559 925; x_wconf 86' lang='lat' dir='ltr'>lapsuum</span> <span class='ocrx_word' id='word_1_434' title='bbox 1594 881 1752 925; x_wconf 85' lang='lat' dir='ltr'>exempla</span> <span class='ocrx_word' id='word_1_435' title='bbox 1786 881 1952 915; x_wconf 90' lang='lat' dir='ltr'>omnibus</span> <span class='ocrx_word' id='word_1_436' title='bbox 1976 882 2195 926; x_wconf 85' lang='lat' dir='ltr'>temporibus</span> <span class='ocrx_word' id='word_1_437' title='bbox 2220 882 2259 914; x_wconf 87' lang='lat' dir='ltr'>in</span> 
     </span>
     <span class='ocr_line' id='line_1_66' title="bbox 1278 931 2259 976; baseline 0.002 -12"><span class='ocrx_word' id='word_1_438' title='bbox 1278 932 1348 965; x_wconf 86' lang='lat' dir='ltr'>vita</span> <span class='ocrx_word' id='word_1_439' title='bbox 1382 931 1538 976; x_wconf 87' lang='lat' dir='ltr'>conspici</span> <span class='ocrx_word' id='word_1_440' title='bbox 1564 939 1730 975; x_wconf 87' lang='lat' dir='ltr'>possunt,</span> <span class='ocrx_word' id='word_1_441' title='bbox 1770 931 1851 965; x_wconf 90' lang='lat' dir='ltr'>ideo</span> <span class='ocrx_word' id='word_1_442' title='bbox 1877 932 2167 967; x_wconf 86' lang='lat' dir='ltr'>commonefactio</span> <span class='ocrx_word' id='word_1_443' title='bbox 2195 944 2259 966; x_wconf 88' lang='lat' dir='ltr'>ne-</span> 
     </span>
     <span class='ocr_line' id='line_1_67' title="bbox 1277 982 2149 1019; baseline 0.003 -3"><span class='ocrx_word' id='word_1_444' title='bbox 1277 983 1423 1016; x_wconf 86' lang='lat' dir='ltr'>cessaria</span> <span class='ocrx_word' id='word_1_445' title='bbox 1440 989 1490 1016; x_wconf 89' lang='lat' dir='ltr'>est</span> <span class='ocrx_word' id='word_1_446' title='bbox 1509 983 1550 1015; x_wconf 90' lang='lat' dir='ltr'>de</span> <span class='ocrx_word' id='word_1_447' title='bbox 1567 982 1774 1016; x_wconf 87' lang='lat' dir='ltr'>remissione</span> <span class='ocrx_word' id='word_1_448' title='bbox 1792 990 1824 1018; x_wconf 87' lang='lat' dir='ltr'>et</span> <span class='ocrx_word' id='word_1_449' title='bbox 1840 983 1883 1016; x_wconf 89' lang='lat' dir='ltr'>de</span> <span class='ocrx_word' id='word_1_450' title='bbox 1898 983 2149 1019; x_wconf 89' lang='lat' dir='ltr'>consolatione.</span> 
     </span>
    </p>

    <p class='ocr_par' dir='ltr' id='par_1_19' title="bbox 1278 1033 2262 2143">
     <span class='ocr_line' id='line_1_68' title="bbox 1380 1033 2260 1079; baseline 0.002 -13"><span class='ocrx_word' id='word_1_451' title='bbox 1380 1033 1521 1066; x_wconf 89' lang='lat' dir='ltr'>Primus</span> <span class='ocrx_word' id='word_1_452' title='bbox 1552 1045 1671 1067; x_wconf 87' lang='lat' dir='ltr'>versus</span> <span class='ocrx_word' id='word_1_453' title='bbox 1694 1041 1728 1068; x_wconf 89' lang='lat' dir='ltr'>et</span> <span class='ocrx_word' id='word_1_454' title='bbox 1750 1034 1923 1068; x_wconf 90' lang='lat' dir='ltr'>secundus</span> <span class='ocrx_word' id='word_1_455' title='bbox 1948 1041 2028 1067; x_wconf 92' lang='lat' dir='ltr'>sunt</span> <span class='ocrx_word' id='word_1_456' title='bbox 2054 1034 2260 1079; x_wconf 91' lang='lat' dir='ltr'>propositio,</span> 
     </span>
     <span class='ocr_line' id='line_1_69' title="bbox 1278 1083 2259 1131; baseline 0.001 -14"><span class='ocrx_word' id='word_1_457' title='bbox 1278 1096 1364 1129; x_wconf 87' lang='lat' dir='ltr'>quae</span> <span class='ocrx_word' id='word_1_458' title='bbox 1383 1092 1433 1118; x_wconf 91' lang='lat' dir='ltr'>est</span> <span class='ocrx_word' id='word_1_459' title='bbox 1450 1084 1658 1118; x_wconf 88' lang='lat' dir='ltr'>asseveratio</span> <span class='ocrx_word' id='word_1_460' title='bbox 1677 1085 1829 1118; x_wconf 87' lang='lat' dir='ltr'>volentis</span> <span class='ocrx_word' id='word_1_461' title='bbox 1848 1096 1883 1117; x_wconf 90' lang='lat' dir='ltr'>se</span> <span class='ocrx_word' id='word_1_462' title='bbox 1902 1085 2106 1129; x_wconf 87' lang='lat' dir='ltr'>reprimere.</span> <span class='ocrx_word' id='word_1_463' title='bbox 2161 1083 2259 1131; x_wconf 77' lang='lat' dir='ltr'>Ego,</span> 
     </span>
     <span class='ocr_line' id='line_1_70' title="bbox 1279 1134 2261 1181; baseline 0.001 -14"><span class='ocrx_word' id='word_1_464' title='bbox 1279 1135 1396 1180; x_wconf 85' lang='lat' dir='ltr'>inquit</span> <span class='ocrx_word' id='word_1_465' title='bbox 1426 1135 1562 1176; x_wconf 86' lang='lat' dir='ltr'>David,</span> <span class='ocrx_word' id='word_1_466' title='bbox 1597 1147 1670 1168; x_wconf 89' lang='lat' dir='ltr'>non</span> <span class='ocrx_word' id='word_1_467' title='bbox 1689 1134 1840 1168; x_wconf 79' lang='lat' dir='ltr'>ambulo</span> <span class='ocrx_word' id='word_1_468' title='bbox 1857 1134 1895 1168; x_wconf 87' lang='lat' dir='ltr'>in</span> <span class='ocrx_word' id='word_1_469' title='bbox 1918 1134 2067 1181; x_wconf 76' lang='lat' dir='ltr'>magnis</span> <span class='ocrx_word' id='word_1_470' title='bbox 2090 1139 2121 1168; x_wconf 79' lang='lat' dir='ltr'>et</span> <span class='ocrx_word' id='word_1_471' title='bbox 2145 1136 2261 1169; x_wconf 81' lang='lat' dir='ltr'>mira-</span> 
     </span>
     <span class='ocr_line' id='line_1_71' title="bbox 1278 1184 2259 1232; baseline 0.002 -14"><span class='ocrx_word' id='word_1_472' title='bbox 1278 1185 1415 1219; x_wconf 77' lang='lat' dir='ltr'>bilibus</span> <span class='ocrx_word' id='word_1_473' title='bbox 1434 1198 1547 1232; x_wconf 75' lang='lat' dir='ltr'>supra</span> <span class='ocrx_word' id='word_1_474' title='bbox 1565 1197 1638 1225; x_wconf 81' lang='lat' dir='ltr'>me,</span> <span class='ocrx_word' id='word_1_475' title='bbox 1667 1184 1759 1219; x_wconf 89' lang='lat' dir='ltr'>nihil</span> <span class='ocrx_word' id='word_1_476' title='bbox 1784 1186 1865 1220; x_wconf 86' lang='lat' dir='ltr'>volo</span> <span class='ocrx_word' id='word_1_477' title='bbox 1889 1193 2022 1221; x_wconf 87' lang='lat' dir='ltr'>tentare</span> <span class='ocrx_word' id='word_1_478' title='bbox 2050 1186 2125 1219; x_wconf 90' lang='lat' dir='ltr'>sine</span> <span class='ocrx_word' id='word_1_479' title='bbox 2151 1188 2259 1220; x_wconf 90' lang='lat' dir='ltr'>verbo</span> 
     </span>
     <span class='ocr_line' id='line_1_72' title="bbox 1278 1236 2260 1279; baseline 0.001 -10"><span class='ocrx_word' id='word_1_480' title='bbox 1278 1236 1363 1277; x_wconf 87' lang='lat' dir='ltr'>Dei,</span> <span class='ocrx_word' id='word_1_481' title='bbox 1391 1237 1465 1270; x_wconf 90' lang='lat' dir='ltr'>sine</span> <span class='ocrx_word' id='word_1_482' title='bbox 1484 1237 1674 1270; x_wconf 85' lang='lat' dir='ltr'>necessaria</span> <span class='ocrx_word' id='word_1_483' title='bbox 1694 1238 1895 1279; x_wconf 87' lang='lat' dir='ltr'>vocatione,</span> <span class='ocrx_word' id='word_1_484' title='bbox 1919 1249 1992 1271; x_wconf 89' lang='lat' dir='ltr'>non</span> <span class='ocrx_word' id='word_1_485' title='bbox 2009 1248 2109 1270; x_wconf 90' lang='lat' dir='ltr'>ruam</span> <span class='ocrx_word' id='word_1_486' title='bbox 2126 1244 2164 1271; x_wconf 89' lang='lat' dir='ltr'>ut</span> <span class='ocrx_word' id='word_1_487' title='bbox 2174 1237 2260 1272; x_wconf 88' lang='lat' dir='ltr'>Saul</span> 
     </span>
     <span class='ocr_line' id='line_1_73' title="bbox 1278 1288 2260 1333; baseline 0 -12"><span class='ocrx_word' id='word_1_488' title='bbox 1278 1288 1339 1333; x_wconf 90' lang='lat' dir='ltr'>qui</span> <span class='ocrx_word' id='word_1_489' title='bbox 1357 1299 1502 1331; x_wconf 82' lang='lat' dir='ltr'>regnum</span> <span class='ocrx_word' id='word_1_490' title='bbox 1520 1288 1595 1320; x_wconf 84' lang='lat' dir='ltr'>vult</span> <span class='ocrx_word' id='word_1_491' title='bbox 1611 1299 1673 1321; x_wconf 92' lang='lat' dir='ltr'>suo</span> <span class='ocrx_word' id='word_1_492' title='bbox 1691 1288 1838 1321; x_wconf 88' lang='lat' dir='ltr'>consilio</span> <span class='ocrx_word' id='word_1_493' title='bbox 1854 1289 2086 1329; x_wconf 88' lang='lat' dir='ltr'>constituere,</span> <span class='ocrx_word' id='word_1_494' title='bbox 2113 1300 2186 1321; x_wconf 92' lang='lat' dir='ltr'>non</span> <span class='ocrx_word' id='word_1_495' title='bbox 2203 1288 2260 1321; x_wconf 90' lang='lat' dir='ltr'>in-</span> 
     </span>
     <span class='ocr_line' id='line_1_74' title="bbox 1279 1338 2259 1382; baseline -0.001 -10"><span class='ocrx_word' id='word_1_496' title='bbox 1279 1340 1420 1372; x_wconf 86' lang='lat' dir='ltr'>stituam</span> <span class='ocrx_word' id='word_1_497' title='bbox 1438 1339 1551 1372; x_wconf 88' lang='lat' dir='ltr'>cultus</span> <span class='ocrx_word' id='word_1_498' title='bbox 1564 1365 1571 1379; x_wconf 90' lang='lat'>,</span> <span class='ocrx_word' id='word_1_499' title='bbox 1601 1351 1673 1371; x_wconf 93' lang='lat' dir='ltr'>non</span> <span class='ocrx_word' id='word_1_500' title='bbox 1690 1339 1818 1382; x_wconf 85' lang='lat' dir='ltr'>fingam</span> <span class='ocrx_word' id='word_1_501' title='bbox 1837 1341 2017 1382; x_wconf 85' lang='lat' dir='ltr'>dogmata,</span> <span class='ocrx_word' id='word_1_502' title='bbox 2042 1338 2131 1372; x_wconf 88' lang='lat' dir='ltr'>sicut</span> <span class='ocrx_word' id='word_1_503' title='bbox 2149 1340 2259 1372; x_wconf 90' lang='lat' dir='ltr'>auda-</span> 
     </span>
     <span class='ocr_line' id='line_1_75' title="bbox 1279 1387 2259 1423; baseline 0 -1"><span class='ocrx_word' id='word_1_504' title='bbox 1279 1389 1415 1423; x_wconf 90' lang='lat' dir='ltr'>cissime</span> <span class='ocrx_word' id='word_1_505' title='bbox 1433 1389 1470 1422; x_wconf 78' lang='lat' dir='ltr'>fit</span> <span class='ocrx_word' id='word_1_506' title='bbox 1486 1401 1505 1422; x_wconf 93' lang='lat' dir='ltr'>a</span> <span class='ocrx_word' id='word_1_507' title='bbox 1523 1389 1654 1423; x_wconf 88' lang='lat' dir='ltr'>multis.</span> <span class='ocrx_word' id='word_1_508' title='bbox 1708 1387 1785 1422; x_wconf 75' lang='lat' dir='ltr'>Etsi</span> <span class='ocrx_word' id='word_1_509' title='bbox 1801 1397 1918 1423; x_wconf 89' lang='lat' dir='ltr'>autem</span> <span class='ocrx_word' id='word_1_510' title='bbox 1937 1389 2112 1422; x_wconf 89' lang='lat' dir='ltr'>secundus</span> <span class='ocrx_word' id='word_1_511' title='bbox 2137 1401 2259 1423; x_wconf 82' lang='lat' dir='ltr'>versus</span> 
     </span>
     <span class='ocr_line' id='line_1_76' title="bbox 1278 1437 2260 1483; baseline 0 -11"><span class='ocrx_word' id='word_1_512' title='bbox 1278 1440 1322 1473; x_wconf 86' lang='lat' dir='ltr'>ab</span> <span class='ocrx_word' id='word_1_513' title='bbox 1339 1440 1417 1473; x_wconf 86' lang='lat' dir='ltr'>aliis</span> <span class='ocrx_word' id='word_1_514' title='bbox 1435 1440 1536 1473; x_wconf 88' lang='lat' dir='ltr'>aliter</span> <span class='ocrx_word' id='word_1_515' title='bbox 1555 1446 1762 1480; x_wconf 91' lang='lat' dir='ltr'>enarratur,</span> <span class='ocrx_word' id='word_1_516' title='bbox 1787 1447 1906 1473; x_wconf 87' lang='lat' dir='ltr'>tamen</span> <span class='ocrx_word' id='word_1_517' title='bbox 1925 1437 2015 1473; x_wconf 88' lang='lat' dir='ltr'>hanc</span> <span class='ocrx_word' id='word_1_518' title='bbox 2040 1439 2260 1483; x_wconf 88' lang='lat' dir='ltr'>simplicissi-</span> 
     </span>
     <span class='ocr_line' id='line_1_77' title="bbox 1279 1490 2261 1535; baseline 0 -12"><span class='ocrx_word' id='word_1_519' title='bbox 1279 1503 1372 1523; x_wconf 88' lang='lat' dir='ltr'>mam</span> <span class='ocrx_word' id='word_1_520' title='bbox 1396 1490 1606 1523; x_wconf 85' lang='lat' dir='ltr'>sententiam</span> <span class='ocrx_word' id='word_1_521' title='bbox 1635 1502 1781 1535; x_wconf 89' lang='lat' dir='ltr'>sequor,</span> <span class='ocrx_word' id='word_1_522' title='bbox 1813 1491 1931 1524; x_wconf 91' lang='lat' dir='ltr'>iudico</span> <span class='ocrx_word' id='word_1_523' title='bbox 1956 1491 2060 1524; x_wconf 87' lang='lat' dir='ltr'>etiam</span> <span class='ocrx_word' id='word_1_524' title='bbox 2085 1502 2261 1524; x_wconf 84' lang='lat' dir='ltr'>assevera-</span> 
     </span>
     <span class='ocr_line' id='line_1_78' title="bbox 1279 1539 2261 1586; baseline 0.001 -13"><span class='ocrx_word' id='word_1_525' title='bbox 1279 1542 1411 1574; x_wconf 88' lang='lat' dir='ltr'>tionem</span> <span class='ocrx_word' id='word_1_526' title='bbox 1430 1553 1521 1581; x_wconf 88' lang='lat' dir='ltr'>esse,</span> <span class='ocrx_word' id='word_1_527' title='bbox 1549 1539 1607 1573; x_wconf 82' lang='lat' dir='ltr'>An</span> <span class='ocrx_word' id='word_1_528' title='bbox 1624 1552 1697 1573; x_wconf 85' lang='lat' dir='ltr'>non</span> <span class='ocrx_word' id='word_1_529' title='bbox 1714 1539 1869 1585; x_wconf 83' lang='lat' dir='ltr'>reprimo</span> <span class='ocrx_word' id='word_1_530' title='bbox 1884 1552 1938 1573; x_wconf 87' lang='lat' dir='ltr'>me</span> <span class='ocrx_word' id='word_1_531' title='bbox 1954 1545 1984 1573; x_wconf 82' lang='lat' dir='ltr'>el</span> <span class='ocrx_word' id='word_1_532' title='bbox 2003 1552 2201 1586; x_wconf 80' lang='lat' dir='ltr'>compesco,</span> <span class='ocrx_word' id='word_1_533' title='bbox 2223 1541 2261 1574; x_wconf 90' lang='lat' dir='ltr'>id</span> 
     </span>
     <span class='ocr_line' id='line_1_79' title="bbox 1279 1591 2261 1634; baseline 0.001 -10"><span class='ocrx_word' id='word_1_534' title='bbox 1279 1598 1347 1631; x_wconf 87' lang='lat' dir='ltr'>est,</span> <span class='ocrx_word' id='word_1_535' title='bbox 1375 1592 1481 1623; x_wconf 90' lang='lat' dir='ltr'>ardeo</span> <span class='ocrx_word' id='word_1_536' title='bbox 1509 1597 1541 1623; x_wconf 89' lang='lat' dir='ltr'>et</span> <span class='ocrx_word' id='word_1_537' title='bbox 1565 1603 1626 1633; x_wconf 87' lang='lat' dir='ltr'>ego</span> <span class='ocrx_word' id='word_1_538' title='bbox 1645 1591 1838 1634; x_wconf 89' lang='lat' dir='ltr'>cupiditate</span> <span class='ocrx_word' id='word_1_539' title='bbox 1857 1591 2053 1632; x_wconf 85' lang='lat' dir='ltr'>vindictae,</span> <span class='ocrx_word' id='word_1_540' title='bbox 2087 1598 2120 1624; x_wconf 91' lang='lat' dir='ltr'>et</span> <span class='ocrx_word' id='word_1_541' title='bbox 2145 1591 2261 1625; x_wconf 89' lang='lat' dir='ltr'>liben-</span> 
     </span>
     <span class='ocr_line' id='line_1_80' title="bbox 1280 1640 2262 1687; baseline 0.001 -12"><span class='ocrx_word' id='word_1_542' title='bbox 1280 1648 1332 1675; x_wconf 87' lang='lat' dir='ltr'>ter</span> <span class='ocrx_word' id='word_1_543' title='bbox 1357 1641 1516 1674; x_wconf 78' lang='lat' dir='ltr'>tollerem</span> <span class='ocrx_word' id='word_1_544' title='bbox 1541 1640 1702 1681; x_wconf 71' lang='lat' dir='ltr'>Saulem,</span> <span class='ocrx_word' id='word_1_545' title='bbox 1742 1642 1801 1674; x_wconf 92' lang='lat' dir='ltr'>sed</span> <span class='ocrx_word' id='word_1_546' title='bbox 1826 1642 2014 1685; x_wconf 87' lang='lat' dir='ltr'>reprimam</span> <span class='ocrx_word' id='word_1_547' title='bbox 2039 1653 2092 1674; x_wconf 90' lang='lat' dir='ltr'>me</span> <span class='ocrx_word' id='word_1_548' title='bbox 2117 1649 2262 1687; x_wconf 89' lang='lat' dir='ltr'>propter</span> 
     </span>
     <span class='ocr_line' id='line_1_81' title="bbox 1281 1690 2258 1735; baseline 0.003 -12"><span class='ocrx_word' id='word_1_549' title='bbox 1281 1691 1429 1735; x_wconf 82' lang='lat' dir='ltr'>gloriam</span> <span class='ocrx_word' id='word_1_550' title='bbox 1453 1690 1538 1731; x_wconf 87' lang='lat' dir='ltr'>Dei,</span> <span class='ocrx_word' id='word_1_551' title='bbox 1577 1704 1640 1724; x_wconf 92' lang='lat' dir='ltr'>nec</span> <span class='ocrx_word' id='word_1_552' title='bbox 1665 1692 1807 1725; x_wconf 88' lang='lat' dir='ltr'>tentabo</span> <span class='ocrx_word' id='word_1_553' title='bbox 1835 1690 1987 1725; x_wconf 87' lang='lat' dir='ltr'>humana</span> <span class='ocrx_word' id='word_1_554' title='bbox 2015 1692 2159 1726; x_wconf 89' lang='lat' dir='ltr'>consilia</span> <span class='ocrx_word' id='word_1_555' title='bbox 2183 1693 2258 1726; x_wconf 89' lang='lat' dir='ltr'>sine</span> 
     </span>
     <span class='ocr_line' id='line_1_82' title="bbox 1282 1742 2260 1783; baseline 0.002 -8"><span class='ocrx_word' id='word_1_556' title='bbox 1282 1744 1446 1776; x_wconf 86' lang='lat' dir='ltr'>mandato</span> <span class='ocrx_word' id='word_1_557' title='bbox 1479 1742 1620 1783; x_wconf 79' lang='lat' dir='ltr'>divino,</span> <span class='ocrx_word' id='word_1_558' title='bbox 1661 1754 1719 1776; x_wconf 93' lang='lat' dir='ltr'>ero</span> <span class='ocrx_word' id='word_1_559' title='bbox 1743 1743 1832 1777; x_wconf 86' lang='lat' dir='ltr'>sicut</span> <span class='ocrx_word' id='word_1_560' title='bbox 1855 1743 2065 1783; x_wconf 89' lang='lat' dir='ltr'>ablactatus,</span> <span class='ocrx_word' id='word_1_561' title='bbox 2099 1744 2260 1777; x_wconf 84' lang='lat' dir='ltr'>videlicet</span> 
     </span>
     <span class='ocr_line' id='line_1_83' title="bbox 1281 1793 2261 1835; baseline 0.002 -9"><span class='ocrx_word' id='word_1_562' title='bbox 1281 1793 1408 1826; x_wconf 89' lang='lat' dir='ltr'>amisso</span> <span class='ocrx_word' id='word_1_563' title='bbox 1443 1793 1596 1826; x_wconf 80' lang='lat' dir='ltr'>naturali</span> <span class='ocrx_word' id='word_1_564' title='bbox 1627 1793 1766 1828; x_wconf 89' lang='lat' dir='ltr'>solatio.</span> <span class='ocrx_word' id='word_1_565' title='bbox 1828 1793 2093 1835; x_wconf 88' lang='lat' dir='ltr'>Samosatenus,</span> <span class='ocrx_word' id='word_1_566' title='bbox 2134 1793 2261 1828; x_wconf 89' lang='lat' dir='ltr'>Arrius</span> 
     </span>
     <span class='ocr_line' id='line_1_84' title="bbox 1282 1842 2262 1885; baseline 0.002 -9"><span class='ocrx_word' id='word_1_567' title='bbox 1282 1844 1465 1877; x_wconf 83' lang='lat' dir='ltr'>inflectunt</span> <span class='ocrx_word' id='word_1_568' title='bbox 1483 1844 1678 1877; x_wconf 83' lang='lat' dir='ltr'>doctrinam</span> <span class='ocrx_word' id='word_1_569' title='bbox 1694 1843 1836 1878; x_wconf 86' lang='lat' dir='ltr'>deFilio</span> <span class='ocrx_word' id='word_1_570' title='bbox 1848 1842 1914 1877; x_wconf 92' lang='lat' dir='ltr'>Dei</span> <span class='ocrx_word' id='word_1_571' title='bbox 1924 1846 1964 1878; x_wconf 88' lang='lat' dir='ltr'>ad</span> <span class='ocrx_word' id='word_1_572' title='bbox 1976 1845 2262 1885; x_wconf 87' lang='lat' dir='ltr'>concinnitatem,</span> 
     </span>
     <span class='ocr_line' id='line_1_85' title="bbox 1282 1894 2261 1940; baseline 0.002 -14"><span class='ocrx_word' id='word_1_573' title='bbox 1282 1907 1370 1940; x_wconf 84' lang='lat' dir='ltr'>quae</span> <span class='ocrx_word' id='word_1_574' title='bbox 1388 1895 1472 1939; x_wconf 89' lang='lat' dir='ltr'>ipsis</span> <span class='ocrx_word' id='word_1_575' title='bbox 1492 1895 1622 1938; x_wconf 87' lang='lat' dir='ltr'>placet,</span> <span class='ocrx_word' id='word_1_576' title='bbox 1641 1901 1673 1928; x_wconf 91' lang='lat' dir='ltr'>et</span> <span class='ocrx_word' id='word_1_577' title='bbox 1690 1895 1875 1929; x_wconf 88' lang='lat' dir='ltr'>discedunt</span> <span class='ocrx_word' id='word_1_578' title='bbox 1892 1907 1910 1928; x_wconf 92' lang='lat' dir='ltr'>a</span> <span class='ocrx_word' id='word_1_579' title='bbox 1927 1896 2034 1929; x_wconf 79' lang='lat' dir='ltr'>verbo</span> <span class='ocrx_word' id='word_1_580' title='bbox 2052 1894 2132 1929; x_wconf 87' lang='lat' dir='ltr'>Dei.</span> <span class='ocrx_word' id='word_1_581' title='bbox 2174 1895 2261 1929; x_wconf 88' lang='lat' dir='ltr'>Saul</span> 
     </span>
     <span class='ocr_line' id='line_1_86' title="bbox 1282 1945 2261 1989; baseline 0.002 -11"><span class='ocrx_word' id='word_1_582' title='bbox 1282 1946 1399 1979; x_wconf 88' lang='lat' dir='ltr'>uritur</span> <span class='ocrx_word' id='word_1_583' title='bbox 1422 1946 1532 1988; x_wconf 82' lang='lat' dir='ltr'>gloria</span> <span class='ocrx_word' id='word_1_584' title='bbox 1550 1945 1717 1989; x_wconf 80' lang='lat' dir='ltr'>Davidis‚</span> <span class='ocrx_word' id='word_1_585' title='bbox 1752 1946 1830 1979; x_wconf 89' lang='lat' dir='ltr'>ideo</span> <span class='ocrx_word' id='word_1_586' title='bbox 1857 1947 1966 1979; x_wconf 87' lang='lat' dir='ltr'>multa</span> <span class='ocrx_word' id='word_1_587' title='bbox 1994 1946 2123 1979; x_wconf 85' lang='lat' dir='ltr'>iniusta</span> <span class='ocrx_word' id='word_1_588' title='bbox 2150 1952 2261 1980; x_wconf 87' lang='lat' dir='ltr'>tentat</span> 
     </span>
     <span class='ocr_line' id='line_1_87' title="bbox 1283 1994 2262 2042; baseline 0.001 -13"><span class='ocrx_word' id='word_1_589' title='bbox 1283 1998 1325 2030; x_wconf 87' lang='lat' dir='ltr'>ad</span> <span class='ocrx_word' id='word_1_590' title='bbox 1346 2008 1425 2029; x_wconf 89' lang='lat' dir='ltr'>eum</span> <span class='ocrx_word' id='word_1_591' title='bbox 1445 1996 1729 2039; x_wconf 88' lang='lat' dir='ltr'>opprimendum.</span> <span class='ocrx_word' id='word_1_592' title='bbox 1768 1994 1892 2029; x_wconf 89' lang='lat' dir='ltr'>Achab</span> <span class='ocrx_word' id='word_1_593' title='bbox 1910 2004 1941 2030; x_wconf 91' lang='lat' dir='ltr'>et</span> <span class='ocrx_word' id='word_1_594' title='bbox 1957 1996 2061 2030; x_wconf 89' lang='lat' dir='ltr'>multi</span> <span class='ocrx_word' id='word_1_595' title='bbox 2077 1996 2136 2029; x_wconf 87' lang='lat' dir='ltr'>alii</span> <span class='ocrx_word' id='word_1_596' title='bbox 2154 2009 2262 2042; x_wconf 87' lang='lat' dir='ltr'>quae—</span> 
     </span>
     <span class='ocr_line' id='line_1_88' title="bbox 1283 2047 2261 2091; baseline 0.001 -11"><span class='ocrx_word' id='word_1_597' title='bbox 1283 2054 1366 2080; x_wconf 90' lang='lat' dir='ltr'>runt</span> <span class='ocrx_word' id='word_1_598' title='bbox 1386 2048 1553 2091; x_wconf 87' lang='lat' dir='ltr'>practicas</span> <span class='ocrx_word' id='word_1_599' title='bbox 1570 2047 1798 2091; x_wconf 82' lang='lat' dir='ltr'>multiplices,</span> <span class='ocrx_word' id='word_1_600' title='bbox 1834 2054 1872 2081; x_wconf 92' lang='lat' dir='ltr'>ut</span> <span class='ocrx_word' id='word_1_601' title='bbox 1896 2048 2058 2081; x_wconf 85' lang='lat' dir='ltr'>muniant</span> <span class='ocrx_word' id='word_1_602' title='bbox 2080 2058 2116 2080; x_wconf 90' lang='lat' dir='ltr'>se</span> <span class='ocrx_word' id='word_1_603' title='bbox 2139 2055 2261 2082; x_wconf 87' lang='lat' dir='ltr'>contra</span> 
     </span>
     <span class='ocr_line' id='line_1_89' title="bbox 1283 2099 2261 2143; baseline 0.003 -12"><span class='ocrx_word' id='word_1_604' title='bbox 1283 2110 1340 2131; x_wconf 90' lang='lat' dir='ltr'>eos</span> <span class='ocrx_word' id='word_1_605' title='bbox 1358 2110 1445 2143; x_wconf 88' lang='lat' dir='ltr'>quos</span> <span class='ocrx_word' id='word_1_606' title='bbox 1463 2105 1642 2138; x_wconf 90' lang='lat' dir='ltr'>metuunt,</span> <span class='ocrx_word' id='word_1_607' title='bbox 1668 2105 1707 2131; x_wconf 90' lang='lat' dir='ltr'>ut</span> <span class='ocrx_word' id='word_1_608' title='bbox 1723 2104 1942 2132; x_wconf 88' lang='lat' dir='ltr'>antevertant</span> <span class='ocrx_word' id='word_1_609' title='bbox 1959 2110 2081 2132; x_wconf 87' lang='lat' dir='ltr'>eorum</span> <span class='ocrx_word' id='word_1_610' title='bbox 2102 2099 2261 2134; x_wconf 86' lang='lat' dir='ltr'>consilia.</span> 
     </span>
    </p>
   </div>
   <div class='ocr_carea' id='block_1_18' title="bbox 1283 2147 2315 2193">
    <p class='ocr_par' dir='ltr' id='par_1_20' title="bbox 1283 2147 2315 2193">
     <span class='ocr_line' id='line_1_90' title="bbox 1283 2147 2315 2193; baseline 0.002 -13"><span class='ocrx_word' id='word_1_611' title='bbox 1283 2147 1391 2182; x_wconf 86' lang='lat' dir='ltr'>Multi</span> <span class='ocrx_word' id='word_1_612' title='bbox 1408 2150 1569 2182; x_wconf 84' lang='lat' dir='ltr'>doctores</span> <span class='ocrx_word' id='word_1_613' title='bbox 1589 2148 1755 2182; x_wconf 87' lang='lat' dir='ltr'>muniunt</span> <span class='ocrx_word' id='word_1_614' title='bbox 1772 2160 1806 2181; x_wconf 91' lang='lat' dir='ltr'>se</span> <span class='ocrx_word' id='word_1_615' title='bbox 1827 2148 2041 2183; x_wconf 83' lang='lat' dir='ltr'>factionibus</span> <span class='ocrx_word' id='word_1_616' title='bbox 2061 2155 2094 2182; x_wconf 89' lang='lat' dir='ltr'>et</span> <span class='ocrx_word' id='word_1_617' title='bbox 2119 2150 2261 2193; x_wconf 88' lang='lat' dir='ltr'>conspi-</span> <span class='ocrx_word' id='word_1_618' title='bbox 2311 2168 2315 2172; x_wconf 96' lang='lat'><em>·</em></span> 
     </span>
    </p>
   </div>
   <div class='ocr_carea' id='block_1_19' title="bbox 1280 2197 2261 2498">
    <p class='ocr_par' dir='ltr' id='par_1_21' title="bbox 1280 2197 2261 2345">
     <span class='ocr_line' id='line_1_91' title="bbox 1282 2197 2261 2244; baseline 0.001 -12"><span class='ocrx_word' id='word_1_619' title='bbox 1282 2200 1490 2234; x_wconf 84' lang='lat' dir='ltr'>rationibus.</span> <span class='ocrx_word' id='word_1_620' title='bbox 1524 2198 1618 2232; x_wconf 92' lang='lat' dir='ltr'>Haec</span> <span class='ocrx_word' id='word_1_621' title='bbox 1639 2199 1795 2243; x_wconf 86' lang='lat' dir='ltr'>exempla</span> <span class='ocrx_word' id='word_1_622' title='bbox 1812 2200 1931 2233; x_wconf 89' lang='lat' dir='ltr'>omnia</span> <span class='ocrx_word' id='word_1_623' title='bbox 1951 2197 2261 2244; x_wconf 88' lang='lat' dir='ltr'>comprehendun-</span> 
     </span>
     <span class='ocr_line' id='line_1_92' title="bbox 1281 2248 2260 2295; baseline 0.002 -13"><span class='ocrx_word' id='word_1_624' title='bbox 1281 2251 1391 2283; x_wconf 89' lang='lat' dir='ltr'>turin</span> <span class='ocrx_word' id='word_1_625' title='bbox 1411 2248 1475 2283; x_wconf 85' lang='lat' dir='ltr'>hac</span> <span class='ocrx_word' id='word_1_626' title='bbox 1499 2251 1630 2288; x_wconf 87' lang='lat' dir='ltr'>forma,</span> <span class='ocrx_word' id='word_1_627' title='bbox 1656 2248 1851 2283; x_wconf 88' lang='lat' dir='ltr'>Ambulare</span> <span class='ocrx_word' id='word_1_628' title='bbox 1875 2250 1912 2283; x_wconf 90' lang='lat' dir='ltr'>in</span> <span class='ocrx_word' id='word_1_629' title='bbox 1935 2252 2071 2295; x_wconf 87' lang='lat' dir='ltr'>magnis</span> <span class='ocrx_word' id='word_1_630' title='bbox 2094 2257 2128 2284; x_wconf 87' lang='lat' dir='ltr'>et</span> <span class='ocrx_word' id='word_1_631' title='bbox 2151 2251 2260 2285; x_wconf 83' lang='lat' dir='ltr'>mira-</span> 
     </span>
     <span class='ocr_line' id='line_1_93' title="bbox 1280 2301 1657 2345; baseline 0.003 -12"><span class='ocrx_word' id='word_1_632' title='bbox 1280 2301 1412 2334; x_wconf 89' lang='lat' dir='ltr'>bilibus</span> <span class='ocrx_word' id='word_1_633' title='bbox 1429 2313 1532 2345; x_wconf 83' lang='lat' dir='ltr'>supra</span> <span class='ocrx_word' id='word_1_634' title='bbox 1552 2301 1657 2345; x_wconf 84' lang='lat' dir='ltr'>ipsos,</span> 
     </span>
    </p>

    <p class='ocr_par' dir='ltr' id='par_1_22' title="bbox 1280 2351 2259 2498">
     <span class='ocr_line' id='line_1_94' title="bbox 1382 2351 2259 2397; baseline 0.001 -12"><span class='ocrx_word' id='word_1_635' title='bbox 1382 2351 1572 2397; x_wconf 88' lang='lat' dir='ltr'>Postquam</span> <span class='ocrx_word' id='word_1_636' title='bbox 1596 2358 1711 2384; x_wconf 90' lang='lat' dir='ltr'>autem</span> <span class='ocrx_word' id='word_1_637' title='bbox 1743 2352 1878 2396; x_wconf 87' lang='lat' dir='ltr'>priores</span> <span class='ocrx_word' id='word_1_638' title='bbox 1902 2352 1973 2385; x_wconf 87' lang='lat' dir='ltr'>duo</span> <span class='ocrx_word' id='word_1_639' title='bbox 1997 2363 2116 2386; x_wconf 89' lang='lat' dir='ltr'>versus</span> <span class='ocrx_word' id='word_1_640' title='bbox 2141 2352 2259 2386; x_wconf 89' lang='lat' dir='ltr'>detra-</span> 
     </span>
     <span class='ocr_line' id='line_1_95' title="bbox 1280 2400 2259 2447; baseline -0.001 -11"><span class='ocrx_word' id='word_1_641' title='bbox 1280 2400 1371 2436; x_wconf 86' lang='lat' dir='ltr'>hunt</span> <span class='ocrx_word' id='word_1_642' title='bbox 1388 2400 1541 2436; x_wconf 87' lang='lat' dir='ltr'>humana</span> <span class='ocrx_word' id='word_1_643' title='bbox 1565 2402 1757 2446; x_wconf 88' lang='lat' dir='ltr'>praesidia,</span> <span class='ocrx_word' id='word_1_644' title='bbox 1785 2409 1982 2447; x_wconf 90' lang='lat' dir='ltr'>postremus</span> <span class='ocrx_word' id='word_1_645' title='bbox 1998 2414 2118 2436; x_wconf 90' lang='lat' dir='ltr'>versus</span> <span class='ocrx_word' id='word_1_646' title='bbox 2142 2410 2259 2436; x_wconf 83' lang='lat' dir='ltr'>osten-</span> 
     </span>
     <span class='ocr_line' id='line_1_96' title="bbox 1285 2452 2259 2498; baseline 0.001 -12"><span class='ocrx_word' id='word_1_647' title='bbox 1285 2454 1337 2486; x_wconf 87' lang='lat' dir='ltr'>dit</span> <span class='ocrx_word' id='word_1_648' title='bbox 1356 2453 1631 2486; x_wconf 86' lang='lat' dir='ltr'>consolationem</span> <span class='ocrx_word' id='word_1_649' title='bbox 1655 2453 1814 2487; x_wconf 90' lang='lat' dir='ltr'>aliunde:</span> <span class='ocrx_word' id='word_1_650' title='bbox 1852 2453 1976 2498; x_wconf 88' lang='lat' dir='ltr'>Speret</span> <span class='ocrx_word' id='word_1_651' title='bbox 1998 2452 2105 2487; x_wconf 83' lang='lat' dir='ltr'>Isra&#39;e&#39;l</span> <span class='ocrx_word' id='word_1_652' title='bbox 2131 2453 2167 2486; x_wconf 91' lang='lat' dir='ltr'>in</span> <span class='ocrx_word' id='word_1_653' title='bbox 2185 2452 2259 2487; x_wconf 90' lang='lat' dir='ltr'>Do-</span> 
     </span>
    </p>
   </div>
   <div class='ocr_carea' id='block_1_20' title="bbox 1249 2501 2258 2550">
    <p class='ocr_par' dir='ltr' id='par_1_23' title="bbox 1249 2501 2258 2550">
     <span class='ocr_line' id='line_1_97' title="bbox 1249 2501 2258 2550; baseline 0 -14"><span class='ocrx_word' id='word_1_654' title='bbox 1249 2522 1251 2531; x_wconf 53' lang='lat' dir='ltr'>r</span> <span class='ocrx_word' id='word_1_655' title='bbox 1278 2504 1393 2536; x_wconf 89' lang='lat' dir='ltr'>mino:</span> <span class='ocrx_word' id='word_1_656' title='bbox 1430 2504 1478 2536; x_wconf 89' lang='lat' dir='ltr'>sic</span> <span class='ocrx_word' id='word_1_657' title='bbox 1504 2501 1625 2536; x_wconf 87' lang='lat' dir='ltr'>Esaias</span> <span class='ocrx_word' id='word_1_658' title='bbox 1649 2513 1829 2550; x_wconf 90' lang='lat' dir='ltr'>utrunque</span> <span class='ocrx_word' id='word_1_659' title='bbox 1852 2504 2111 2547; x_wconf 87' lang='lat' dir='ltr'>complectitur:</span> <span class='ocrx_word' id='word_1_660' title='bbox 2146 2503 2187 2536; x_wconf 91' lang='lat' dir='ltr'>In</span> <span class='ocrx_word' id='word_1_661' title='bbox 2211 2505 2258 2537; x_wconf 88' lang='lat' dir='ltr'>si-</span> 
     </span>
    </p>
   </div>
   <div class='ocr_carea' id='block_1_21' title="bbox 1276 2553 2259 2700">
    <p class='ocr_par' dir='ltr' id='par_1_24' title="bbox 1276 2553 2259 2700">
     <span class='ocr_line' id='line_1_98' title="bbox 1277 2553 2259 2598; baseline 0.002 -11"><span class='ocrx_word' id='word_1_662' title='bbox 1277 2555 1387 2587; x_wconf 85' lang='lat' dir='ltr'>lentio</span> <span class='ocrx_word' id='word_1_663' title='bbox 1405 2561 1437 2588; x_wconf 89' lang='lat' dir='ltr'>et</span> <span class='ocrx_word' id='word_1_664' title='bbox 1453 2566 1511 2598; x_wconf 90' lang='lat' dir='ltr'>spe</span> <span class='ocrx_word' id='word_1_665' title='bbox 1526 2555 1697 2588; x_wconf 88' lang='lat' dir='ltr'>fortitudo</span> <span class='ocrx_word' id='word_1_666' title='bbox 1715 2567 1802 2588; x_wconf 88' lang='lat' dir='ltr'>mea.</span> <span class='ocrx_word' id='word_1_667' title='bbox 1854 2553 1901 2589; x_wconf 87' lang='lat' dir='ltr'>Et</span> <span class='ocrx_word' id='word_1_668' title='bbox 1920 2554 2049 2588; x_wconf 85' lang='lat' dir='ltr'>Psalm.</span> <span class='ocrx_word' id='word_1_669' title='bbox 2071 2554 2172 2588; x_wconf 81' lang='lat'>108.:</span> <span class='ocrx_word' id='word_1_670' title='bbox 2199 2554 2259 2589; x_wconf 90' lang='lat' dir='ltr'>Illi</span> 
     </span>
     <span class='ocr_line' id='line_1_99' title="bbox 1277 2603 2256 2649; baseline 0 -11"><span class='ocrx_word' id='word_1_671' title='bbox 1277 2603 1508 2639; x_wconf 87' lang='lat' dir='ltr'>detrahebant</span> <span class='ocrx_word' id='word_1_672' title='bbox 1523 2603 1633 2644; x_wconf 89' lang='lat' dir='ltr'>mihi,</span> <span class='ocrx_word' id='word_1_673' title='bbox 1653 2617 1730 2649; x_wconf 72' lang='lat' dir='ltr'>*ego</span> <span class='ocrx_word' id='word_1_674' title='bbox 1750 2613 1866 2641; x_wconf 89' lang='lat' dir='ltr'>autem</span> <span class='ocrx_word' id='word_1_675' title='bbox 1887 2606 2043 2639; x_wconf 84' lang='lat' dir='ltr'>orabam.</span> <span class='ocrx_word' id='word_1_676' title='bbox 2094 2603 2172 2639; x_wconf 88' lang='lat' dir='ltr'>Etsi</span> <span class='ocrx_word' id='word_1_677' title='bbox 2195 2617 2256 2638; x_wconf 92' lang='lat' dir='ltr'>au-</span> 
     </span>
     <span class='ocr_line' id='line_1_100' title="bbox 1276 2653 2255 2700; baseline 0 -11"><span class='ocrx_word' id='word_1_678' title='bbox 1276 2662 1346 2689; x_wconf 89' lang='lat' dir='ltr'>tem</span> <span class='ocrx_word' id='word_1_679' title='bbox 1364 2653 1430 2690; x_wconf 87' lang='lat' dir='ltr'>hae</span> <span class='ocrx_word' id='word_1_680' title='bbox 1445 2667 1589 2699; x_wconf 85' lang='lat' dir='ltr'>magnae</span> <span class='ocrx_word' id='word_1_681' title='bbox 1608 2668 1663 2690; x_wconf 90' lang='lat' dir='ltr'>res</span> <span class='ocrx_word' id='word_1_682' title='bbox 1685 2669 1758 2690; x_wconf 88' lang='lat' dir='ltr'>non</span> <span class='ocrx_word' id='word_1_683' title='bbox 1784 2656 2032 2698; x_wconf 87' lang='lat' dir='ltr'>intelliguntur</span> <span class='ocrx_word' id='word_1_684' title='bbox 2055 2656 2129 2689; x_wconf 90' lang='lat' dir='ltr'>sine</span> <span class='ocrx_word' id='word_1_685' title='bbox 2151 2668 2255 2700; x_wconf 79' lang='lat' dir='ltr'>expe-</span> 
     </span>
    </p>
   </div>
  </div>
 </body>
</html>
