2379 2948
120 89 213 123 1001
475 87 556 123 Vll.

115 173 384 207 invocationem.
438 173 563 208 Postea
588 175 759 220 praedicit
777 175 974 219 passionem
994 174 1101 209 Chri—

115 223 176 264 sti,
212 230 244 257 et
277 224 342 263 ait,
377 222 570 258 Ecclesiam
605 226 796 259 subiectam
823 227 898 258 sore
920 227 1033 267 cruci,
1069 234 1101 260 et

113 274 245 307 multos
268 275 464 309 defecturos
491 288 563 309 esse
586 277 630 310 ab
654 289 708 314 ea,
745 283 777 309 et
803 283 920 309 tamen
946 277 1099 322 aliquem

111 336 320 359 mansurum
348 338 419 360 esse
444 334 601 367 coetum,
629 327 688 372 qui
706 325 819 359 Deum
843 335 933 359 recte
950 327 1099 362 invocet.

112 374 164 408 Ita
189 377 342 411 breviter
366 377 611 421 complectitur
627 377 755 410 multas
774 389 827 409 res
844 378 1044 422 praecipuas
1062 380 1098 412 in

110 423 266 460 Ecclesia
299 428 591 466 considerandas,
629 427 724 470 Quid
760 428 820 468 sit,
858 441 946 473 quae
974 427 1099 464 habeat

109 477 277 511 beneficia
304 479 463 523 propria,
491 479 569 523 quis
590 478 634 512 sit
660 486 793 522 pastor,
822 479 855 511 id
883 487 949 519 est,
976 482 1098 514 condi-

109 534 166 561 tor
198 535 232 562 et
264 536 488 562 conservator
510 528 705 569 Ecclesiae,
738 530 858 574 quales
891 528 1018 565 habeat
1039 545 1097 565 ae—

108 590 273 621 rumnas,
299 581 476 625 quomodo
497 587 735 613 conservetur.

209 644 272 680 Est
304 646 395 679 enim
421 645 578 680 Ecclesia
609 654 727 680 coetus
751 659 943 690 agnoscens
965 648 1096 682 Filium

106 694 194 738 Dei,
221 697 441 740 colligentem
459 696 670 739 Ecclesiam,
699 710 838 741 passum
863 707 893 733 et
913 701 1096 733 resuscita-

105 754 200 788 tum,
234 748 390 780 retinens
422 761 546 791 puram
568 748 753 793 Evangelii
782 751 1001 790 doctrinam,
1036 764 1098 795 per

106 799 200 843 qnod
219 805 251 832 et
268 805 388 843 pastor
405 797 461 832 hic
478 800 596 833 efficax
616 807 676 839 est,
704 807 736 833 et
751 801 865 834 deleto
885 809 1023 845 peccato
1040 815 1097 835 re-

104 849 217 883 stituit
248 849 417 883 iustitiam
451 858 483 884 et
515 851 621 884 vitam
651 858 846 892 aeternam,
887 853 947 897 qni
979 860 1097 886 coetus

103 906 195 933 recte
220 899 361 934 invocat
377 900 511 942 Deum,
540 908 573 935 et
594 902 631 934 in
655 915 758 936 cruce
782 911 936 947 expectat
954 916 1094 937 conser-

102 951 281 984 vationem
315 964 333 984 a
366 964 428 985 suo
462 960 620 995 pastore,
654 960 689 986 et
720 954 763 986 ab
788 966 828 986 eo
856 962 1094 989 conservatur.
1120 978 1122 993 ‚

100 1000 223 1035 Primo
256 1014 336 1045 ergo
367 1004 528 1037 nominat
553 1004 686 1037 sontem
711 1012 833 1038 contra
858 1013 1037 1048 peccatum
1063 1014 1095 1040 et

101 1052 366 1087 immunditiem
390 1061 567 1098 separatae
591 1062 735 1099 propter
754 1063 944 1089 menstrua.
997 1056 1095 1090 Fons

100 1103 174 1147 ipse
199 1103 314 1138 Filius
338 1104 404 1138 Dei
428 1113 496 1146 est,
522 1118 585 1149 per
605 1105 839 1148 Evangelium
865 1114 897 1139 et
920 1106 1092 1151 Spiritum

100 1161 259 1188 sanctum
293 1156 421 1189 tollens
450 1164 629 1200 peccatum
661 1157 834 1199 originale
866 1164 898 1190 et
933 1159 1093 1194 actualia.

100 1204 189 1238 Nam
206 1206 378 1249 originale
396 1219 458 1250 per
475 1214 690 1240 menstruam
709 1208 971 1241 immunditiem
984 1210 1094 1252 signi-

97 1256 240 1298 ficatur,
269 1264 302 1290 et
325 1258 520 1301 opponitur
545 1256 603 1291 hic
626 1259 704 1291 sons
728 1259 877 1291 lavacris
900 1267 980 1292 ante
1004 1268 1093 1293 tem-

97 1307 208 1350 plum.
263 1306 449 1342 Concinne
473 1316 590 1343 autem
612 1310 870 1342 accommodari
890 1311 932 1343 ad
950 1310 1091 1355 Baptis-

95 1369 193 1391 mum
212 1365 336 1403 potest.

196 1425 321 1460 Postea
345 1426 394 1460 ait
415 1427 457 1459 de
475 1439 555 1460 vera
572 1427 797 1460 invocatione
816 1435 848 1461 et
867 1428 910 1461 de
927 1441 1007 1461 vera
1026 1430 1090 1462 do-

97 1477 231 1512 ctrina:
259 1475 402 1510 Delebo
428 1475 531 1510 idola
557 1482 588 1510 el
607 1475 963 1525 pseudoprophetas,
986 1484 1091 1526 paler

96 1533 126 1562 et
149 1532 263 1561 mater
287 1525 466 1574 configent
491 1540 569 1573 eos,
598 1530 633 1562 isi
660 1537 728 1570 est,
757 1537 881 1570 erunt,
909 1531 969 1576 qui
994 1533 1088 1565 resu-

94 1587 170 1614 tent
193 1580 365 1613 fanaticos
391 1581 563 1616 doctores.

92 1784 229 1818 criticas
258 1783 472 1828 praestigias.

88 1831 219 1882 pheta,
247 1831 356 1868 homo
381 1833 553 1880 agricola
575 1846 675 1875 sum,
702 1838 733 1868 et
755 1832 863 1869 horno
883 1836 1041 1870 serviens
1060 1850 1083 1870 a

91 1885 291 1927 iuventute,
319 1886 353 1919 id
380 1893 448 1926 est,
476 1898 547 1919 non
574 1898 651 1920 sum
673 1895 776 1921 autor
797 1887 880 1920 novi
901 1889 1084 1931 dogmatis,

91 1939 151 1971 sed
176 1938 290 1970 servio
314 1937 352 1970 in
377 1949 452 1969 mea
471 1938 674 1978 vocatione,
701 1938 791 1971 sicut
810 1936 944 1979 Adam,
971 1940 1083 1973 sciens

91 2000 126 2021 se
153 1986 245 2021 nihil
269 1988 462 2032 excogitare
488 2001 588 2032 posse
612 1990 653 2022 ad
679 1990 876 2022 tollendum
903 1998 1081 2033 peccatum

92 2046 126 2073 et
149 2040 190 2071 ad
215 2040 408 2072 tollendam
432 2046 599 2078 mortem,
634 2041 693 2073 sed
720 2047 858 2074 tantum
884 2048 1082 2074 sustentans

91 2101 126 2123 se
151 2102 234 2123 voce
255 2091 498 2134 promissionis
516 2091 676 2125 traditae.
732 2091 774 2124 Et
793 2092 960 2125 fatebitur
981 2092 1082 2135 igno—

89 2141 239 2174 rantiam
264 2152 378 2181 suam,
409 2148 441 2175 et
466 2142 558 2176 dicet
583 2154 617 2175 se
641 2143 685 2175 ab
702 2142 857 2175 Ecclesia
877 2143 1079 2186 castigatum

90 2204 179 2233 esse,
204 2204 221 2224 a
245 2204 312 2237 qua
331 2192 504 2235 diligitur.
557 2192 637 2226 Huc.
655 2194 807 2237 pertinet
828 2194 960 2227 dictum
979 2193 1079 2227 Pauli

91 2242 171 2277 Gal.
187 2242 240 2278 6.:
274 2242 312 2276 Si
335 2243 414 2287 quis
437 2244 554 2288 lapsus
579 2245 686 2279 fuerit
703 2252 766 2280 etc.
793 2247 976 2279 emendate
1000 2258 1078 2279 eum

88 2294 216 2339 spiritu
234 2294 400 2327 lenitatis.

192 2360 244 2394 De
256 2360 416 2405 passione
427 2358 556 2395 Christi
569 2361 702 2408 inquit:
727 2359 892 2396 Framea
903 2362 1080 2396 suscitare

88 2423 195 2459 super
207 2416 392 2459 pastorem
409 2423 539 2451 meum,
568 2417 598 2445 el
612 2425 720 2460 super
733 2413 850 2448 virum
866 2415 1078 2457 proximum

88 2461 193 2503 mihi,
221 2476 282 2497 seu
298 2474 424 2510 parem
443 2459 549 2504 mihi,
576 2475 637 2496 seu
653 2464 789 2498 socium
805 2462 911 2505 mihi,
937 2477 999 2499 seu
1016 2467 1081 2514 qui

87 2526 223 2548 mecum
248 2518 310 2550 est.
363 2513 485 2547 Dulcis
510 2515 698 2558 descriptio
721 2524 788 2556 est,
816 2529 883 2562 qna
906 2517 1079 2561 significat

86 2564 267 2600 Christum
294 2572 467 2609 pastorem
485 2564 661 2599 Ecclesiae
685 2578 756 2599 esse
777 2568 977 2611 proximum
998 2568 1078 2610 Dei,

87 2615 218 2650 Filiiim
234 2617 365 2651 scilicet
379 2616 597 2649 carissimum
614 2623 756 2651 aeterno
775 2619 884 2661 patri,
911 2620 971 2664 qui
987 2632 1077 2653 sem-

86 2679 148 2712 per
176 2675 226 2702 est
249 2668 343 2712 apud
368 2674 552 2702 aeternum
585 2674 740 2712 patrem,
775 2676 808 2703 et
834 2669 895 2714 qui
920 2671 1075 2714 potentia

611 86 1021 125 COMMENTARIUS
1055 89 1106 123 IN
1134 88 1451 127 PROPHETAM
1479 91 1788 133 ZACHARIAM.

626 1580 731 1621 ltem,
767 1579 1007 1624 prohibebunt
1031 1594 1089 1616 eos
1114 1595 1116 1630 J

93 1631 147 1665 uti
177 1638 270 1664 veste
302 1628 457 1670 hirsuta,
492 1631 526 1663 id
557 1637 625 1671 est,
658 1632 818 1676 squalida
848 1640 999 1666 assumta
1027 1646 1089 1676 per
1114 1651 1115 1659 κ
1329 1668 1336 1674 ,
2067 1673 2073 1680 ,

93 1680 320 1728 hypocrisin,
349 1679 416 1714 hoc
433 1688 502 1721 est,
525 1682 695 1715 taxabunt
712 1682 857 1716 ficticios
874 1684 1006 1724 cultus,
1034 1685 1087 1718 fa—
1141 1668 1305 1700 nscendet
1328 1680 1363 1700 ¹¹¹
1391 1669 1548 1709 coelum’
1583 1670 1671 1702 dans
1697 1671 1861 1704 mandata
1889 1671 1931 1703 de
1954 1673 2136 1716 praedma‘

92 1733 226 1767 naticas
250 1733 455 1777 opiniones,
483 1730 730 1771 monachatus,
760 1740 791 1766 et
818 1734 949 1767 similes
974 1733 1086 1779 hypo-
1112 1762 1114 1767 .

534 1783 601 1817 Sed
631 1784 738 1817 dicet:
775 1781 864 1816 lVon
889 1797 970 1818 sum
992 1782 1084 1819 Pro-
1111 1784 1114 1805 ἶ
1140 1770 1237 1803 dum·

1105 2477 1107 2484 π
1133 2455 1347 2491 anathema.

2048 99 2064 132 1
2071 99 2144 134 002

1154 176 1275 210 divina
1302 178 1434 220 colligit
1458 187 1489 214 et
1517 189 1700 215 conservat
1726 180 1940 223 Ecclesiam,
1975 183 2063 218 sicut
2088 184 2144 217 in-

1154 228 1232 271 quit
1257 227 1350 261 loan.
1371 229 1444 264 14.:
1480 230 1583 264 Pater
1605 232 1642 265 in
1666 245 1721 265 me
1744 240 1812 273 est,
1847 240 1880 267 et
1903 245 1965 277 ego
1983 234 2018 266 in
2038 242 2146 278 patre.

1154 278 1221 312 Hic
1251 291 1372 313 rursus
1405 282 1605 320 considera,
1642 285 1736 328 qnod
1770 284 1817 317 ait
1843 284 2008 317 frameam
2034 286 2143 318 levari

1153 342 1256 374 snper
1272 328 1367 363 hunc
1384 331 1517 372 virum,
1545 334 1604 377 qni
1623 341 1673 366 est
1691 335 1871 378 proximus
1888 335 1968 369 Dei.
2023 335 2144 377 Signi-

1152 380 1231 417 ficat
1247 381 1340 413 enim
1359 393 1528 425 personae
1545 384 1735 426 unitatem,
1762 392 1935 431 utsupra:
1962 384 2144 432 Aspicient

1154 444 1226 473 me,
1255 444 1358 477 quem
1380 433 1609 467 confixerunt.

1427 542 1476 582 In
1508 540 1643 596 Caput
1674 545 1868 585 ultimum.

1251 620 1529 666 Coniunguntur
1558 622 1615 657 hic
1646 626 1903 668 praedictiones
1933 628 1976 660 de
2006 629 2141 663 excidio

1151 672 1436 720 Hierosolymae,
1480 675 1523 707 de
1554 676 1815 718 praedicatione
1846 676 2055 721 Evangelii,
2100 681 2143 713 (le

1151 732 1326 768 postremo
1345 726 1499 759 adventu
1518 723 1650 760 Christi
1667 734 1699 760 et
1717 727 1849 760 iudicio
1865 729 2077 768 universali,
2106 731 2143 763 in

1150 788 1219 820 quo
1241 782 1313 809 tota
1331 774 1488 809 Ecclesia
1506 778 1695 811 ornabitur
1715 786 1855 812 aeterna
1873 780 2002 822 gloria,
2029 787 2061 814 et
2076 780 2144 813 im-

1149 827 1196 870 pii
1232 828 1509 862 damnabuntur.
1577 828 1667 862 Sunt
1695 836 1810 862 autem
1839 830 1926 863 aliae
1949 831 2143 866 sententiae

1150 878 1301 921 propriis
1318 879 1434 911 verbis
1451 879 1645 922 expositae,
1670 880 1758 913 aliae
1777 881 1920 925 figurate
1938 881 2142 918 recitantur.

1148 926 1333 961 Excidium
1351 927 1620 976 Hierosolymae
1644 931 1812 964 recitatur
1835 933 1990 976 propriis
2008 933 2140 966 verbis:

1147 973 1389 1024 Congregabo
1428 992 1550 1014 omnes
1587 985 1711 1026 gentes
1747 979 1802 1015 ad
1830 981 2068 1016 Hierusalem
2102 983 2140 1017 in

1145 1029 1348 1076 praelium,
1377 1035 1407 1064 et
1428 1031 1590 1078 capietur
1609 1031 1737 1066 civitas
1754 1037 1815 1069 etc.

1251 1090 1388 1125 Deinde
1412 1093 1455 1125 de
1479 1093 1739 1136 praedicatione
1757 1092 1944 1137 Evangelii
1969 1101 2001 1129 et
2020 1095 2063 1128 de
2085 1095 2142 1128 iu-

1147 1141 1239 1174 dicio
1262 1150 1439 1185 postremo
1457 1144 1605 1178 dicitur:
1631 1141 1856 1189 Egredielur
1871 1143 2080 1187 Dominus,
2109 1150 2139 1178 et

1144 1190 1393 1238 praeliabitur
1409 1199 1534 1227 contra
1547 1198 1672 1239 gentes
1688 1199 1747 1228 etc.
1801 1195 1904 1229 Item:
1931 1193 1981 1230 In
1998 1193 2055 1229 die
2069 1194 2141 1229 illa

1145 1242 1298 1277 exibunt
1331 1256 1452 1292 aquae
1486 1245 1586 1278 ιἰἰάε
1614 1257 1661 1279 ecc
1692 1244 1948 1288 Hierusalem,
1983 1245 2037 1280 Et
2072 1246 2139 1280 erit

1144 1292 1336 1328 Dominus
1363 1307 1428 1329 rex
1453 1308 1560 1342 super
1578 1308 1716 1329 omnem
1736 1300 1892 1338 terram,
1920 1306 1952 1331 et
1971 1297 2037 1331 erit
2055 1296 2140 1331 Do·-

1144 1345 1268 1378 minus
1293 1358 1408 1385 unus,
1437 1351 1466 1379 el
1487 1359 1616 1379 nomen
1636 1349 1712 1380 eius
1733 1359 1862 1388 unum,
1890 1349 1924 1381 id
1946 1356 2016 1389 est,
2044 1349 2139 1382 idola

1145 1398 1388 1437 destruentur,
1414 1404 1447 1430 et
1464 1398 1613 1440 fulgebit
1630 1410 1710 1431 vera
1727 1398 1861 1441 agnitio
1879 1399 1985 1433 unius
2001 1398 2080 1434 Dei.

1246 1454 1446 1489 Miscentur
1492 1464 1608 1490 autem
1655 1457 1746 1491 dicta
1787 1458 1831 1491 ‹le
1875 1458 2138 1503 praedicatione

1144 1504 1346 1549 Evangelii,
1382 1508 1425 1540 de
1455 1508 1587 1541 indicio
1616 1515 1649 1542 et
1676 1510 1720 1541 de
1744 1509 1896 1543 aeternis
1918 1511 2043 1555 poenis
2069 1512 2137 1544 im-

1142 1557 1281 1601 piorum
1295 1582 1303 1596 ‚
1330 1559 1421 1592 etde
1440 1566 1580 1592 aeterna
1599 1560 1709 1603 gloria
1727 1560 1879 1604 piorum.

1245 1614 1369 1649 Stabit
1410 1615 1448 1650 in
1489 1622 1608 1651 monte
1649 1617 1852 1660 olivarum,
1893 1619 2023 1654 scilicet
2056 1633 2135 1655 cum

1142 1718 1236 1751 tione
1264 1716 1470 1762 Evangelii,
1515 1727 1547 1754 et
1580 1727 1700 1765 postea
1732 1721 1878 1754 veniens
1903 1723 1947 1755 ad
1971 1723 2134 1757 iudican-

1241 1825 1437 1862 Scindelur
1453 1840 1569 1867 mons,
1598 1829 1633 1863 id
1652 1837 1712 1869 est,
1740 1836 1812 1864 tota
1828 1829 1991 1865 machina
2007 1835 2133 1867 mundi

1138 1886 1323 1923 rumpetur
1348 1887 1381 1913 et
1403 1880 1618 1919 mutabitur,
1647 1887 1679 1914 et
1703 1881 1865 1924 fugietis,
1893 1883 1982 1917 sicut
2006 1884 2042 1916 in
2061 1891 2134 1918 ter-

1141 1943 1198 1963 rae
1216 1937 1316 1964 motu
1337 1938 1493 1974 tempore
1509 1928 1637 1973 Osiae,
1663 1932 1707 1965 de
1723 1944 1792 1977 quo
1811 1933 1942 1967 dicitur
1959 1934 1996 1967 in
2017 1936 2132 1979 primo

1137 1981 1249 2026 capite
1267 1981 1378 2014 Amos
1395 1982 1430 2014 in
1453 1982 1568 2016 initio.

1238 2036 1327 2073 lVon
1353 2039 1418 2073 erit
1444 2038 1531 2079 lucc,
1563 2038 1630 2074 sed
1644 2040 1778 2089 frigus
1804 2046 1835 2075 et
1859 2040 1963 2087 gelu,
2000 2045 2131 2079 scilicet

1138 2091 1267 2135 impiis.
1317 2090 1449 2125 Contra
1467 2104 1550 2124 vero
1566 2092 1633 2136 piis
1647 2093 1713 2127 erit
1729 2101 1894 2137 perpetua
1914 2095 1985 2135 lux,
2010 2096 2129 2129 omnia

1136 2149 1239 2176 erunt
1263 2142 1387 2187 plana,
1421 2155 1438 2176 a
1466 2141 1600 2184 Gibea,
1629 2156 1718 2188 quae
1742 2148 1791 2178 es't
1816 2145 1853 2177 in
1878 2146 1973 2178 tribu
1999 2145 2129 2180 Benia-

1137 2194 1210 2226 min
1224 2221 1232 2234 ,
1260 2195 1303 2226 ad
1322 2192 1515 2234 Rimmon,
1543 2207 1632 2239 quae
1657 2203 1707 2229 est
1730 2196 1766 2228 in
1783 2195 1879 2229 tribu
1898 2195 2064 2238 Simeon,
2092 2198 2128 2230 id

1135 2252 1204 2284 est,
1232 2245 1379 2289 imperia
1405 2245 1531 2278 muudi
1557 2253 1659 2279 erunt
1679 2247 1829 2284 abolita,
1858 2253 1890 2280 et
1907 2259 2010 2280 nemo
2029 2260 2128 2281 exer-

1135 2296 1225 2330 cebit
1247 2297 1428 2330 saevitiam
1448 2303 1569 2329 contra
1585 2296 1777 2330 Ecclesiam
1790 2324 1799 2337 ,
1825 2298 1914 2330 bene
1931 2298 1997 2332 erit
2013 2299 2127 2344 iustis,

1135 2356 1166 2382 et
1187 2347 1288 2391 impii
1308 2354 1413 2380 erunt
1432 2347 1468 2379 in
1489 2348 1620 2391 poenis,

1237 2404 1329 2439 Erit
1351 2404 1556 2440 Ierusalem
1587 2417 1733 2446 secura,
1766 2410 1796 2439 et
1826 2419 1899 2440 non
1924 2407 1993 2443 erit
2018 2408 2056 2442 in
2082 2421 2124 2443 ea

1407 2457 1539 2491 Contra
1568 2469 1650 2490 vero
1673 2458 1851 2491 tabescent
1876 2459 1988 2503 impii.
2051 2460 2125 2494 Mi-

1132 2517 1222 2549 scet,
1250 2518 1288 2543 ut
1313 2515 1413 2542 antea
1434 2508 1525 2547 dixi,
1553 2508 1831 2551 praedicationes
1851 2510 1894 2542 de
1914 2511 2038 2554 poenis
2055 2511 2123 2545 im-

1133 2562 1271 2606 piorum
1286 2588 1294 2599 ,
1322 2567 1355 2592 et
1373 2560 1416 2592 (le
1434 2559 1544 2601 gloria
1563 2557 1751 2593 Ecclesiae.

1233 2619 1370 2652 Deinde
1387 2617 1556 2661 repetitur
1571 2619 1762 2659 praedictio
1778 2620 1821 2652 de
1837 2621 2021 2654 vocatione
2037 2632 2122 2664 gen-

1131 2671 1236 2705 tium:
1265 2667 1466 2716 Reliquiae
1488 2669 1651 2714 gentium
1679 2669 1816 2703 venient
1839 2669 2122 2718 lerosolymam,
