2379 2948
210 149 276 183 191

209 232 296 268 siae,
332 240 421 274 quae
442 226 517 260 sine
544 223 697 270 physicis
727 219 890 264 explicari
923 230 995 251 non
1032 223 1192 261 possunt,

209 283 297 315 sicut
315 287 347 313 et
365 277 469 322 primi
487 283 518 309 et
542 273 668 308 summi
694 273 853 304 doctores
879 269 916 302 in
932 267 1105 309 Ecclesia,
1130 279 1192 312 pa-

211 340 279 366 tres
295 337 327 363 et
346 325 534 373 prophetae
557 325 592 356 in
612 321 678 356 hac
694 322 852 356 doctrina
869 321 912 354 de
929 327 1053 353 natura
1075 329 1193 352 rerum

212 377 441 415 eruditissimi
458 377 614 408 fuerunt.

314 437 494 470 Postremo
521 439 615 474 grata
639 431 742 464 nobis
767 430 845 463 ideo
871 440 942 461 esse
965 428 1088 465 debet,
1112 425 1194 471 quia

212 489 345 522 erudita
371 483 513 529 physica
538 482 721 515 confirmat
755 478 918 513 honestas
946 478 1133 521 opiniones
1157 476 1193 507 in

213 539 314 572 bonis
339 534 515 567 mentibus
540 533 582 565 de
601 531 674 564 Deo
700 539 729 564 et
759 532 801 563 de
827 529 1070 573 providentia,
1097 527 1196 559 ideo·

213 600 278 633 que
314 584 507 629 Epicureos
539 593 682 626 prorsus
720 580 898 614 sustulisse
937 576 1195 622 providentiam

212 640 374 682 adparet,
401 633 482 679 quia
500 644 616 665 veram
634 639 665 665 et
682 631 854 664 eruditam
882 627 1061 674 physicam
1080 637 1197 669 asper-

213 688 287 721 nati
306 692 407 724 sunt,
436 690 468 717 et
486 684 643 716 furenter
658 682 835 714 finxerunt
853 678 1094 712 confusionem
1122 682 1198 708 ato-

215 748 366 771 morum.

319 794 409 828 Sunt
432 799 463 825 et
489 803 548 825 sua
573 790 701 825 Stoicis
727 789 973 826 deliramenta,
1001 785 1059 830 qui
1084 783 1198 818 Deum

216 847 361 888 alligant
383 842 495 876 causis
517 840 697 880 secundis,
725 851 762 871 ac
779 839 916 881 fingunt
942 848 1005 869 nec
1024 834 1199 869 naturalia

219 896 374 940 agentia,
403 905 466 925 nec
482 893 682 925 voluntates
699 890 800 923 aliter
824 899 923 931 posse
948 898 1066 930 agere,
1095 896 1200 930 quam

216 954 253 980 ut
271 951 394 988 agunt,
424 950 456 976 et
474 942 521 975 sic
541 941 624 974 cieri
643 947 791 984 utraque
808 951 826 971 a
845 938 957 982 prima
973 947 1085 970 causa.
1113 934 1199 968 Plu-

217 997 346 1030 rimum
368 1001 483 1027 autem
502 993 544 1025 ad
562 991 746 1035 utriusque
763 996 874 1022 sectae
891 988 1027 1021 furores
1045 986 1202 1019 refutan—

219 1048 281 1080 dos
301 1044 466 1079 conducit
484 1048 574 1075 recte
588 1042 624 1074 in
643 1039 798 1085 physicis
813 1038 1012 1071 institutum
1029 1047 1113 1070 esse.

322 1102 372 1136 Ac
405 1102 556 1145 primum
597 1098 654 1132 hic
692 1097 908 1141 deploranda
941 1103 990 1128 est
1029 1092 1205 1127 humanae

221 1153 350 1188 mentis
367 1151 533 1189 coecitas,
560 1150 653 1194 quod
681 1160 758 1180 cum
782 1146 969 1191 praecipue
994 1144 1135 1177 condita
1161 1143 1205 1176 sit

218 1205 260 1238 ad
280 1202 493 1246 agnitionem
510 1198 587 1240 Dei,
615 1206 647 1232 et
662 1197 758 1232 Deus
776 1197 937 1230 ordinem
958 1202 992 1229 et
1008 1194 1118 1227 multa
1134 1193 1203 1227 alia

220 1256 262 1288 de
278 1265 311 1286 se
327 1251 525 1286 testimonia
543 1250 579 1282 in
597 1255 668 1283 tota
687 1260 804 1281 rerum
827 1253 953 1280 natura
971 1244 1205 1288 proposuerit,

220 1312 338 1338 tamen
364 1302 558 1335 multorum
583 1306 716 1332 mentes
742 1297 855 1331 excuti
890 1296 956 1330 sibi
983 1306 1125 1339 prorsus
1152 1305 1206 1327 as-

222 1353 419 1388 sensionem
438 1352 481 1384 de
508 1349 730 1394 providentia
756 1348 887 1380 sinunt.

224 1412 340 1448 postea
365 1402 500 1446 prolixe
522 1400 658 1439 dicam,
684 1410 779 1430 nunc
803 1396 956 1429 breviter
983 1402 1119 1428 tantum
1145 1395 1208 1427 ad-

222 1453 374 1487 monebo
403 1450 617 1487 auditorem,
653 1454 690 1481 ut
716 1447 860 1490 cogitet,
893 1457 996 1489 quam
1030 1443 1207 1476 inerudite

224 1499 465 1549 philosophati
481 1500 549 1533 sint
565 1497 732 1543 Epicurei
747 1524 755 1536 ‚
783 1496 841 1541 qui
860 1497 946 1527 duas
971 1505 1090 1527 causas
1107 1505 1208 1537 prae-

225 1555 343 1597 cipuas
362 1564 399 1584 ex
417 1551 601 1584 universae
620 1555 766 1581 naturae
783 1545 1048 1579 conservatione
1065 1544 1208 1583 tollunt,
1234 1558 1236 1577 a

227 1604 433 1636 efficientem
451 1607 484 1634 et
502 1599 659 1639 finalem,
695 1610 733 1630 ac
757 1603 892 1630 tantum
918 1595 1096 1628 materiam
1125 1593 1209 1626 reti—

226 1661 329 1692 nent,
377 1651 507 1685 scilicet
541 1657 687 1683 atomos,
752 1646 827 1679 Hos
867 1645 1107 1687 imaginantur
1130 1655 1209 1676 casu

226 1714 443 1741 concurrere,
471 1712 548 1733 cum
566 1698 698 1744 alioqui
718 1697 815 1730 nulla
836 1696 977 1729 materia
998 1696 1073 1727 sine
1091 1694 1210 1739 aliquo

228 1754 397 1787 efficiente
414 1757 607 1783 moveatur.

327 1810 397 1844 Nec
421 1811 463 1842 de
494 1808 634 1841 formali
667 1818 768 1840 causa
795 1813 886 1839 recte
912 1805 1027 1837 dicere
1054 1808 1212 1847 possunt,
1237 1841 1239 1850 A

228 1874 306 1896 cum
324 1866 450 1903 negent
466 1859 599 1891 firmam
617 1869 689 1891 esse
715 1857 907 1900 specierum
935 1854 1212 1892 distinctionem,

228 1924 292 1946 nec
317 1918 408 1944 certo
440 1907 620 1942 hominem
646 1920 685 1940 ex
709 1906 872 1946 homine,
907 1907 1032 1939 bovem
1059 1917 1099 1937 ex
1124 1904 1212 1937 bove

231 1974 339 1996 nasci.

330 2018 479 2053 Causam
512 2027 594 2048 vero
618 2014 776 2048 omnium
803 2011 1098 2057 pulcherrimam,
1126 2012 1214 2044 finn-

231 2073 321 2111 lem,
361 2079 449 2113 quae
477 2066 630 2108 singulas
667 2076 719 2097 res
741 2066 781 2096 ad
811 2071 923 2097 certos
948 2075 1029 2096 usus
1060 2062 1212 2103 ordinat,

233 2121 378 2154 omnino
397 2117 531 2153 delent,
560 2128 637 2148 cum
665 2122 791 2157 negent
809 2126 880 2147 esse
897 2113 1011 2146 Deum
1033 2125 1093 2146 seu
1112 2124 1212 2145 men—

232 2180 300 2205 tem
324 2166 645 2203 architectatricem.
699 2164 777 2197 Non
806 2165 847 2196 ad
878 2164 972 2196 aliud
1000 2175 1088 2207 opus
1113 2175 1215 2206 prae-

232 2221 380 2255 stantius
412 2218 566 2260 cogitant
591 2215 685 2248 nasci
713 2212 912 2252 hominem,
947 2226 1051 2259 quam
1078 2214 1214 2247 asinum

236 2278 295 2305 aut
318 2280 475 2313 porcum.

336 2327 430 2360 Haec
448 2325 564 2359 omnia
584 2330 741 2369 pugnant
760 2330 877 2367 aperte
895 2335 973 2355 cum
992 2320 1215 2368 physicorum
1242 2312 1243 2328 ³

236 2379 393 2412 doctrina
417 2378 459 2409 de
480 2375 610 2415 causis,
646 2380 685 2407 ut
709 2385 771 2406 suo
796 2374 872 2406 loco
906 2373 1032 2406 iterum
1070 2373 1216 2412 dicetur,

239 2440 307 2473 qua
323 2434 412 2460 recte
432 2434 463 2460 et
488 2426 623 2459 erudite
648 2431 828 2468 percepta,
854 2424 1083 2456 confirmatur
1100 2424 1135 2455 in
1152 2423 1217 2455 bo-

238 2479 292 2511 nis
309 2477 485 2510 mentibus
510 2475 663 2508 assensio
690 2481 844 2507 statuens
868 2485 938 2506 esse
956 2472 1089 2515 Deum,
1118 2484 1218 2505 men-

239 2536 309 2562 tem
327 2524 636 2560 architectatricem
661 2531 693 2558 et
709 2523 998 2557 conservatricem
1024 2534 1160 2563 rerum,
1187 2529 1219 2555 et

240 2578 382 2624 quidem
400 2575 628 2614 liberrimam,
655 2586 726 2607 non
747 2575 900 2607 vinctam
918 2573 1119 2607 Stoicorum
1135 2573 1218 2612 fato,

240 2628 302 2673 qui
325 2627 414 2659 sicut
448 2625 539 2668 apud
572 2622 782 2664 Homerum,
822 2623 881 2657 Dii
912 2623 1070 2667 suspensi
1099 2629 1218 2656 catena

244 2680 441 2721 finguntur,
466 2673 580 2707 Deum
599 2673 692 2706 velut
711 2674 745 2705 in
765 2686 934 2707 carcerem
956 2673 1156 2713 includunt,
1185 2679 1219 2705 et

484 139 688 176 SCRtPTA
720 136 793 171 1³11.
818 133 932 169 MEL.
959 132 1027 168 AD
1053 131 1180 168 HtS'r.
1207 129 1349 166 PROF.
1375 127 1440 164 ET
1469 127 1658 164 PHlLOS.
1681 125 1998 166 SPECTANTIA.

940 1345 992 1379 Ac
1016 1346 1058 1378 de
1080 1344 1207 1378 Stoicis
1233 1347 1234 1352 ’

2155 129 2226 165 192

1246 214 1542 260 prestantissimae
1569 220 1717 247 naturae
1740 213 1950 257 intelligenti
1978 211 2167 248 detrahunt
2183 214 2229 247 li-

1246 267 1437 306 bertatem,
1467 276 1554 309 quae
1587 270 1638 297 est
1667 264 1861 309 proprietas
1885 264 2069 308 praecipua
2094 264 2227 298 intelli-

1247 316 1377 359 gentis,
1405 314 1592 348 iudicantis
1623 321 1656 348 et
1683 314 1868 358 deligentis
1892 321 2049 350 naturae.

1348 364 1485 398 Deinde
1500 377 1579 398 cum
1597 365 1870 408 sapientissima,
1897 364 2029 408 optima
2055 372 2088 399 et
2107 366 2227 400 iustis-

1249 415 1335 448 sima
1359 421 1484 448 natura
1509 421 1645 448 tantum
1670 416 1755 449 velit
1781 414 2010 458 congruentia
2034 415 2151 448 ordini
2174 416 2229 448 lu-

1249 465 1340 498 centi
1358 465 1396 498 in
1415 476 1475 497 sua
1495 472 1631 503 mente,
1651 466 1742 499 bona
1762 472 1793 498 et
1811 466 1913 505 iusta,
1940 464 2047 498 Stoici
2065 465 2231 498 horribili

1249 515 1393 549 audacia
1410 521 1442 548 et
1459 515 1578 548 surore
1595 515 1730 559 fingunt
1746 516 1940 549 necessario
1959 515 2054 548 illam
2072 521 2228 549 mentem

1250 563 1562 598 architectatricem
1577 565 1666 599 velle
1686 567 1814 600 scelera
1833 563 2042 606 Phalaridis,
2067 565 2232 607 Neronis,

1252 621 1286 648 et
1303 615 1443 647 similia.

1353 663 1400 696 Hi
1417 663 1606 708 prodigiosi
1626 666 1759 698 furores
1783 666 1869 697 adeo
1894 663 2083 698 abhorrent
2106 678 2123 698 a
2142 665 2235 698 sanis

1254 714 1396 748 iudiciis
1413 726 1554 752 eorum,
1581 715 1639 759 qui
1668 722 1757 748 recte
1782 715 1981 747 didicerunt
2007 713 2170 760 physica,
2195 722 2235 749 ut

1255 765 1355 798 Plato
1376 765 1479 798 etiam
1498 765 1534 796 in
1562 767 1714 798 secundo
1742 765 1832 798 libro
1860 766 1902 797 de
1923 764 2064 808 Repub.
2092 766 2233 799 dixerit:

1253 814 1491 858 Pugnandum
1511 821 1559 848 est
1577 816 1742 848 omnibus
1758 815 1872 848 modis
1890 815 2013 860 nequis
2030 816 2066 847 in
2084 816 2235 854 civitate,

1255 877 1358 910 quam
1384 866 1547 899 volumus
1574 873 1664 899 recte
1688 866 1896 909 gubernari,
1928 864 2042 899 Deum
2065 872 2238 906 autorem,

1255 927 1314 949 seu
1329 927 1466 949 causam
1487 927 1557 948 esse
1573 917 1745 949 malorum
1757 941 1765 955 ,
1794 917 1906 949 dicere
1923 916 1978 949 vel
1996 916 2118 949 audire
2136 916 2238 954 ausit,

1255 977 1315 999 seu
1333 966 1489 1004 iuvenis,
1516 977 1575 1000 seu
1592 979 1713 1007 senex,
1741 967 1813 999 sive
1841 969 1877 998 in
1903 967 2075 1005 carmine,
2101 966 2174 999 sive
2199 966 2237 999 in

1256 1017 1368 1049 soluta
1395 1016 1554 1049 oratione
1575 1017 1761 1058 recitetur,
1796 1017 1877 1061 quia
1904 1029 1967 1049 nec
1993 1016 2091 1061 pium
2115 1023 2165 1050 est
2188 1017 2238 1050 ita

1257 1066 1389 1105 dicere,
1416 1077 1479 1098 nec
1496 1067 1582 1100 utile
1604 1067 1727 1108 nobis,
1755 1079 1867 1112 neque
1892 1067 2005 1111 ipsum
2034 1067 2167 1102 dictum
2184 1078 2239 1100 se-

1257 1127 1336 1149 cum
1358 1116 1543 1151 consentit.

1359 1165 1430 1199 Sed
1449 1173 1481 1199 et
1498 1166 1540 1199 de
1556 1164 1621 1199 hac
1640 1174 1711 1201 tota
1735 1179 1791 1207 re,
1815 1175 1846 1200 et
1872 1167 1915 1200 de
1935 1167 2137 1209 gravissima
2157 1165 2241 1200 Pla-

1259 1216 1352 1250 tonis
1369 1216 1541 1249 sententia
1560 1217 1651 1250 infra
1669 1218 1844 1261 copiosius
1856 1218 1892 1249 in
1909 1217 2120 1250 refutatione
2131 1215 2241 1250 Stoici

1258 1267 1319 1300 fati
1345 1266 1534 1299 dicendum
1565 1267 1645 1308 erit,
1679 1268 1715 1300 in
1747 1280 1815 1312 qua
1846 1267 1956 1310 magis
1990 1267 2092 1300 etiam
2123 1278 2241 1301 rerum

1261 1317 1414 1361 ipsarum
1435 1317 1619 1360 explicatio
1636 1318 1822 1351 utilitatem
1841 1315 1999 1361 physices
2021 1317 2192 1352 ostendet.

1357 1365 1518 1410 Cumque
1536 1367 1725 1409 plurimum
1747 1366 1783 1398 in
1800 1373 1869 1400 tota
1890 1367 1959 1399 vita
1978 1367 2063 1398 et‘in
2083 1367 2242 1400 moribus

1260 1416 1405 1455 reserat,
1443 1413 1572 1448 habere
1597 1416 1642 1449 ita
1676 1416 1845 1457 domitas,
1881 1423 1914 1449 et
1945 1417 2044 1460 quasi
2072 1417 2242 1451 cicuratas

1260 1471 1410 1505 mentes,
1434 1472 1472 1497 ut
1493 1473 1601 1498 metas
1618 1478 1778 1499 verarum
1798 1466 2007 1511 opinionum
2030 1467 2242 1510 intelligant,

1261 1521 1395 1555 ament,
1423 1522 1455 1548 et
1471 1527 1594 1558 magna
1613 1517 1807 1549 constantia
1823 1523 2009 1557 tueantur,
2035 1528 2099 1549 nec
2121 1517 2244 1550 furen-

1263 1572 1315 1597 ter
1339 1565 1557 1608 adplaudant
1583 1567 1745 1599 absurdis
1771 1567 2018 1610 opinionibus,
2044 1567 2147 1601 valde
2161 1580 2245 1612 pro-

1263 1616 1337 1648 dest
1355 1616 1390 1647 in
1409 1612 1562 1660 physicis
1577 1625 1667 1650 recte
1684 1617 1835 1655 erudiri,
1865 1618 1901 1649 in
1929 1618 2056 1662 quibus
2073 1618 2245 1662 principia

1236 1686 1237 1698 i
1264 1672 1296 1698 et
1313 1666 1427 1698 sontes
1444 1666 1571 1699 artium
1594 1674 1626 1700 et
1646 1668 1760 1710 legum
1777 1674 2035 1706 monstrantur,
2063 1675 2095 1701 et
2112 1675 2246 1702 mentes

1263 1716 1478 1756 adsuefiunt‚
1507 1723 1541 1749 ut
1567 1729 1601 1750 se
1623 1717 1714 1751 intra
1741 1730 1838 1750 veras
1861 1725 1968 1751 metas
2005 1725 2038 1751 et
2067 1715 2246 1764 κριτήρια,

1265 1767 1307 1799 de
1323 1767 1452 1810 quibus
1475 1778 1578 1810 supra
1594 1768 1765 1808 diximus,
1792 1766 2007 1801 coherceant.

1368 1816 1547 1859 Fugienda
1572 1825 1603 1851 et
1637 1819 1827 1851 execranda
1858 1825 1907 1851 est
1934 1818 2128 1862 petulantia
2159 1831 2245 1853 con-

1238 1895 1239 1911 ,
1265 1867 1438 1900 turbatrix
1466 1868 1557 1900 vitae
1585 1875 1616 1901 et
1641 1868 1787 1906 artium,
1822 1875 1858 1900 ut
1888 1867 2110 1902 Democritus
2142 1881 2247 1902 mun·

1266 1919 1328 1951 dos
1366 1913 1644 1952 innumerabiles
1686 1926 1720 1953 et
1748 1919 1896 1952 subinde
1940 1919 2028 1952 alios
2056 1931 2096 1952 ex
2121 1921 2247 1954 atomis

1267 1968 1407 2001 extruit.

1367 2017 1543 2061 Epicurus
1577 2018 1685 2051 solem
1720 2026 1821 2062 negat
1854 2030 1926 2052 esse
1955 2031 2066 2052 unum
2100 2020 2244 2065 aliquod

1269 2074 1478 2113 perpetuum
1502 2080 1645 2112 corpus,
1673 2080 1733 2102 sua
1757 2077 1881 2103 natura
1909 2069 2085 2110 lucidum,
2111 2072 2170 2103 sed
2198 2071 2246 2104 ait

1269 2119 1426 2164 quotidie
1456 2130 1601 2162 vapores
1630 2131 1750 2153 recens
1776 2133 1815 2154 ex
1839 2126 1931 2153 terra
1959 2127 2075 2160 natos,
2107 2120 2248 2154 inflam-

1269 2170 1375 2208 mari,
1420 2176 1451 2203 et
1481 2169 1709 2203 circumactos
1750 2171 1899 2216 speciem
1936 2170 2033 2203 illam
2072 2169 2247 2213 exhibere,

1269 2232 1373 2266 quam
1391 2219 1508 2253 Solem
1527 2232 1700 2253 vocamus.

1371 2267 1566 2303 Archelaus
1603 2270 1831 2305 audacissime
1867 2271 1987 2304 docuit
2030 2269 2176 2305 honesta
2214 2278 2248 2305 et

1270 2321 1385 2365 turpia
1409 2332 1482 2353 non
1508 2320 1649 2353 differre
1680 2328 1823 2361 natura,
1856 2322 1915 2354 sed
1943 2328 2080 2355 tantum
2107 2321 2247 2365 opinio-

1271 2372 1388 2404 nibus.

1242 2446 1244 2448 v
1370 2420 1478 2455 Stoici
1521 2419 1677 2454 adfectus
1719 2432 1840 2454 omnes
1885 2422 2141 2456 contenderunt
2178 2433 2249 2455 esse

1242 2457 1245 2509 i
1271 2471 1467 2515 opinioneS.

1243 2511 1246 2523 ‘
1370 2520 1493 2553 Talem
1513 2520 1694 2554 audaciam
1712 2521 1867 2565 fingendi
1883 2528 2094 2555 monstrosas
2109 2522 2250 2566 opinio-

1271 2582 1332 2604 nes
1364 2581 1584 2611 execremur,
1618 2583 1706 2615 quae
1729 2579 1762 2605 et
1786 2573 1876 2605 vitae
1899 2572 2093 2616 perniciosa
2117 2579 2184 2613 est,
2217 2581 2250 2607 et

1272 2634 1289 2655 a
1308 2620 1382 2655 Deo
1407 2621 1590 2660 damnata,
1617 2620 1678 2666 qui
1701 2622 1806 2655 dixit:
1833 2621 1915 2655 Non
1939 2623 2033 2655 dicas
2051 2622 2176 2655 falsum
2198 2630 2251 2656 te-

1274 2671 1491 2705 stimonium.
1562 2671 1765 2705 Adsuefacit
1797 2679 1912 2706 autem
1945 2679 2078 2706 mentes
2108 2670 2251 2717 physica
