2379 2948
138 136 215 172 573
777 136 817 171 V.

289 219 381 260 Quae
401 223 448 252 est
471 223 593 263 quarta
613 218 726 261 forma
751 214 976 250 divisionum?

244 289 380 333 Quarta
406 292 521 324 forma
548 297 599 323 est
632 289 761 322 divisio
792 289 939 322 subiecti
974 288 1011 320 in
1044 288 1133 320 acci-

140 341 259 374 dentia
279 343 434 386 propria.
493 341 635 376 Utimur
657 347 773 372 antem
802 337 866 372 hac
890 340 1025 379 forma,
1054 340 1131 371 esim

140 392 291 426 alicuius
311 405 481 437 personae
499 392 552 424 vel
571 391 620 424 rei
637 391 861 424 conditiones
872 391 1032 434 proprias
1045 402 1132 422 enu*

138 455 339 486 ineramus,
370 451 425 478 ut:
453 443 552 476 Talis
579 442 623 475 sit
647 440 863 486 Episcopus,
891 443 976 475 sciat
1000 442 1132 474 doetri-

138 507 222 528 nam
241 493 436 535 Ecclesiae,
463 501 495 527 et
514 494 559 526 sii
576 493 803 526 mediocriter
826 493 975 526 idoneus
1001 494 1044 526 ad
1068 494 1131 525 do-

139 547 302 588 cendum,
330 547 449 580 timeat
467 544 604 584 Deum,
632 551 665 577 et
679 544 839 577 moribus
855 542 1013 578 honestis
1030 551 1131 577 ornet

138 598 356 636 doctrinam,
384 603 416 629 et
441 595 487 629 sit
513 595 677 638 inprimis
703 607 824 629 amans
839 596 1018 634 veritatis,
1048 607 1132 628 can—

137 649 262 690 didus,
290 655 321 681 et
339 646 505 680 inimicus
523 643 755 691 sophisticae,
784 654 817 681 et
839 648 1018 680 studiosus
1044 660 1130 680 con-

138 701 279 733 cordiae
304 698 485 742 publicae‚
528 698 640 742 possit
663 698 768 731 etiam
794 698 933 731 flectere
958 699 1131 739 animuin,

136 758 176 785 ut
193 750 365 795 quaedam
390 750 617 782 incommoda
641 750 746 790 serat,
774 762 813 782 ac
838 750 1057 787 dissimulet,
1087 761 1131 781 ne

135 801 362 835 concordiam
381 801 559 845 publicam
578 800 706 834 turbet.
749 800 808 835 Sic
827 799 951 834 Cicero
972 813 1035 845 pro
1055 801 1130 843 lege

133 851 286 886 Manilia
310 859 493 885 enumerat
521 852 745 885 conditiones
770 852 858 885 honi
883 851 1126 895 Imperatoris:

133 901 272 937 Habeat
289 904 472 937 scientiam
492 904 542 936 rei
568 903 750 942 militaris,
779 903 966 944 virtutem,
994 903 1129 936 autori-

134 960 243 988 tatem
273 961 306 988 et
330 955 547 990 felicitatem.
595 953 700 998 Apud
723 954 920 988 Homerum
941 955 1128 999 praecipua

132 1013 341 1039 ornamenta
361 1007 427 1039 viri
445 1005 617 1050 principis
633 1007 827 1039 recitantur
845 1006 881 1038 in
898 1003 966 1039 hoc
984 1017 1103 1038 versu:

248 1061 380 1094 Mv'ewv
396 1076 427 1094 τε
444 1062 551 1105 ῥητῆρ’
571 1063 671 1102 {taem
687 1066 884 1105 πρηκτῆρατε
899 1062 1007 1105 ἔργων.

233 1116 287 1151 De
303 1131 370 1152 usu
386 1116 492 1152 huius
511 1125 657 1164 quartae
674 1119 808 1151 formae
824 1118 904 1162 plus
920 1119 1058 1152 dicetur
1073 1118 1129 1150 in-

130 1171 183 1204 fra
201 1170 239 1203 in
254 1170 332 1203 loco
350 1170 588 1204 adiacentium
610 1176 642 1203 et
663 1170 925 1204 adiunctorum.

461 1295 528 1335 De
559 1293 780 1335 Methodo.

231 1380 315 1415 Dixi
339 1378 442 1412 initio
473 1378 510 1410 in
536 1377 650 1422 prima
674 1385 773 1421 parte
794 1379 1003 1412 Dialectices
1032 1380 1125 1412 tradi

129 1432 328 1467 doctrinam
340 1429 853 1474 deexplicationesimplicinm
872 1442 1010 1465 vocum.
1040 1429 1124 1463 Ideo
1150 1463 1151 1466 ,

130 1485 260 1528 gradus
274 1489 307 1516 et
323 1481 505 1514 domicilia
523 1481 779 1514 vocabulorum
799 1481 903 1514 initio
929 1488 1124 1515 monstrata
1150 1476 1151 1498 1
1178 1470 1356 1496 aeternam
1378 1471 1529 1497 mentem
1556 1462 1868 1498 architectatricem
1894 1476 1978 1497 esse.

277 1533 401 1567 Postea
427 1532 562 1565 dictum
587 1539 638 1566 est
661 1533 704 1565 de
731 1533 846 1565 modis
873 1533 1123 1567 definitionum
1149 1559 1150 1563 ,

130 1541 223 1570 sunt.

130 1594 163 1620 et
180 1585 416 1620 divisionum:
445 1595 541 1616 nunc
557 1595 660 1616 usum
690 1581 797 1616 huius
820 1584 929 1628 partis
958 1585 1122 1618 ostenda-

130 1649 218 1671 mus.

131 1844 222 1877 viam
242 1853 303 1874 seu
326 1840 488 1873 ordinem
515 1839 799 1882 investigationis
823 1848 854 1874 et
878 1840 1122 1884 explicationis

130 1896 203 1928 sive
221 1891 436 1935 simplicium
456 1890 804 1936 quaestionum‚sive
824 1892 1122 1935 propositionum.

129 1945 177 1980 Et
193 1945 241 1979 sic
257 1943 384 1977 Graeci
410 1942 604 1976 definiunt:
631 1940 796 1986 μέθοδος
823 1940 923 1977 ἑστῖν
946 1942 1015 1983 ἕξις
1038 1941 1123 1977 ὃδο-
1147 1938 1149 1965 3

129 1993 297 2041 ποιητικὴ
314 1991 408 2038 μετὰ
425 1990 559 2041 λόγου,
587 1994 621 2026 id
640 2001 705 2027 est:
734 1992 928 2027 Methodus
952 2002 1000 2027 est
1019 1993 1121 2027 hahi-

130 2055 207 2087 tus,
229 2045 392 2079 videlicet
409 2045 566 2085 scientia,
594 2057 654 2078 seu
673 2057 741 2084 ars,
769 2047 861 2077 viam
880 2046 1011 2079 faciens
1029 2053 1121 2079 certa

131 2098 289 2138 ratione,
314 2096 350 2129 id
370 2103 441 2137 est,
468 2108 558 2141 quae
576 2096 677 2142 quasi
695 2109 757 2141 per
779 2097 854 2130 loca
877 2097 973 2130 invia
1000 2105 1033 2130 et
1058 2098 1123 2129 011-

131 2150 200 2184 sita
224 2148 400 2186 sentibus,
428 2160 490 2191 per
513 2160 632 2181 rerum
657 2149 920 2190 confusionem,
948 2150 1040 2182 viam
1066 2149 1123 2181 in-

131 2200 229 2234 venit
243 2206 277 2232 et
294 2198 422 2242 aperit,
447 2211 486 2232 ac
507 2211 561 2233 res
577 2199 620 2233 ad
647 2200 868 2244 propositum
894 2200 1123 2244 pertinentes,

133 2252 225 2286 eruit
242 2262 281 2284 ac
297 2249 424 2283 ordine
441 2250 583 2294 promit.

275 2347 368 2387 Quot
394 2347 486 2378 sunt
511 2343 679 2380 methodi
707 2346 974 2392 quaestiones?

233 2411 324 2448 Cum
342 2412 384 2445 de
399 2423 470 2445 una
491 2423 575 2444 voce
588 2412 778 2448 dicendum
803 2422 872 2456 est,
901 2415 994 2448 viam
1021 2428 1121 2448 mon·
1150 2421 1152 2450 t
1177 2413 1267 2453 illis,
1299 2425 1385 2458 quas
1408 2412 1579 2446 recensui-

133 2471 243 2500 strant
259 2462 325 2498 hae
342 2463 462 2496 decem
482 2463 715 2508 quaestiones.

233 2523 373 2563 Prima,
400 2522 486 2568 qnid
507 2522 719 2558 vocabulum
734 2525 914 2568 significet.

234 2574 417 2615 Secunda,
445 2586 489 2606 an
508 2573 551 2606 sit
570 2585 634 2606 res.

236 2625 358 2660 Tertia
369 2653 377 2666 ,
405 2625 492 2671 quid
509 2626 552 2658 sit
568 2636 633 2659 res.

237 2676 391 2719 Quarta,
418 2688 507 2722 quae
523 2676 595 2710 sint
613 2675 661 2709 rei
680 2683 805 2720 partes.

237 2726 370 2770 Quinta
386 2755 394 2769 ‚
422 2740 512 2774 quae
530 2728 599 2762 sint
619 2727 763 2771 species.

276 1635 323 1670 Ut
356 1641 471 1668 antem
498 1634 584 1667 alias
608 1646 739 1667 nomen
763 1633 929 1679 μέθοδος
951 1635 1123 1679 significat
1148 1640 1150 1645 ’

129 1696 259 1723 rectam
278 1694 311 1721 et
329 1686 631 1730 compendiariam
657 1686 782 1724 vitam,
812 1686 858 1720 ita
876 1686 1061 1721 Dialectici
1078 1687 1121 1719 ad
1148 1691 1150 1720 ἰ
1177 1675 1411 1720 PffleCiPUUffl
1432 1678 1526 1711 enim
1554 1685 1658 1722 calnn
1687 1685 1736 1711 ‘³⁵‘
1761 1678 1920 1710 deffflffi‘)
1946 1678 1983 1710 in
2010 1690 2170 1723 quacun-

130 1740 293 1774 ordinem
318 1737 564 1782 explicationis
596 1737 829 1770 rectissimum
863 1738 1123 1771 transtulerunt
1176 1740 1244 1773 que
1261 1729 1512 1773 explicatione,
1536 1736 1573 1763 Ut
1591 1742 1668 1762 cum
1687 1730 1906 1774 qffl‘ffl‘ifflUS,
1936 1729 2021 1773 quid
2039 1729 2084 1763 δὴ
2101 1728 2168 1763 CO*

129 1790 198 1826 hoc
214 1801 362 1824 nomen:
391 1800 429 1821 ac
448 1788 621 1831 significat
639 1785 705 1821 hoc
721 1789 799 1822 loco
810 1787 976 1832 μέθοδος
992 1796 1121 1822 rectam
1148 1806 1149 1830 1

871 132 1195 170 EROTEMATA
1223 131 1564 169 DlALECTICES.

1150 2335 1152 2359 l

2120 136 2193 171 574

1291 218 1397 252 Sexta
1412 247 1419 259 ,
1451 232 1539 265 quae
1559 219 1714 256 causae.w

1291 269 1468 313 Septima,
1497 273 1557 315 qui
1577 273 1733 307 effectus,

1290 318 1448 362 Octava,
1478 334 1566 366 quae
1586 324 1796 359 adiacentia.

1288 371 1412 411 Nona,
1441 385 1530 417 quae
1549 383 1708 416 cognata.

1288 421 1454 463 Decima,
1478 436 1568 468 quae
1585 426 1793 467 pugnantia.

1239 515 1306 552 Ubi
1335 516 1504 552 tradidit
1531 516 1600 552 has
1629 522 1868 563 quaes-tiones
1887 522 2132 558 Aristoteles?

1287 584 1499 618 Aristoteles
1524 585 1560 618 in
1584 586 1675 618 libro
1700 588 1732 620 2.
1762 585 2038 621 Resolutionum
2066 598 2181 633 poste·

1184 634 1320 668 riorum
1349 637 1572 681 quaestiones
1599 645 1753 670 recenset
1781 644 1949 682 quatuor,
1988 652 2073 684 quae
2099 649 2180 675 sunt

1156 695 1157 702 ¹
1184 693 1216 719 et
1240 686 1277 718 in
1304 695 1425 721 nostro
1455 689 1614 731 catalogo
1641 689 1863 732 praecipuae:
1902 688 1961 722 An
1989 691 2052 728 sit,
2082 691 2178 733 Quid

1184 737 1246 777 sit,
1273 737 1378 780 Quod
1398 740 1461 779 sit,
1490 747 1520 772 et
1541 739 1661 782 Quare
1680 741 1735 775 sit.
1791 739 1862 773 Nos
1889 752 2016 784 paucas
2040 743 2179 775 addidi-

1185 800 1273 822 mus.
1302 789 1371 823 Sed
1389 791 1486 834 prius
1502 792 1658 824 breviter
1674 793 1717 824 de
1736 791 1972 825 Aristotelicis
1989 793 2159 826 dicamus.

1288 848 1312 881 l.
1338 847 1397 881 Αη
1415 848 1482 891 sit,
1510 851 1647 896 quaerit
1669 852 1711 884 de
1738 851 1800 891 iis,
1825 863 1914 896 quae
1938 864 2010 884 non
2036 859 2117 886 suut
2142 853 2177 886 in

1183 908 1389 943 conspectu,
1419 909 1473 934 ut:
1504 902 1560 934 An
1579 903 1622 936 sit
1638 902 1752 943 Deus,
1781 914 1825 934 an
1849 903 1919 936 sint
1943 903 2086 947 spiritus
2108 904 2176 937 vivi

1183 951 1259 983 sine
1287 952 1378 985 mule
1403 965 1603 996 corporum.
1658 954 1713 986 Ad
1742 951 1833 986 lianc
1858 955 2099 998 quaestionem
2117 967 2177 988 sn-

1184 1003 1293 1035 initur
1316 1005 1499 1048 responsio
1526 1006 1569 1037 ab
1595 1005 1808 1048 experientia
1846 1012 1877 1038 et
1916 1006 1959 1038 ab
1992 1005 2175 1039 affectibus

1182 1065 1242 1086 seu
1265 1053 1398 1097 signis,
1433 1062 1472 1088 ut
1497 1067 1569 1088 esse
1597 1057 1744 1100 spiritus
1764 1056 2012 1097 confirmatur,
2047 1058 2128 1101 quia
2156 1071 2173 1090 a

1183 1105 1303 1138 multis
1329 1106 1397 1139 fide
1421 1106 1539 1149 dignis
1570 1108 1746 1152 conspecti
1779 1114 1873 1140 sunt.
1928 1106 2012 1140 Esse
2048 1108 2174 1148 Deum,

1182 1156 1384 1190 testimonia
1410 1158 1580 1199 illustria,
1608 1166 1639 1191 et
1664 1159 1855 1192 certissima
1884 1160 2094 1200 ostendunt,
2121 1160 2173 1191 xi-

1182 1207 1325 1248 delicet,
1361 1209 1442 1253 qnia
1472 1216 1633 1242 mortuos
1663 1210 1888 1249 exuscitaxit‚
1930 1210 2031 1243 iussit
2062 1211 2171 1243 solem

1182 1259 1319 1301 regredi
1344 1268 1402 1292 aut
1427 1261 1606 1301 resistere,
1633 1268 1697 1294 etc.
1751 1259 1889 1293 Deinde
1905 1262 1993 1293 ordo
2012 1269 2172 1294 motuum

1181 1310 1404 1351 coelestium,
1432 1311 1622 1344 discrimen
1642 1309 1873 1344 honestorum
1896 1319 1929 1345 et
1952 1312 2109 1356 turpium
2137 1312 2172 1345 in

1151 1374 1153 1377 ’
1181 1369 1317 1401 mente,
1354 1362 1508 1407 denique
1540 1363 1606 1394 alia
1634 1363 1743 1395 multa
1770 1369 1842 1394 arte
1866 1363 1955 1395 sacta
1981 1363 2017 1394 in
2046 1370 2170 1396 natura

1179 1418 1374 1453 testantur,
1403 1410 1498 1445 huuc
1515 1414 1689 1445 mundum
1707 1425 1779 1445 non
1804 1413 1956 1446 extitisse
1981 1425 2080 1452 casn,
2111 1415 2170 1446 sed

2032 1465 2090 1497 An
2113 1478 2171 1498 ae—

1178 1521 1290 1556 grotet
1315 1512 1493 1554 Phaedra,
1529 1516 1682 1549 sumitur
1710 1529 1748 1548 ex
1775 1516 1907 1558 signis,
1936 1515 2086 1560 pallore,
2115 1517 2170 1550 in-

1177 1566 1335 1606 somnio,
1364 1567 1432 1599 cibi
1450 1567 1620 1607 fastidiis,
1650 1567 1880 1611 palpitatione
1900 1567 2027 1607 cordis,
2056 1575 2120 1603 etc.

1279 1625 1325 1659 ll.
1363 1623 1469 1672 Quid
1482 1625 1551 1668 sit,
1585 1627 1784 1660 sciscitatur
1808 1627 1849 1659 de
1873 1626 2081 1660 definitione
2107 1628 2168 1660 rei.

1177 1786 1287 1820 meta,
1314 1781 1413 1814 stella
1432 1793 1476 1813 an
1498 1778 1630 1814 halitus
1648 1780 1904 1820 inflammatus,
1928 1787 1990 1815 etc.

1281 1837 1345 1874 ΙΙΙ.
1373 1835 1488 1884 Quod
1500 1838 1569 1879 sit,
1605 1839 1775 1883 particula
1808 1839 1902 1882 apud
1929 1836 2168 1880 Aristotelem,

1178 1901 1250 1922 non
1273 1897 1323 1923 est
1346 1890 1595 1933 interrogatio,
1632 1891 1690 1923 sed
1723 1890 1934 1922 asseveratio
1968 1889 2168 1933 significans

1176 1941 1311 1985 aliquid
1346 1942 1492 1975 attribui
1528 1942 1702 1981 subiecto,
1738 1949 1793 1974 ut:
1825 1940 1966 1974 Cometa
1997 1941 2167 1985 paulatim

1176 1993 1409 2026 consumitur.
1464 1992 1522 2026 Sic
1540 2000 1680 2025 enarrat
1698 1992 1925 2025 Aristotelem
1939 1991 2096 2027 Graecus
2112 1995 2168 2027 in-

1176 2051 1327 2088 terpres:
1368 2041 1410 2077 τὸ
1442 2041 1614 2090 ὑπάρχον
1646 2042 1719 2077 τινὶ
1747 2040 2094 2090 κατηγορούμενον,
2132 2046 2167 2078 id

1177 2102 1246 2135 est,
1274 2097 1368 2141 quod
1386 2096 1603 2129 attribuatur
1619 2095 1725 2128 alicui
1745 2095 1985 2139 praedicatum
2011 2095 2168 2140 aliquod,

1175 2157 1235 2180 seu
1256 2148 1350 2192 quod
1366 2147 1565 2180 subiectum
1586 2148 1673 2180 illud
1695 2147 1739 2181 sit
1760 2147 1839 2181 tale.

1282 2206 1365 2241 llll.
1391 2204 1518 2253 Quare
1533 2206 1595 2248 sil,
1620 2207 1779 2252 quaestio
1800 2213 1850 2240 est
1868 2207 1911 2238 de
1926 2205 2050 2244 causis,
2078 2218 2168 2250 qnae

1177 2258 1221 2292 sit
1240 2257 1408 2293 Cometae
1430 2259 1597 2298 materia,
1626 2271 1715 2303 quae
1737 2270 1861 2291 causae
1884 2263 2015 2290 tantam
2039 2258 2167 2290 molem

1150 2310 1395 2344 'viscosorum
1428 2308 1606 2345 halitnnm
1636 2307 1850 2343 contrahant
1889 2316 1921 2342 et
1961 2309 2165 2342 accendant.

1150 2388 1152 2394 ,
1178 2361 1397 2405 Congruunt
1421 2362 1530 2406 igitur
1555 2360 1803 2394 Aristotelicae
1833 2359 2054 2404 quaestiones
2085 2372 2166 2393 cum

1640 2410 1852 2454 Congu-nunt
1874 2411 1917 2443 ad
1939 2417 2108 2456 utrasque
2135 2418 2169 2444 et

1177 2464 1245 2497 loci
1272 2463 1477 2503 Dialectici,
1513 2464 1572 2509 qui
1600 2463 1691 2495 infra
1716 2462 1971 2497 recitabuntur.
2016 2460 2106 2495 Nam
2134 2469 2167 2496 et

1149 2556 1151 2560 Ι
1177 2516 1231 2548 illi
1246 2523 1329 2549 sunt
1347 2517 1492 2556 indices,
1516 2522 1553 2548 ut
1569 2514 1615 2547 ita
1634 2513 1761 2553 dicam,
1785 2511 1954 2546 methodi.
1989 2511 2167 2547 Adiiciam

1148 2572 1152 2658 t

1177 2575 1291 2600 autem
1310 2580 1421 2600 unum
1435 2565 1646 2609 exemplum,
1660 2570 1700 2598 ut
1716 2575 1799 2597 usus
1818 2564 2066 2609 quaestionum
2081 2577 2167 2598 con-

1177 2619 1355 2662 spiciatur.
1408 2618 1460 2650 Ac
1475 2619 1520 2649 de
1537 2616 1667 2649 virtute
1685 2616 1855 2651 dicamus.

1281 2677 1399 2709 Prima
1420 2677 1576 2721 quaestio
1594 2684 1644 2710 est
1661 2676 1702 2709 de
1719 2676 1882 2709 vocabuli
1900 2675 2167 2720 significatione.

1178 2728 1362 2762 Interdum
1379 2728 1471 2761 enim
1489 2728 1620 2772 virtus,
1645 2728 1855 2772 generaliter
1874 2728 1943 2760 vim
1970 2739 2030 2760 seu
2056 2726 2167 2760 facul-
