2379 2948
238 89 332 124 1283

238 173 451 210 sacerdotes,
480 171 513 203 id
539 177 606 214 est,
635 170 729 213 quod
751 167 942 202 habeamus
962 169 1016 202 ius
1035 169 1226 202 invocandi

239 273 436 307 intercedit.
490 271 587 311 Item,
616 273 707 315 qnod
727 279 843 304 nostra
861 272 951 303 bona
970 283 1087 314 opera,
1115 277 1146 303 et
1164 271 1226 302 ad-

240 325 413 357 flictiones
440 329 577 354 nostrae
603 323 673 354 sint
696 334 776 354 vera
797 321 982 362 sacrificia,
1010 328 1043 354 et
1061 321 1133 353 veri
1152 320 1226 353 cul-

241 382 316 414 tus,
350 373 412 417 qui
437 371 511 405 Deo
535 373 683 416 placent.
746 371 834 405 Nam
861 369 946 405 haec
969 378 1051 405 sunt
1075 371 1226 404 correla—

240 426 322 464 tiva,
350 423 517 457 Sacerdos
534 430 564 455 et
583 422 810 456 Sacrificium.
863 422 963 464 Quae
979 429 1093 455 autem
1113 422 1226 453 effica—

242 476 315 508 cior
338 474 530 506 consolatio
557 474 622 516 piis
650 473 799 517 proponi
825 480 935 517 potest
961 474 996 505 in
1016 472 1227 511 adflictione,

243 537 346 570 qnam
371 524 399 556 si
418 524 526 557 sciant
543 522 657 556 Deum
677 524 854 568 requirere
870 521 960 556 hanc
977 522 1227 559 obedientiam,

243 583 274 609 et
292 576 336 608 ita
354 587 479 607 ornare
491 599 498 612 ,
527 581 566 607 nt
582 574 711 607 iudicet
729 586 763 607 se
779 572 914 607 honore
932 574 1020 606 affici
1038 571 1104 606 hoc
1121 573 1228 613 cultu,

243 633 276 659 et
296 626 378 658 velit
398 625 573 664 invocari,
601 631 631 657 et
651 625 824 657 affuturus
841 625 885 657 sit
901 625 1003 657 nobis
1021 624 1057 656 in
1074 621 1128 656 his
1146 634 1228 665 ago-

244 675 373 709 nibus?
413 674 508 708 Haec
527 675 644 708 omnia
665 675 833 717 significat
851 687 981 707 nomen
999 673 1228 708 Sacrificium.

245 725 365 769 Quare
389 738 466 758 cum
494 726 530 758 in
556 726 652 758 omni
677 726 766 766 vita,
794 733 867 758 tum
893 737 974 757 vero
1001 725 1037 756 in
1055 724 1226 757 adflictio·

245 777 351 809 nibus
374 773 565 808 habeamus
590 776 624 808 in
653 783 839 819 conspectu
863 773 953 808 hanc
970 775 1167 808 doctrinam
1187 776 1229 806 de

245 827 440 860 sacerdotio
459 833 491 859 et
511 827 690 859 sacrificio.
747 826 891 859 Necesse
909 833 957 859 est
977 826 1144 869 populum
1163 824 1228 857 Dei

246 875 373 910 habere
404 876 546 920 aliquod
577 877 805 916 sacrificium,
839 888 945 921 quare
974 888 1046 909 non
1074 876 1229 918 defugia-

246 939 342 968 mus,
377 927 462 972 quin
489 926 563 960 Deo
587 935 799 970 praestemus
824 925 890 959 hoc
916 934 1074 959 nostrum
1101 926 1229 959 sacrifi-

247 978 358 1015 cium,
388 977 548 1010 videlicet
565 978 782 1011 adflictiones
797 977 900 1010 nobis
916 977 1114 1020 impositas,
1142 984 1174 1010 et
1192 977 1228 1008 in

246 1026 302 1061 his
325 1039 542 1061 exerceamus
565 1028 665 1060 fidem
684 1035 716 1061 et
734 1028 1011 1067 invocationem,
1039 1027 1127 1060 sicut
1144 1027 1228 1059 scri-

247 1086 345 1122 ptum
371 1085 436 1111 est:
468 1077 593 1110 Invoca
619 1090 674 1110 me
699 1079 735 1111 in
752 1079 807 1111 die
824 1078 1085 1121 tribulationis,
1112 1084 1145 1111 et
1161 1079 1228 1110 eri-

246 1130 340 1173 piam
360 1136 412 1169 te,
439 1135 471 1162 et
488 1129 697 1171 glorificabis
714 1141 769 1161 me
787 1135 848 1161 etc.

348 1178 425 1212 Etsi
448 1186 563 1212 autem
580 1177 663 1211 haec
681 1179 839 1212 doctrina
858 1180 900 1212 de
917 1178 1111 1211 sacerdotio
1128 1185 1159 1211 et
1175 1189 1230 1210 sa-

247 1229 398 1272 crificio,
426 1241 498 1262 non
523 1230 604 1262 satis
630 1241 694 1273 pro
715 1229 959 1272 magnitudine
975 1229 1180 1272 amplificari
1199 1235 1230 1261 et

247 1280 366 1313 ornari
400 1286 529 1323 potest:
565 1287 681 1313 tamen
710 1280 790 1324 quia
822 1280 1028 1324 praecipuos
1054 1279 1149 1312 locos
1173 1286 1231 1312 nt-

248 1342 385 1375 cunque
411 1330 574 1374 exposui,
600 1342 741 1374 pergam
764 1331 806 1363 ad
832 1331 987 1376 reliquos
1006 1341 1125 1363 versus
1144 1341 1231 1362 enu-
1255 1317 1258 1370 l
1284 1330 1345 1363 ris.

247 1382 445 1415 mex-andos.

819 83 942 118 PHlL.
972 81 1086 118 MEL.
1116 81 1324 118 SCRIPTA
1353 80 1653 117 EXEGETICA.

1252 174 1253 177 ’
1304 174 1401 202 otest.

238 223 353 257 Deum
372 230 512 266 propter
534 221 730 264 pontificem
744 218 942 260 Christum,
968 220 1027 265 qui
1044 233 1105 263 pro
1124 219 1226 252 nobis
1280 180 1301 212 p

1255 1256 1258 1300 1

502 1380 595 1413 Illud
619 1393 731 1414 unum
756 1388 892 1414 tantum
919 1381 1101 1420 adiiciam,
1135 1380 1229 1424 quod
1256 1372 1257 1413 l
1283 1391 1406 1412 murus
1430 1380 1552 1422 igneus
1572 1380 1609 1412 in
1628 1379 1774 1412 circuitu
1792 1391 1924 1412 eornm.

1253 544 1255 551 .
1280 521 1435 554 ferorum
1460 533 1534 554 non
1552 522 1801 565 praevalebunt
1820 523 1986 554 adversus
2004 533 2089 557 eam.

2158 85 2255 121 1284

1462 167 1582 210 Quare
1605 167 1668 201 etsi
1693 167 1854 201 diabolus
1877 168 2042 202 omnibus
2067 170 2182 204 modis
2207 177 2261 204 at-

1280 230 1347 263 que
1380 218 1513 251 artibus
1545 219 1763 262 oppugnabit
1788 216 1969 252 Christum
2002 226 2034 252 et
2058 219 2261 262 Ecclesiam,

1280 269 1443 302 incitabit
1472 275 1659 314 tyrannos,
1700 275 1739 302 ut
1770 281 1874 301 omne
1904 280 2012 312 genus
2043 271 2260 305 crudelitatis

1280 326 1479 360 exerceant,
1514 320 1724 353 deformabit
1744 319 1935 359 scandalis,
1967 319 2170 354 dilacerabit
2192 320 2261 355 Ec-

1281 370 1420 402 clesiam
1451 370 1597 403 infinitis
1626 370 1812 404 discordiis
1836 377 1868 403 et
1893 367 2113 411 haeresibus,
2145 378 2261 405 tamen

1280 420 1346 454 Dei
1367 422 1520 462 potentia
1539 421 1701 454 defendet
1724 418 1905 454 Christum
1935 427 1969 453 et
1991 418 2201 461 Ecclesiam,
2231 429 2263 455 et

1280 471 1411 504 delebit
1437 468 1572 512 hostes,
1598 472 1688 505 sicut
1710 471 1826 516 inquit
1852 468 2027 505 Christus:
2057 470 2182 504 Portae
2208 472 2263 504 in-

2142 521 2264 566 Itaque

1281 569 1338 604 hic
1363 572 1553 605 versiculus
1577 573 1742 616 proponit
1766 572 2075 605 comminationem
2095 572 2212 616 impiis
2231 580 2264 607 et

1281 622 1572 666 persecutoribus.
1624 621 1762 656 Rursus
1777 623 1878 656 etiam
1895 623 2096 656 consolatur
2113 623 2198 667 pios,
2226 630 2264 656 ut

1282 673 1392 706 sciant
1416 684 1450 705 se
1469 673 1608 706 defendi
1630 679 1662 706 et
1678 673 1807 706 servari
1824 680 1944 707 contra
1960 673 2093 706 diaboli
2111 680 2144 706 et
2159 685 2264 706 muu-

1255 743 1256 747 =
1282 723 1317 756 di
1337 723 1541 767 potentiam.
1584 723 1660 756 Hac
1676 724 1913 757 consolatione
1930 724 1995 768 piis
2011 724 2160 757 maxime
2176 735 2264 768 opus

1283 780 1332 807 est
1359 774 1397 806 in
1421 781 1516 807 tanta
1544 774 1748 807 infirmitate
1770 772 1956 809 Ecclesiae.
2018 773 2143 817 Qualis
2170 775 2264 807 enim

1283 825 1431 868 species,
1470 836 1558 869 quae
1594 825 1748 868 potentia
1779 831 1828 858 est
1857 824 2050 866 Ecclesiae,
2093 837 2181 870 quae
2214 831 2266 859 est

1255 905 1257 909 .
1283 875 1426 917 exiguus
1449 882 1582 916 coetus,
1611 875 1810 914 imbecillis,
1838 882 1870 908 et
1894 887 2077 919 oppressus
2099 876 2266 909 omnibus

1283 926 1561 959 calamitatibus?
1613 924 1705 958 Huic
1721 937 1755 958 se
1771 926 1916 969 opponit
1932 926 2112 967 diabolus,
2137 926 2266 959 deinde

1283 976 1446 1009 universa
1479 976 1603 1009 mundi
1636 976 1801 1019 potentia.
1869 975 1995 1009 Tantis
2020 977 2156 1009 viribus
2179 976 2266 1010 resi-

1284 1033 1390 1067 stere,
1417 1028 1555 1060 vincere
1571 1027 1717 1060 insidias
1733 1027 1884 1067 diaboli,
1913 1027 2063 1060 retinere
2077 1027 2266 1061 confessio-

1284 1089 1365 1110 nem
1383 1077 1475 1110 inter
1490 1084 1542 1111 tot
1559 1089 1714 1118 errores,
1742 1084 1774 1110 et
1793 1084 1887 1110 tanta
1906 1077 2060 1121 pericula
2079 1084 2113 1111 et
2130 1077 2266 1122 suppli-

1284 1128 1355 1168 cia,
1390 1140 1463 1160 non
1488 1135 1538 1161 est
1560 1125 1736 1161 humanae
1759 1127 1946 1171 potentiae.
2007 1127 2089 1161 Ideo
2112 1126 2267 1161 Ecclesia

1284 1185 1454 1211 sustentat
1477 1190 1512 1211 se
1538 1176 1603 1211 hac
1623 1178 1881 1216 consolatione,
1909 1177 2085 1211 Dominus
2101 1190 2118 1211 a
2137 1177 2268 1211 dextris

1284 1229 1373 1268 tuis,
1398 1235 1436 1262 ut
1459 1229 1568 1262 sciant
1591 1240 1626 1261 se
1642 1229 1813 1262 divinitus
1830 1229 1898 1271 tegi
1915 1236 1948 1262 et
1964 1228 2135 1262 adiuvari.
2186 1227 2267 1261 Huc

1284 1279 1461 1320 pertinent
1484 1279 1733 1322 promissiones
1754 1280 1879 1322 passim
1897 1280 2044 1313 traditae
2061 1279 2098 1312 in
2117 1279 2268 1322 scriptu-

1413 1328 1602 1362 Zachariae
1620 1330 1671 1363 4.:
1713 1327 1788 1372 Ego
1822 1342 1898 1368 ero,
1943 1330 2057 1374 inquit
2082 1328 2268 1369 Dominus,

1977 1379 2063 1413 Item
2081 1378 2171 1412 Psal.
2192 1379 2247 1412 10.
2259 1393 2264 1411 z

248 1433 291 1464 de
325 1431 496 1464 versiculo
532 1429 598 1463 hoc
632 1431 748 1475 inquit
789 1431 831 1463 D.
868 1430 1000 1464 Doctor
1034 1429 1229 1463 Martinus:
1256 1424 1257 1452 l
1285 1430 1371 1462 Tibi
1397 1430 1583 1464 derelictus
1609 1437 1659 1464 est
1683 1442 1832 1474 pauper,
1865 1427 2026 1474 orphano
2049 1436 2087 1463 tu
2110 1428 2179 1462 eris
2204 1431 2268 1462 ad-

247 1481 394 1515 Nullum
425 1481 491 1513 sibi
522 1481 558 1513 in
582 1487 653 1515 tota
679 1481 858 1524 Scriptura
883 1481 1094 1514 versiculum
1119 1492 1229 1513 unum

247 1532 360 1565 videri
383 1531 574 1564 dulciorem
587 1558 594 1572 ‚
623 1538 683 1565 aut
704 1532 763 1576 qui
781 1531 934 1565 breviter
951 1538 1082 1565 tantam
1100 1531 1229 1564 doctri-

1256 1474 1258 1500 l

1256 1512 1258 1521 Α
1284 1481 1390 1515 iutor.

1386 1529 1448 1564 Est
1477 1538 1593 1564 autem
1625 1529 1800 1573 emphasis
1830 1530 1866 1563 in
1891 1530 2059 1573 particula
2083 1537 2268 1575 postrema,

248 1594 315 1615 nae
339 1582 473 1626 copiam
500 1582 702 1626 complexus
719 1582 779 1621 sit,
806 1589 845 1615 ut
861 1580 918 1615 hic
935 1593 1069 1615 versus:
1099 1580 1230 1613 luravit
1256 1587 1259 1618 ἵ
1284 1581 1378 1624 quod
1397 1581 1605 1614 nominatim
1623 1580 1791 1624 aitReges
1807 1581 2006 1624 puniendos
2022 1593 2106 1622 esse,
2129 1582 2164 1614 id
2183 1594 2267 1614 con-

248 1631 440 1672 Dominus,
470 1638 501 1665 et
519 1644 591 1665 non
609 1632 802 1676 poenitebit
819 1644 917 1673 eum,
945 1631 1003 1665 Tu
1021 1644 1055 1665 es
1072 1632 1231 1664 sacerdos
1257 1625 1259 1664 ἶ
1285 1632 1399 1664 firmat
1424 1631 1500 1674 pios
1523 1638 1643 1664 contra
1670 1632 1892 1672 scandalum,
1927 1633 2021 1676 quod
2043 1632 2108 1665 flos
2129 1632 2268 1673 mundi,

249 1684 286 1716 in
303 1690 493 1716 aeteruum.

301 1768 343 1802 V.
399 1769 583 1802 Dominus
601 1779 623 1801 α
643 1767 790 1803 dextris
806 1771 901 1810 tuis,
929 1772 1095 1801 conteret
1112 1769 1151 1802 in
1172 1767 1233 1802 die

349 1821 429 1853 irae
447 1830 534 1853 suae
552 1830 668 1865 reyes.

352 1883 530 1918 Hactenus
557 1886 694 1925 docuit,
721 1885 822 1929 quale
847 1885 889 1917 sit
914 1896 1061 1927 regnum
1089 1882 1232 1925 Christi,

251 1936 312 1969 ubi
332 1935 400 1968 sint
419 1936 569 1979 auspicia
588 1936 702 1968 futura
716 1962 724 1975 ,
753 1935 866 1979 qualis
883 1936 995 1968 cultus
1012 1947 1083 1968 esse
1099 1937 1232 1975 debeat,

253 1998 340 2031 quae
372 1987 414 2019 sit
442 1998 586 2029 persona
609 1983 759 2025 Christi,
794 1986 896 2029 quale
923 1986 965 2018 sit
988 1987 1231 2020 sacerdotium.

254 2036 349 2079 Quos
380 2037 475 2068 locos
505 2037 631 2078 eligere
664 2042 799 2079 poterat
829 2036 936 2078 magis
960 2037 1171 2069 necessarios
1196 2037 1230 2068 in

253 2087 430 2126 docendo,
463 2093 496 2119 et
519 2086 678 2118 utiliores
703 2086 946 2119 conscientiis?
1008 2086 1110 2119 Nunc
1134 2088 1232 2120 addit

253 2137 561 2170 comminationem
588 2138 629 2169 de
654 2136 779 2180 poenis
804 2137 1011 2181 impiorum,
1039 2138 1125 2171 sicut
1143 2150 1232 2170 sem-

253 2200 315 2232 per
346 2188 382 2219 in
410 2185 596 2231 Prophetis
628 2189 670 2220 de
694 2185 835 2220 Christo
864 2194 1042 2232 utrunque
1071 2189 1232 2229 traditur,

253 2238 346 2283 quod
371 2238 415 2272 sit
437 2238 631 2271 salvaturus
655 2238 852 2279 credentes,
887 2244 920 2271 et
940 2238 1140 2281 perditurus
1165 2239 1232 2271 im-

253 2290 341 2333 pios,
395 2288 434 2321 ld
461 2289 630 2328 traditur,
656 2295 695 2321 ut
718 2288 848 2321 iustum
871 2289 1040 2322 iudicium
1065 2287 1129 2320 Dei
1148 2301 1232 2321 con-

254 2340 439 2382 spiciatur,
473 2346 505 2372 et
528 2346 565 2372 ut
589 2339 697 2384 aliqui
717 2346 886 2372 vocentur
904 2340 945 2372 ad
965 2339 1230 2382 poenitentiam.

255 2388 341 2423 Item
366 2398 404 2423 ut
426 2389 475 2434 pii
492 2389 601 2423 sciant
620 2397 848 2435 tyrannorum
869 2389 1047 2422 saevitiam
1067 2402 1138 2422 non
1157 2391 1231 2422 fore

254 2447 476 2483 perpetuam,
510 2440 597 2473 sicut
622 2440 748 2474 Psalm.
764 2442 797 2474 2.
823 2440 1066 2474 concionatur:
1101 2439 1230 2474 Conte-

254 2501 307 2522 res
339 2502 395 2522 eos
427 2491 519 2534 xirga
549 2491 678 2531 ferrea,
703 2497 766 2525 ete.
827 2489 980 2524 Orditur
1001 2497 1115 2523 autem
1140 2489 1230 2524 hanc

253 2540 560 2573 comminationem
579 2553 596 2573 a
616 2541 848 2585 descriptione
864 2543 1050 2584 potentiae.

353 2590 530 2623 Dominus
549 2603 566 2623 a
587 2592 717 2624 dextris
741 2592 827 2632 tuis,
862 2592 897 2624 id
922 2598 990 2630 est,
1016 2590 1111 2625 Deus
1134 2593 1230 2626 adest

249 2638 326 2682 hic,
361 2640 417 2674 cui
439 2641 537 2674 nulla
561 2642 720 2686 quamvis
743 2654 868 2686 magna
890 2642 1046 2687 potentia
1071 2655 1134 2686 par
1156 2654 1229 2676 esse

1286 1689 1318 1715 et
1338 1682 1522 1724 praecipue
1540 1682 1709 1724 sapientia
1727 1689 1759 1716 et
1774 1682 1929 1725 potentia
1947 1682 2115 1725 praediti,
2142 1683 2267 1715 adver-

1285 1732 1393 1765 saturi
1417 1732 1487 1765 sint
1505 1730 1710 1774 Evangelio.
1766 1731 1892 1765 Monet
1914 1744 1994 1774 ergo
2018 1733 2112 1776 pios,
2138 1745 2184 1766 ne
2200 1730 2267 1766 hoc

1286 1783 1451 1815 scandalo
1467 1783 1565 1816 fracti
1583 1783 1744 1815 deficiant
1761 1783 1803 1815 ab
1819 1782 2025 1825 Evangelio.
2079 1782 2163 1816 Item
2183 1796 2267 1816 con-

1286 1833 1418 1866 solatur
1449 1844 1523 1874 e05‚
1559 1840 1598 1866 ut
1631 1833 1740 1866 sciant
1764 1831 1954 1866 Ecclesiam
1989 1833 2166 1867 victricem
2192 1834 2266 1867 fore

1286 1890 1399 1917 tantae
1418 1884 1606 1927 sapientiae
1624 1890 1655 1916 et
1673 1884 1859 1927 potentiae.

1338 1968 1397 2002 vl.
1448 1967 1636 2003 Iudicabit
1659 1971 1760 2003 inter
1781 1971 1939 2011 Gentes,
1975 1967 2177 2003 cumulabit
2202 1980 2265 2002 ca-

1388 2019 1536 2063 davera,
1564 2024 1734 2054 conteret
1749 2025 1859 2065 caput
1877 2022 1915 2054 in
1930 2024 2036 2054 terra
2054 2020 2263 2054 multorum.

1387 2085 1518 2119 Versus
1535 2093 1635 2119 sonat
1650 2087 1692 2118 de
1709 2098 1817 2129 poena
1838 2086 2026 2129 impiorum
2038 2113 2046 2126 ‚
2071 2087 2128 2118 sed
2148 2093 2265 2119 tamen

1286 2149 1358 2169 non
1379 2137 1450 2169 sola
1470 2149 1581 2180 poena
1597 2137 1822 2179 intelligenda
1840 2143 1908 2173 est,
1935 2137 1993 2168 sed
2012 2136 2114 2169 etiam
2130 2144 2263 2170 caetera

1285 2188 1383 2230 regni
1408 2188 1531 2220 officia.
1582 2185 1629 2220 Et
1653 2199 1852 2231 quanquam
1870 2198 2016 2229 regnum
2032 2193 2081 2220 est
2097 2186 2261 2229 spiritua-

1287 2238 1335 2279 le,
1363 2245 1478 2271 tamen
1505 2249 1633 2281 poenae
1655 2237 1897 2280 intelligantur
1921 2249 1993 2269 non
2014 2238 2056 2270 de
2074 2237 2145 2270 sola
2163 2249 2264 2280 prae-

1285 2289 1476 2327 dicatione,
1511 2289 1571 2321 sed
1600 2288 1689 2320 veris
1719 2288 1839 2331 poenis
1866 2288 2069 2330 impiorum.
2127 2285 2261 2332 Estque

1285 2339 1475 2372 sententia:
1511 2336 1670 2372 Christus
1700 2339 1860 2381 regnabit
1891 2338 1993 2371 etiam
2019 2338 2111 2372 inter
2134 2345 2262 2381 gentes,

1285 2390 1423 2423 vocabit
1449 2396 1482 2422 et
1503 2389 1650 2422 salvabit
1673 2390 1800 2421 multos
1823 2401 1863 2421 ex
1889 2389 2068 2431 gentibus,
2103 2389 2162 2421 sed
2192 2388 2260 2419 im-

1284 2441 1360 2484 pios
1375 2447 1406 2473 et
1422 2439 1567 2472 rebelles
1583 2440 1701 2482 perdet
1720 2440 1840 2482 poenis
1853 2440 2093 2482 corporalibus
2105 2445 2136 2471 et
2149 2445 2259 2471 aeter-

1283 2491 1349 2531 nis,
1376 2490 1508 2523 etiamsi
1526 2490 1733 2534 aliquandiu
1750 2490 1838 2522 sinet
1856 2502 1913 2522 eos
1929 2489 2087 2532 grassari,
2113 2495 2144 2521 et
2161 2500 2256 2521 exer-

1283 2553 1359 2574 cere
1375 2541 1612 2574 crudelitatem
1631 2541 1796 2573 adversus
1811 2539 2013 2574 Ecclesiam.
2064 2538 2108 2572 Et
2126 2550 2259 2582 poenae

1281 2592 1487 2635 infligentur
1504 2591 1663 2635 tyrannis
1681 2598 1714 2625 et
1731 2590 1864 2634 impiis,
1891 2602 1963 2622 non
1981 2589 2045 2630 ita,
2075 2590 2173 2634 quasi
2188 2589 2257 2622 Ec·-

1282 2642 1383 2676 clesia
1408 2642 1452 2676 sit
1476 2653 1620 2685 regnum
1647 2653 1791 2675 movens
1815 2640 2022 2680 seditiones,
2049 2647 2108 2674 aut
2134 2651 2257 2683 gerens
