2379 2948
198 149 268 186 175
435 143 643 183 semr‘rA
670 141 744 176 pu.
771 137 886 174 MEL.
913 135 978 170 AD
1004 134 1131 171 HIST.
1159 132 1303 172 paor.
1329 130 1395 169 ET
1423 130 1615 167 PHILOS·
1643 129 1957 169 SPECTANTIA-
2134 132 2204 167 176

199 236 291 275 sitis,
323 232 443 276 digiti,
477 231 620 273 lingua,
654 234 772 260 tamen
804 233 940 257 summa
963 221 1177 256 narrationis

201 285 294 320 haud
313 284 419 318 dubie
437 280 604 315 historica
627 283 686 310 est.

303 335 347 368 lit
368 333 491 366 Petrus
524 327 660 372 inquit,
696 322 827 359 Christi
855 323 985 358 mortui
1017 323 1178 367 spiritum

203 386 447 421 concionatum
465 390 535 412 esse
555 377 736 421 spiritibus
755 375 792 407 in
809 386 955 410 carcere,
990 372 1084 416 Ergo
1102 384 1175 405 sen-

203 439 246 471 tit
263 435 395 469 animas
414 441 484 463 esse
499 428 642 472 spiritus
656 430 866 470 superstites.
894 423 1065 469 Expresse
1078 424 1180 456 etiam

205 487 372 529 scriptum
399 487 466 521 est,
508 477 689 513 Christum
718 488 797 509 cum
825 474 940 508 Moise
970 475 1182 507 collocutum

207 547 296 572 esse,
324 543 403 565 cum
421 537 537 564 tamen
556 528 710 561 narratio
732 527 769 558 in
786 525 1061 560 Deuteronomio
1080 523 1183 562 dicat,

209 584 347 619 Moisen
382 587 561 614 mortuum
585 585 619 612 et
639 577 815 622 sepultum
840 587 922 608 esse.
981 573 1028 608 Et
1053 573 1184 606 Paulus

208 634 343 679 inquit:
371 630 484 675 Cupio
503 629 647 663 dissolvi
677 635 710 661 et
737 638 808 660 esse
833 638 910 659 cum
933 623 1087 658 Christo.
1137 621 1184 656 Et

205 684 380 719 Dominus
410 681 565 714 refutans
594 679 797 711 Zadduceos
829 676 960 720 inquit:
1012 673 1107 708 Deus
1135 680 1185 707 est

206 735 301 769 Deus
337 733 510 765 vivorum.
575 729 663 762 Cum
694 728 801 769 igitur
832 726 875 759 sit
893 725 987 759 Deus
1011 721 1187 764 Abrahae,

206 786 325 817 vivere
343 795 421 816 eum
438 781 619 819 adfirmat,
646 779 740 823 quod
759 777 934 822 quomodo
959 775 1044 808 velit
1061 774 1187 818 aliquis

209 833 414 878 simpliciter
432 829 674 873 interpretari,
702 840 773 860 non
798 827 918 866 video,
944 825 1013 858 nisi
1038 825 1189 858 fateatur

209 886 362 918 animam
378 893 451 915 esse
471 881 634 924 spiritum
661 878 890 922 separabilem
907 883 940 909 et
956 875 1189 919 superstitem.

210 935 305 968 Ilaec
323 932 538 977 simpliciora
558 936 641 963 sunt
660 936 692 962 et
707 928 773 972 piis
795 927 973 960 mentibus
996 926 1108 959 utilia.

310 987 520 1033 Philosophi
534 986 625 1021 nihil
640 988 804 1019 dixerunt
820 987 861 1018 de
878 984 1098 1019 restitutione
1114 992 1191 1015 cor-

210 1055 349 1089 porum,
370 1051 549 1086 quamvox
567 1038 686 1071 diviua
704 1036 906 1080 planissime
922 1034 1094 1079 patefecit.
1122 1031 1190 1065 Sed

210 1095 237 1127 si
255 1093 315 1138 qui
333 1090 540 1129 existimant,
562 1095 640 1132 post
662 1093 810 1119 mortem
830 1086 934 1118 aliam
960 1085 1065 1117 vitam
1094 1093 1193 1114 secu-

210 1151 326 1177 turam
349 1153 440 1180 esse,
462 1139 634 1181 cogitant,
668 1143 805 1169 tautum
831 1135 966 1167 animas
989 1133 1192 1176 superstites

211 1205 303 1232 esse,
330 1191 424 1236 quod
447 1196 485 1222 ut
503 1193 777 1221 consentaneum
805 1185 983 1224 videatur,
1011 1183 1109 1216 aiunt
1137 1192 1193 1214 eas

212 1243 297 1278 oriri
322 1253 340 1274 a
365 1239 504 1273 coelesti
541 1244 684 1280 natura,
725 1247 798 1268 non
822 1247 860 1268 ex
886 1234 1077 1268 elementis,
1148 1230 1195 1265 Et

215 1293 329 1332 Plato,
355 1290 560 1324 excellentes
576 1295 607 1321 et
626 1285 785 1320 heroicas
799 1286 934 1318 animas
950 1297 1023 1317 non
1042 1283 1193 1316 nimium

212 1344 363 1388 pollutas
389 1340 550 1381 contagio
574 1349 779 1381 corporum,
814 1336 1006 1368 arbitratur
1026 1341 1195 1377 tanquam

212 1394 372 1438 puriores
389 1401 527 1424 sursum
544 1389 700 1426 evolare,
729 1393 879 1419 caeteras
897 1386 1057 1428 ignavas,
1085 1390 1118 1416 et
1133 1395 1196 1415 vo-

213 1442 408 1488 luptatibus
440 1449 626 1482 corporum
660 1435 915 1469 contaminatas
948 1432 1047 1466 humi
1079 1431 1197 1475 vagari

216 1495 306 1527 circa
324 1490 501 1536 sepulcra,
529 1495 563 1521 et
587 1485 650 1520 has
676 1486 808 1520 iudicat
832 1496 903 1518 esse
929 1490 1082 1527 spectra,
1110 1493 1197 1527 quae

217 1555 316 1588 saepe
342 1546 546 1575 cernuntur.

316 1600 368 1635 Ac
394 1599 580 1642 scriptores
616 1593 746 1629 ethnici
772 1603 928 1637 expresse
955 1592 1071 1631 aiunt,
1100 1602 1134 1623 se
1157 1602 1197 1623 eo

216 1651 363 1691 moveri,
380 1656 418 1683 ut
434 1648 632 1682 existiment
653 1645 786 1678 animas
805 1642 990 1676 hominum
1006 1648 1085 1686 post
1103 1652 1199 1673 mor-

219 1710 286 1736 tem
305 1700 506 1745 superstites
523 1709 613 1737 esse,
634 1696 715 1741 quia
733 1694 965 1727 certissimum
990 1699 1061 1734 est,
1089 1691 1199 1724 multa

219 1759 350 1796 spectra
370 1750 493 1794 passim
511 1747 648 1790 vagari,
674 1752 707 1778 et
728 1756 829 1787 saepe
847 1743 963 1776 audiri
979 1755 1018 1776 ac
1033 1741 1201 1785 conspici,

219 1815 318 1847 saepe
341 1801 446 1835 etiam
471 1797 624 1842 colloqui
649 1808 726 1829 cum
753 1793 968 1827 hominibus.
1029 1792 1100 1825 Nec
1121 1798 1201 1825 tan-

222 1860 298 1887 tum
315 1865 354 1885 ex
372 1850 474 1884 libris
492 1847 646 1891 exempla
664 1851 859 1879 sumantur.
903 1843 987 1876 Vidi
1005 1843 1077 1887 ipse
1095 1854 1201 1887 quae—

221 1905 322 1942 dam,
355 1908 388 1934 et
412 1900 496 1933 novi
520 1898 651 1930 multos
674 1894 836 1929 homines
867 1894 993 1937 dignos
1017 1894 1104 1933 fide,
1140 1892 1201 1937 qui

222 1952 475 1987 adfirmabant,
503 1960 537 1981 se
563 1959 636 1980 non
652 1953 787 1979 tantum
814 1945 941 1978 vidisse
966 1950 1116 1987 spectra,
1144 1943 1201 1975 sed

223 2003 326 2036 etiam
350 2001 412 2034 diu
435 2011 513 2032 cum
536 1998 585 2030 eis
608 1997 797 2029 collocutos
831 2006 914 2029 esse.
973 1992 1204 2027 Existimabat

224 2060 339 2086 autem
373 2056 525 2084 vetustas
557 2048 721 2091 pleraque
753 2043 939 2077 hominum
965 2044 1099 2076 animas
1122 2055 1204 2078 esse.

222 2099 435 2136 Plutarchus
457 2099 561 2133 etiam
578 2096 758 2130 oraculum
776 2095 878 2135 citat,
906 2095 999 2138 quod
1024 2094 1205 2137 respondit

223 2152 347 2187 Coraci
371 2150 499 2184 Naxio:
543 2146 621 2191 Οὐχ
645 2145 747 2180 ὅσιον
772 2142 846 2178 ἐστὶ
868 2146 930 2189 τῆς
950 2145 1070 2190 ψυχῆς
1092 2155 1205 2177 κατα-

227 2205 367 2251 γνῶναι
394 2197 577 2235 θάνατον.

327 2252 536 2287 Recitantur
552 2254 666 2281 autem
683 2244 767 2279 haec
784 2245 849 2278 tria
869 2251 1071 2287 argumenta
1090 2256 1107 2277 a
1123 2243 1206 2277 Pla-

227 2310 330 2344 tone,
357 2298 593 2345 Xenophonte
610 2304 641 2331 et
660 2296 841 2330 Cicerone.

279 2361 454 2394 Primum:
490 2358 624 2391 Natura
653 2367 725 2388 non
750 2360 826 2388 orta
858 2352 900 2385 ab
923 2352 1111 2397 ,elementis
1133 2364 1207 2386 non

381 2408 629 2452 corrumpitur.

281 2469 410 2501 Anima
426 2480 499 2501 non
515 2473 565 2500 est
582 2472 658 2499 orta
676 2463 719 2496 ab
732 2461 928 2495 elementis.

283 2527 364 2561 Non
392 2527 499 2569 igitur
527 2523 740 2567 extinguitur
768 2527 912 2565 propter
936 2520 1092 2564 corporis
1118 2519 1209 2552 inte-

385 2585 504 2610 ritum.

335 2635 513 2669 Minorem
536 2632 583 2665 s'ic
606 2629 797 2664 confirmat.
856 2628 1076 2673 Impossibile
1101 2634 1150 2661 est
1172 2628 1209 2659 in

237 2695 362 2721 natura
378 2682 580 2718 elementari
598 2681 682 2714 oriri
701 2680 846 2713 noticias
862 2686 894 2713 et
911 2680 1051 2724 quidem
1067 2678 1210 2712 univer-

1230 220 1334 260 sales,
1361 225 1397 253 et
1413 219 1455 252 de
1471 218 1575 251 rebus
1592 229 1665 251 non
1682 218 1878 261 corporeis,
1903 220 1946 252 de
1963 216 2049 259 Deo,
2075 218 2117 251 de
2136 230 2205 251 nu-

1230 270 1351 310 meris,
1379 270 1421 302 de
1446 268 1592 309 ordine,
1626 269 1669 301 de
1693 268 1896 302 discrimine
1918 267 2149 302 honestorum
2173 275 2206 301 et

1231 320 1400 364 turpium.
1451 318 1524 351 Has
1540 325 1654 353 autem
1678 318 1825 352 noticias
1847 325 1967 352 tenent
1990 319 2125 351 animae
2141 316 2208 351 ho-

1232 371 1369 403 minum
1389 369 1493 403 etiam
1509 381 1580 402 non
1599 376 1736 413 accepta
1753 370 1926 403 doctrina.
1960 366 2054 411 Ergo
2071 380 2208 401 necesse

1233 427 1283 454 est
1300 432 1376 461 eas,
1402 431 1475 452 non
1491 420 1534 453 ab
1553 420 1773 461 elementari,
1800 421 1861 453 sed
1885 420 1929 452 ab
1945 419 2012 452 alia
2031 425 2208 462 praestan-

1233 471 1321 503 tiore
1340 477 1372 504 et
1386 475 1552 514 perpetua
1569 477 1692 503 natura
1711 471 1807 506 oriri.
1858 469 1936 503 Hoc
1956 475 2211 512 argumentum,

1235 521 1285 554 ait
1303 520 1414 560 Plato,
1437 520 1548 552 videri
1566 531 1665 564 posse
1690 521 1917 554 sufficientem
1941 518 2212 553 demonstratio-

1235 582 1334 608 nem,
1368 570 1438 603 nisi
1468 570 1612 612 gloriari
1645 571 1805 605 odiosum
1845 577 1948 604 esset:
2001 567 2074 603 Kal
2103 569 2132 603 εἰ
2161 567 2211 613 μὴ

1237 618 1394 664 ἐπαχθές
1412 619 1509 654 ἐστιν
1525 620 1648 660 εἰπεῖν,
1672 617 1771 655 πάνυ
1787 619 1922 659 ἱκανῶς
1938 617 2213 663 ἀποδεδεῖχθαι.

1238 670 1392 715 Quoquo
1409 671 1515 703 modo
1533 676 1650 704 autem
1667 671 1709 703 de
1725 669 1790 704 hac
1814 671 2079 704 confirmatione
2095 670 2214 703 Plato-

1238 722 1316 754 nica
1340 720 1465 754 sentiet
1488 720 1636 765 aliquis,
1663 727 1778 754 tamen
1802 719 1870 754 hoc
1904 721 2128 754 manifestum
2154 726 2216 758 est,

1239 772 1317 804 illas
1340 771 1461 804 insitas
1482 770 1628 804 noticias
1649 783 1722 804 nou
1745 771 1851 804 fallax
1875 771 2113 804 testimonium
2135 781 2218 810 esse,

1240 823 1335 867 quod
1353 822 1490 855 animae
1508 833 1582 854 non
1599 833 1680 855 casu
1697 828 1792 855 ortae
1808 821 1896 862 sint,
1925 822 1983 854 sed
2002 831 2126 863 magna
2144 826 2218 853 arte

1240 873 1284 906 ab
1315 878 1455 905 aeterna
1486 879 1601 905 mente
1638 869 1912 906 architectatrice
1943 871 2104 905 conditae
2137 871 2217 905 sint.

1243 922 1325 956 Ideo
1346 929 1378 956 et
1394 922 1523 956 noticia
1544 922 1738 955 conditoris
1754 923 1846 956 lucet
1864 922 1900 955 in
1918 922 2031 955 nobis.
2082 918 2130 954 Et
2146 932 2219 953 non

1245 974 1374 1006 frustra
1400 973 1544 1006 insitum
1571 979 1620 1006 est
1641 973 1828 1006 discrimen
1851 970 2079 1006 honestorum
2098 978 2131 1004 et
2144 978 2220 1004 tur-

1243 1023 1360 1066 pium,
1400 1030 1434 1056 et
1459 1023 1588 1055 vindex
1620 1024 1723 1056 dolor
1753 1023 1790 1056 in
1821 1023 2035 1057 conscientia
2073 1021 2220 1055 sceleris.

1243 1071 1361 1106 Erunt
1376 1073 1484 1115 igitur
1503 1079 1582 1116 post
1598 1071 1688 1106 hanc
1704 1074 1810 1107 vitam
1830 1074 1867 1106 in
1885 1073 2096 1107 cruciatibus
2113 1072 2221 1105 scele-

1245 1123 1330 1163 rati,
1365 1123 1569 1166 praesertim
1597 1124 1625 1156 si
1652 1124 1689 1156 in
1716 1122 1780 1156 bac
1805 1125 1875 1158 vita
1905 1136 1979 1157 non
2002 1124 2072 1156 sint
2095 1121 2222 1166 puniti.

1243 1172 1339 1206 Haec
1357 1179 1449 1207 certe
1468 1185 1507 1206 ex
1526 1173 1597 1206 illis
1616 1175 1836 1208 naturalibus
1860 1174 1999 1208 noticiis
2017 1185 2096 1206 vere
2113 1172 2223 1206 ratio-

1246 1224 1355 1257 cinari
1375 1235 1573 1268 possumus,

1349 1297 1550 1331 Secundum
1586 1305 1832 1341 argumentum
1867 1304 1932 1331 est:
1987 1297 2158 1331 Videmus
2186 1297 2224 1329 in

1247 1346 1312 1381 hac
1328 1349 1398 1381 vita
1417 1349 1547 1381 multos
1563 1346 1726 1380 honestos
1754 1346 1914 1380 homines
1938 1348 2066 1381 iniuste
2083 1359 2100 1380 a
2116 1349 2225 1381 latro-

1247 1399 1354 1444 nibus
1376 1405 1409 1430 et
1433 1397 1592 1442 tyrannis
1625 1397 1794 1438 interfici,
1828 1404 1861 1430 et
1881 1409 1982 1442 saepe
2007 1398 2044 1430 in
2068 1395 2132 1430 bac
2153 1398 2226 1430 vita

1248 1448 1403 1481 latrones
1427 1454 1460 1480 et
1484 1453 1654 1492 tyrannos
1681 1459 1754 1480 non
1772 1448 1901 1492 puniri.
1955 1446 2044 1481 Cum
2059 1448 2166 1491 igitur
2182 1448 2227 1481 sit

1250 1497 1490 1541 providentia,
1525 1509 1662 1530 necesse
1684 1504 1754 1537 est,
1782 1498 1880 1543 sequi
1903 1498 2007 1531 aliam
2032 1499 2156 1538 vitam,
2188 1498 2226 1530 in

1254 1560 1321 1593 qua
1340 1548 1428 1580 bene
1444 1547 1625 1588 Sithonis,
1652 1555 1686 1581 et
1702 1548 1784 1580 mali
1810 1548 1990 1592 suppliciis
2006 1549 2226 1582 adficiantur.

1252 1597 1474 1640 Impossibile
1506 1605 1557 1631 est
1590 1599 1683 1630 enim
1716 1599 1884 1642 optimam
1916 1599 2052 1642 generis
2081 1597 2229 1632 humani

1252 1655 1383 1693 partem
1399 1655 1535 1682 tantum
1551 1649 1592 1681 ad
1610 1649 1755 1682 exitium
1773 1661 1843 1682 esse
1865 1649 2053 1683 conditam.

1353 1722 1432 1756 Hoc
1456 1730 1702 1765 argumentum
1727 1724 1763 1757 fit
1788 1725 1901 1757 multo
1924 1724 2095 1758 illustrius
2121 1731 2155 1758 et
2170 1724 2230 1757 fir-

1252 1775 1345 1808 mius
1360 1773 1587 1807 consideratis
1605 1774 1773 1817 exemplis
1796 1774 1832 1807 in
1848 1773 2014 1809 Ecclesia.
2066 1774 2231 1818 Impossi-

1255 1826 1324 1859 bile
1342 1831 1392 1858 est
1410 1824 1541 1867 negligi
1556 1836 1574 1856 a
1591 1823 1666 1857 Deo
1685 1821 1768 1865 hos,
1795 1837 1883 1869 quos
1907 1832 2007 1859 antea
2034 1825 2230 1858 illustribus

1256 1875 1468 1909 testimoniis
1489 1875 1644 1909 ostendit
1661 1875 1727 1907 sibi
1746 1887 1848 1908 curae
1870 1886 1959 1916 esse,
1986 1882 2024 1909 ut
2040 1873 2232 1916 Christum,

1256 1926 1468 1970 Baptistam,
1496 1924 1645 1958 Paulum
1673 1925 1750 1958 Deo
1771 1925 1906 1969 placere
1929 1926 2109 1959 manifesta
2134 1926 2232 1959 testi-

1255 1976 1374 2010 monia
1392 1975 1593 2009 ostendunt.
1643 1972 1691 2008 At
1709 1972 1744 2007 hi
1765 1975 2037 2011 interficiuntur.
2088 1975 2233 2009 Necesse

1259 2034 1310 2061 est
1328 2026 1436 2069 igitur
1452 2025 1549 2070 sequi
1567 2025 1662 2058 aliud
1681 2025 1863 2067 iudicium,
1888 2026 1924 2059 in
1942 2039 2011 2071 quo
2031 2026 2233 2059 discernen-

1258 2085 1316 2111 tur
1349 2075 1434 2109 boni
1457 2087 1476 2108 a
1499 2075 1611 2110 malis.
1670 2074 1716 2108 Et
1746 2076 1887 2121 quidem
1920 2074 1984 2109 hae
2016 2077 2109 2120 ipsae
2132 2088 2233 2109 neces

1259 2133 1458 2161 sanctorum
1497 2132 1578 2159 sunt
1616 2127 1815 2160 testimonia
1855 2127 1898 2159 de
1929 2127 2047 2160 futuro
2089 2126 2233 2162 iudicio,

1258 2177 1348 2211 Cum
1371 2175 1462 2210 Abel
1488 2176 1715 2217 interficitur,
1747 2175 1813 2210 hoc
1837 2174 2015 2209 horrendo
2039 2177 2233 2220 spectaculo

1259 2227 1355 2261 Deus
1382 2234 1415 2260 et
1446 2227 1714 2260 commonefacit
1745 2233 1924 2271 parentes,
1965 2225 2050 2260 haec
2087 2238 2234 2271 corpora

1260 2284 1404 2323 propter
1434 2289 1619 2310 commune
1643 2284 1820 2320 peccatum
1847 2278 1936 2310 mori
1961 2284 2135 2321 oportere.
2186 2276 2234 2310 Et

1259 2337 1375 2362 tamen
1406 2334 1506 2360 antea
1537 2327 1741 2360 distinxerat
1773 2327 1902 2360 iustum
1926 2327 2016 2361 Abel
2038 2329 2081 2360 ab
2104 2327 2234 2360 iniusto

1261 2378 1368 2418 Cain,
1396 2384 1428 2410 et
1453 2377 1697 2419 intelligebant
1725 2385 1884 2420 parentes
1911 2390 1983 2412 non
2006 2378 2136 2410 frustra
2160 2377 2234 2410 fieri

1262 2427 1352 2461 hanc
1371 2427 1652 2467 distinctionem,
1676 2428 1732 2459 sed
1750 2440 1821 2461 esse
1847 2435 1879 2462 et
1901 2429 1975 2461 fore
1999 2428 2151 2473 aliquam
2168 2426 2234 2460 Dei

1262 2477 1472 2518 Ecclesiam,
1506 2477 1542 2509 in
1570 2489 1637 2522 qua
1663 2478 1833 2521 serpentis
1855 2485 1957 2523 caput
1981 2478 2234 2511 conterendum

1263 2535 1369 2568 esset,
1403 2528 1438 2560 id
1463 2533 1530 2567 est,
1562 2527 1599 2560 in
1622 2539 1690 2572 qua
1713 2529 1844 2562 abolito
1876 2535 2013 2572 peccato
2039 2529 2141 2562 etiam
2164 2529 2234 2561 vita

1263 2578 1478 2612 restituenda
1511 2584 1607 2610 esset.
1665 2577 1853 2612 Discebant
1882 2579 1990 2621 igitur
2011 2579 2048 2611 in
2069 2577 2134 2611 hoc
2159 2578 2233 2622 ipso

1262 2628 1476 2672 spectaculo,
1510 2634 1706 2662 secuturam
1735 2641 1806 2662 esse
1838 2629 1941 2662 aliam
1976 2629 2081 2662 vitam
2111 2635 2147 2662 et
2181 2629 2235 2661 iu-

1264 2678 1404 2712 dicium.
