2379 2948
214 87 287 121 707

215 182 341 214 magna
357 182 396 203 ex
412 177 509 215 parte
527 175 645 211 regant
664 165 821 210 exempla
833 192 842 206 ‚
868 166 976 199 multa
994 165 1097 199 etiam
1117 176 1198 209 pec—

217 229 290 255 cata
308 222 474 265 exemplis
489 219 753 253 confirmantur.
801 216 884 250 Ideo
907 216 1080 250 divinitus
1102 227 1200 248 seve-

216 272 352 306 rissima
370 277 550 316 praecepta
568 270 611 302 de
627 268 800 301 scandalis
815 267 942 301 tradita
960 274 1053 302 sunt.
1090 266 1202 299 Dein-

217 325 262 356 de
278 323 380 356 etiam
406 323 498 354 bona
515 319 672 364 exempla
689 331 791 363 saepe
810 330 883 351 non
901 325 992 352 recte
1017 318 1202 351 imitantur

219 372 391 406 homines.
445 370 565 413 Quare
582 377 614 404 et
633 370 791 414 exempla
806 369 1032 402 diiudicanda
1051 375 1143 405 sunt,
1169 375 1202 401 et

217 423 322 455 bonis
340 423 375 454 in
392 423 468 455 loco
487 428 522 455 et
536 428 627 455 recte
644 422 828 460 utendum,
858 427 898 454 ut
916 420 1072 454 vitentur
1091 431 1201 453 κακο-

219 471 356 517 ζηλιάι,
386 479 423 506 ut
442 485 514 505 non
532 472 623 506 valet
640 471 909 516 consequentia:

326 521 586 556 Themistocles
602 522 685 556 vicit
705 522 839 559 Persas,

370 573 465 617 Ergo
483 571 739 608 Demosthenes
758 573 873 605 vincet
888 571 1116 605 Macedonas.

322 631 364 665 In
382 633 455 675 lege
475 631 632 665 'Mosaica
656 638 737 665 sunt
755 630 958 664 discrimina
982 629 1154 667 ciborum,

370 681 465 726 Ergo
481 694 576 715 nnnc
592 694 729 715 servare
745 681 948 715 discrimina
966 680 1125 713 ciborum
1142 691 1203 711 ne—

424 745 516 766 cesse
540 740 600 766 est.

322 784 397 817 Hae
416 784 629 817 imitationes
647 795 687 815 ex
704 782 883 815 erroribus
899 788 1007 821 ortae,
1033 787 1205 814 vocantur

220 832 453 880 κακοζηλίαι,
481 834 600 879 quales
616 845 694 866 cum
713 833 750 865 in
766 833 835 866 vita
856 832 1028 876 plurimae
1045 833 1126 872 sint,
1154 832 1204 864 vi-

221 887 376 919 dendum
402 892 468 926 cst,
503 885 681 929 quomodo
716 883 997 916 circumstantiae
1028 883 1205 926 exemplo-

220 949 299 969 rum
324 942 537 979 congruant‚
572 941 611 968 ut
640 934 758 967 minus
789 934 986 967 imitatione
1012 946 1205 978 peccemus.

221 988 278 1020 Ad
314 987 430 1020 locum
460 986 699 1030 exemplorum
734 985 911 1029 pertinent
942 991 974 1018 et
1009 984 1208 1027 allegoriae,

222 1049 311 1083 quae
337 1044 418 1071 sunt
439 1037 609 1079 imagines
633 1048 749 1069 rerum
773 1035 962 1075 similium,
989 1043 1044 1068 ut:
1080 1034 1205 1067 Daniel

222 1089 346 1121 sedens
371 1089 465 1122 inter
488 1088 625 1127 leones,
653 1093 703 1119 est
727 1086 841 1129 imago
866 1086 916 1129 pii
933 1085 1088 1119 doctoris
1114 1085 1207 1118 inter

222 1137 338 1172 hostes
370 1138 527 1172 docentis
553 1136 756 1171 Ecclesiam.
809 1135 913 1170 Valet
947 1136 1054 1180 igitur
1085 1147 1207 1169 conse-

221 1190 380 1234 quentia:

373 1238 503 1274 Daniel
520 1239 612 1272 inter
628 1239 747 1271 leones
765 1244 935 1277 servatur,

373 1290 468 1334 Ergo
494 1291 657 1323 defendet
674 1287 769 1322 Deus
794 1288 929 1334 aliquot
955 1289 1030 1332 pios
1046 1289 1207 1321 doctores

426 1342 519 1374 inter
540 1348 721 1386 tyrannos.

323 1398 421 1433 Deus
446 1400 548 1433 vestit
571 1397 684 1431 Adam
710 1398 862 1431 detracta
894 1397 986 1441 pelle
1009 1409 1028 1430 a
1058 1409 1205 1441 corpore

224 1450 310 1485 ovis.
365 1448 419 1484 Ex
434 1447 500 1483 hac
515 1449 668 1492 imagine
682 1448 963 1482 ratiocinabatur
978 1446 1106 1482 Adam.
1148 1447 1207 1482 Sic

223 1514 288 1536 nos
311 1501 439 1535 iterum
458 1512 552 1533 novo
575 1511 721 1543 corpore
743 1498 936 1531 immortali
960 1499 1083 1532 vestiet
1100 1497 1206 1539 Deus,

224 1553 318 1598 quod
337 1557 450 1585 sumet
471 1552 514 1584 ab
535 1562 617 1591 ove,
645 1550 681 1582 id
705 1556 773 1589 est,
806 1560 824 1581 a
843 1548 1004 1587 victima,
1034 1549 1207 1589 videlicet,

223 1604 268 1637 ab
285 1603 347 1636 illo
364 1602 507 1641 semine,
531 1613 600 1646 quo
618 1612 713 1633 mors
730 1610 850 1632 rursus
865 1599 1075 1632 abolebitur.
1127 1600 1205 1632 An-

224 1661 277 1688 tea
295 1654 389 1687 enim
413 1653 573 1686 audierat
591 1651 787 1684 doctrinam
811 1649 1046 1693 perspicuam:
1076 1648 1204 1682 Semen

223 1704 385 1738 mulieris
414 1702 636 1736 conculcabit
660 1708 762 1745 caput
792 1700 973 1744 serpentis.
1030 1700 1081 1733 lta
1111 1706 1204 1744 post-

223 1767 328 1802 quam
352 1754 480 1788 tradita
505 1760 555 1787 est
580 1752 739 1786 doctrina
758 1751 910 1795 propriis
925 1751 1062 1793 verbis,
1089 1759 1206 1795 postea

223 1814 339 1850 gratae
362 1811 443 1839 sunt
471 1805 644 1848 picturae,
678 1814 767 1847 quae
789 1814 864 1834 eam
890 1802 1081 1835 illustrant.
1135 1801 1206 1835 Nec

224 1859 403 1891 ducuntur
419 1868 437 1888 a
454 1855 547 1889 Solis
563 1853 740 1897 allegoriis
756 1853 877 1885 firmae
900 1853 1147 1895 probationes,
1175 1859 1207 1886 et

224 1908 420 1941 curandum
440 1912 506 1944 est,
530 1912 569 1939 ut
587 1905 657 1938 sint
674 1905 868 1937 concinnae
887 1903 1086 1947 allegoriae,
1114 1910 1146 1936 et
1163 1904 1205 1936 ad
1233 1914 1236 1934 ι

224 1958 336 2001 capita
360 1956 542 1990 doctrinae
569 1955 726 1988 coelestis
749 1961 842 1988 recte
865 1961 1078 1997 congruant,
1112 1955 1205 1999 quod

224 2009 299 2041 sine
323 2007 523 2041 eruditione
553 2013 586 2040 et
610 2017 734 2049 magna
759 2004 963 2039 dexteritate
988 2005 1111 2039 iudicii
1135 2017 1206 2038 non

223 2065 336 2104 potest
357 2057 458 2091 effici.

597 2169 831 2212 Autoritas.

326 2247 508 2282 Autoritas
542 2245 668 2280 usitate
708 2243 766 2278 hic
801 2244 930 2277 dicitur
965 2241 1205 2276 testimoninm

224 2300 364 2346 probati
388 2297 541 2332 artificis.
595 2296 740 2331 Constat
764 2301 880 2328 autem
905 2294 942 2326 in
971 2290 1206 2337 philosophia,

224 2353 263 2385 in
288 2350 460 2392 materiis,
495 2349 533 2381 in
559 2347 688 2393 quibus
718 2346 864 2390 reperiri
891 2343 1206 2378 demonstrationes

224 2403 389 2447 possunt,
423 2398 671 2433 universaliter
694 2398 773 2442 plus
795 2397 911 2430 valere
932 2394 1206 2428 demonstratio-

223 2465 303 2486 nem
323 2464 426 2497 quam
443 2450 677 2484 autoritatem.
730 2447 771 2481 In
789 2447 931 2481 caeteris
947 2445 1119 2485 materiis,
1146 2451 1205 2479 aut
1230 2492 1232 2495 v

224 2510 411 2547 antequam
434 2501 685 2534 demonstratio
716 2499 858 2532 inventa
884 2504 953 2538 est,
990 2496 1203 2530 credendum

224 2560 275 2588 est
292 2552 449 2598 probatis
463 2551 672 2591 artificibus,
699 2550 780 2595 quia
803 2549 950 2583 certiora
974 2554 1056 2581 sunt
1074 2546 1203 2580 iudicia
1229 2548 1231 2565 ¹

225 2615 366 2641 senum,
394 2602 455 2647 qui
469 2602 532 2635 diu
547 2613 602 2635 res
618 2602 755 2635 easdem
772 2600 988 2644 cogitarunt,
1016 2606 1048 2633 et
1062 2609 1200 2631 sursum

223 2662 255 2689 et
272 2655 449 2693 deorsum,
477 2658 516 2686 ut
531 2651 630 2686 Plato
648 2652 777 2699 inquit,
803 2651 1020 2691 volutarunt,
1048 2656 1082 2684 et
1097 2649 1198 2695 quasi

451 81 660 120 SCRIPTA
688 81 762 116 PH.
790 78 906 114 MEL.
932 78 998 114 AD
1026 78 1153 115 HIST.
1180 76 1323 114 PROF.
1350 76 1416 112 ET
1442 75 1634 114 PHILOS.
1661 77 1979 113 SPECTANTIA.

2156 77 2229 114 708

1250 163 1406 198 evolutas
1430 163 1526 197 intus
1543 162 1770 206 contemplati
1793 169 1894 201 sunt,
1922 174 2025 207 quam
2050 162 2233 204 iuvenum,

1251 215 1312 260 qui
1330 216 1427 249 velut
1444 212 1599 258 hospites
1622 213 1774 257 primum
1793 213 1945 256 aspicere
1963 225 2020 247 eas
2044 214 2130 247 foris
2151 226 2234 247 coe-

1251 273 1392 310 perunt.
1443 265 1646 308 Impediunt
1663 263 1852 304 iudicium,
1879 270 1988 304 θεῖα-ς,
2015 264 2171 306 novitas,
2199 271 2234 298 et

1251 316 1440 361 imperitia.
1495 315 1660 350 Iuventus
1678 314 1771 347 enim
1790 325 1851 358 per
1867 325 1940 347 sese
1958 314 2076 347 minus
2099 316 2235 360 perspi—

1252 379 1313 400 cax
1336 374 1369 401 et
1394 367 1512 400 minus
1535 367 1669 400 intenta
1696 372 1764 406 est,
1791 371 1825 398 et
1849 371 1888 398 ut
1904 365 2071 398 audacior
2094 372 2162 407 est,
2187 367 2237 400 ita

1253 418 1424 451 iudicium
1451 418 1673 462 praecipitat:
1707 415 1846 449 Deinde
1872 422 2015 459 propter
2043 415 2235 451 novitatem

1254 480 1333 502 suas
1351 469 1537 512 opiniones
1555 468 1767 509 admiratur,
1793 478 1944 514 quarum
1967 473 2084 500 tamen
2100 466 2158 500 vix
2172 468 2237 500 oh-

1255 531 1355 552 scura
1379 526 1412 553 et
1434 520 1555 563 exigua
1582 519 1683 552 initia
1708 518 1852 556 didicit,
1879 524 1912 551 et
1929 518 2090 551 nondum
2117 529 2237 551 earum

1255 570 1327 602 vim
1346 570 1384 602 in
1408 582 1474 603 usu
1497 569 1744 603 consideravit.
1796 568 1951 603 Econtra
1975 574 2134 601 senectus
2154 580 2240 602 con-

1256 620 1387 654 tantior
1410 627 1477 661 est,
1504 626 1537 654 et
1558 621 1682 654 artifex
1706 620 1811 663 longo
1836 631 1902 653 usu
1925 619 2103 659 eruditus,
2131 619 2240 652 colla-

1256 671 1301 704 tis
1326 671 1522 704 multorum
1552 671 1710 711 iudiciis,
1743 671 1926 704 veritatem
1956 670 2101 714 propius
2131 670 2239 704 videt.

1257 720 1377 764 Quare
1394 722 1483 755 sicut
1499 722 1675 755 vulnerati
1700 721 1812 765 perito
1831 721 1967 754 medico
1985 721 2240 761 assentiuntur,

1257 773 1300 806 de
1326 773 1483 806 vulneris
1507 772 1705 806 curatione:
1735 772 1781 804 ita
1809 772 1991 811 iuventus,
2019 772 2156 804 etiamsi
2180 772 2241 805 de-

1257 823 1408 866 gustavit
1433 824 1676 857 doctrinarum
1702 823 1824 866 initia‚
1852 823 2022 856 anteferat
2044 829 2161 856 tamen
2186 834 2241 855 se-

1259 886 1344 908 num
1361 875 1534 908 artificum
1554 873 1684 907 iudicia
1702 873 1774 907 suis
1798 874 1998 907 recentibus
2016 872 2242 916 cogitationi-

1260 925 1335 960 bus.
1388 925 1466 958 Hoc
1486 931 1709 969 praeceptum
1733 924 1898 968 privatim
1917 931 1949 957 et
1967 924 2107 968 publice
2124 924 2242 957 utilis-

1258 976 1387 1009 simum
1414 987 1504 1014 esse,
1538 975 1743 1018 grandiores
1769 986 1891 1008 omnes
1915 986 2044 1017 magno
2069 986 2243 1008 consensu

1259 1033 1445 1060 testantur.
1500 1025 1672 1059 Traditur
1688 1032 1803 1059 autem
1826 1023 1910 1058 haec
1935 1025 2056 1068 regula
2079 1026 2123 1058 de
2140 1031 2242 1058 auto-

1260 1077 1379 1111 ritate:
1410 1076 1510 1110 Valet
1532 1076 1742 1110 affirmative
1766 1083 2011 1119 argumentum
2029 1076 2175 1109 ductum
2199 1077 2244 1109 ab

1259 1129 1464 1168 autoritate,
1499 1127 1581 1172 quia
1611 1128 1726 1171 perito
1751 1127 1875 1161 artifici
1900 1126 2082 1170 perspicue
2108 1126 2245 1171 aliquid

1260 1179 1475 1213 asseveranti
1498 1179 1712 1212 credendum
1738 1185 1806 1218 est,
1833 1190 1913 1210 cum
1938 1177 2003 1221 ipsi
2024 1177 2246 1211 demonstra-

1259 1230 1393 1264 tionem
1419 1242 1491 1262 non
1516 1236 1697 1270 tenemus,
1734 1229 1817 1274 quia
1841 1228 1965 1262 artifex
1987 1227 2078 1262 vidit
2099 1234 2160 1262 aut
2183 1228 2244 1261 de-

1260 1281 1572 1318 monstrationem,
1615 1288 1676 1314 aut
1707 1279 1927 1324 probabilem
1960 1279 2151 1320 rationem,
2183 1290 2246 1312 cur

1259 1331 1306 1365 ita
1324 1332 1506 1366 iudicaret.
1559 1331 1640 1365 Non
1658 1338 1773 1364 autem
1791 1331 1906 1363 valent
1929 1327 2013 1362 haec
2037 1335 2245 1373 argumenta

1260 1382 1440 1425 negative,
1468 1382 1550 1426 quia
1567 1394 1646 1414 cum
1671 1379 1761 1413 nihil
1780 1391 1938 1424 expresse
1955 1379 2164 1414 asseveravit
2185 1391 2244 1413 ar-

1260 1433 1363 1474 tifex,
1391 1445 1464 1466 non
1482 1439 1595 1477 potest
1612 1432 1713 1465 citari
1733 1431 1808 1465 eius
1826 1431 2080 1464 testimonium.

1652 1537 1858 1575 Exemplum.

1412 1608 1608 1652 Praecipuo
1627 1608 1751 1640 artifici
1775 1607 1990 1640 credendum
2009 1613 2058 1640 est
2077 1607 2120 1640 de
2136 1613 2245 1642 mate-

1465 1659 1526 1692 riis
1542 1671 1623 1693 suae
1643 1658 1778 1704 aliquid
1801 1658 2026 1696 asseveranti,

1412 1717 1654 1756 Ptolemaeus,
1689 1717 1751 1762 qui
1779 1729 1858 1750 vere
1882 1717 1950 1751 fuit
1972 1717 2097 1750 artifex
2119 1717 2155 1750 in
2180 1718 2247 1750 do-

1466 1769 1576 1802 ctrina
1603 1775 1763 1801 motuum
1793 1769 1996 1802 coelestium
2027 1768 2248 1809 illustranda,

1465 1820 1700 1864 praestantior
1718 1819 1861 1852 caeteris
1887 1817 2129 1863 philosophiS,
2156 1831 2246 1864 quo-

1469 1883 1546 1903 rum
1571 1871 1725 1905 citantur
1741 1870 1833 1904 dicta
1855 1871 1898 1903 de
1914 1869 2159 1912 magnitudine
2176 1869 2244 1903 So-

1467 1922 1528 1961 lis,
1564 1921 1686 1954 Lunae
1718 1928 1750 1954 et
1781 1927 1913 1961 terrae,
1946 1919 2093 1954 tradidit
2123 1919 2243 1954 Solem

1464 1972 1634 2004 maiorem
1660 1983 1732 2004 esse
1756 1978 1847 2004 terra
1863 1971 1993 2004 centies
2017 1970 2168 2013 sexagies
2186 1982 2245 2004 se—

1464 2023 1554 2055 xies:
1589 2029 1719 2055 terram
1743 2033 1826 2055 vero
1852 2022 2023 2054 maiorem
2052 2020 2154 2055 Luna
2181 2021 2245 2055 tri-

1465 2073 1573 2116 gestes
1591 2073 1731 2113 novies,
1758 2079 1789 2105 et
1808 2073 1913 2116 paulo
1931 2071 2094 2116 amplius.

1413 2132 1657 2166 Assentiamur
1674 2143 1754 2174 ergo
1771 2128 1853 2165 huic
1870 2131 2016 2172 artifici,
2044 2143 2108 2164 nec
2123 2131 2246 2165 furen-

1465 2190 1518 2217 ter
1540 2183 1718 2216 rideamus
1744 2182 1916 2216 artificum
1942 2182 2055 2224 dicta,
2080 2189 2120 2216 ut
2140 2182 2245 2216 multi

1465 2234 1612 2268 faciunt.

1365 2301 1466 2336 Valet
1483 2301 1732 2346 consequentia
1748 2301 1793 2334 ab
1810 2301 1998 2335 autoritate
2014 2300 2087 2333 veri
2103 2300 2245 2333 artificis

1259 2354 1477 2387 affirmative.
1529 2350 1684 2385 Econtra
1702 2364 1775 2385 non
1793 2352 1884 2385 valet
1903 2351 2170 2396 consequentia:

1412 2419 1634 2454 Ptolemaeus
1650 2431 1722 2452 non
1739 2419 1881 2463 penitus
1895 2417 2088 2464 'inquisivit
2106 2424 2240 2451 motum

1464 2477 1605 2504 octavae
1623 2468 1801 2514 sphaerae,

1407 2526 1503 2572 Ergo
1521 2541 1596 2562 non
1616 2535 1777 2562 movetur
1790 2527 1934 2573 proprio
1952 2532 2063 2560 motu.

1357 2596 1445 2632 Cum
1471 2603 1587 2630 antem
1612 2596 1766 2631 citantur
1786 2595 1872 2628 falsa
1899 2593 1990 2626 dicta
2011 2605 2148 2634 eorum,
2176 2595 2238 2639 qui

1256 2660 1328 2681 non
1346 2655 1427 2682 sunt
1442 2648 1609 2689 artifices,
1635 2647 1752 2681 brevis
1769 2644 1951 2689 responsio
1973 2644 2017 2678 sit
2036 2641 2136 2678 haec:
2165 2644 2236 2679 Ar-
