2379 2948
91 79 188 115 1109

84 163 154 199 fide
181 161 371 196 coniuncta
395 169 445 196 est
469 163 631 203 dilectio,
654 170 698 198 -et
721 165 964 198 accenduntur
987 162 1076 196 aliae

84 215 232 248 virtutes
248 214 460 247 necessariae
478 215 572 250 iuxta
588 222 768 259 praecepta
783 215 930 248 moralia
941 241 950 255 ‚
974 214 1075 247 iusti-

84 266 155 305 cia,
181 265 338 305 castitas,
366 265 493 299 veritas
508 274 540 301 et
556 267 656 301 aliae.
710 265 894 300 Postremo
910 266 1076 299 accedant

83 316 302 350 ceremoniae
325 316 497 350 divinitus
520 318 703 351 ordinatae
727 329 790 350 suo
809 328 968 362 quaeque
986 323 1074 349 tem-

83 379 189 412 pore,
216 379 290 400 non
308 373 345 400 ut
362 375 565 401 mereantur
580 368 823 401 remissionem
842 375 1075 412 peccatorum,

82 430 156 452 non
176 419 270 463 quod
291 417 449 462 placeant
467 417 543 452 Deo
559 419 635 452 sine
651 419 738 459 fide,
766 425 797 452 et
816 419 891 451 sine
907 419 1074 462 operibus

83 469 297 509 moralibus,
325 469 383 500 sed
411 475 450 502 ut
474 470 544 502 sint
567 470 666 512 signa
690 470 968 513 promissionum
994 481 1074 501 vere

83 519 256 554 credenti:
285 519 414 551 deinde
439 527 477 553 ut
501 520 571 554 sint
596 521 693 564 signa
712 521 959 564 professionis,
987 532 1074 565 quae

82 571 284 604 discernant
299 568 493 603 Ecclesiam
518 572 562 604 ab
585 569 747 605 ethnicis.
803 571 878 605 Imo
905 584 983 605 cum
1002 583 1073 604 non

82 622 253 655 accedunt
288 633 367 653 vera
412 622 497 654 fides
532 630 564 656 et
603 623 804 656 obedientia
836 623 998 663 moralis,
1042 629 1071 654 et

81 672 329 706 existimamur
347 673 472 705 mereri
490 674 733 707 remissionem
751 681 992 719 peecatorum,
1017 674 1074 706 ni·-

80 721 134 757 hil
151 723 267 756 differt
288 723 367 756 talis
384 725 498 757 cultus
517 725 561 758 ab
579 723 733 760 ethnico.

185 773 280 806 Haec
298 781 368 807 tota
386 775 546 808 doctrina
564 788 664 820 saepe
681 777 716 810 in
730 773 917 819 Prophetis
929 803 938 816 ‚
966 774 1073 809 Chri-

80 832 134 859 sto
166 832 198 858 et
224 825 405 867 Apostolis
431 827 576 870 repetita
603 835 663 863 est.
718 826 766 861 Ut
790 825 914 860 Esaiae
940 828 1072 871 primo:

81 876 163 919 Quo
187 874 274 908 milii
299 877 492 910 multitudo
513 879 734 912 victimarum
754 879 974 911 vestrarum?
1026 878 1072 912 Et

79 926 204 961 Esaiae
223 927 298 962 58.:
333 927 450 961 Nolite
482 929 638 962 ieiunare
670 930 759 963 sicut
786 927 966 964 hactenus.
1028 928 1071 962 Et

80 978 249 1012 Ieremiae
267 978 316 1013 7.:
346 978 425 1012 Non
443 982 601 1024 praecepi
620 981 668 1014 eis
688 983 730 1013 de
746 978 973 1015 holocaustis.
1027 979 1073 1014 Et

81 1027 244 1063 hliclieae
263 1030 311 1063 6.:
343 1029 511 1063 lndicabo
536 1032 622 1072 tibi,
650 1045 670 1065 o
687 1029 814 1071 homo,
843 1032 927 1076 quid
946 1032 989 1065 sit
1009 1032 1072 1065 bo-

79 1092 178 1114 num.
233 1079 279 1114 Et
298 1079 489 1114 Zachariae
500 1082 550 1116 7.:
578 1082 670 1116 Num
687 1083 860 1115 ieiunium
878 1081 966 1115 mihi
985 1083 1072 1116 ieiu-

79 1132 195 1165 natis?
248 1131 324 1165 Hae
354 1133 542 1166 conciones
566 1141 597 1167 et
624 1134 755 1167 similes
782 1135 825 1166 ad
852 1131 947 1167 hunc
974 1133 1073 1167 Psal—

79 1195 178 1215 mum
211 1184 411 1227 pertinent,
449 1197 539 1229 quae
565 1183 757 1218 Ecclesiam
793 1187 836 1217 de
867 1185 1073 1218 discrimine

79 1234 154 1266 veri
194 1235 309 1267 cultus
349 1242 381 1268 et
422 1236 701 1268 ceremoniarum
734 1237 1073 1269 commonefaciunt:

78 1284 215 1329 eritque
248 1286 357 1327 magis
382 1287 563 1330 perspicua
590 1287 691 1320 lectio
717 1286 958 1327 psalmorum,
994 1299 1072 1320 cum

79 1336 193 1368 nostri
222 1337 389 1379 temporis
420 1337 611 1370 certamina
638 1338 681 1370 de
706 1338 831 1370 iisdem
858 1339 963 1371 rebus
989 1350 1075 1371 con-

77 1386 324 1420 siderabimus.

182 1437 297 1471 Totus
328 1445 443 1471 autem
466 1437 629 1472 Psalmus
655 1439 812 1472 narratio
837 1445 906 1479 est,
942 1439 980 1471 in
1006 1450 1072 1483 qua

78 1488 175 1522 Deus
206 1488 310 1522 initio
343 1489 530 1522 minitatur
555 1490 643 1523 iram
669 1498 700 1523 et
726 1502 857 1534 poenas
881 1488 1075 1535 hypocritis

80 1540 227 1573 secundi
250 1540 405 1583 generis,
442 1541 503 1585 qui
528 1553 607 1573 cum
632 1541 798 1583 ignorent
822 1552 924 1575 veros
950 1541 1076 1580 cultus,

79 1591 186 1624 fidem
217 1597 249 1624 et
278 1603 396 1624 veram
428 1591 710 1632 invocationem,
746 1593 880 1625 interea
913 1592 1075 1625 iactitant

81 1653 118 1675 se
139 1653 211 1675 esse
232 1642 402 1686 populum
422 1642 510 1681 Dei,
540 1650 683 1687 propter
698 1643 933 1681 ceremonias,
963 1650 995 1676 et
1014 1640 1074 1675 has

80 1693 284 1727 anteferunt
307 1693 475 1726 omnibus
501 1694 579 1726 aliis
605 1694 790 1738 operibus,
817 1695 872 1727 vel
893 1693 1073 1727 stabilien-

81 1746 147 1778 dae
174 1744 353 1788 potentiae
381 1756 462 1777 suae
488 1757 606 1786 causa,
633 1745 686 1777 vel
710 1752 854 1789 propter
879 1751 1074 1790 quaestum,

81 1796 138 1829 vel
155 1802 192 1829 ut
211 1803 414 1829 mereantur
431 1796 673 1828 remissionem
693 1803 925 1840 peccatorum.

187 1846 353 1881 Incoatur
379 1855 494 1880 autem
522 1847 678 1879 narratio
704 1849 919 1890 grandisono
944 1846 1074 1880 descri—

79 1898 214 1943 ptionis
239 1899 449 1931 severissimi
469 1898 591 1931 iudicii
613 1898 744 1938 divini,
772 1906 808 1931 ut
828 1897 989 1931 homines
1005 1898 1074 1930 dis-

81 1961 224 1984 cernere
261 1949 400 1983 discant
435 1950 564 1992 gradus
596 1956 838 1993 peccatorum,
887 1962 950 1982 nec
983 1956 1075 1982 exte·-

82 2007 194 2034 nuent
210 2001 356 2034 moralia
377 2008 532 2044 peccata,
560 2008 597 2033 ut
615 2001 651 2034 fit
669 2012 792 2043 magna
810 2014 849 2034 ex
867 2007 977 2045 parte.
1030 1998 1076 2033 Et

82 2058 122 2085 ut
147 2052 296 2084 sciamus
318 2065 401 2085 vero
420 2051 494 2084 Deo
511 2052 619 2085 tribui
641 2063 859 2090 sermonem,
887 2051 1077 2095 appellatio
1103 2068 1105 2074 ·

84 2102 247 2142 additur,
274 2103 406 2136 scilicet
426 2100 573 2141 lehova,
602 2103 805 2136 discernens
823 2115 944 2136 verum
964 2103 1076 2136 Deum

84 2166 104 2188 a
121 2148 371 2187 commentitiis
387 2154 612 2187 numinibus:
639 2161 673 2187 et
689 2155 725 2188 fit
745 2155 875 2187 mentio
893 2154 961 2187 loci
978 2153 1077 2191 Sion,

84 2212 124 2238 ut
148 2204 222 2237 veri
240 2204 305 2238 Dei
329 2205 534 2238 concionem
560 2217 631 2238 esse
649 2206 818 2244 sciamus,
847 2206 906 2250 qui
925 2218 960 2238 se
976 2205 1078 2238 certis

83 2255 298 2290 testimoniis
330 2255 368 2288 in
393 2255 479 2289 Sion
511 2257 684 2300 patefecit.

86 2358 171 2392 iusti
188 2365 279 2391 recte
294 2358 446 2391 colentes
464 2358 601 2400 Deum,
628 2366 663 2393 et
681 2361 793 2394 multo
812 2361 929 2404 plures
945 2359 1079 2400 iniusti,

87 2410 149 2455 qui
165 2409 268 2443 titulo
286 2415 369 2442 sunt
387 2410 543 2442 membra
559 2408 748 2446 Ecclesiae.

191 2459 278 2494 Cum
310 2460 419 2502 igitur
450 2461 515 2494 ait:
552 2456 782 2506 Congregate
805 2458 902 2494 mihi
924 2459 1081 2494 Samios
1106 2477 1107 2482 ¹

88 2522 202 2550 meos,
231 2511 470 2554 intelligamus
491 2512 692 2544 universam
710 2511 902 2546 Ecclesiam
920 2514 1033 2546 bonos
1051 2521 1082 2546 et

87 2563 221 2603 malos,
248 2574 337 2607 quae
363 2560 581 2608 synecdoche
606 2563 731 2596 usitata
758 2571 824 2597 est:
857 2572 896 2598 ut
920 2577 1000 2598 mox
1024 2577 1083 2597 eo-

91 2615 171 2647 dem
201 2615 307 2646 modo
333 2613 528 2659 alloquitur
551 2620 658 2647 totam
677 2612 890 2654 Ecclesiam,
914 2628 993 2649 cum
1018 2617 1084 2649 ait:

97 2661 266 2712 Populus
283 2675 394 2700 meus.

691 77 755 114 IX.
808 73 1174 113 COMMENTARII
1202 74 1253 110 IN
1279 73 1523 111 PSALMOS.

753 2256 935 2291 Convocat
962 2263 1078 2290 autem
1105 2274 1107 2299 g

86 2307 289 2341 universam
314 2305 526 2348 Ecclesiam,
560 2308 597 2341 in
630 2320 698 2353 qua
732 2309 837 2342 simul
869 2315 949 2341 sunt
974 2307 1079 2341 multi

2023 77 2123 114 1110

1230 159 1399 206 Sequitur
1428 162 1464 195 in
1491 161 1614 195 eodem
1638 161 1831 205 particula,
1863 173 1953 206 quae
1976 171 2122 208 propter

1127 212 1334 246 brevitatem
1357 213 1541 246 obscurior
1565 220 1632 254 est,
1660 214 1719 246 sed
1747 210 1812 245 hae
1831 219 1913 246 sunt
1929 213 2120 258 simplicis-

1128 265 1235 297 simae
1259 263 1578 306 interpretationes.
1631 263 1705 298 Aut
1727 264 1821 297 enim
1842 263 1891 297 sic
1906 266 2119 307 generaliter

1128 315 1284 348 enarrari
1308 326 1428 348 versus
1455 322 1584 358 potest:
1620 314 1837 359 Congregate
1861 313 1950 348 mihi
1968 315 2118 351 Sanctos

1127 377 1242 406 meos,
1274 378 1353 398 cum
1386 366 1514 410 quibus
1546 366 1611 399 feci
1635 367 1759 400 foedus
1785 367 1829 400 de
1853 367 2050 409 sacrificiis,
2080 368 2117 401 id

1128 424 1194 457 est,
1221 417 1351 461 quibus
1375 417 1507 450 tradidi
1533 417 1663 460 legem,
1690 418 1726 450 in
1753 430 1822 463 qua
1846 417 1883 451 fit
1907 419 2042 452 mentio
2060 431 2117 453 sa·

1126 468 1349 502 crificiorum.
1403 467 1498 500 Haec
1516 480 1593 501 cum
1612 480 1684 501 non
1702 476 1792 502 recte
1809 469 2023 513 intelligatis,
2046 469 2117 503 iam

1127 531 1281 552 errorem
1300 525 1454 552 vestrum
1473 520 1516 552 de
1536 519 1585 551 eis
1602 520 1739 552 taxabo.

1230 570 1302 603 Aut
1334 567 1401 603 hoc
1432 572 1554 603 modo:
1597 568 1817 613 Congregate
1848 568 1938 603 mihi
1967 570 2117 605 Sanctos

1099 651 1101 662 Δ
1126 633 1242 662 meOS,
1277 621 1482 654 ordinantes
1508 621 1632 653 foedus
1656 633 1760 664 super
1783 621 1971 660 sacrificia,
1995 622 2029 654 id
2055 630 2117 663 est,

1099 677 1101 693 ³
1127 679 1287 716 putantes
1318 684 1436 705 rneum
1461 673 1586 705 foedus
1611 679 1746 704 tantum
1772 678 1833 705 aut
1858 679 1950 705 certe
1976 673 2117 716 potissi-

1098 743 1101 777 ᾗ
1127 736 1223 756 mum
1249 735 1320 756 esse
1346 730 1527 767 praecepta
1553 723 1854 760 ceremoniarum,
1882 723 1982 767 quasi
2007 724 2115 757 dicat:

1098 783 1100 813 j
1127 772 1221 808 bunc
1245 787 1400 807 errorem
1426 781 1465 807 ut
1490 775 1693 813 emendem,
1720 773 1789 806 iam
1813 785 1969 806 convoco
1993 771 2116 806 Eccle-

1098 819 1099 822 Ἰ
1124 826 1224 859 siam.
1289 825 1355 858 His
1390 825 1760 869 interpretationibus,
1811 824 1893 868 quia
1937 824 2118 857 molliores

1099 883 1100 886 ’
1125 883 1224 916 sunt,
1252 869 1409 909 contenti
1436 877 1555 911 simus.
1609 876 1683 908 Alii
1709 875 1937 920 quaesierunt
1959 876 2117 919 argutio-

1098 941 1101 971 ;
1125 940 1178 960 res
1196 928 1448 970 expositiones,
1471 939 1557 972 quas
1574 927 1710 961 omittO.

1098 975 1100 1016 Ι
1227 978 1395 1023 Sequitur
1423 978 1638 1023 propositio,
1665 989 1755 1023 quae
1777 977 1935 1011 continet
1952 976 2119 1009 adfirma-

1098 1036 1100 1072 J
1126 1029 1214 1063 tivas
1235 1037 1265 1061 et
1284 1031 1463 1072 negativas
1479 1029 1681 1064 sententias.

1097 1073 1102 1143 l
1230 1081 1462 1114 Adfirmativa
1482 1079 1566 1113 hacc
1584 1087 1649 1112 est:
1680 1077 1924 1126 Amlipopzde
1942 1089 2060 1118 meus,
2088 1081 2119 1111 et

1097 1146 1101 1177 Ι
1127 1129 1262 1179 loquar
1280 1130 1422 1173 Israel,
1449 1136 1478 1164 et
1500 1128 1720 1175 teslfflcabor
1736 1131 1838 1171 inte,
1864 1129 1989 1170 I)eus‚
2013 1127 2119 1162 Deus

1127 1186 1211 1215 tuns
1236 1195 1299 1227 ego
1327 1195 1421 1218 snm.
1479 1182 1600 1216 [erem.
1621 1184 1652 1216 7.
1682 1193 1826 1226 prorsus
1849 1194 1888 1214 eo
1907 1182 2012 1213 modo
2030 1180 2120 1213 dici-

1126 1241 1201 1267 tur:
1230 1234 1309 1267 Non
1338 1235 1498 1278 praecepi
1519 1235 1562 1267 de
1581 1231 1814 1273 holocaustis,
1842 1233 1899 1264 sed
1918 1231 2038 1264 audite
2056 1244 2120 1264 vo—

1127 1298 1199 1317 cem
1225 1298 1348 1318 nieam.
1409 1284 1504 1318 llaec
1528 1285 1764 1317 adfirmativa:
1795 1280 1915 1323 Audi,
1942 1280 2018 1325 Ego
2042 1294 2118 1314 sum

1127 1335 1222 1368 Deus
1255 1343 1353 1376 tuus,
1386 1336 1563 1379 principio
1595 1335 1750 1378 postulat
1775 1335 1993 1376 agnitionem
2018 1345 2121 1367 verae

1128 1387 1310 1419 doctrinae
1338 1387 1421 1429 legis
1445 1394 1479 1420 et
1504 1386 1780 1430 promissionum
1807 1392 1838 1418 et
1861 1385 2046 1424 timorem,
2081 1396 2120 1416 ac

1128 1437 1245 1471 fidem.
1302 1437 1348 1472 Ut
1364 1450 1435 1470 non
1453 1438 1577 1482 probat
1590 1435 1686 1469 Deus
1701 1435 1866 1468 sacrificia
1880 1433 2121 1477 Agamemno-

1128 1489 1202 1528 nis,
1238 1488 1320 1533 qnia
1353 1501 1496 1531 prorsus
1522 1489 1659 1531 ignorat
1688 1487 1833 1521 verbum
1860 1486 1943 1520 Dei:
1972 1485 2020 1518 sic
2047 1497 2121 1518 non

1130 1540 1254 1581 probat
1284 1540 1449 1572 sacrificia
1477 1539 1658 1577 Man-asse,
1694 1538 1775 1582 quia
1802 1537 1886 1570 facit
1913 1548 1951 1569 ea
1977 1547 2123 1580 prorsus

1129 1591 1287 1634 neglecto
1314 1591 1422 1623 verbo
1446 1589 1533 1634 Dei,
1561 1590 1659 1631 fingit
1685 1601 1796 1622 novos
1821 1588 1954 1627 cultus,
1978 1599 2041 1619 nec
2066 1587 2123 1619 in-

1129 1649 1247 1675 tuetur
1265 1640 1378 1673 Deum
1399 1642 1458 1686 qui
1479 1653 1514 1673 se
1530 1640 1694 1685 patefecit
1710 1647 1804 1673 certo
1824 1639 1931 1672 verbo
1948 1638 2090 1672 tradite.

1231 1691 1371 1725 Deinde
1395 1693 1594 1725 membrum
1620 1691 1848 1735 praecipuum
1870 1688 2124 1733 propositionis

1129 1741 1195 1776 hoc
1214 1750 1279 1776 est:
1311 1740 1412 1775 Audi
1426 1744 1571 1787 inquam
1591 1740 1681 1775 hanc
1699 1754 1838 1775 vocem:
1868 1738 1990 1780 Deus,
2016 1737 2123 1772 Deus

1101 1808 1103 1834 3
1129 1799 1212 1828 tuus
1237 1806 1300 1839 ego
1322 1806 1414 1827 sum.
1482 1793 1559 1826 Hoc
1585 1793 1725 1833 audias,
1760 1805 1814 1824 me
1837 1792 1898 1837 qui
1926 1791 2125 1824 illustribus

1130 1846 1341 1878 testimoniis
1360 1845 1423 1878 tibi
1446 1845 1555 1888 legem
1574 1851 1606 1877 et
1625 1844 1876 1887 promissiones
1893 1842 2042 1881 tradidi,
2070 1841 2125 1873 vi-

1132 1897 1258 1929 delicet
1275 1896 1389 1930 Deum
1410 1908 1499 1937 esse,
1525 1903 1555 1929 et
1577 1908 1631 1927 me
1649 1895 1736 1927 velle
1754 1895 1802 1927 sic
1821 1894 1908 1933 coli,
1935 1894 2053 1926 audita
2073 1893 2125 1925 le-

1130 1949 1181 1991 gis
1197 1960 1280 1980 voce
1296 1959 1352 1980 me
1370 1947 1509 1987 timeas,
1538 1954 1569 1980 et
1585 1946 1715 1979 auditis
1731 1944 2027 1989 promissionibus
2044 1955 2125 1976 vera

1131 1999 1256 2032 fiducia
1282 2000 1324 2031 ad
1347 2011 1401 2031 me
1419 1999 1561 2031 accedas
1575 2026 1582 2036 ,
1611 2010 1664 2029 me
1682 1997 1841 2034 invoces,
1871 2008 1888 2029 a
1907 2007 1961 2028 me
1981 2002 2075 2037 petas
2093 2001 2126 2028 et

1132 2056 1290 2094 expectes
1306 2051 1397 2083 bona
1418 2057 1558 2093 propter
1573 2048 1808 2081 Mediatorem
1828 2047 2065 2091 promissum,
2093 2051 2126 2078 et

1132 2100 1196 2134 hac
1214 2102 1281 2134 fide
1301 2101 1538 2144 praelucente,
1568 2112 1607 2132 eo
1623 2099 1749 2132 ordine
1765 2105 1918 2142 praestes
1933 2108 2037 2140 opera
2050 2123 2058 2137 ,
2086 2102 2126 2129 ut

1132 2165 1193 2195 ego
1216 2153 1388 2196 praecepi.
1444 2150 1604 2184 Primum
1624 2150 1792 2188 moralia,
1821 2149 1950 2182 deinde
1969 2159 2126 2180 ceremo-

1104 2214 1107 2243 ᾗ
1133 2205 1207 2237 nias
1238 2211 1406 2248 tanquam
1440 2203 1538 2245 signa
1573 2200 1821 2239 confessionis,
1855 2206 1893 2232 ut
1917 2206 1950 2232 te
1979 2205 2010 2231 et
2038 2198 2126 2230 alios

1133 2255 1471 2292 commonefaciant,
1500 2265 1571 2285 non
1597 2260 1635 2285 ut
1658 2258 1860 2284 mereantur
1881 2249 2124 2282 remissionem

1134 2313 1369 2351 peccatorum.
1443 2303 1593 2338 Etiamsi
1625 2303 1917 2347 pulcerrimarum
1950 2300 2124 2333 virtutum

1105 2372 1107 2376 ¹
1133 2371 1237 2402 opera
1270 2357 1394 2397 facias,
1431 2363 1463 2389 et
1492 2355 1617 2388 offeras
1648 2353 1807 2398 quotidie
1834 2363 1959 2395 magna
1984 2350 2127 2393 agmina

1105 2410 1108 2455 ἱ
1134 2411 1260 2447 boum,
1295 2409 1370 2442 sine
1393 2419 1472 2439 vera
1497 2405 1678 2449 agnitione
1698 2403 1782 2444 Dei,
1817 2403 1892 2436 sine
1915 2401 2128 2444 cogitatione

1135 2461 1232 2493 verbi
1256 2460 1330 2492 eius
1350 2466 1381 2492 et
1400 2457 1674 2502 patefactionum
1687 2482 1694 2496 ,
1723 2462 1755 2488 et
1773 2467 1833 2487 cor
1849 2454 1894 2487 sit
1910 2454 1986 2486 sine
2002 2453 2129 2486 timore

1136 2519 1168 2545 et
1185 2512 1259 2544 sine
1277 2510 1405 2543 fiducia
1422 2515 1559 2553 petente
1572 2514 1603 2540 et
1615 2512 1816 2550 expectante
1828 2505 1998 2538 auxilium
2011 2502 2130 2542 aDeo,

1107 2534 1112 2615 l
1136 2571 1255 2597 tamen
1272 2561 1351 2594 talis
1368 2561 1481 2593 cultus
1494 2558 1568 2592 Deo
1586 2570 1658 2591 non
1677 2557 1847 2601 placebit,
1874 2556 1965 2589 sicut
1982 2567 2046 2587 nec
2060 2553 2131 2587 Ne-

1139 2614 1242 2648 storis
1265 2624 1329 2645 nec
1345 2610 1502 2644 Menelai
1522 2610 1635 2643 cultus
1653 2610 1858 2654 placebant,
1884 2606 2018 2640 etiamsi
2036 2612 2135 2638 erant

1140 2665 1207 2698 viri
1224 2670 1439 2709 praestantes
1455 2662 1596 2699 virtute,
1624 2667 1657 2694 et
1674 2667 1853 2694 sumtuose
1870 2658 2122 2692 sacrificabant.

1559 2707 1642 2745 70*
