2379 2948
124 102 201 141 237
723 100 790 138 111.

127 198 214 221 num
236 185 492 221 constituerent
507 197 580 220 esse
594 185 782 220 duodecim
807 186 948 219 lunares
970 195 1118 225 menses,

127 244 163 271 et
177 243 356 281 praeterea
373 238 544 270 adderent
570 236 644 269 dies
660 236 846 275 undecim,
879 246 967 280 quas
989 241 1117 268 vocant

126 285 298 331 Epactas,
327 288 410 333 quia
429 294 480 322 tot
496 287 570 320 dies
595 283 710 319 adhuc
741 286 895 319 addendi
923 292 1043 326 erant,
1077 292 1116 319 ut

126 345 265 376 tempus
289 344 497 383 congrueret
527 336 571 370 ad
605 343 742 380 tempus
770 337 947 381 peragrati
968 335 1116 370 Zodiaci

124 400 145 422 a
165 387 258 422 Sole.

228 439 281 473 Ac
296 439 430 483 primae
445 437 611 471 vetustati
635 436 776 470 initium
794 438 878 471 anni
901 438 1008 472 fuisse
1031 449 1115 481 pro-

129 489 265 523 ximum
283 500 436 522 mensem
454 487 678 532 aequinoctio
696 500 805 521 verno
824 489 1047 522 manifestum
1065 495 1115 522 est

127 552 167 572 ex
194 540 286 573 libro
307 538 418 571 Moisi
444 539 616 577 secundo,
649 538 711 571 ubi
736 539 866 572 dicitur
892 541 934 572 de
957 545 1112 583 pascate:

125 589 262 623 IMensis
289 589 351 622 iste
378 588 480 621 vobis
506 588 723 632 principium
749 590 943 631 mensium,
979 590 1114 633 primus

126 640 195 674 erit
210 641 302 673 inter
318 650 453 672 menses
471 639 576 679 anni,
599 646 854 685 servaruntque
877 638 944 674 hoc
969 640 1112 673 initium

125 689 246 724 Iudaei
271 697 304 723 et
326 689 502 735 Aegyptii.
562 690 703 722 Deinde
736 697 777 724 ut
804 691 918 725 solent
950 688 1114 723 homines

125 752 204 775 cum
230 740 420 783 seiungunt
444 751 479 773 se
497 751 515 772 a
536 741 664 773 vicinis
681 741 716 772 in
735 741 905 784 religione
920 748 979 775 aut
1002 741 1113 785 impe-

123 791 203 832 riis,
230 791 333 825 etiam
358 790 545 823 dissimiles
569 791 657 824 ritus
689 791 891 826 instituunt.
943 791 1029 825 Asia
1056 792 1109 823 in-

125 839 268 875 choavit
291 853 424 875 annum
448 841 492 874 ab
515 842 739 886 aequinocti0
763 842 971 877 autumnali.
1025 841 1112 875 Inde

122 890 230 926 hodie
247 892 286 925 in
301 891 563 925 commentariis
590 891 741 925 Iudaicis
769 894 839 926 duo
865 893 1033 936 leguntur
1049 904 1114 925 au-

124 942 164 975 ni
180 943 280 976 initia
292 969 301 984 ,
326 942 389 976 etsi
408 942 529 976 Iudaei
547 943 632 987 quid
650 943 780 983 dicant,
808 955 881 977 non
897 944 1114 986 intelligunt,

124 1005 190 1026 nec
206 994 414 1034 attendunt,
441 993 536 1026 unde
554 993 599 1027 sit
617 991 684 1026 hoc
700 994 874 1027 recentius
899 994 1043 1027 initium
1068 994 1112 1027 ab

123 1044 347 1089 aequinoctio
365 1043 576 1079 autumnali.
629 1043 767 1076 Deinde
784 1055 906 1077 rursus
924 1044 1020 1077 aliud
1040 1043 1112 1076 ini-

121 1094 212 1127 tium
228 1093 356 1127 Graeci
373 1094 634 1128 constituerunt
651 1106 669 1127 a
691 1094 845 1128 solsticio
863 1094 1007 1129 aestivo.
1042 1092 1113 1127 Po-

122 1150 251 1178 stremo
266 1145 363 1178 aliud
382 1144 509 1186 Numa,
535 1145 699 1178 videlicet
718 1158 734 1177 a
753 1145 907 1178 solsticio
924 1143 1087 1180 hiberno.

224 1194 322 1227 Haec
343 1195 492 1226 varietas
519 1201 552 1227 et
575 1194 828 1228 dissimilitudo
853 1196 1110 1228 consideranda

121 1250 183 1285 est,
205 1250 246 1277 ut
260 1241 428 1277 historiae
446 1244 575 1278 rectius
592 1245 848 1288 intelligantur,
866 1247 930 1279 etsi
950 1245 1112 1279 variandi

122 1294 298 1339 cupiditas
314 1306 388 1327 non
405 1294 545 1328 videtur
561 1307 681 1329 causas
698 1296 809 1329 bonas
825 1295 1004 1330 habuisse.
1040 1295 1112 1329 Nec

122 1346 272 1378 dubium
298 1351 348 1376 est
378 1345 529 1386 primam
563 1347 855 1380 consuetudinem
885 1344 1111 1380 inchoantem

119 1405 253 1430 annum
269 1405 289 1426 a
305 1404 414 1426 verno
432 1391 670 1437 aequinoctio,
695 1393 846 1426 maxime
863 1404 1009 1426 naturae
1026 1409 1112 1426 con-

122 1451 322 1480 sentaneam
338 1443 456 1476 fuisse.
485 1441 555 1476 Sed
571 1451 687 1477 tamen
704 1444 816 1476 donec
833 1455 947 1477 annus
964 1441 1112 1477 inchoa-

120 1498 228 1531 batur
245 1507 264 1527 a
287 1506 405 1527 mense
430 1493 566 1534 lunari,
592 1506 665 1527 non
691 1501 764 1527 erat
789 1502 902 1528 certus
920 1495 994 1528 dies
1015 1494 1111 1527 initii

122 1545 209 1581 anni
228 1572 237 1586 ‚
280 1557 344 1578 nec
383 1544 526 1577 lunares
570 1556 705 1578 menses
743 1545 930 1579 duodecim
971 1546 1112 1590 explent

120 1607 267 1632 annum.

227 1648 310 1680 Ideo
334 1644 427 1679 Solis
451 1645 518 1679 iter
539 1656 601 1689 per
633 1657 704 1678 sese
730 1647 1026 1680 considerandum
1052 1652 1114 1688 est,

121 1698 401 1741 definiemusque
431 1708 584 1735 annum,
621 1703 758 1739 tempus
787 1709 877 1736 esse,
910 1710 980 1742 quo
1005 1696 1068 1730 Sol
1091 1709 1111 1731 a

122 1749 225 1783 verni
250 1746 465 1792 aequinoctii
492 1753 622 1790 puncto
649 1759 824 1788 egressus,
851 1747 1006 1781 Zodiaco
1030 1759 1111 1792 per-

122 1806 261 1844 agrato,
285 1798 323 1830 in
343 1797 436 1829 idem
456 1803 626 1840 punctum
646 1797 749 1831 redit.
804 1796 851 1831 Et
867 1798 931 1830 ubi
957 1798 1015 1832 fiat
1032 1809 1110 1830 ver-

120 1862 207 1886 num
231 1847 495 1894 aequinoctium
522 1860 540 1880 a
572 1854 683 1880 certae
708 1848 827 1882 stellae
851 1848 1018 1881 distantia
1051 1859 1110 1880 su-

119 1908 250 1936 matur.
301 1898 349 1933 Ut
365 1897 521 1931 Metonis
537 1905 712 1941 tempore,
740 1899 800 1943 qui
818 1899 886 1931 fuit
900 1898 1006 1932 initio
1026 1898 1109 1931 belli

122 1949 416 1996 Peloponnesiaci
434 1949 634 1983 intersectio
654 1960 762 1982 verna
779 1955 853 1982 erat
879 1949 916 1981 in
941 1949 1013 1993 ipsa
1036 1948 1112 1992 pri-

121 2016 177 2037 ma
196 2002 296 2036 stella
314 2000 458 2035 Arietis.
511 1999 614 2033 Nunc
639 2000 827 2044 anticipat,
856 2006 976 2044 estque
998 1999 1111 2043 prima

123 2054 221 2088 stella
247 2051 380 2085 Arietis
403 2057 481 2093 post
507 2061 651 2083 vernam
680 2050 964 2083 intersectionem
992 2050 1111 2093 gradi-

122 2106 190 2139 bus
205 2103 267 2144 27,
291 2102 376 2136 min.
397 2100 457 2136 34.
510 2100 565 2135 Sit
590 2112 670 2144 ergo
690 2102 794 2134 nobis
812 2101 873 2134 illa
898 2101 1111 2142 intersectio,

122 2157 171 2190 ita
189 2161 284 2188 certo
299 2153 506 2192 constituta,
533 2151 674 2185 initium
699 2159 731 2185 et
749 2158 839 2184 meta
861 2152 958 2184 anni.

226 2204 332 2247 Quod
350 2215 432 2236 vero
448 2200 658 2236 Plutarchus
681 2203 718 2235 in
736 2203 807 2236 vita
824 2201 962 2236 Numae
985 2202 1034 2234 ait
1056 2201 1110 2234 di-

124 2255 323 2291 versitatem
341 2260 473 2287 tantam
491 2264 667 2286 annorum
691 2253 814 2294 fuisse,
841 2260 880 2287 ut
897 2252 1009 2298 aliqui
1027 2252 1110 2285 bar—

122 2306 202 2343 bari
233 2313 302 2340 tres
332 2315 464 2337 menses
491 2304 733 2348 nuncuparint
768 2315 920 2344 annum,
952 2301 1109 2336 Arcades

124 2363 279 2405 quatuor
294 2365 428 2388 menses
439 2378 448 2392 ‚
475 2351 678 2388 Acarnanes
696 2366 754 2387 sex
771 2366 927 2395 menses,
950 2353 1022 2387 imo
1038 2354 1108 2386 Ae-

125 2409 262 2456 gyptios
278 2416 433 2439 mensem
452 2400 592 2449 quoqiss
607 2417 746 2438 vocasse
762 2416 909 2446 annum,
928 2402 990 2437 has
1006 2404 1108 2437 fabu-

126 2463 177 2494 las
201 2469 326 2501 magna
351 2468 390 2489 ex
416 2460 513 2498 parte
532 2455 684 2489 vanitate
709 2456 921 2500 scriptorum
942 2454 1109 2489 confictas

125 2522 197 2546 esse
214 2521 287 2543 non
304 2507 452 2541 dubium
470 2510 536 2544 est,
557 2505 620 2538 etsi
635 2506 709 2538 fieri
728 2513 860 2549 potest,
886 2512 927 2540 ut
943 2502 1109 2539 homines

124 2560 287 2601 barbari,
321 2557 383 2603 qui
406 2556 480 2589 sine
504 2554 606 2588 certis
636 2555 776 2590 sedibus
800 2556 916 2600 vagati
941 2563 1040 2598 sunt,
1075 2562 1107 2590 et

125 2611 322 2646 doctrinam
338 2607 512 2641 maiorum
531 2606 732 2646 amiserant,
752 2606 856 2640 etiam
873 2607 1024 2651 primam
1042 2618 1106 2640 an-

126 2662 166 2695 ni
190 2661 363 2696 rationem
385 2655 615 2702 neglexerint.
667 2654 738 2690 Sed
755 2668 820 2692 nos
842 2669 917 2692 non
937 2657 1107 2693 barbaro-

841 98 997 136 INlTIA
1023 95 1318 134 DOCTRINAE
1343 98 1598 136 PHYSICAE.

2088 102 2163 139 238

1172 193 1252 215 rum
1280 188 1314 216 et
1338 183 1560 219 indoctorum
1590 187 1831 228 confusiones,
1866 190 1925 223 sed
1954 190 2153 224 doctrinam

1168 232 1365 275 primorum
1390 243 1529 278 patrum
1548 249 1775 282 quaeramus,
1802 251 1864 283 per
1885 252 1973 285 quos
1993 242 2153 275 doctrina

1167 283 1210 315 de
1238 281 1314 316 Deo
1342 290 1375 316 et
1396 291 1488 318 artes
1511 283 1675 321 honestae
1700 297 1911 334 propagatae
1933 298 2025 325 sunt.
2086 290 2152 323 Hi-

1168 332 1275 367 storia
1292 331 1395 366 Nohe
1415 335 1598 370 manifeste
1612 341 1784 381 ostendit,
1808 353 1945 374 menses
1963 341 2151 375 duodecim

1167 383 1275 417 unius
1292 385 1377 417 anni
1394 385 1548 428 spacium
1566 387 1681 421 fuisse.
1706 387 1752 423 Et
1766 402 1844 423 cum
1855 389 1958 425 Nohe
1975 392 2152 435 integrum

1167 446 1301 467 annum
1320 442 1556 469 commoratus
1574 437 1616 469 sit
1640 438 1677 470 in
1695 450 1790 479 arca,
1820 443 1955 476 erudite
1971 442 2152 475 mensibus

1167 484 1354 518 duodecim
1385 485 1572 519 lunaribus
1600 488 1780 522 adduntur
1810 491 1938 537 reliqui
1967 493 2058 534 dies,
2090 491 2152 537 qui

1166 543 1339 570 vocantur
1353 534 1516 580 Epactae.

1268 593 1451 637 Ingressus
1473 602 1522 629 est
1538 593 1641 628 Nohe
1658 597 1695 629 in
1721 609 1836 631 arcam
1854 611 1971 633 mense
1987 603 2153 644 secundo,

1171 645 1228 677 die
1246 645 1395 689 septimo
1413 646 1568 687 decimo,
1595 647 1723 681 deinde
1741 649 1950 683 nominatim
1969 652 2006 684 fit
2022 653 2152 686 mentio

1167 695 1305 739 septimi
1333 696 1481 737 mensis,
1509 709 1547 730 ac
1571 705 1689 741 postea
1716 700 1862 740 decimi,
1898 707 1930 733 et
1957 708 2035 745 post
2059 700 2154 735 bunc

1166 746 1304 779 dierum
1327 747 1560 791 quadraginta
1586 756 1618 782 et
1643 750 1805 793 amplius.
1858 749 1998 784 Deinde
2024 751 2153 785 iterum

1166 796 1302 840 primus
1325 797 1456 830 mensis
1482 798 1698 833 nominatur.
1760 799 1953 844 Egreditur
1973 809 2089 836 autem
2113 814 2154 835 ex

1167 858 1245 879 arca
1264 858 1385 880 rursus
1403 860 1520 882 mense
1538 852 1711 891 secundo,
1736 851 1792 884 die
1811 852 1976 885 vicesimo
1992 852 2153 897 septimo.

1165 897 1306 930 Interea
1324 898 1433 940 igitur
1446 900 1555 932 exacti
1571 907 1653 934 sunt
1666 912 1802 934 menses
1821 903 2019 942 duodecim,
2047 910 2080 936 et
2096 914 2153 936 ac-

1165 949 1295 982 cedunt
1312 948 1386 982 dies
1405 949 1522 982 decem
1536 975 1545 988 ,
1568 957 1607 984 ut
1626 951 1853 985 manifestum
1880 961 1929 986 est
1959 953 2154 987 conserenti

1165 1005 1325 1043 tempora
1350 999 1527 1042 ingressus
1555 1007 1587 1034 et
1610 1002 1734 1037 exitus.
1787 1002 1938 1049 Cunque
1963 1003 2153 1036 undecimo

1166 1049 1222 1081 die
1242 1060 1282 1081 ex
1301 1060 1380 1082 arca
1395 1061 1550 1092 egressus
1568 1052 1612 1085 sit
1629 1050 1747 1093 Nolle,
1772 1053 1868 1086 vides
1891 1054 1973 1087 addi
1989 1052 2154 1098 Epactas‚

1166 1105 1199 1132 et
1222 1099 1391 1142 compleri
1416 1100 1501 1133 anni
1523 1101 1648 1134 solaris
1674 1104 1843 1146 spacium.
1896 1103 1992 1137 Haec
2026 1105 2156 1148 scripta

1169 1155 1267 1189 sunt,
1294 1156 1334 1183 ut
1359 1157 1448 1184 extet
1469 1151 1710 1185 testimonium
1729 1155 1772 1186 de
1795 1166 1907 1194 anno,
1932 1156 2026 1199 quod
2042 1166 2155 1198 oppo-

1165 1201 1324 1233 nendum
1342 1207 1392 1233 est
1406 1201 1620 1244 petulantiae
1639 1204 1800 1245 istorum,
1827 1205 1888 1249 qui
1905 1205 2024 1238 rident
2041 1216 2156 1238 anno-

1164 1262 1244 1283 rum
1260 1262 1427 1284 numeros
1445 1252 1481 1284 in
1498 1253 1604 1285 saeris
1622 1253 1734 1286 literis
1752 1256 1909 1295 traditos,
1929 1262 1962 1288 et
1980 1262 2154 1299 quantum

1164 1301 1270 1334 fuerit
1288 1300 1394 1335 unius
1414 1302 1499 1334 anni
1517 1303 1694 1346 spacium,
1722 1305 1803 1337 sciri
1823 1316 1922 1349 posse
1940 1312 2081 1348 negant.

1268 1358 1359 1393 Cum
1383 1366 1499 1393 autem
1522 1373 1658 1394 menses
1690 1362 1830 1395 lunares
1866 1364 2052 1396 duodecim
2082 1375 2156 1396 non

1165 1422 1309 1451 prorsus
1329 1410 1493 1451 expleant
1517 1422 1650 1442 annum
1668 1412 1834 1452 solarem,
1863 1420 1902 1446 ut
1928 1421 2043 1446 tamen
2069 1413 2156 1446 anni

1165 1458 1311 1491 initium
1335 1457 1563 1502 aliquomodo
1588 1462 1632 1492 ad
1655 1468 1789 1495 certum
1815 1470 1952 1506 tempus
1972 1475 2156 1497 revocare-

1165 1515 1243 1547 tur,
1271 1520 1408 1541 necesse
1425 1509 1492 1542 fuit
1512 1511 1814 1545 intercalationem
1832 1514 2032 1556 excogitari.
2069 1513 2156 1547 Col—

1165 1559 1321 1602 ligebant
1346 1571 1428 1602 ergo
1454 1559 1607 1593 Romani
1632 1559 1799 1605 Epactas‚
1827 1571 1860 1597 et
1886 1565 2039 1598 secundo
2066 1576 2155 1609 quo-

1165 1622 1234 1655 que
1264 1621 1359 1642 anno
1393 1611 1637 1644 intercalarem
1672 1625 1825 1647 inensem
1860 1614 1997 1647 dierum
2028 1615 2155 1658 viginti

1165 1662 1318 1694 duorum
1345 1659 1540 1695 Februario
1563 1663 1777 1699 inserebant.
1830 1664 1889 1699 Sic
1920 1665 2041 1699 scribit
2068 1665 2155 1698 Plu-

1163 1709 1306 1745 tarchus
1322 1711 1360 1744 in
1381 1709 1508 1748 Numa.

1269 1769 1341 1803 Nec
1356 1769 1543 1804 Livianam
1560 1773 1731 1805 rationem
1748 1785 1842 1812 nunc
1861 1785 2036 1814 recenseo,
2063 1785 2154 1819 quae

1163 1821 1348 1854 obscurior
1367 1828 1427 1861 est,
1455 1828 1488 1854 et
1506 1822 1591 1855 alibi
1610 1823 1813 1866 explicanda
1826 1851 1834 1863 ,
1859 1836 1897 1857 ac
1914 1826 2057 1868 adparet
2076 1836 2154 1857 sae-

1164 1883 1206 1915 pe
1238 1871 1472 1904 correctiones
1503 1884 1642 1906 annuae
1674 1875 1948 1917 computationis
1976 1875 2154 1908 institutas

1164 1932 1255 1962 esse,
1282 1928 1315 1955 et
1331 1929 1482 1956 mutatas
1498 1923 1781 1958 intercalationes
1793 1949 1802 1963 ,
1829 1925 1919 1960 sicut
1933 1926 2027 1970 apud
2039 1924 2153 1959 Grae·

1163 1984 1220 2006 cos
1234 1972 1398 2005 accidisse
1416 1974 1568 2009 videtur.

1264 2030 1470 2065 Herodotus
1491 2039 1614 2067 narrat
1639 2034 1742 2067 tertio
1761 2047 1903 2080 quoque
1921 2047 2014 2068 anno
2039 2035 2151 2068 inter-

1161 2081 1312 2114 calarem
1328 2094 1484 2115 mensem
1502 2083 1674 2117 insertum
1689 2095 1760 2117 esse
1776 2086 1869 2129 apud
1880 2084 2043 2119 Graecos.
2071 2084 2152 2118 Ma-

1161 2132 1302 2166 crobius
1320 2132 1425 2166 aliam
1444 2134 1674 2168 vetustiorem
1694 2134 1997 2169 intercalationem
2017 2136 2151 2169 recitat.

1262 2196 1416 2233 Omissis
1441 2206 1557 2233 autern
1581 2207 1739 2235 veterum
1763 2202 1887 2235 formis
1903 2202 2064 2235 usitatam
2083 2199 2151 2235 hoc

1163 2258 1320 2295 tempore
1337 2251 1618 2291 consideremus,
1647 2264 1736 2296 quae
1753 2253 1894 2285 videtur
1917 2263 1989 2284 esse
2006 2252 2150 2296 expedi-

1164 2302 1308 2336 tissima.
1361 2299 1426 2335 Est
1449 2308 1564 2335 autem
1588 2315 1606 2335 a
1626 2301 1717 2335 Iulio
1734 2301 1881 2336 Caesare
1904 2302 2052 2335 consilio
2071 2302 2150 2336 Ma-

1161 2350 1342 2387 thematici
1359 2351 1540 2395 Sosigenis
1564 2352 1722 2386 instituta
1735 2379 1744 2393 ‚
1773 2360 1805 2386 et
1829 2358 1948 2396 postea
1965 2353 2009 2386 ab
2026 2351 2149 2396 Augu-

1161 2410 1232 2443 sto,
1259 2414 1339 2436 cum
1356 2403 1393 2435 in
1415 2403 1519 2436 bellis
1537 2403 1701 2436 civilibus
1718 2403 1874 2445 neglecta
1894 2409 2000 2442 esset,
2028 2415 2150 2437 rursus

1160 2455 1345 2487 emendata
1360 2459 1394 2486 et
1409 2453 1614 2493 instaurata,
1639 2453 1802 2486 videlicet
1818 2453 1878 2493 ita,
1900 2459 1940 2486 ut
1958 2453 2149 2487 constituto

1160 2511 1254 2538 certo
1281 2504 1385 2537 initio
1416 2504 1521 2546 anni,
1556 2509 1590 2536 et
1620 2502 1805 2536 duodecim
1828 2504 2010 2536 mensibus
2034 2504 2150 2536 civili-

1159 2555 1243 2595 bus,
1278 2565 1392 2588 annus
1415 2552 1611 2587 communis
1642 2553 1840 2587 contineret
1862 2555 1937 2587 dies
1963 2552 2051 2589 365.
2101 2551 2149 2588 Et

1159 2605 1330 2651 quoniam
1345 2603 1408 2638 Sol
1424 2603 1586 2636 nondum
1606 2609 1657 2638 tot
1674 2604 1799 2638 diebus
1817 2605 2015 2649 peragravit
2032 2610 2147 2638 totum

1158 2656 1370 2697 Zodiacum,
1406 2654 1467 2689 sed
1491 2660 1624 2690 restant
1648 2655 1831 2690 addendae
1857 2653 1966 2690 horae
1990 2654 2148 2700 quinque
