2379 2948
189 143 240 176 ῃ
427 131 636 171 scalen
664 130 736 164 ru.
766 126 877 162 mm..
907 123 971 159 AD
999 121 1125 158 msr.
1153 118 1297 157 eaor.
1324 118 1388 154 ET
1417 116 1607 155 mutos
1636 115 1956 154 ercrAN'rm.
2155 118 2202 152 48

292 222 368 258 Etsi
393 227 509 255 antem
543 216 683 262 proprie
707 225 776 246 una
803 217 854 245 est
879 210 1012 243 vesicae
1041 207 1173 247 tunice»,

194 285 311 312 tamen
329 285 402 307 eam
420 270 601 305 circundat
617 273 647 299 et
664 264 752 297 alius
771 261 980 306 panniculus
998 271 1015 293 a
1031 271 1173 303 περιτυ-

197 325 290 371 νσίῳ
307 331 415 358 ortus.
468 320 582 363 Atque
598 317 645 349 ita
663 320 816 347 ureteres
833 323 894 356 per
916 318 1101 353 utramque
1119 315 1175 340 tu-

196 378 311 410 nicam
334 372 429 407 infixi
455 378 488 403 et
510 366 619 411 sparsi
641 371 741 404 sunt,
773 369 813 396 ut
842 368 974 394 meatus
1006 371 1078 392 non
1105 358 1176 390 sint

197 434 288 461 recte
313 421 483 466 oppositi,
511 430 556 451 ne
576 424 668 450 retro
691 415 777 447 ssnat
799 413 911 446 urina.
964 409 1040 443 Etsi
1059 415 1175 441 antezn

197 479 233 510 in
259 473 403 509 mortuis
426 469 568 512 vestigia
593 473 771 500 ureterum
797 463 881 496 foris
900 459 1176 504 conspiciuntur,

197 536 314 561 tamen
337 523 431 555 intus
456 519 680 553 membranae
707 527 762 548 eas
783 514 975 546 obducunt.
1027 508 1178 552 Conspi-

198 578 288 610 citur
308 579 422 606 autem
444 569 603 614 patulum
629 565 821 603 orificium,
856 563 949 607 quod
975 562 1104 593 sactum
1130 564 1179 590 est

198 627 241 659 ad
260 622 486 658 emittendam
503 619 653 652 urinam.
704 613 867 658 Reliquis
890 611 1048 656 partibus
1073 607 1179 641 undi—

199 687 267 721 que
283 675 398 707 clausa
414 677 464 703 est
480 670 565 702 adeo
579 694 588 708 ,
613 673 652 700 ut
670 677 712 697 ne
731 665 873 709 quidem
890 665 948 694 aer
964 659 1145 704 perspiret.

302 722 443 758 Utilitas
465 719 596 753 vesicae
619 723 687 756 est,
713 721 752 748 ut
777 713 870 752 dixi,
901 710 1068 755 paulatim
1090 707 1181 741 exci-
1207 744 1208 750 ἵ

199 786 280 820 pere
298 773 456 811 urinam,
482 776 514 802 et
538 768 718 802 collectam
742 762 997 809 aliquantisper
1020 759 1182 798 retinere,
1207 760 1208 803 l

201 833 233 859 et
250 824 377 858 deinde
394 821 588 854 effundere.
1207 805 1209 812 ⁸

303 872 418 906 Variis
431 871 531 904 adfici
550 867 682 901 morbis
700 871 829 909 potest,
856 871 888 898 et
904 861 1071 895 notabilis
1087 859 1182 892 soln-

202 926 251 959 tio
270 924 343 957 eius
361 922 491 955 laetalis
507 926 569 953 est.
601 917 764 951 Nascitur
781 915 818 947 in
834 926 871 947 ea
891 913 1044 946 calculus
1059 923 1097 943 ex
1115 908 1182 942 hu·-

203 986 302 1008 more
328 973 461 1006 viscoso
485 978 518 1004 et
542 967 714 1007 terrestri,
742 966 802 1011 qui
824 965 938 998 calore
957 964 1123 998 duratur,
1151 966 1184 992 et

202 1027 240 1059 fit
258 1024 429 1062 calculus,
455 1028 494 1054 ut
516 1031 619 1063 supra
634 1018 766 1051 dictum
787 1021 847 1049 est.
901 1012 1077 1046 Accidunt
1094 1010 1185 1043 vesi-
1209 1026 1211 1028 v

203 1087 261 1108 cae
279 1081 310 1107 et
326 1072 545 1106 difficultates
559 1069 681 1102 urinae
699 1065 924 1102 emittendae,
953 1074 1040 1107 quae
1059 1061 1186 1094 dicun-

203 1133 260 1159 tur
278 1118 555 1170 στραγγουρίαι,
574 1120 616 1151 ab
634 1113 747 1162 οὖρον
763 1115 879 1154 urina,
896 1120 928 1146 et
942 1108 1186 1159 στραγγίζειν,

204 1175 298 1220 quod
322 1180 371 1206 est
395 1172 528 1210 colare,
555 1175 587 1202 et
604 1168 638 1200 vi
663 1166 817 1210 guttulas
834 1163 1045 1208 exprimere,
1074 1156 1188 1206 στράξ

205 1225 299 1258 enim
335 1229 431 1265 gutta
460 1227 522 1255 est.
582 1218 674 1252 Sunt
709 1222 742 1249 et
773 1216 861 1248 aliae
895 1214 1024 1257 species
1050 1211 1186 1244 vicinae

204 1273 431 1317 stranguriae.
482 1269 572 1304 Cum
597 1268 690 1301 enim
715 1271 849 1298 meatus
875 1264 912 1296 in
935 1263 1085 1302 cervice,
1118 1273 1186 1305 qua

204 1325 314 1358 emitti
338 1323 477 1355 urinam
500 1324 655 1362 oportet,
681 1317 914 1348 obstruuntur
937 1324 1051 1347 crasso
1069 1318 1101 1345 et
1123 1311 1188 1343 sri-

205 1376 285 1417 gido
303 1370 460 1409 humore,
488 1380 559 1400 non
578 1373 691 1412 potest
707 1365 817 1397 emitti
834 1365 950 1396 urina.
1002 1362 1186 1393 interdum

206 1424 283 1457 aliis
305 1423 347 1454 de
370 1420 479 1453 causis
504 1416 570 1451 hoc
597 1415 742 1454 accidit,
770 1414 823 1446 vel
845 1419 987 1456 propter
1004 1410 1188 1450 calculum,

204 1474 259 1507 vel
276 1479 419 1518 propter
435 1469 650 1503 debilitatem
666 1464 805 1498 virtutis
821 1462 1030 1507 expulsivae.

535 1587 634 1620 Vasa
652 1584 873 1622 seminaria,

492 1655 607 1690 σπερμ
614 1640 719 1676 ατικὰ
761 1640 903 1689 ἀγγεῖα.

294 1720 468 1756 Usitatum
486 1724 536 1751 est
552 1716 663 1750 ordiri
681 1715 934 1758 descriptiones
953 1711 1106 1756 partium
1123 1708 1193 1743 hu-
1216 1723 1218 1749 t

207 1773 305 1807 mani
328 1769 505 1814 corporis,
534 1769 577 1800 ab
604 1767 644 1798 iis
663 1765 847 1805 membris,
873 1775 961 1809 quae
985 1764 1072 1795 facta
1099 1768 1192 1801 sunt,
1216 1783 1218 1793 1

208 1830 248 1857 ut
265 1821 520 1855 nutrimentum
537 1822 745 1862 praeparent
762 1823 794 1849 et
809 1820 971 1858 coquant.
1005 1811 1082 1845 Etsi
1099 1812 1192 1844 enim

209 1879 242 1906 et
265 1870 393 1904 borum
414 1869 596 1901 fabricatio
622 1867 723 1910 plena
748 1873 797 1899 est
823 1865 906 1897 artis
932 1870 965 1897 et
988 1862 1192 1906 sapientiae,
1217 1874 1219 1877 ’

210 1930 326 1956 tamen
348 1920 530 1964 aliquanto
552 1917 670 1949 minor
696 1922 745 1948 est
763 1916 799 1947 in
823 1913 888 1947 hoc
907 1914 1045 1958 opificio
1064 1913 1190 1945 obscu-

209 1973 306 2012 ritas,
333 1981 436 2015 quam
454 1970 489 2000 in
508 1967 663 2000 coeteris.
717 1964 769 1998 Ac
786 1976 897 2007 saepe,
925 1976 1002 1996 cum
1019 1974 1083 1995 nos
1099 1962 1193 2005 ipsos

211 2030 243 2056 et
259 2020 349 2054 hanc
365 2018 631 2052 fabricationem
648 2016 838 2054 intuemur,
861 2015 903 2046 (le
921 2011 987 2046 hoc
1005 2012 1192 2057 praecipuo
1217 2044 1219 2051 ,

210 2072 357 2107 consilio
375 2067 556 2102 architecti
571 2067 777 2109 cogitemus,
805 2076 912 2109 quare
930 2075 1009 2096 cum
1028 2060 1132 2095 bomo
1150 2063 1192 2094 ad
1217 2055 1219 2084 ἶ

210 2120 508 2156 immortalitatem
526 2117 690 2151 conditus
707 2116 768 2155 sit,
794 2115 847 2147 illi
866 2113 957 2158 parti
978 2113 1015 2145 in
1032 2123 1099 2157 qua
1124 2112 1195 2144 sul·
1217 2109 1220 2149 Ι

211 2173 307 2216 gebit
331 2172 450 2204 lumen
472 2168 662 2212 sapientiae
684 2166 842 2205 divinae,
879 2171 913 2197 et
936 2163 1072 2196 ardebit
1096 2174 1195 2194 amor
1218 2160 1219 2175 ¹

210 2223 277 2257 Dei
294 2228 325 2255 et
343 2220 478 2253 iusticia
496 2219 532 2251 in
550 2217 647 2251 omni
662 2215 878 2253 aeternitate,
896 2213 1014 2246 culina
1031 2213 1194 2245 adiuncta

213 2273 274 2312 sit,
301 2271 398 2305 cuius
423 2276 539 2303 tamen
562 2274 679 2312 postea
702 2278 775 2299 non
794 2266 860 2299 erit
882 2275 975 2298 usus.
1027 2262 1098 2296 Nec
1113 2274 1194 2295 vero

214 2323 362 2356 dubium
379 2326 445 2361 est,
471 2317 562 2352 hanc
583 2329 655 2351 esse
673 2328 830 2356 causam,
856 2315 939 2359 quia
957 2312 1052 2346 Deus
1076 2313 1112 2345 in
1131 2310 1194 2345 hac

213 2371 356 2406 mortali
379 2370 448 2403 vita
473 2367 633 2402 inchoari
651 2367 726 2401 vult
744 2367 840 2399 illam
861 2371 1038 2398 aeternam
1057 2363 1196 2406 sapien-

214 2423 300 2457 tiam
335 2427 368 2454 et
400 2419 583 2453 iusticiam.
643 2416 887 2451 Exuscitemus
920 2414 1026 2457 igitur
1057 2424 1121 2446 nos
1151 2413 1194 2445 ad

214 2473 312 2506 illam
332 2467 606 2510 inchoationem,
632 2476 665 2502 et
679 2468 828 2501 sciamus
848 2477 922 2505 eos,
949 2464 1009 2509 qui
1027 2461 1110 2496 haec
1127 2463 1196 2495 ini-

214 2524 263 2557 tia
288 2523 356 2555 iam
381 2520 580 2562 negligunt,
607 2519 643 2551 in
662 2518 760 2552 omni
775 2516 978 2552 aeternitate
995 2515 1031 2546 in
1047 2512 1196 2546 horren-

215 2573 270 2607 dis
287 2570 500 2606 cruciatibus
515 2570 651 2602 futuros
668 2580 749 2601 esse.

314 2620 379 2661 Est
407 2627 440 2654 et
464 2617 529 2653 hoc
555 2619 740 2653 consilium
763 2616 1076 2657 considerandum,
1102 2614 1196 2660 quod

215 2675 293 2708 ideo
314 2671 421 2706 nobis
437 2670 603 2705 attributa
618 2676 667 2703 est
683 2669 827 2702 facultas
845 2667 1089 2712 generationis,
1115 2665 1196 2711 quia
1222 2706 1225 2711 Δ

1199 214 1202 230 ⁷
1227 205 1302 239 vult
1328 211 1504 238 aeternam
1532 201 1722 236 Ecclesiam
1746 203 1910 246 colligere
1932 215 1971 236 ex
1997 209 2122 246 genere
2139 200 2208 236 lm-

1200 263 1201 268 *
1227 268 1331 288 mano
1361 253 1427 287 boc
1455 255 1563 287 modo
1592 261 1685 289 nato.

1200 306 1202 314 '
1227 317 1322 338 nnnc
1341 305 1481 349 quidem
1502 304 1684 346 cogitanda
1703 310 1794 344 sunt,
1819 310 1851 337 et
1870 302 1944 336 Deo
1962 304 2089 346 gratiae
2105 315 2209 347 agen-

1745 252 1840 286 Haec
1875 253 2033 286 miranda
2062 253 2210 287 consilia

1228 357 1301 394 dae,
1325 356 1419 399 qnod
1438 366 1474 386 se
1492 355 1664 397 patefecit,
1690 355 1784 399 quod
1802 365 1842 387 ex
1860 351 1923 386 hac
1943 365 2052 386 massa
2073 354 2211 387 inlirma

1201 412 1203 434 ’ὲ
1229 406 1362 448 colligit
1391 411 1565 437 aeternam
1597 403 1811 445 Ecclesiam,
1845 405 1938 449 quod
1970 404 2072 436 nobis
2104 405 2211 443 adest,

1202 456 1203 460 ’
1230 467 1294 488 nos
1311 456 1402 488 fovet
1419 461 1452 487 et
1468 455 1627 495 exaudit,
1656 462 1688 489 et
1705 467 1777 487 non
1796 455 1909 488 solum
1928 451 2017 487 hanc
2034 461 2140 487 totam
2158 466 2213 487 re-

1203 543 1205 548 Ι
1230 517 1308 538 rum
1333 512 1493 538 naturam
1526 512 1643 538 nostra
1667 517 1767 538 causa
1791 512 1992 545 conservat,
2025 505 2214 538 f0e0undat

1231 562 1377 592 terram,
1405 561 1438 588 et
1462 555 1524 588 alit
1557 566 1637 595 nos,
1664 557 1722 587 sed
1753 555 1864 589 multo
1891 555 2020 598 magis,
2056 556 2150 599 quod
2179 566 2214 588 se

1232 606 1345 649 ipsum
1362 605 1464 637 nobis
1480 605 1645 648 impertit.
1689 603 1850 638 Omnino
1865 612 2030 649 superant
2049 603 2133 638 haec
2153 605 2214 638 be-

1232 655 1355 688 neficia
1372 654 1530 691 omnium
1549 654 1795 697 cogitationem
1813 662 1846 689 et
1863 656 2109 700 eloquentiam.
2144 655 2214 689 Sed

1233 713 1349 739 tamen
1373 705 1573 738 excitandae
1598 712 1678 738 sunt
1696 712 1828 738 mentes
1844 706 1886 738 ad
1905 703 1994 738 hanc
2014 706 2216 739 considera-

1234 757 1364 789 tionem
1377 781 1386 794 ,
1415 762 1449 788 et
1466 755 1677 795 dolendum,
1704 756 1798 799 quod
1817 755 1853 787 in
1873 753 1936 789 hac
1959 756 2107 799 caligine
2125 754 2216 789 banc

1234 805 1300 839 Dei
1327 806 1555 850 praesentiam
1582 806 1700 838 minus
1726 806 1929 849 aspicimus,
1958 813 1991 839 et
2014 806 2131 839 minus
2153 807 2216 839 ad·

1234 856 1372 890 ficimur
1388 856 1497 900 ipsius
1514 867 1591 899 erga
1609 868 1673 889 nos
1689 867 1770 889 vero
1788 863 1819 889 et
1840 856 1971 899 ingenti
1987 868 2116 891 amore.

1338 921 1426 956 Cum
1445 928 1559 955 autem
1580 922 1626 956 ita
1642 922 1858 955 ordinaverit
1876 922 2149 964 generationem,
2177 930 2218 957 ut

1209 987 1211 1011 g
1237 979 1346 1006 certas
1363 973 1454 1015 leges
1471 973 1665 1013 addiderit,
1692 980 1724 1007 et
1743 973 1891 1016 intelligi
1910 973 1992 1006 velit
2016 973 2218 1014 castitatem,

1237 1030 1269 1056 et
1285 1023 1501 1056 severissime
1518 1020 1703 1067 prohibeat
1717 1024 1864 1056 abusum
1883 1023 2037 1064 seminis,
2057 1030 2089 1056 et
2107 1024 2218 1058 multa

1236 1073 1405 1106 miracula
1428 1073 1646 1114 generationi
1672 1074 1865 1113 addiderit,
1901 1080 2100 1108 reverenter
2126 1072 2218 1108 hanc

1237 1130 1370 1168 partem
1389 1123 1519 1166 opificii
1538 1123 1574 1156 in
1592 1121 1734 1157 homine
1751 1124 2022 1158 consideremus.

1338 1189 1466 1224 Senien
1491 1190 1651 1222 animalis
1679 1197 1728 1223 est
1751 1190 1848 1224 utilis
1865 1191 2087 1233 superfluitas
2103 1192 2220 1224 ultimi

1238 1240 1395 1274 alimenti
1413 1240 1608 1283 sanguinei,
1625 1252 1685 1283 per
1704 1247 1815 1274 totum
1833 1252 1957 1283 corpus
1968 1241 2128 1284 dispersi,
2146 1248 2221 1285 post

1238 1297 1398 1335 quartam
1414 1291 1643 1333 digestionem
1660 1292 1791 1328 decisa,
1817 1302 1905 1332 quae
1920 1289 2108 1323 attrahitur
2125 1303 2142 1324 a
2161 1304 2221 1324 va-

1241 1342 1286 1374 sis
1302 1341 1510 1378 seminariis,
1534 1348 1566 1371 ct
1582 1337 1761 1381 perficitur
1778 1345 1810 1370 et
1828 1346 2054 1372 conservatur
2071 1341 2106 1373 in
2123 1343 2220 1374 testi-

1240 1390 1304 1421 bus
1326 1389 1367 1421 ad
1389 1388 1660 1431 generationem.
1704 1389 1755 1421 Ac
1774 1396 1888 1432 postea
1909 1390 1950 1420 de
1969 1390 2101 1423 semine
2121 1392 2221 1434 plura

1240 1439 1412 1472 dicentur.
1448 1438 1549 1471 Nunc
1567 1445 1702 1471 tantum
1725 1439 1802 1471 idco
1823 1439 1962 1471 recitata
1984 1447 2033 1473 est
2050 1441 2219 1480 definitio,

1239 1496 1277 1523 ut
1296 1490 1337 1521 de
1356 1489 1463 1528 vasis,
1490 1500 1578 1533 quae
1596 1488 1676 1521 inde
1695 1501 1824 1522 nomen
1845 1486 1990 1530 habent,
2017 1491 2125 1534 magis
2142 1504 2221 1536 per-

1241 1540 1356 1583 spicue
1375 1539 1443 1571 dici
1463 1539 1582 1582 possit.

1344 1596 1383 1630 ln
1410 1598 1529 1630 dextro
1560 1597 1667 1630 latere
1691 1608 1710 1630 a
1735 1609 1833 1630 ramo
1859 1609 1967 1630 venae
1997 1610 2099 1632 cavae
2130 1601 2220 1636 infra

1241 1651 1401 1683 dextrum
1419 1659 1538 1680 renem
1555 1647 1669 1680 oritur
1685 1659 1784 1680 vena.
1820 1646 1867 1681 Et
1884 1660 1954 1680 non
1973 1650 2095 1692 procul
2122 1663 2140 1683 a
2165 1664 2221 1684 ra-

1241 1712 1299 1732 mo
1322 1704 1438 1731 aortae
1465 1697 1708 1731 descendentis
1730 1698 1844 1730 oritur
1860 1699 2005 1736 arteria,
2033 1712 2119 1743 quae
2137 1714 2222 1744 pau-

1216 1755 1218 1774 x
1241 1750 1338 1783 latim
1356 1755 1589 1788 concurrunt,
1617 1748 1712 1780 velut
1731 1748 1946 1792 pyramidem
1965 1749 2162 1792 efficientes,
2191 1759 2223 1786 et

1242 1801 1283 1833 ad
1308 1801 1468 1832 dextrum
1497 1805 1619 1831 testem
1641 1799 1870 1831 descendunt.
1923 1797 1975 1831 Ac
1997 1799 2124 1833 similia
2150 1804 2221 1835 duo

1242 1862 1322 1883 vasa
1349 1849 1385 1881 in
1410 1849 1553 1882 sinistro
1578 1849 1684 1881 latere
1707 1848 1889 1888 oriuntur,
1918 1860 2032 1881 ramus
2051 1862 2159 1884 venae
2178 1854 2221 1885 ab

1244 1900 1440 1942 emulgente
1470 1910 1573 1942 snpra
1603 1899 1783 1931 sinistrum
1815 1910 1953 1938 renem,
1986 1901 2111 1933 arteria
2141 1914 2221 1936 vcro

1244 1950 1406 1989 infer-itm,
1433 1962 1520 1993 quae
1536 1949 1579 1981 ab
1601 1956 1696 1982 aorta
1723 1955 1943 1992 propagatur.
1995 1948 2223 1987 Concurrunt

1243 2008 1357 2034 autem
1373 2006 1406 2032 et
1429 1999 1466 2031 in
1491 1996 1558 2031 hoc
1574 1999 1680 2032 latere
1697 2011 1784 2031 vena
1802 2005 1834 2031 et
1848 1999 1989 2038 arteria,
2015 2007 2049 2033 et
2069 2004 2224 2044 pvrami-

1243 2052 1297 2084 dis
1318 2050 1430 2094 specie
1447 2050 1713 2090 descendentes,
1740 2050 1889 2082 tendunt
1913 2050 1955 2081 ad
1973 2038 2154 2084 sinistrum
2172 2060 2221 2086 te-

1243 2108 1350 2141 stem,
1378 2107 1412 2133 et
1430 2106 1578 2141 vergunt
1597 2097 1721 2132 harum
1742 2099 1964 2144 pyramidum
1988 2100 2087 2133 bases
2109 2103 2152 2135 ad
2173 2110 2222 2136 te-

1244 2159 1322 2186 stes.
1382 2150 1542 2194 Suntque
1567 2150 1747 2183 involutae
1772 2149 1893 2181 ambae
1917 2150 2135 2192 panniculis,
2162 2155 2223 2198 qui

1244 2215 1261 2235 a
1280 2201 1459 2245 peritoneo
1477 2200 1653 2235 oriuntur.
1705 2199 1753 2232 Hi
1775 2199 1911 2231 canales
1936 2200 1979 2232 ab
2001 2207 2150 2247 utroque
2173 2205 2223 2237 la-

1244 2259 1315 2285 tere
1340 2251 1456 2294 ducti,
1488 2257 1527 2284 ut
1549 2251 1638 2291 dixi,
1670 2249 1901 2283 nominantur
1918 2249 2008 2283 Vasa
2027 2254 2224 2295 seminaria,

1244 2314 1331 2348 qnae
1347 2299 1527 2335 attrahunt
1543 2301 1639 2333 illam
1651 2300 1773 2333 utilem
1791 2300 2067 2343 superfluitatem
2081 2303 2223 2338 ultimae

1245 2352 1426 2392 coctionis,
1446 2363 1484 2384 ac
1503 2356 1711 2394 praeparant
1728 2351 1769 2382 ad
1787 2350 1927 2383 seminis
1941 2358 2112 2393 naturam.
2140 2352 2222 2388 ldeo

1219 2414 1220 2418 ¹
1245 2410 1277 2437 et
1293 2414 1372 2435 vasa
1388 2401 1629 2446 praeparantia
1647 2400 1888 2434 nominantur.

1345 2457 1393 2493 Et
1409 2459 1489 2504 quia
1507 2458 1708 2490 duriuscula
1724 2463 1824 2497 sunt,
1845 2469 1918 2490 non
1936 2457 2112 2501 attingunt
2127 2462 2225 2496 testi-

1246 2510 1357 2549 culos,
1374 2511 1432 2542 sed
1452 2508 1547 2541 aliud
1566 2509 1742 2552 quoddam
1761 2519 1820 2540 vas
1837 2519 1898 2540 ceu
1916 2508 2066 2542 vesicula
2081 2522 2121 2544 ex
2138 2524 2225 2556 pan..

1245 2560 1374 2594 niculis
1392 2559 1602 2604 quibusdam
1620 2558 1800 2591 conditum
1817 2564 1876 2598 est,
1893 2569 1962 2601 quo
1979 2559 2131 2595 involuti
2144 2571 2226 2598 sunt

1247 2618 1361 2650 testes,
1388 2610 1481 2655 quod
1498 2609 1704 2642 nominatur
1721 2605 1946 2651 ἐπιὸιὸυμῖς,
1975 2608 2010 2642 id
2027 2617 2096 2652 est,
2121 2612 2225 2647 invo-

1248 2663 1385 2696 lucrum
1406 2660 1558 2694 testium.
1594 2658 1635 2693 In
1652 2657 1717 2692 hoc
1732 2658 1914 2692 involucro
1926 2685 1935 2700 ,
1961 2661 2055 2705 quod
2073 2668 2122 2697 est
2137 2664 2227 2698 mol-
