2379 2948
222 621 338 662 VIII.

626 694 699 735 IN
757 695 1043 748 ιΝιΤιυΜ

399 620 975 663 EXPLICATIONES
1036 621 1343 662 PHILIPPI
1399 620 1916 663 MELANTHONIS

1101 693 1518 736 MALACHIAE

705 786 884 810 TRADITAE
904 785 1147 812 WlTEBERGAE
1166 785 1264 809 Axxo
1283 786 1318 808 M.
1328 785 1437 811 D.L111.

478 872 604 910 (Editae
634 874 662 899 iu
696 882 763 910 opp.
794 872 865 900 Mel.
900 872 1008 900 Witeb.
1039 873 1075 899 T.
1101 871 1136 898 ll.
1170 880 1199 908 p.
1225 869 1321 909 541.)

56 1042 117 1100 Ut
141 1073 244 1106 supra
271 1063 405 1096 dictum
432 1069 503 1103 est,
539 1063 576 1095 in
603 1063 827 1097 enarratione
848 1061 1046 1108 Propheta-

53 1126 135 1149 rum
160 1125 298 1158 semper
321 1113 448 1146 ordine
472 1125 595 1146 omnes
620 1114 869 1158 patefactiones
893 1115 1046 1155 divinae,

54 1165 224 1200 revelatio
251 1165 511 1209 promissionis,
546 1166 683 1198 vocatio
709 1165 930 1208 singulorum
957 1165 1045 1198 Pro-

55 1214 262 1261 phetarum,
289 1215 475 1248 consilium
487 1214 554 1248 Dei
574 1222 604 1248 et
624 1216 736 1249 officia
754 1217 940 1260 praecipua
958 1215 1045 1249 Pro-

54 1265 241 1312 phetarum
259 1266 514 1299 consideranda
531 1274 623 1305 sunt,
647 1274 681 1300 et
697 1267 866 1299 intuenda
884 1268 1044 1300 omnium

54 1325 254 1361 temporum
281 1315 456 1355 Ecclesia,
491 1323 524 1350 et
546 1318 768 1359 agnoscenda
793 1325 843 1351 est
875 1319 1044 1350 immensa

54 1367 294 1402 misericordia
305 1366 389 1407 Dei,
415 1368 509 1411 quod
528 1374 673 1411 propter
687 1367 818 1400 Filium
839 1375 872 1401 et
889 1380 950 1411 per
964 1380 1044 1401 eum

54 1419 159 1452 initio
185 1418 297 1452 edidit
326 1418 615 1462 promissionem,
647 1424 681 1451 et
706 1418 869 1451 excitavit
894 1419 1045 1451 subinde

54 1467 267 1514 Prophetas,
287 1476 320 1503 et
339 1469 387 1502 sic
404 1469 538 1512 colligit
556 1476 734 1502 aeternam
753 1467 957 1504 Ecclesiam.
992 1467 1045 1502 Ac

55 1521 157 1554 dulce
175 1527 225 1553 est
242 1526 350 1553 totam
368 1519 494 1552 seriem
520 1520 770 1563 contemplari,
800 1520 835 1552 in
856 1533 923 1565 qua
945 1520 1044 1552 vide-

55 1583 134 1605 mus
146 1571 243 1604 velut
259 1571 295 1603 in
312 1570 385 1603 acie
403 1582 475 1603 non
493 1570 607 1613 longis
626 1571 822 1604 intervallis
841 1571 1045 1604 successisse

55 1623 267 1668 posteriores
284 1619 478 1665 Prophetas
499 1622 685 1665 prioribus.
737 1620 814 1654 Hoc
835 1622 1044 1658 immensum

55 1673 264 1708 beneficium
289 1684 368 1705 vera
391 1672 607 1715 gratitudine
634 1673 870 1712 celebremus,
898 1680 930 1706 et
957 1672 1045 1705 Pro-

54 1722 241 1769 phetarum
257 1723 442 1756 conciones
459 1723 644 1756 audiamus
658 1730 824 1767 tanquam
838 1722 902 1756 Dei
916 1736 1046 1763 vocem,

56 1776 146 1809 sicut
167 1786 272 1818 supra
288 1774 403 1819 inquit
420 1772 609 1807 Zacharias
625 1775 738 1818 capite
756 1773 806 1806 7.:
830 1774 945 1807 Verba
958 1786 1046 1820 quae

55 1826 152 1860 misit
178 1824 352 1859 Dominus
377 1826 591 1858 exercituum
614 1825 651 1857 in
676 1825 813 1869 Spiritu
843 1832 961 1859 sancto
987 1838 1047 1870 per

55 1889 199 1911 manum
216 1873 488 1920 Prophetarum.

327 1960 386 1984 DE
424 1960 764 1985 TEMPORIBUS.

159 2013 191 2046 A
217 2013 370 2046 secundo
401 2024 495 2045 anno
520 2011 620 2045 Darii
646 2012 881 2056 Longimani,
909 2014 951 2046 de
977 2026 1046 2059 quo
1071 2035 1073 2047 t

57 2077 153 2098 anno
168 2064 352 2107 Haggaeus
371 2070 403 2097 et
415 2061 604 2097 Zacharias
622 2064 833 2108 loquuntur,
862 2072 942 2098 sunt
961 2065 1045 2098 anni

57 2117 102 2149 ad
122 2127 254 2148 annum
271 2127 340 2159 quo
356 2115 449 2151 filius
464 2114 528 2148 Dei
549 2127 588 2147 ex
605 2115 742 2157 virgine
768 2123 870 2148 natus
892 2122 940 2149 est
959 2116 1046 2152 462.

58 2166 343 2202 Consentaneum
369 2172 419 2199 est
435 2173 548 2199 autem
567 2164 774 2199 Zachariam
799 2167 1045 2201 concionatum

58 2230 132 2251 esse
148 2217 251 2250 annis
278 2216 411 2260 aliquot
428 2217 578 2251 durante
601 2214 717 2251 adhuc
739 2216 874 2250 Persica
903 2230 1046 2251 monar-

58 2267 148 2303 chia.
203 2267 295 2302 Sunt
324 2274 440 2301 autem
471 2269 516 2301 ab
549 2269 611 2302 illo
646 2269 801 2302 secundo
825 2281 920 2301 anno
945 2269 1044 2302 Darii

58 2332 169 2365 usque
185 2320 226 2352 ad
245 2325 379 2351 sextum
399 2330 529 2351 annum
543 2319 737 2353 Alexandri
754 2321 838 2353 anni
853 2321 936 2355 133.
968 2321 1043 2354 Iam

60 2371 87 2404 si
117 2371 203 2404 vixit
232 2376 309 2414 post
338 2366 546 2402 Zachariam
579 2369 774 2404 Malachias
799 2379 837 2405 ut
860 2379 1043 2406 consenta-

60 2434 166 2455 neum
191 2428 257 2461 est,
291 2420 441 2453 incurrit
468 2420 541 2453 eius
566 2428 658 2455 aetas
690 2423 761 2455 sere
782 2423 819 2455 in
844 2420 988 2456 Ochum
1013 2430 1046 2457 et

60 2473 252 2506 Alexandri
273 2471 478 2504 Macedonis
496 2478 666 2516 tempora.
718 2474 915 2508 Antecessit
940 2475 1047 2517 igitur

60 2523 269 2557 Macabaeos
281 2521 533 2556 >etPharisaeos
548 2534 621 2556 non
638 2524 743 2567 longo
759 2531 926 2569 tempore.
955 2525 1047 2560 Sunt

61 2581 176 2608 autem
201 2574 285 2607 anni
312 2586 329 2606 a
352 2572 438 2606 Iuda
462 2571 650 2607 Macabaeo
673 2576 716 2608 ad
741 2576 893 2609 natalem
913 2574 1047 2611 Christi

64 2625 148 2661 166.
197 2624 294 2658 Haec
315 2624 435 2658 brevia
460 2625 646 2658 intervalla
671 2626 926 2660 consideranda
952 2635 1048 2669 sunt,

61 2682 101 2710 ut
120 2676 330 2719 cogitemus,
364 2688 469 2721 quam
495 2676 613 2710 variae
634 2677 847 2710 mutationes
862 2678 898 2710 in
919 2679 1048 2722 guber-

1100 1047 1242 1080 natione
1265 1052 1298 1079 et
1322 1047 1360 1079 in
1382 1046 1542 1079 doctrina
1567 1046 1690 1089 exiguo
1716 1053 1873 1090 tempore
1891 1047 2000 1078 sactae
2018 1045 2089 1078 sint

1100 1098 1136 1129 in
1156 1098 1215 1129 illa
1236 1104 1410 1140 postrema
1429 1105 1564 1130 senecta
1593 1097 1752 1141 imperii,
1780 1105 1812 1130 et
1830 1096 2025 1130 admonitio
2046 1096 2088 1128 de

1098 1149 1172 1191 lege
1195 1147 1290 1180 Mosi
1315 1149 1503 1191 servanda,
1532 1148 1673 1182 videtur
1706 1149 1890 1192 praecipue
1916 1147 2088 1191 respicere

1099 1199 1333 1239 confusiones,
1360 1211 1448 1243 quae
1466 1206 1632 1242 sequutae
1648 1200 1805 1232 suntsub
1816 1197 1919 1233 Ocho
1937 1206 1968 1232 et
1986 1197 2088 1230 dein·

1098 1250 1140 1282 de
1166 1250 1230 1282 sub
1258 1248 1448 1283 Antiocho.
1502 1247 1722 1282 alementote
1745 1249 1837 1295 legis
1859 1247 1965 1283 flIosi
1994 1247 2089 1280 servi

1097 1299 1179 1335 mei.
1222 1298 1266 1332 Et
1285 1302 1467 1333 adduntur
1483 1301 1741 1334 consolationes
1760 1303 1803 1333 de
1819 1302 1971 1332 adventu
1992 1299 2087 1332 Mes-

1096 1352 1185 1391 siae,
1213 1357 1244 1384 et
1262 1352 1304 1383 de
1321 1363 1548 1394 praecursore
1566 1349 1665 1389 Elia,
1693 1363 1798 1395 quem
1820 1350 1997 1384 Dominus
2014 1350 2088 1393 ipse

1096 1401 1211 1446 inquit
1229 1412 1301 1433 esse
1322 1399 1518 1434 iohannem
1536 1400 1744 1444 Bapssstam.

1200 1476 1379 1511 Intuentes
1403 1486 1517 1511 autem
1545 1476 1606 1511 has
1623 1478 1838 1512 tristissimas
1862 1477 2088 1512 confusiones

1097 1529 1180 1562 inde
1206 1541 1317 1573 usque
1343 1530 1387 1562 ab
1412 1527 1534 1571 Ocho,
1569 1530 1760 1573 cogitemus
1793 1526 1884 1563 hanc
1913 1535 2087 1562 senectam

1097 1580 1221 1614 mundi
1261 1578 1460 1613 habituram
1500 1593 1572 1614 esse
1619 1581 1769 1613 maiores
1809 1579 2088 1619 dilacerationes,

1097 1644 1200 1676 quain
1229 1631 1372 1664 fuerunt
1395 1639 1506 1666 antea.
1560 1631 1635 1665 Sub
1661 1629 1764 1664 Ocho
1789 1644 1947 1664 summus
1965 1630 2087 1664 Sacer-

1098 1684 1162 1715 dos
1181 1681 1274 1714 Iesus
1301 1682 1336 1713 in
1363 1683 1493 1725 templo
1510 1682 1713 1715 interfectus
1738 1689 1787 1715 est
1811 1695 1829 1715 a
1851 1683 2003 1716 factione
2029 1680 2087 1714 Io-

1098 1731 1225 1765 hannis
1251 1733 1386 1773 sratris,
1414 1733 1473 1777 qui
1498 1733 1527 1765 ei
1550 1745 1727 1766 summum
1756 1734 1991 1767 sacerdotium
2018 1733 2086 1765 eri-

1099 1785 1186 1828 puit.
1240 1783 1363 1816 Postea
1387 1783 1538 1827 Bogeses
1563 1783 1722 1817 Persicus
1747 1791 1883 1829 satrapa
1915 1783 2086 1828 templum

1095 1835 1259 1879 spoliavit
1286 1842 1319 1867 et
1344 1835 1467 1877 ingens
1484 1835 1656 1868 tributum
1677 1842 1750 1869 toto
1776 1836 1941 1868 sexennio
1965 1834 2086 1877 exegit.

1096 1887 1171 1919 Sub
1204 1886 1407 1918 Alexandro
1441 1885 1623 1919 Manasses
1654 1887 1823 1930 ternplum
1856 1887 1893 1918 in
1927 1885 2087 1919 SamarIa

1097 1936 1273 1976 condidit,
1301 1938 1396 1969 unde¹
1423 1944 1454 1969 et
1480 1936 1660 1980 religionis
1691 1937 1911 1980 perturbatio
1935 1945 1968 1970 et
1994 1936 2086 1969 bella

1096 1996 1170 2022 orta
1187 1994 1270 2020 sunt
1285 1988 1376 2020 inter
1395 1986 1540 2020 ludaeos
1557 1994 1588 2020 et
1606 1987 1809 2024 samaritas.
1864 1987 2086 2022 Ptolemaeus

1095 2038 1179 2081 Lagi
1214 2039 1249 2071 in
1282 2038 1436 2072 Sabbato
1470 2051 1531 2082 per
1560 2039 1720 2072 fraudem
1755 2040 1931 2082 ingressus
1961 2039 2085 2072 urbem

1098 2089 1346 2135 lerosolymam
1358 2117 1367 2130 ,
1394 2090 1573 2122 saevitiam
1591 2090 1745 2124 exercuit
1762 2091 1796 2123 in
1814 2091 1918 2131 urbe,
1945 2097 1976 2124 et
1993 2089 2086 2122 mul-

1095 2147 1149 2174 tos
1169 2140 1315 2174 Iudaeos
1333 2141 1487 2184 captivos
1504 2141 1651 2174 abduxit
1671 2141 1707 2173 in
1727 2140 1925 2187 Aegyptum
1940 2166 1948 2179 ,
1983 2152 2084 2184 prae-

1096 2192 1216 2236 cipuos
1242 2192 1351 2231 viros,
1380 2199 1574 2233 matronas,
1602 2192 1842 2226 adolescentes
1860 2200 1892 2226 et
1918 2191 2084 2234 virgines,

1096 2250 1129 2276 et
1151 2243 1279 2276 indixit
1303 2243 1474 2277 tributum
1501 2244 1550 2276 20
1574 2243 1808 2285 talentorum,
1835 2244 1870 2277 id
1899 2250 1965 2284 est,
1994 2244 2084 2276 duo-

1095 2295 1207 2328 decim
1226 2294 1377 2327 millium
1396 2302 1657 2329 coronatorum.

1196 2370 1281 2404 Post
1300 2371 1435 2416 aliquot
1452 2383 1564 2404 annos
1588 2382 1646 2403 rex
1670 2370 1791 2416 Syriae
1819 2370 1985 2404 Seleucus
2010 2369 2083 2404 He-

1097 2423 1273 2456 liodorum
1298 2421 1546 2467 lerosolymam
1572 2422 1666 2454 misit
1690 2423 1731 2454 ad
1751 2421 1976 2466 spoliandum
1995 2428 2083 2455 tem-

1097 2475 1214 2518 plum,
1239 2486 1320 2506 mox
1345 2481 1488 2518 sequuta
1516 2480 1596 2506 sunt
1616 2472 1715 2506 initia
1734 2473 1966 2506 maximarum
1991 2472 2083 2506 cala-

1096 2526 1269 2559 mitatum.
1324 2523 1427 2558 Iason
1452 2522 1526 2558 500
1550 2523 1689 2556 talentis
1713 2524 1797 2558 emit
1827 2535 2004 2558 summum
2028 2535 2083 2556 sa-

1096 2576 1291 2610 cerdotium
1326 2576 1370 2608 ab
1394 2571 1572 2608 Antiocho
1596 2571 1785 2618 Epiphane
1814 2586 1956 2608 excusso
1985 2572 2082 2608 Onia

1097 2629 1213 2662 fratre.
1269 2626 1351 2660 Post
1370 2625 1563 2660 triennium
1590 2624 1774 2660 Menelaus
1798 2625 1921 2659 Iasone
1941 2637 2081 2659 excusso

1097 2689 1273 2712 summum
1294 2678 1527 2711 sacerdotium
1554 2676 1662 2711 simili
1685 2683 1759 2711 arte
1777 2683 1963 2711 mercatur.
2014 2674 2083 2709 Hic
