2379 2948
199 101 271 136 387

201 185 316 219 mino,
343 181 442 214 facile
468 180 601 220 alieno,
629 182 666 208 ut
685 185 771 218 aqua
792 185 853 216 per
869 185 904 206 se
922 184 992 206 non
1013 171 1183 211 consistit,

203 236 259 267 sed
278 232 426 268 diffluit,
455 230 553 262 facile
573 238 654 258 vero
674 224 850 257 clauditur
866 235 955 256 vase.

307 281 457 315 Econtra
476 280 603 311 siccum
620 274 846 308 terminatum
868 286 928 307 seu
953 273 1108 306 clausum
1133 277 1183 304 est

205 347 266 368 suo
285 332 452 367 termino,
479 339 542 360 nec
559 325 734 359 clauditur
749 325 875 358 alieno.
921 323 966 358 Ut
982 323 1072 367 lapis
1087 322 1183 355 clau-

205 386 300 417 ditur
319 393 378 414 sua
396 381 502 421 figura
517 404 524 417 ‚
552 388 614 409 nec
631 376 721 408 cedit
740 375 825 407 vasi.

308 432 429 464 Postea
447 428 588 460 effectus
615 425 749 470 proprii
770 431 865 458 sunt:
894 423 1091 457 Humidum
1115 419 1183 454 hu-

207 488 349 519 mectat,
376 479 503 512 siccum
522 476 678 509 desiccat.
731 476 871 508 Deinde
897 487 974 507 curn
1000 473 1096 505 varie
1116 471 1184 503 mi-

207 538 367 565 sceantur
387 529 590 574 qualitates,
624 533 661 559 ut
682 525 718 557 in
745 527 824 558 aere
848 522 1040 557 humiditas
1066 522 1184 555 iuncta

207 590 254 614 est
280 581 407 619 calori,
434 579 471 611 iu
495 590 581 622 aqua
607 576 746 618 frigori,
778 582 975 619 sequuntur
997 571 1185 605 dissimiles

206 632 358 665 effectus.
412 628 566 661 Humida
587 638 693 670 aquea
711 626 920 667 extinguunt
937 624 1064 667 ignem.
1107 620 1186 653 Hu-

207 683 300 714 mida
325 681 442 718 aerea,
474 685 512 710 ut
536 677 669 715 oleum,
695 676 794 708 alunt
819 676 947 718 ignem.
999 672 1108 714 Ligna
1134 671 1186 703 sa-

208 732 272 765 cile
297 729 437 763 incendi
463 734 625 772 possunt,
661 726 740 770 quia
770 732 851 758 sunt
877 735 1018 767 porosa,
1046 728 1078 754 et
1103 721 1181 765 plus

208 781 470 815 habenta'e'reae
490 776 718 810 humiditatis.
746 775 897 818 Lapides
908 774 1025 806 minus
1045 770 1187 804 incendi

209 837 370 875 possunt,
395 829 476 874 quia
503 839 580 859 cnm
599 838 671 858 non
693 825 761 858 sint
780 827 865 858 adeo
884 824 1018 868 porosi,
1045 834 1117 855 non
1137 822 1188 853 fa-

211 883 274 915 cile
293 880 465 923 recipiunt
483 878 616 920 ignem,
645 883 677 909 et
696 875 813 907 minus
832 873 961 907 habent
985 875 1104 906 aereae
1122 870 1189 904 hu-

210 931 391 964 miditatis.
445 927 520 960 Imo
540 934 570 960 et
588 927 678 960 inter
693 926 826 968 lapides
848 923 903 964 hi,
926 925 962 956 in
981 924 1110 968 quibus
1135 922 1188 953 xi-

209 993 303 1015 scosa
322 986 353 1013 et
371 975 561 1022 sulphurea
578 976 721 1009 materia
750 976 860 1015 inest,
886 975 1022 1007 facilius
1047 973 1189 1004 inflam—

211 1038 362 1065 mantur.
423 1028 543 1072 ltaque
568 1027 679 1059 calida
704 1032 736 1059 et
770 1023 914 1058 humida
944 1024 1100 1060 leniunt,
1137 1022 1189 1053 fa-

210 1083 305 1115 ciunt
331 1079 585 1116 lubricitatem,
619 1076 814 1118 glutinant,
847 1074 1014 1118 implent,
1040 1078 1190 1114 ungunt.

210 1131 276 1165 Sed
306 1130 431 1172 frigida
464 1135 497 1160 et
526 1125 671 1159 humida
704 1125 900 1168 repellunt,
932 1130 971 1157 ut
996 1119 1191 1167 Nymphea,

209 1181 391 1216 Solanum,
418 1177 527 1217 Rosa,
555 1175 711 1216 Morum,
738 1181 972 1207 numerantur
987 1174 1080 1206 inter
1097 1170 1191 1205 ἄπο-

208 1226 418 1275 apotomen.

308 1279 429 1314 Calida
449 1284 482 1311 et
508 1277 596 1310 sicca
618 1276 784 1320 pleraque
809 1273 992 1312 incidunt,
1020 1271 1101 1316 quia
1126 1270 1192 1304 ali-

211 1330 295 1375 quid
320 1331 441 1373 igneae
466 1335 611 1361 naturae
638 1323 786 1364 habent,
813 1330 851 1357 ut
867 1322 1074 1365 Pulegium,
1100 1319 1192 1354 Cen-

210 1380 377 1419 murium,
394 1377 589 1416 Libanotis‚
616 1375 792 1414 Zinziber,
811 1373 981 1415 Galanga‚
1003 1371 1191 1405 Gentiana.

313 1428 456 1471 Frigida
483 1434 516 1460 et
544 1427 632 1459 sicca
663 1425 863 1466 astringunt
885 1429 917 1454 et
941 1421 1192 1465 repercutiunt,

213 1488 250 1514 ut
268 1479 412 1518 Acacia,
439 1476 659 1522 Cydonium,
686 1474 844 1513 sidium,
869 1471 1070 1510 Poterium,
1097 1472 1191 1515 quod

213 1531 338 1563 usitate
367 1534 493 1561 vocant
520 1525 648 1563 Ribes,
681 1524 819 1568 Sobanss
851 1522 1012 1563 tteublin,
1052 1520 1193 1565 Myrtili

214 1581 380 1623 beibelbct.
415 1576 581 1621 intybum
601 1573 768 1613 Endivia,
794 1573 941 1607 Acetosa
958 1571 1079 1606 oxalis.

315 1628 494 1662 Oriuntur
509 1633 624 1659 autem
639 1625 796 1658 diversae
813 1619 959 1668 κράσεις
982 1623 1018 1654 in
1045 1621 1194 1665 perfecte

214 1680 332 1713 mixtis
362 1691 402 1711 ex
428 1676 637 1721 qualitatum
675 1674 844 1708 mixtione
866 1672 1072 1716 multiplici,
1106 1671 1195 1704 sicut

216 1731 372 1762 diversae
389 1727 558 1760 melodiae
576 1737 615 1758 ex
635 1736 825 1768 paucarum
849 1723 1043 1766 primarum
1069 1732 1194 1754 vocum

215 1779 379 1813 dissimili
396 1777 584 1816 mixtione,
611 1781 650 1808 ut
668 1774 760 1807 infra
779 1774 924 1807 dicetur.
965 1771 1069 1806 Nunc
1088 1782 1196 1816 pauca

217 1830 378 1863 addenda
393 1834 475 1862 sunt
493 1827 535 1859 de
554 1825 785 1871 qualitatibus
800 1823 975 1858 secundis.

436 1911 495 1944 De
520 1908 696 1944 secundis
723 1906 986 1954 qualitatibus.

322 1976 457 2011 Primas
475 1975 659 2020 qualitates
685 1974 898 2007 comitantur
912 1972 1030 2006 Grave
1047 1978 1080 2005 et
1092 1971 1197 2006 Leve.

219 2026 266 2063 Et
294 2034 393 2061 vetus
419 2025 575 2071 quaestio
604 2031 671 2064 est,
711 2023 796 2068 quid
825 2023 965 2067 proprie
991 2023 1036 2056 sit
1066 2022 1199 2062 levitas,

221 2079 305 2123 quid
329 2076 490 2120 gravitas.
543 2072 750 2107 Aristoteles
773 2070 999 2117 reprehendit
1015 2071 1197 2105 Democri-

220 2137 294 2162 tum
311 2135 343 2161 et
357 2126 553 2160 Platonem.
605 2123 826 2158 Democritus
850 2134 953 2165 grave
976 2123 1115 2162 definit,
1142 2122 1199 2155 cui

222 2180 338 2211 minus
362 2178 452 2209 inest
476 2174 588 2209 vacui.
640 2173 740 2207 Plato
764 2184 867 2215 grave
883 2172 968 2205 dicit
984 2184 1076 2212 esse,
1102 2173 1198 2217 quod

222 2241 262 2261 ex
288 2227 448 2271 pluribus
474 2225 633 2270 partibus
664 2224 817 2256 eiusdem
848 2222 994 2256 rationis
1025 2222 1199 2266 composi-

220 2286 296 2312 tum
311 2284 371 2311 est.

325 2326 532 2361 Aristoteles
556 2336 629 2358 non
654 2322 789 2368 quaerit
810 2332 929 2355 causas
953 2321 1088 2365 priores
1111 2321 1200 2354 levi-

227 2378 306 2410 tatis
324 2384 379 2410 aut
395 2376 573 2419 gravitatis
591 2375 627 2407 in
647 2373 846 2411 elementis,
871 2372 928 2404 sed
949 2371 1055 2404 sumit
1079 2382 1197 2404 earum

226 2427 429 2460 discrimina
453 2439 491 2459 ex
515 2427 589 2469 ipso
613 2424 863 2457 elementorum
887 2428 1002 2461 motu,
1037 2421 1199 2453 conside-

226 2488 307 2510 rans
324 2474 363 2509 τὸ
383 2474 455 2516 ὁτι,
484 2488 555 2508 non
574 2485 746 2520 quaerens
766 2470 808 2506 τὸ
832 2469 925 2506 διότι
947 2471 983 2504 in
1007 2471 1198 2506 elementis.

226 2527 295 2560 Sed
319 2527 355 2558 in
379 2526 492 2558 mixtis
516 2536 636 2558 causae
653 2525 696 2556 ab
714 2523 798 2567 ipsis
814 2522 994 2555 elementis
1007 2521 1097 2554 sumi
1120 2532 1198 2564 pos-

224 2584 316 2610 sunt.
379 2574 511 2608 Parvus
545 2575 683 2617 lapillus
717 2573 886 2614 mergitur
918 2572 955 2604 in
982 2572 1196 2616 profundum

223 2639 351 2672 aquae,
377 2626 456 2670 quia
474 2625 509 2656 in
525 2624 640 2668 lapide
657 2624 847 2667 plurimum
866 2630 915 2657 est
943 2629 1072 2657 terreae
1094 2628 1195 2654 natu-

431 93 635 130 scmPTA
665 91 739 126 pn.
768 88 881 123 MEL.
910 85 979 121 An
1008 86 1133 122 HlsT.
1162 86 1305 125 PROF.
1332 88 1396 123 ET
1425 88 1615 123 PHILOS.
1644 87 1964 126 SPECTANTtA.

2138 90 2212 123 588

1235 185 1311 213 rae,
1338 180 1370 206 et
1389 174 1573 207 minimum
1593 181 1723 207 aereae.
1774 172 1904 208 Natant
1919 180 2035 208 autem
2061 173 2098 206 in
2122 185 2213 218 aqua

1235 234 1379 266 magnae
1396 226 1526 265 trabes,
1554 231 1586 258 et
1601 235 1706 256 naves
1724 223 1827 257 etiam
1844 224 1979 266 magnis
1995 224 2213 268 ponderibus

1236 280 1417 314 oneratae,
1452 275 1535 320 quia
1560 275 1597 307 in
1622 274 1718 317 ligno
1742 273 1895 308 multum
1927 280 1976 307 est
2002 275 2121 307 aereae
2151 285 2215 307 na·

1236 330 1345 359 turae.

1336 372 1567 408 Definitiones
1604 381 1720 408 autem
1758 373 1852 418 apud
1886 370 2111 407 Aristotelem
2150 371 2216 407 hae

1238 430 1335 457 sunt:
1374 424 1466 457 Leve
1491 432 1559 465 est,
1591 426 1685 470 quod
1711 431 1872 458 movetur
1895 423 2099 456 brevissima
2124 423 2216 457 linea

1238 485 1386 509 sursum.
1441 474 1576 516 Grave,
1603 477 1699 520 quod
1720 481 1880 509 movetur
1896 473 2103 507 brevissima
2125 473 2217 506 linea

1238 525 1413 559 deorsum.

1341 573 1417 607 Hoc
1435 575 1542 607 modo
1556 574 1761 607 Aristoteles
1774 575 1880 608 tradit
1896 574 2070 608 levitatem
2089 581 2122 607 et
2140 584 2219 616 gra-

1239 625 1401 664 vitatem,
1427 624 1513 657 tales
1531 635 1603 657 esse
1619 625 1804 667 qualitates
1826 625 1991 665 motivas,
2018 635 2079 657 seu
2103 620 2220 658 δυνά-

1239 687 1336 718 μεις,
1363 675 1556 707 secundum
1582 686 1667 718 quas
1693 681 1880 708 moventur
1906 675 2087 708 elementa.
2147 672 2220 706 Nec

1241 724 1376 770 quaerit
1394 736 1513 757 earum
1532 735 1669 757 causam
1681 751 1689 763 ‚
1716 730 1754 757 ut
1769 723 1991 758 Democritus
2008 731 2067 758 aut
2083 724 2196 759 Plato.

1341 782 1480 816 Deinde
1504 782 1601 814 addit
1621 781 1827 814 Aristoteles
1851 781 2039 814 discrimen
2062 781 2221 824 gravium

1241 839 1275 865 et
1298 832 1430 864 levium
1455 830 1521 864 hoc
1554 832 1672 864 modo.
1725 831 1940 875 Simpliciter
1969 843 2072 874 grave
2107 836 2222 871 vocat,

1241 883 1334 927 quod
1352 893 1487 926 semper
1501 882 1612 915 fertur
1627 883 1809 922 deorsum,
1835 888 1873 915 ut
1890 888 1992 914 terra.
2027 880 2144 914 Grave
2157 892 2221 914 suo

1243 940 1420 975 respectu,
1462 933 1556 976 quod
1580 932 1691 965 fertur
1717 939 1841 965 natura
1868 932 2052 974 deorsum,
2087 932 2145 963 sed
2169 937 2224 964 ta-

1243 995 1324 1015 men
1347 983 1491 1025 emergit
1516 993 1619 1025 supra
1645 982 1804 1024 gravius,
1830 988 1870 1015 ut
1896 994 1986 1026 aqua
2008 982 2119 1015 fertur
2144 980 2226 1025 qui-

1244 1035 1322 1065 dem
1355 1039 1481 1065 natura
1511 1033 1694 1072 deorsum,
1730 1033 1790 1065 sed
1815 1038 1931 1065 tamen
1952 1031 2095 1074 emergit
2119 1041 2225 1075 supra

1243 1090 1385 1117 terram.

1345 1138 1440 1172 Hinc
1460 1138 1495 1171 in
1514 1139 1631 1172 mixtis
1648 1139 1867 1173 differentiae
1887 1146 1969 1173 sunt
1992 1138 2226 1172 admiratione

1244 1190 1381 1232 dignae.
1432 1187 1590 1232 Exiguus
1605 1189 1766 1232 lapillus,
1793 1197 1853 1223 aut
1875 1190 1994 1232 gleba,
2020 1195 2081 1223 aut
2103 1188 2227 1231 exigua

1244 1240 1418 1273 metallica
1440 1251 1550 1272 massa
1576 1239 1747 1282 mergitur
1771 1239 1808 1272 in
1833 1251 1941 1284 aqua,
1979 1251 2057 1273 cum
2081 1249 2227 1281 magnae

1245 1290 1424 1332 lignorum
1449 1290 1565 1322 trabes
1595 1301 1666 1322 nou
1698 1296 1920 1333 mergantur,
1953 1290 2033 1335 quia
2063 1290 2100 1322 in
2128 1289 2226 1332 ligno

1245 1340 1324 1384 plus
1343 1346 1393 1373 est
1408 1342 1527 1373 aereae
1545 1346 1704 1372 naturae.

1349 1396 1546 1441 Asperum,
1573 1404 1606 1430 et
1623 1397 1783 1440 glabrum
1800 1403 1832 1430 et
1850 1397 1940 1430 aliae
1963 1396 2148 1442 qualitates
2173 1408 2227 1430 se-

1246 1448 1382 1481 cundae
1400 1459 1439 1480 ex
1456 1447 1579 1491 primis
1601 1447 1777 1480 oriuntur.
1828 1445 2033 1480 Humiditas
2053 1447 2170 1482 mollit
2193 1454 2228 1481 et

1249 1499 1411 1541 glabrum
1430 1504 1554 1531 natura
1575 1497 1700 1540 efficit,
1734 1496 1870 1530 siccitas
1894 1508 1995 1531 causa
2022 1503 2073 1530 est
2096 1497 2229 1541 asperi-

1246 1548 1339 1581 tatis.

1349 1605 1499 1649 Sapores
1521 1605 1625 1638 etiam
1650 1611 1683 1638 et
1706 1605 1832 1638 odores
1854 1604 2047 1648 gignuntur
2070 1617 2110 1638 ex
2133 1618 2230 1640 com-

1249 1656 1417 1689 mixtione
1432 1656 1626 1699 primarum
1643 1655 1851 1699 qualitatum
1863 1680 1873 1693 ‚
1900 1662 1938 1689 ut
1956 1667 2060 1699 sapor
2075 1663 2125 1690 est
2142 1669 2230 1701 qua-

1249 1707 1326 1739 litas
1343 1706 1380 1738 in
1399 1717 1518 1746 succo,
1546 1706 1583 1738 in
1601 1717 1670 1750 qno
1687 1703 1880 1739 humiditas
1904 1706 2015 1740 vincit
2039 1706 2229 1742 siccitatem

1249 1763 1467 1794 terrestrem,
1495 1756 1610 1789 calore
1634 1762 1809 1800 utranque
1832 1756 2023 1799 digerente.
2074 1756 2163 1790 Nam
2190 1757 2227 1790 in

1249 1818 1374 1850 sapore
1399 1806 1605 1839 dominatur
1629 1803 1840 1844 humiditas,
1876 1813 1915 1839 ut
1940 1807 1976 1839 in
2002 1807 2111 1840 odore
2127 1807 2229 1840 sicci-—

1250 1863 1321 1897 tas,
1349 1856 1438 1890 sicut
1453 1856 1544 1889 infra
1561 1856 1687 1889 dicam.
1739 1853 2006 1899 Theophrastus
2031 1857 2140 1899 igitur
2161 1854 2228 1890 hoc

1253 1907 1358 1939 modo
1376 1906 1537 1939 definivit
1562 1917 1741 1949 saporem:
1777 1905 1890 1948 Sapor
1912 1912 1962 1939 est
1985 1906 2095 1950 partis
2119 1907 2230 1940 siccae

1250 1956 1439 2001 percolatio
1463 1956 1501 1988 in
1532 1954 1697 1995 humido,
1732 1967 1750 1988 a
1780 1955 1895 1988 calore
1923 1956 2030 1997 sacta,
2066 1957 2160 2001 quod
2192 1957 2228 1989 in

1251 2007 1329 2040 uvis
1344 2013 1376 2040 et
1392 2005 1506 2050 pomis
1523 2006 1704 2050 perspicue
1720 2005 1890 2038 declarari
1907 2013 2033 2050 potest.

1353 2064 1512 2097 Primum
1544 2075 1633 2097 uvae
1669 2064 1893 2105 immaturae,
1937 2076 2027 2109 quae
2060 2072 2230 2099 vocantur

1252 2114 1433 2160 ὄμφακες,
1466 2114 1546 2157 plus
1576 2112 1705 2147 habent
1737 2114 1904 2147 siccarum
1937 2115 2089 2158 partium
2120 2123 2230 2150 terre-

1252 2165 1394 2206 strium,
1426 2176 1533 2209 quare
1562 2164 1704 2197 acerbae
1738 2171 1836 2204 sunt,
1875 2166 2034 2198 nondum
2066 2165 2228 2200 videlicet

1251 2215 1361 2250 aereis
1378 2214 1536 2259 partibus
1553 2214 1590 2246 in
1607 2226 1674 2247 uva
1695 2214 1872 2258 percoctis.

1354 2271 1492 2305 Deinde
1528 2271 1692 2314 paulatim
1729 2272 1843 2304 calore
1878 2279 2081 2305 attenuante
2114 2278 2228 2316 partes

1253 2322 1458 2359 crassiores,
1487 2328 1521 2354 et
1539 2328 1710 2365 coquente
1728 2328 1833 2355 totam
1861 2334 1983 2358 uvam,
2010 2335 2088 2356 cum
2112 2329 2227 2355 matu-

1252 2373 1340 2412 ruit,
1368 2373 1405 2405 fit
1420 2371 1552 2412 dulcis,
1574 2372 1656 2416 quia
1678 2383 1800 2405 succus
1819 2372 1886 2405 iam
1903 2373 2011 2414 magis
2028 2380 2148 2406 aereus
2164 2379 2227 2412 est,

1251 2428 1285 2455 et
1300 2429 1416 2455 tamen
1435 2421 1653 2466 subaquosus
1671 2429 1701 2455 et
1719 2423 1878 2456 crassior.
1928 2421 2015 2455 Cum
2034 2430 2148 2455 autem
2169 2423 2227 2455 ille

1251 2483 1385 2505 crassus
1403 2472 1520 2516 liquor
1536 2484 1575 2504 ex
1597 2473 1674 2505 uvis
1690 2484 1869 2516 expressus
1888 2478 1954 2512 est,
1977 2472 2071 2504 calor
2089 2473 2226 2506 nativus

1250 2522 1288 2554 in
1305 2529 1419 2555 musto
1445 2522 1587 2556 resolvit
1612 2529 1728 2565 partes
1753 2522 1937 2556 crassiores
1963 2528 1996 2555 et
2023 2520 2226 2563 halituosas‚

1250 2578 1283 2605 et
1307 2572 1448 2615 expellit
1471 2583 1539 2606 eas.
1592 2571 1687 2606 Haec
1711 2580 1762 2606 est
1793 2583 1893 2606 cansa
1922 2584 1985 2604 cur
2014 2580 2125 2605 musta
2154 2573 2226 2606 ser-

1249 2628 1363 2656 veant-
