2379 2948
217 104 289 138 763

811 92 935 128 PHlL.
964 90 1079 126 MEL.
1109 88 1319 125 SCRIPTA
1346 86 1645 124 EXEGETICA.

2161 85 2234 121 764

318 186 472 220 Literam
489 188 617 216 norant
632 180 683 213 illi
700 180 743 213 de
760 176 1051 223 quibusRoman.
1069 175 1199 220 primo:
1224 176 1228 204 Ι
1250 173 1308 208 die
1333 172 1516 207 conditum
1539 177 1590 204 est
1614 177 1648 204 et
1671 170 1884 214 adpellatum
1909 171 2056 205 coelum.
2109 169 2183 204 Iam
2203 176 2235 203 et

218 238 475 282 Cognoscentes
499 233 612 266 Deum
639 242 711 263 non
737 229 826 262 sicut
844 227 960 261 Deum
983 227 1202 271 glorificave-
1224 219 1229 280 1
1252 224 1392 268 vulgato
1410 234 1508 256 more
1531 222 1568 254 in
1586 220 1789 265 scripturis,
1814 219 1901 255 coeli
1927 228 1960 255 et
1983 229 2094 256 terrae
2119 221 2237 254 nomi-

220 296 315 328 runt,
337 294 369 320 et
388 278 797 330 primaeCorinthiorum
816 279 948 323 primo:
975 277 1056 312 Non
1072 287 1202 320 cogno-

220 341 271 373 vit
289 338 441 371 muudus
459 333 571 368 Deum
594 344 654 376 per
670 330 891 375 sapientiam.
943 327 996 363 De
1014 327 1141 372 spiritu
1159 327 1204 360 ad

221 390 400 423 llebracos
424 384 598 429 loquitur:
628 382 715 416 Fide
737 381 969 424 intelligimus
986 379 1127 413 condita
1152 389 1206 410 se-

223 441 317 479 cula,
345 437 452 470 verbo
478 434 564 472 Dei,
593 440 632 467 ut
658 432 853 465 invisibilia
879 430 1034 463 visibilia
1059 430 1206 473 adpare-

223 496 318 529 rent,
344 488 380 521 id
403 493 472 526 est,
499 492 537 519 ut
556 483 711 529 potentia
730 489 763 517 et
779 481 946 516 divinitas
969 486 1151 525 appareret
1169 478 1207 511 in

223 552 328 584 opere
343 536 531 572 creatoris,
585 534 696 568 Porro
720 531 805 566 haec
822 533 906 565 fides
928 544 1007 565 cum
1033 530 1208 564 credimus

223 590 342 625 omnia
359 588 432 631 regi
451 586 572 620 divina
591 583 832 629 providentia,
858 579 950 615 nihil
968 589 1096 616 temere
1113 579 1209 618 ferri,

223 649 274 675 est
290 640 461 685 ipsissima
482 635 704 670 mortificatio
722 633 871 667 rationis
888 639 1048 672 nostrae,
1078 643 1210 674 negan-

224 693 267 726 tis
285 703 357 725 esse
375 689 487 723 Deum
502 715 510 727 ,
536 693 595 720 aut
621 692 742 719 nostra
759 683 832 718 Deo
852 694 955 717 curae
980 694 1061 716 esse.
1114 681 1211 715 Haec

225 746 267 776 de
287 740 500 787 praefatione
519 738 555 770 in
574 735 743 771 Genesin.

624 886 759 940 Caput
782 888 812 928 Ι.

580 972 624 1004 In
657 970 856 1013 principio.

328 1047 379 1081 De
404 1045 578 1091 principio
603 1045 711 1078 multa
738 1043 886 1076 fabulati
907 1049 1009 1083 sunt,
1035 1049 1068 1076 et
1091 1054 1154 1086 pro
1175 1054 1214 1074 eo

229 1099 323 1145 quod
346 1104 396 1131 est
421 1098 458 1129 in
484 1096 676 1140 principio,
704 1095 846 1139 quidam
873 1094 909 1126 in
928 1093 1021 1126 Filio
1046 1094 1217 1136 legerunt,

230 1158 267 1184 ut
284 1157 316 1183 et
331 1148 573 1193 Hieronymus
596 1146 745 1179 indicat:
772 1156 836 1178 nos
857 1144 1115 1188 simplicissime
1137 1144 1217 1177 lite-

230 1213 302 1234 ram
321 1210 525 1244 sequemur,
551 1204 591 1231 ut
609 1197 797 1236 debemus,
824 1195 999 1241 siquidem
1017 1207 1054 1228 ea
1073 1195 1145 1228 sola
1164 1195 1217 1227 fa-

230 1253 276 1285 cit
293 1252 333 1283 ad
354 1249 605 1283 aedificandam
631 1247 748 1282 fidem.
802 1246 1023 1290 Principium
1047 1245 1219 1289 significat

232 1301 414 1335 exordium
436 1299 605 1343 temporis
626 1305 659 1332 et
680 1310 810 1331 rerum.
861 1295 957 1341 Ergo
978 1309 1057 1331 cum
1076 1297 1142 1337 ait,
1176 1295 1218 1329 In

233 1352 427 1397 principio,
481 1349 653 1393 significat
693 1355 773 1381 ante
815 1360 933 1381 rerum
978 1348 1218 1381 conditionem

233 1410 415 1436 aeternum
433 1401 539 1433 fuisse
557 1401 694 1438 Deum,
722 1410 794 1431 non
819 1399 912 1430 enim
933 1398 970 1430 in
992 1396 1061 1430 hoc
1086 1397 1219 1441 princi-

233 1455 291 1497 pio
311 1452 407 1485 Deus
422 1452 532 1484 factus
556 1456 616 1483 est.
669 1449 781 1482 Porro
806 1449 896 1482 sicut
917 1445 1220 1491 incomprehensi-

234 1505 317 1537 bilis
337 1510 386 1536 est
402 1502 533 1536 rationi
551 1512 668 1534 rerum
686 1499 872 1533 aeternitas
889 1506 968 1532 ante
986 1498 1220 1543 principium:

235 1557 282 1588 ita
301 1562 334 1587 et
359 1561 436 1597 post
461 1553 564 1585 finem
589 1549 963 1593 incomprehensibiles
988 1549 1103 1595 abyssi
1127 1554 1221 1582 sunt.

237 1606 340 1639 Fides
373 1611 488 1637 autem
522 1614 610 1646 quae
645 1601 738 1643 capit
771 1599 905 1639 Deum,
949 1606 981 1632 et
1008 1600 1114 1633 sentit
1142 1606 1222 1632 ante

237 1656 354 1689 omnia
391 1655 427 1686 in
461 1652 645 1689 omnibus,
679 1658 713 1684 et
740 1657 817 1695 post
848 1650 966 1683 omnia
999 1662 1071 1683 esse
1097 1649 1224 1687 Deum,

237 1708 379 1743 abvssos
411 1703 476 1737 hos
507 1702 704 1745 ingreditur
737 1708 864 1744 gestata
897 1701 1003 1733 verbo
1030 1700 1097 1734 Dei
1130 1700 1225 1733 velut

239 1747 356 1796 utero,
392 1756 482 1788 sicut
504 1753 626 1787 Esaias
646 1753 750 1791 dicit,
784 1759 821 1785 ut
853 1752 908 1784 vel
939 1749 1021 1784 hinc
1048 1753 1225 1794 adpareat,

239 1809 322 1852 quid
351 1807 413 1846 sit,
442 1807 534 1850 quod
556 1805 598 1837 ab
623 1804 716 1837 Hel).
736 1803 803 1843 ait,
833 1800 965 1835 Omnia
988 1810 1132 1845 portans
1148 1814 1225 1834 ver—

240 1862 284 1892 bo
303 1857 380 1891 Dei.

652 1933 816 1965 Creavii.

343 1999 432 2034 Cum
453 2000 494 2031 de
511 1998 684 2031 creatione
702 1999 849 2035 dicitur,
878 2010 949 2030 non
965 2004 1014 2030 est
1032 1997 1228 2040 imaginan-

244 2055 328 2087 dum
361 2050 512 2094 poetice,
552 2050 647 2093 quod
670 2056 744 2082 tum
768 2056 902 2082 tantum
928 2048 1126 2081 condiderit
1157 2047 1231 2091 pri—

244 2116 299 2137 ma
321 2113 437 2135 rerum
459 2111 606 2144 corpora
624 2106 656 2133 et
675 2099 827 2139 semina,
854 2111 949 2132 nunc
974 2111 1011 2132 ea
1031 2099 1123 2132 sinat
1147 2098 1231 2131 ferri

245 2160 389 2198 sponte,
431 2163 494 2195 pro
525 2163 585 2184 sua
616 2150 784 2195 cuiusque
808 2150 863 2182 vel
894 2157 1016 2184 natura
1042 2150 1096 2183 vel
1125 2150 1231 2183 indu-

246 2205 344 2237 stria:
373 2203 429 2235 sed
457 2202 546 2235 sicut
563 2213 581 2233 a
596 2199 671 2234 Deo
688 2201 829 2234 condita
847 2207 928 2234 sunt
946 2201 1056 2244 prima
1073 2212 1231 2245 corpora,

248 2257 295 2288 ita
321 2254 450 2287 sentias
470 2252 588 2286 omnia
614 2252 737 2295 condi,
767 2251 898 2285 servari
924 2258 955 2285 et
978 2252 1061 2294 regi.
1116 2250 1233 2296 Atque

248 2305 332 2338 haec
357 2316 473 2337 rerum
503 2302 761 2336 administratio
791 2299 1159 2346 incomprehensibilis
1184 2308 1234 2335 est

249 2355 394 2395 rationi,
420 2354 500 2387 fidei
519 2360 634 2387 autem
656 2353 846 2387 certissima
864 2360 925 2388 est.

351 2414 443 2448 Sunt
467 2413 526 2458 qui
552 2413 645 2446 tituli
663 2413 739 2445 vice
762 2419 941 2456 exponunt
959 2410 1044 2452 hoc,
1076 2410 1116 2444 In
1136 2412 1235 2455 prin-
1259 2420 1261 2445 ζ

253 2467 343 2508 cipio
368 2464 497 2497 creavit
515 2462 610 2497 Deus
633 2464 769 2497 coelum
794 2470 827 2497 et
852 2470 999 2502 terram,
1032 2463 1128 2507 quasi
1153 2462 1236 2495 velit

254 2516 370 2549 Moses
387 2514 541 2557 generali
554 2515 794 2559 propositione
813 2521 845 2547 et
862 2514 965 2547 titulo
982 2513 1164 2557 complecti
1182 2520 1237 2546 to-

254 2574 324 2600 tam
344 2573 556 2605 creaturam,
583 2565 680 2610 quasi
707 2566 856 2602 diceret,
882 2564 1029 2598 Coelum
1049 2571 1083 2597 et
1099 2571 1238 2603 terram,

1226 282 1229 308 ἑ
1253 275 1358 308 nibus
1381 285 1503 307 omues
1527 278 1706 306 creaturae
1731 271 1889 307 veniunt.

1260 2578 1262 2596 ,1
1288 2566 1479 2593 centesimo
1513 2560 1628 2593 tertio.

255 2619 289 2650 id
324 2624 393 2656 est,
427 2627 549 2648 omnes
579 2623 754 2649 creaturas
786 2616 950 2649 coelestes
983 2623 1015 2649 et
1047 2611 1262 2659 terrestres‚'¹

254 2679 341 2713 quos
358 2673 492 2706 movet,
517 2667 611 2710 quod
633 2667 890 2701 firmamentum
910 2667 1064 2701 secundo
1084 2666 1237 2710 primum
1260 2662 1263 2673 ¹

1948 269 2025 317 Ego
2051 272 2098 305 sic
2125 271 2238 305 sentio

1254 323 1473 372 ὃιηγητικῶς
1498 323 1745 367 exponendum
1761 333 1852 363 esse,
1878 334 1951 355 non
1971 321 2066 355 tituli
2087 322 2174 362 vice,
2200 329 2240 355 ut

1256 376 1432 418 intelligas
1466 375 1619 419 primum
1654 385 1742 418 opus
1771 380 1803 406 et
1830 373 1938 417 primi
1965 372 2035 406 diei
2063 372 2240 416 opificium

1256 427 1362 460 fuisse
1377 426 1512 459 coelum
1532 431 1564 458 et
1582 432 1722 458 terram.

1358 475 1447 509 Nam
1467 476 1548 521 quia
1565 475 1654 508 ratio
1672 475 1831 508 lectionis
1851 474 2013 518 postulat,
2038 480 2078 507 ut
2092 475 2135 506 de
2152 479 2244 506 terra

1259 528 1306 561 ita
1331 527 1483 570 sentias,
1509 527 1603 571 quod
1627 526 1665 558 in
1693 526 1868 570 principio
1893 532 2006 558 creata
2030 524 2075 558 sit
2092 531 2172 558 ante
2190 523 2245 556 lu—

1259 589 1351 618 cem,
1378 577 1536 620 cogimur
1554 584 1592 609 ut
1609 576 1701 609 idem
1719 578 1761 609 de
1781 576 1878 610 coelo
1902 576 2104 610 sentiamus,
2156 573 2246 607 Nam

1261 636 1294 663 et
1317 634 1434 673 postea
1455 627 1591 671 inquit,
1619 639 1691 660 non
1717 627 1775 660 fiat
1797 634 1908 666 terra,
1937 628 1997 660 sed
2020 627 2186 670 adpareat
2208 636 2247 657 ex

1261 679 1370 724 aquiS.
1413 678 1483 713 Sed
1499 678 1613 711 obstat
1630 678 1724 722 quod
1743 679 1896 712 secundo
1914 678 1970 711 die
1987 678 2248 711 firmamentum

1262 730 1444 764 conditum
1470 735 1538 772 est,
1573 728 1669 773 quod
1691 735 1726 762 et
1751 729 1820 762 dici
1844 737 1876 763 et
1898 741 1969 762 esse
1995 729 2130 763 coelum
2156 723 2249 760 nihil

1263 788 1314 815 est
1331 781 1426 826 quod
1442 780 1654 813 dubitemus.
1706 777 1787 812 Mea
1812 780 1859 813 sic
1883 786 1935 813 est
1958 780 2066 825 ratio,
2092 778 2250 823 primum

1263 833 1423 866 omnium
1452 843 1523 864 esse
1548 830 1689 864 condita
1714 842 1881 874 corpora,
1909 842 1999 876 quae
2016 831 2115 864 locus
2140 835 2174 862 et
2196 839 2252 861 re-

1265 883 1484 927 ceptaculum
1502 882 1649 914 aliarum
1668 888 1908 915 creaturarum
1927 889 2051 916 essent.
2091 879 2145 913 De
2160 887 2252 913 terra

1265 946 1338 968 non
1353 940 1405 968 est
1424 934 1517 978 quod
1538 933 1751 973 laboremus,
1778 945 1881 978 quam
1898 934 2019 966 eodem
2037 932 2168 977 ubique
2185 942 2253 962 no-

1266 986 1360 1018 mine
1377 985 1500 1028 signat.
1554 982 1606 1016 De
1624 983 1721 1016 coelo
1739 996 1811 1016 non
1829 984 2005 1018 convenit.
2057 979 2152 1015 Mihi
2169 981 2254 1014 sim-

1266 1036 1406 1080 pliciter
1425 1035 1575 1074 videtur,
1599 1035 1735 1067 coelum
1753 1035 1929 1079 quoddam
1949 1034 2143 1073 conditum,
2160 1031 2255 1077 quod

1268 1093 1386 1132 postea
1424 1087 1587 1131 abyssum
1602 1111 1610 1125 ‚
1660 1086 1694 1117 id
1736 1092 1803 1125 est,
1853 1086 2040 1119 obscurum
2076 1083 2256 1129 quoddam

1268 1149 1419 1184 aqueum
1438 1147 1564 1180 corpus
1582 1145 1702 1174 vocat,
1728 1148 1806 1169 cum
1825 1136 1890 1176 ait,
1919 1135 2029 1169 Terra
2049 1142 2123 1168 erat
2139 1132 2258 1166 inanis

1269 1196 1302 1222 et
1322 1200 1452 1228 vacua,
1487 1193 1520 1220 et
1542 1187 1708 1220 tenebrae
1733 1193 1833 1220 erant
1859 1198 1963 1230 super
1985 1187 2109 1219 faciem
2131 1182 2258 1229 abyssi⁴

1269 1239 1358 1273 Vult
1387 1238 1480 1271 enim
1505 1238 1700 1281 significare
1723 1238 1870 1271 obscura
1896 1237 2020 1278 fuisse,
2047 1244 2079 1270 et
2103 1234 2259 1269 tenebri-

1270 1302 1348 1324 cosa
1366 1290 1425 1322 illa
1444 1301 1591 1333 corpora
1611 1301 1699 1333 quae
1716 1289 1936 1328 condiderat,
1956 1296 2083 1322 terram
2102 1293 2136 1320 et
2154 1287 2259 1330 abys-

1271 1353 1346 1374 sum
1383 1352 1443 1373 seu
1479 1340 1628 1373 coelum.
1691 1339 1829 1371 Deinde
1864 1340 1957 1371 idern
1994 1338 2130 1371 coelum
2163 1337 2259 1381 quod

1271 1392 1386 1434 primo
1404 1390 1461 1422 die
1476 1390 1658 1422 conditum
1674 1396 1735 1429 est,
1761 1389 1891 1422 factum
1909 1400 1981 1421 esse
1998 1389 2258 1422 firmamentum

1273 1448 1305 1474 et
1330 1441 1503 1483 digestum
1532 1451 1606 1472 esse
1631 1439 1667 1472 in
1695 1446 1746 1473 tot
1771 1441 1888 1472 orbes:
1926 1440 1972 1472 ita
1999 1447 2038 1472 ut
2065 1450 2136 1472 non
2164 1448 2260 1470 crea-

1273 1499 1369 1532 tura,
1403 1492 1462 1524 sed
1487 1497 1633 1523 ornatus
1657 1497 1835 1523 creaturae
1860 1490 2080 1523 describatur
2105 1488 2261 1521 secundo

1275 1544 1340 1576 die.
1394 1541 1474 1574 Non
1494 1541 1588 1573 enim
1607 1541 1693 1573 dicit
1711 1541 1769 1573 fiat
1791 1540 1928 1573 coelum
1942 1565 1950 1579 ‚
1978 1541 2035 1573 sed
2061 1540 2120 1572 fiat
2141 1539 2261 1571 firma—

1276 1600 1434 1625 mentum
1460 1604 1520 1624 seu
1542 1591 1715 1629 extensio,
1750 1591 1784 1623 id
1810 1597 1877 1631 est,
1912 1591 1970 1623 fiat
1996 1591 2057 1624 illa
2082 1590 2263 1623 coelorum

1276 1654 1458 1686 compages
1494 1649 1527 1675 et
1561 1642 1770 1686 dispositio,
1807 1654 1911 1687 quam
1947 1654 2041 1675 nunc
2076 1641 2264 1674 cernimus.

1277 1694 1366 1728 Nam
1384 1693 1469 1726 alias
1491 1705 1666 1737 nusquam
1692 1699 1811 1726 narrat
1829 1693 2007 1726 coelorum
2027 1692 2149 1725 seriem
2168 1703 2264 1724 com-

1280 1745 1426 1789 positam
1439 1769 1448 1782 ,
1476 1751 1508 1777 et
1527 1745 1620 1788 quod
1645 1744 1800 1776 secundo
1818 1744 1971 1787 primum
1989 1743 2047 1776 die
2071 1743 2186 1776 coelos
2202 1742 2265 1775 ad-

1278 1796 1423 1840 pellavit
1446 1793 1536 1827 nihil
1565 1796 1674 1828 obest.
1729 1793 1817 1827 Nam
1845 1801 1877 1827 et
1901 1795 2003 1827 tertio
2029 1794 2182 1838 primum
2207 1793 2265 1825 die

1280 1846 1418 1880 vocavit
1436 1846 1570 1878 aridam
1598 1853 1737 1879 terram.
1793 1845 1851 1879 Sic
1876 1856 1956 1887 ergo
1982 1845 2113 1884 sentio,
2150 1843 2264 1888 primo

1280 1899 1337 1931 die
1363 1897 1504 1930 condita
1530 1908 1602 1929 esse
1627 1895 1710 1928 haec
1734 1909 1900 1940 corpora,
1927 1896 2061 1929 coelum
2088 1895 2265 1939 quoddam

1282 1950 1488 1985 obscurum.
1522 1948 1614 1992 quod
1647 1955 1734 1980 esset
1757 1947 1886 1992 reliqui
1910 1946 2038 1990 opificii
2065 1952 2267 1988 receptacu-

1281 2000 1366 2040 lum,
1383 2006 1416 2032 et
1432 2006 1573 2039 terram,
1589 2005 1622 2032 et
1638 1999 1674 2030 in
1691 1998 1926 2042 adpellatione
1943 1997 2121 2030 coelorum
2139 2007 2266 2041 aquam

1283 2049 1566 2094 comprehendit:
1605 2061 1684 2081 nam
1721 2049 1834 2082 coelos
1870 2059 1942 2081 esse
1978 2059 2125 2092 aquam,
2162 2046 2265 2080 etiam

1283 2101 1437 2134 Hebraei
1465 2101 1618 2133 nominis
1635 2100 1786 2133 affinitas
1804 2099 1965 2133 declarat.
2019 2096 2067 2131 Et
2085 2109 2163 2131 cum
2188 2108 2268 2130 coe·

1284 2153 1376 2191 lum,
1404 2159 1436 2185 et
1464 2159 1610 2189 terram,
1636 2158 1669 2183 et
1691 2163 1818 2197 aquam
1844 2151 1943 2189 dico,
1972 2149 2131 2192 intellige
2155 2148 2269 2182 solida

1284 2215 1323 2236 ac
1346 2202 1481 2245 integra
1504 2213 1671 2245 corpora,
1704 2214 1776 2235 non
1803 2200 1909 2235 chaos
1932 2200 2174 2237 Platonicum,
2210 2205 2269 2232 aut

1287 2254 1466 2287 materiem
1504 2265 1641 2292 rerum,
1682 2266 1788 2300 quam
1826 2253 2002 2285 finxerunt
2035 2263 2179 2295 prorsus
2214 2250 2269 2281 in-

1284 2305 1446 2340 formem.
1758 2336 1762 2338 a

1390 2355 1463 2389 Iam
1482 2362 1514 2388 et
1533 2353 1598 2387 hoc
1617 2354 1878 2389 observandum
1899 2362 1949 2388 est
1963 2382 1971 2394 ‚
1999 2354 2092 2398 quod
2113 2351 2169 2385 hic
2186 2350 2270 2384 Mo·

1287 2418 1339 2440 ses
1360 2408 1403 2440 de
1427 2407 1510 2440 solis
1535 2407 1778 2448 corporalibus
1805 2406 1973 2439 creaturis
2004 2404 2145 2443 scribit,
2178 2400 2269 2435 nihil

1287 2459 1330 2491 de
1356 2458 1556 2501 spiritibuS‚
1591 2458 1649 2490 sed
1674 2455 1870 2500 Prophetae
1896 2467 1983 2500 opus
2006 2454 2193 2488 creationis
2219 2454 2271 2486 la-

1288 2509 1357 2543 tius
1388 2515 1504 2552 postea
1531 2515 1785 2552 exposuerunt,
1817 2515 1855 2542 ut
1882 2514 1931 2540 est
1963 2516 2103 2538 cernere
2129 2503 2270 2537 Psalmo

1681 2558 1726 2592 Et
1754 2559 1839 2592 haec
1864 2558 2006 2602 quidem
2037 2557 2080 2589 de
2113 2554 2271 2595 historia,

1289 2622 1392 2656 quam
1411 2611 1539 2644 frustra
1555 2610 1728 2650 audieris,
1750 2610 1819 2642 nisi
1836 2609 1902 2641 fide
1920 2606 2048 2640 sentias
2064 2605 2178 2640 Deum
2198 2618 2271 2639 esse

1290 2662 1445 2695 infusum
1473 2663 1564 2696 iutra
1596 2668 1788 2700 creaturas,
1821 2670 1958 2692 servare
1982 2669 2039 2691 eas
2063 2665 2097 2691 et
2118 2657 2272 2691 admini-

2376 2333 2379 2347 Α
2371 2308 2379 2322 ι
2368 2180 2379 2299 gasan—
2376 2152 2379 2164 ..
