2379 2948
217 74 311 110 1459

214 167 327 193 catum
348 157 475 192 sentiat
491 168 525 190 se
542 154 670 190 habere
685 153 801 188 Deum
818 153 1016 198 propicium
1043 160 1075 187 et
1097 154 1199 187 adiu-

215 218 337 243 torem.
398 208 586 253 Postquam
614 206 722 248 igitur
745 206 789 238 de
812 205 947 239 laeticia
971 204 1076 246 dixit,
1111 216 1199 250 quae

214 260 472 294 invocationem
493 265 525 291 et
543 256 814 290 celebrationem
832 256 988 290 continet
1001 283 1009 296 ‚
1028 256 1096 288 iam
1117 256 1200 289 sub-

216 312 288 346 iicit
308 310 505 355 exemplum
525 308 761 342 invocationis
778 314 810 341 et
828 307 1083 341 celebrationis.

265 416 299 453 O
318 417 497 461 Domine,
526 416 574 451 da
591 415 767 458 salutem,
795 414 844 450 da
858 415 1146 464 prosperitatem.

263 483 483 520 Benedictus
499 484 565 534 qui
580 483 672 518 venit
688 483 728 517 in
745 483 890 518 nomine
906 482 1078 517 Domini.

316 569 364 604 Ut
387 568 530 604 Christo
553 570 765 613 ingredienti
795 570 833 603 in
864 571 987 605 urbem
1023 569 1196 615 lerosoly-

212 633 305 654 mam
316 648 324 662 ‚
343 621 391 665 pii
407 622 578 656 canebant
594 620 688 655 hunc
703 633 842 655 versum
853 647 862 660 ,
877 628 1055 666 precantes
1071 619 1196 661 Deum,

212 678 252 705 ut
275 669 340 705 hoe
373 684 475 706 suum
501 684 648 716 regnum
674 674 920 712 constitueret,
948 677 1107 716 augeret,
1134 672 1195 704 de-

212 723 390 763 fenderet,
417 723 463 757 ita
488 724 653 757 omnibus
670 724 888 768 temporibus
903 723 1057 757 Ecclesia
1074 723 1193 755 clami-

213 780 276 807 tat:
303 770 337 806 Ο
349 772 522 815 Domine,
540 771 589 807 da
606 773 773 809 salutem.
811 773 942 808 Adesto
960 772 1042 807 huic
1059 780 1120 808 tuo
1139 785 1195 806 re-

211 836 298 867 gno,
325 825 377 858 fac
393 831 431 858 ut
447 825 624 858 illucescat
641 826 678 858 in
696 825 825 859 animis
843 826 973 859 nostris
990 826 1063 859 dies
1074 822 1195 858 Evan-

211 876 291 918 gelii
319 876 388 916 tui,
416 882 454 909 ut
476 883 566 909 recte
591 887 820 919 agnoscamus
841 876 1028 915 victorem,
1066 875 1193 909 adiuva

210 938 276 959 nos
301 934 361 960 tuo
389 926 535 967 robore,
567 934 605 960 ut
630 934 662 960 te
686 928 861 961 celebrare
888 934 920 961 et
952 928 1018 961 tibi
1048 927 1193 960 obedire

210 978 393 1021 possimus.
446 977 595 1021 Depelle
620 978 801 1012 diabolum
821 978 1025 1012 molientem
1043 977 1193 1022 dissipa—

209 1029 339 1062 tionem
360 1028 411 1062 tui
431 1028 549 1071 regni,
566 1036 737 1062 serentem
759 1029 844 1063 falsa
862 1030 1024 1073 dogmata
1043 1037 1076 1064 et
1092 1040 1193 1062 scan-

209 1079 285 1113 dala
297 1107 306 1121 ‚
333 1080 482 1124 reprime
496 1086 666 1125 tyrannos
683 1087 715 1114 et
732 1080 912 1117 fanaticos,

308 1146 470 1192 Denique
494 1158 637 1191 prorsus
662 1147 755 1181 idem
781 1148 868 1192 petit
890 1147 1045 1181 Ecclesia
1070 1148 1108 1181 in
1136 1145 1192 1181 his

208 1198 340 1237 verbis,
375 1197 529 1231 Domine
559 1199 601 1231 da
633 1199 799 1240 salutem,
835 1200 878 1233 da
911 1199 1192 1244 prosperitatem,

207 1261 267 1283 seu
290 1260 476 1293 prosperos
495 1261 690 1291 successus,
714 1251 808 1296 quod
828 1251 914 1294 petit
936 1251 974 1283 in
990 1250 1191 1295 precatione

208 1300 429 1345 quotidiana:
471 1299 716 1335 Sanctificetur
748 1313 879 1334 nomen
915 1308 1031 1343 tuum,
1065 1301 1101 1334 id
1129 1307 1190 1339 est,

207 1363 336 1385 nomen
361 1358 461 1385 tuum
487 1351 591 1385 nobis
611 1359 744 1393 sancte,
773 1353 807 1385 id
835 1359 905 1395 est,
931 1365 1019 1397 pure
1044 1353 1191 1385 innote-

206 1409 297 1442 scat,
325 1403 405 1436 data
430 1414 511 1435 vera
538 1408 570 1436 et
596 1414 682 1446 pura
696 1402 882 1447 Evangelii
906 1404 1084 1437 doctrina:
1113 1403 1190 1436 Ad-

205 1453 323 1487 veniat
344 1464 491 1496 regnum
517 1459 637 1493 tuum,
674 1454 709 1486 id
734 1460 802 1494 est,
834 1466 915 1497 rege
947 1461 986 1487 tu
1009 1466 1093 1495 nos,
1128 1465 1191 1498 per

205 1504 353 1537 verbum
378 1510 478 1537 tuum
503 1509 536 1536 et
559 1502 732 1547 Spiritum
759 1511 938 1545 sanctum,
966 1510 999 1537 et
1022 1505 1123 1538 incoa
1151 1504 1189 1536 in

204 1554 307 1587 nobis
324 1560 502 1587 aeternam
520 1554 694 1587 iusticiam
720 1561 753 1588 et
770 1555 895 1589 vitam:
924 1554 1002 1589 Fiat
1026 1556 1189 1588 voluntas

205 1612 274 1646 tua,
301 1604 393 1638 utin
410 1604 521 1645 coelo,
549 1605 596 1638 ita
615 1604 653 1637 in
672 1612 775 1643 terra,
802 1606 969 1639 obediant
985 1605 1051 1638 tibi
1066 1607 1188 1639 docto-

204 1667 277 1695 res,
304 1656 574 1698 gubernatores,
601 1662 635 1689 et
657 1656 781 1690 caeteri
804 1657 841 1689 in
866 1669 926 1690 sua
949 1657 1099 1702 quisque
1124 1669 1187 1689 vo-

204 1707 350 1747 catione,
372 1714 411 1740 ut
427 1718 559 1739 nomen
573 1713 672 1740 tuum
688 1719 760 1740 non
776 1709 993 1742 deformetur
1003 1708 1186 1751 scandalis,

203 1765 241 1791 ut
252 1758 455 1792 consulatur
464 1758 642 1791 communi
655 1758 757 1791 saluti
769 1757 955 1798 Ecclesiae,
975 1759 1046 1792 sint
1056 1759 1187 1800 glorio-

204 1809 231 1841 si
260 1820 436 1842 successus
467 1805 670 1852 Evangelii,
704 1815 742 1843 ut
775 1818 874 1845 erant
895 1808 1012 1850 Eliae,
1044 1808 1187 1848 Elisaei,

203 1857 337 1900 Esaiae,
355 1858 510 1900 Ioannis,
525 1857 670 1898 Christi,
686 1867 720 1893 et
732 1860 984 1905 Apostolorum
1000 1872 1187 1901 successus,
1212 1889 1213 1892 ,

205 1910 287 1955 quia
305 1911 372 1943 nisi
390 1917 427 1944 tu
442 1911 588 1944 traxeris
606 1918 739 1944 mentes
757 1909 956 1951 hominum,
983 1911 1187 1955 non‘potest

204 1958 271 1994 hoc
296 1972 443 2004 regnum
469 1973 639 2001 crescere,
674 1963 733 1995 sed
758 1963 841 2008 quia
865 1963 998 2006 elegisti
1028 1964 1093 1997 tibi
1119 1961 1186 1997 hoc

204 2022 370 2054 regnum,
405 2019 438 2046 et
468 2012 521 2044 vis
551 2012 763 2046 constituere
797 2021 829 2048 et
851 2014 1063 2057 glorificare,
1097 2014 1187 2048 sicut

204 2063 414 2108 promisisti,
442 2069 475 2096 te
491 2063 717 2104 invocamus,
738 2071 775 2098 ut
795 2066 887 2098 adsis
903 2073 935 2099 et
949 2066 1092 2100 adiuves
1111 2077 1184 2099 nos.

306 2130 358 2165 Ac
385 2144 465 2165 mox
489 2132 643 2166 adiectae
664 2140 745 2166 sunt
761 2133 1030 2177 promissiones,
1057 2142 1095 2168 ut
1121 2148 1186 2169 nos

205 2183 430 2224 confirment,
465 2190 498 2218 et
520 2185 562 2216 ad
590 2183 867 2223 invocationem,
901 2197 1016 2229 spem,
1050 2187 1187 2220 confes-

205 2234 356 2272 sionem,
390 2241 423 2267 et
448 2236 639 2268 certamina
664 2236 866 2272 accendant.
927 2235 974 2270 Et
998 2244 1183 2284 postquam

204 2285 240 2317 in
259 2296 384 2327 genere
408 2297 472 2329 pro
490 2297 595 2329 regno
613 2292 772 2329 precatus
793 2294 843 2322 est
866 2284 1059 2332 Propheta,
1088 2289 1186 2322 addit

204 2336 460 2374 testimonium,
489 2349 558 2381 quo
576 2337 799 2382 peculiariter
822 2349 936 2381 regem
963 2339 1077 2384 ipsum
1095 2340 1185 2374 cele-

204 2386 301 2424 brat,
329 2393 360 2421 et
379 2387 482 2421 nobis
499 2388 739 2428 commendat,
762 2390 944 2435 inquiens:

253 2457 470 2495 Benedictus
487 2461 554 2510 qui
570 2462 662 2496 venit
679 2462 717 2496 in
737 2463 881 2498 nomine
897 2462 1069 2501 Domini.

301 2533 349 2569 Ut
366 2547 465 2582 saepe
481 2538 572 2576 dixi,
599 2536 640 2571 In
660 2536 714 2572 his
737 2539 904 2574 brevibus
921 2541 1023 2575 dictis
1046 2552 1183 2576 necesse

204 2591 254 2619 est
281 2585 410 2620 intueri
446 2588 645 2622 universam
685 2590 893 2635 scripturam
928 2590 1182 2637 propheticam,

201 2636 281 2681 quia
298 2634 362 2670 hae
379 2637 502 2671 breves
516 2640 776 2676 admonitiones
794 2642 842 2677 ita
858 2651 1119 2688 proponuntur,
1142 2651 1181 2679 ut

807 68 932 103 PHIL.
959 67 1076 105 MEL.
1102 63 1310 104 SCRIPTA
1337 64 1636 104 EXEGETICA.

2140 75 2237 112 1460

1253 153 1467 187 mandentur
1490 154 1700 195 memoriae,
1745 153 1913 201 tanquam
1943 159 2101 203 symbola
2125 163 2239 196 conti-

1253 203 1373 237 nentia
1399 215 1551 237 summas
1573 205 1861 248 promissionum.
1912 206 1957 242 Et
1979 207 2155 253 Propheta
2178 225 2236 246 ve-

1251 254 1306 338 }pt
1331 255 1481 297 digitum
1501 256 1689 294 intendens
1706 258 1749 290 ad
1767 258 1859 302 ipsas
1875 259 2143 302 promissiones,
2167 263 2237 296 edit

1279 317 1342 338 ane
1359 318 1489 340 vocem.

1352 370 1451 406 Duae
1477 380 1559 407 sunt
1582 374 1738 417 insignes
1770 376 1960 420 particulae
1988 377 2023 410 in
2050 375 2117 411 hoc
2137 379 2237 412 brevi

1255 423 1446 457 versiculoz
1472 422 1544 465 Ait,
1561 424 1727 458 Messiam
1745 426 1941 460 venientem
1963 428 1999 461 in
2013 428 2239 463 nomineDo-

1252 474 1359 518 mini,
1393 475 1618 509 benedictum
1651 488 1734 512 esse.
1795 476 2020 512 Generaliter
2044 479 2165 513 venire
2198 481 2236 513 in

1251 525 1396 558 nomine
1413 523 1578 565 Domini,
1597 534 1647 561 est
1665 528 1802 569 venire,
1827 528 1988 567 iubente,
2018 531 2237 573 gubernante

1252 582 1286 609 et
1309 576 1497 610 adiuvante
1519 576 1616 618 Deo,
1645 590 1722 611 cum
1739 580 1914 613 mandatis
1938 579 2005 613 Dei
2032 588 2065 614 et
2091 581 2235 615 invoca-

1252 626 1349 660 tione
1364 627 1519 660 nominis
1533 628 1664 669 divini,
1691 629 1782 663 sicut
1798 628 1929 664 Paulus
1945 631 2078 676 inquit:
2099 630 2235 666 Omnia

1249 677 1352 711 facite
1383 678 1419 711 in
1452 679 1597 712 nomine
1631 677 1791 715 Domini.
1850 679 2105 725 Complectitur
2138 682 2234 716 enim

1248 724 1334 762 haec
1365 729 1503 770 omnia,
1539 730 1616 763 vult
1640 741 1705 763 nos
1732 742 1771 763 ea
1801 731 1992 776 suscipere,
2028 745 2117 778 quae
2138 732 2234 767 Deus

1250 780 1444 823 praecepit,
1472 787 1504 814 et
1529 780 1693 815 invocare
1707 780 1844 824 Deum,
1871 789 1910 815 ut
1927 784 2099 826 gubernet
2124 795 2234 827 nego-

1250 829 1322 870 cia,
1351 837 1385 864 et
1402 831 1528 864 fiducia
1548 831 1706 865 mandati
1722 839 1755 866 et
1772 833 1895 865 auxilii
1913 834 2045 875 divini,
2073 846 2146 867 non
2165 846 2232 868 no-

1249 887 1341 915 strae
1358 881 1550 925 sapientiae
1568 889 1629 916 aut
1646 883 1776 916 virium
1794 889 1995 917 nostrarum
2013 896 2168 928 pergere,

1350 939 1535 974 Venerunt
1564 941 1672 984 igitur
1698 941 1736 974 in
1769 942 1914 975 nomine
1943 941 2010 975 Dei
2044 944 2087 976 ad
2118 955 2232 988 popu-

1250 990 1339 1034 lum,
1363 990 1508 1032 Moises,
1524 990 1651 1033 David,
1667 990 1779 1033 Elias,
1796 999 1828 1026 et
1844 993 1904 1026 alii
1922 991 2130 1038 Prophetae,
2149 994 2232 1040 quia

1247 1042 1363 1075 vocati
1393 1050 1620 1087 susceperunt
1649 1043 1846 1077 ministeria
1874 1050 1985 1085 certa,
2020 1043 2095 1078 Deo
2129 1057 2231 1078 man-

1246 1092 1369 1133 dante,
1396 1105 1485 1138 quae
1503 1100 1535 1127 et
1552 1094 1761 1137 gubernavit
1777 1094 1890 1133 Deus,
1917 1101 1949 1128 et
1971 1095 2038 1140 ipsi
2061 1095 2231 1129 invocan-

1245 1150 1295 1178 tes
1314 1144 1452 1185 Deum,
1479 1156 1533 1178 res
1552 1156 1696 1188 magnas
1710 1145 1857 1180 feliciter
1872 1152 2063 1188 gesserunt.

1347 1202 1443 1237 Haec
1470 1203 1672 1237 communia
1698 1204 1914 1238 conveniunt
1937 1205 1980 1238 ad
1998 1204 2130 1238 Filium
2146 1203 2232 1245 Dei,

1244 1255 1304 1288 sed
1322 1260 1439 1288 tamen
1458 1255 1568 1302 ipsius
1579 1255 1715 1288 vocatio
1732 1255 1845 1288 maior
1859 1262 1921 1289 est.
1976 1255 2060 1289 Ideo
2078 1256 2230 1299 diligen-

1246 1312 1300 1339 ter
1317 1305 1572 1339 consideranda
1587 1313 1638 1340 est
1653 1303 1738 1339 haec
1753 1306 1961 1350 descriptio:
1989 1306 2097 1341 Venit
2113 1307 2150 1340 in
2163 1318 2230 1340 no-

1242 1356 1340 1389 mine
1361 1355 1526 1395 Domini,
1562 1369 1635 1390 non
1669 1357 1784 1389 solum
1810 1357 1972 1397 iubente,
1999 1358 2229 1399 gubernante,

1243 1407 1432 1439 adiuvante
1462 1406 1556 1447 Deo,
1588 1419 1667 1440 cum
1696 1407 1919 1441 invocatione
1951 1407 2060 1451 patris
2083 1407 2227 1448 aeterni,

1243 1458 1405 1489 adserens
1424 1458 1607 1498 mandata,
1635 1464 1667 1490 et
1686 1464 1828 1490 vocatus
1849 1459 1890 1490 ad
1910 1464 2041 1490 certum
2064 1457 2227 1491 ministe-

1242 1508 1355 1548 rium,
1384 1508 1444 1540 sed
1472 1508 1568 1542 venit
1598 1515 1637 1541 nt
1660 1508 1775 1547 filius,
1802 1514 1946 1552 propter
1970 1520 2073 1553 quem
2099 1508 2227 1542 caeteri

1242 1569 1365 1591 omnes
1394 1558 1515 1592 dilecti
1548 1565 1581 1591 et
1605 1558 1700 1591 missi
1724 1565 1816 1592 sunt.
1879 1558 1985 1593 Venit
2010 1566 2048 1593 ut
2075 1559 2227 1594 adferret

1241 1620 1259 1641 e
1283 1609 1364 1641 sinu
1390 1609 1499 1653 patris
1516 1608 1768 1652 Evangelium,
1805 1616 1838 1643 et
1867 1610 1965 1643 fieret
1990 1621 2063 1643 non
2086 1616 2226 1644 tantum

1241 1660 1384 1698 doctor,
1412 1661 1471 1693 sed
1499 1660 1684 1698 liberator,
1713 1667 1745 1693 et
1767 1660 1911 1705 quidem
1933 1661 1968 1693 in
1986 1661 2131 1694 nomine
2146 1659 2224 1701 Dei,

1242 1708 1307 1743 hoc
1326 1717 1396 1752 est,
1424 1711 1565 1745 adiutus
1582 1723 1654 1744 non
1670 1718 1708 1745 ut
1725 1712 1871 1750 caeteri,
1899 1712 1958 1745 sed
1977 1709 2110 1745 habens
2133 1711 2225 1744 divi-

1241 1773 1322 1793 nam
1349 1762 1562 1805 potentiam,
1590 1770 1692 1795 antor
1713 1762 1804 1795 vitae
1827 1770 2006 1803 aeternae,
2038 1763 2128 1797 sicut
2150 1762 2225 1807 ipse

1212 1819 1214 1842 ῑ
1241 1812 1374 1857 inquit:
1402 1810 1537 1846 Omnia
1556 1811 1645 1846 mihi
1661 1813 1817 1847 subiecta
1841 1820 1924 1848 sunt
1947 1813 1984 1846 in
2008 1813 2106 1848 coelo
2131 1819 2165 1848 et
2187 1813 2225 1846 in

1240 1869 1345 1899 terra.

1342 1921 1389 1957 Et
1405 1922 1487 1967 quia
1499 1922 1690 1967 promissus
1701 1930 1774 1957 erat
1786 1924 1944 1968 patribus
1955 1923 2034 1957 talis
2045 1923 2223 1960 liberator,

1241 1972 1337 2007 hunc
1352 1974 1553 2007 venientem
1570 1975 1607 2007 in
1628 1975 1772 2007 nomine
1794 1973 1880 2015 Dei,
1906 1972 1963 2008 hic
1987 1973 2223 2016 intelligamus

1240 2025 1458 2065 venientem,
1489 2037 1562 2058 non
1594 2026 1774 2059 communi
1802 2025 2023 2065 conditione,
2056 2031 2094 2058 ut
2119 2034 2225 2056 vene-

1242 2083 1325 2110 runt
1360 2074 1462 2109 Iosue
1490 2083 1550 2110 aut
1577 2073 1714 2117 David,
1747 2077 1806 2109 sed
1839 2077 1928 2110 sicut
1957 2075 2151 2121 promissus
2173 2081 2224 2107 est

1241 2127 1432 2161 mandante
1449 2125 1524 2160 Deo
1548 2133 1581 2161 et
1604 2127 1641 2160 in
1662 2127 1815 2172 potentia
1840 2127 1981 2167 divina,
2008 2132 2047 2160 ut
2067 2126 2222 2160 aboleret

1240 2189 1387 2221 regnum
1411 2178 1541 2222 peccati
1566 2185 1597 2211 et
1621 2179 1756 2212 mortis.
1815 2176 2015 2212 Referenda
2039 2184 2090 2212 est
2114 2177 2221 2220 igitur

1241 2226 1326 2263 haec
1342 2241 1409 2262 vox
1430 2226 1535 2262 huius
1552 2228 1682 2275 Psalmi
1697 2230 1739 2262 ad
1757 2229 2019 2273 promissiones.

1343 2287 1426 2322 Ideo
1445 2288 1558 2322 addit:
1584 2285 1816 2323 Benedictus.
1871 2287 1961 2322 Nam
1988 2295 2021 2322 et
2043 2285 2100 2321 hic
2117 2286 2222 2320 intel-

1239 2339 1315 2384 ligit
1331 2351 1404 2373 non
1420 2345 1553 2373 tantum
1570 2339 1807 2378 benedictum,
1835 2339 1870 2373 id
1887 2346 1937 2373 est
1953 2339 2110 2379 felicem,
2131 2338 2221 2372 sicut

1239 2398 1339 2425 erant
1355 2390 1531 2424 benedicti
1549 2397 1582 2423 et
1597 2390 1733 2431 felices,
1758 2388 1960 2429 Abraham,
1984 2386 2129 2434 Ioseph,
2154 2387 2220 2422 Sa-

1239 2442 1350 2483 muel,
1379 2448 1439 2475 aut
1467 2441 1615 2474 similes:
1650 2442 1710 2474 sed
1739 2442 1907 2475 admonet
1930 2442 2096 2475 lectorem
2119 2438 2218 2472 Psal-

1238 2505 1316 2526 mus
1340 2494 1384 2525 de
1408 2492 1659 2536 promissione,
1692 2494 1772 2526 data
1802 2492 1980 2536 patribus,
2016 2491 2058 2525 In
2085 2488 2217 2524 semine

1238 2550 1299 2577 tuo
1335 2543 1589 2577 benedicentur
1629 2555 1751 2577 omnes
1786 2551 1914 2587 gentes.
1974 2542 2029 2577 Eo
2063 2539 2215 2584 respicit,

1236 2601 1269 2628 et
1293 2594 1465 2639 significat
1496 2591 1591 2627 hunc
1620 2593 1786 2627 Messiam
1817 2595 2033 2634 venientem,
2071 2591 2214 2625 iubente

1234 2643 1308 2680 Deo
1327 2646 1541 2680 adferentem
1559 2657 1648 2679 nova
1666 2646 1841 2687 mandata,
1866 2657 1905 2680 ac
1920 2645 2118 2678 venientem
2135 2651 2213 2674 cum

2337 961 2343 1175 l
