2379 2948
111 97 156 129 17
845 92 892 129 11.

109 179 177 213 tale
194 178 406 224 spiraculum
426 186 494 218 est,
522 178 558 213 in
579 179 672 224 quod
691 176 784 212 Deus
802 178 990 212 transfudit
1008 190 1090 212 suae
1114 184 1116 192 '

108 231 214 270 lucis,
248 237 286 263 nt
311 231 358 263 ita
382 231 514 270 dicam,
551 230 684 269 radios,
717 229 878 261 videlicet
906 240 1004 262 suam
1035 240 1089 262 sa-

108 280 295 324 pientiam,
321 281 467 313 noticias
492 290 738 318 numerorum,
766 279 954 312 discrimen
978 276 1088 312 hone-

107 338 240 364 storum
268 337 300 363 et
325 331 500 373 turpium,
533 336 565 362 et
589 329 673 361 alias
697 329 862 369 noticias,
890 341 978 374 quae
994 337 1087 363 certe

105 392 177 413 non
195 387 273 413 suut
291 392 342 412 res
359 386 454 412 ortae
471 380 514 411 ab
538 376 602 412 hac
619 379 710 412 mole
733 390 918 422 corporea,
944 391 1003 412 seu
1023 391 1084 412 na-

105 438 182 463 tura
200 430 412 464 elementari.

105 481 276 513 rectitudo
309 479 521 520 voluntatis,
558 486 591 512 et
615 479 726 513 libera
752 480 888 515 electio.
942 480 1010 513 Sed
1042 482 1084 512 de

104 528 159 563 his
190 529 274 563 alibi
305 530 471 564 dicemus,
525 528 645 574 Itaque
678 530 778 562 valde
810 536 1082 563 consentaneum

105 588 173 618 est,
200 580 237 612 in
263 591 302 611 eo
330 580 403 613 loco
429 578 575 612 Genesis
606 580 757 613 describi
778 580 881 612 aliam
907 587 1082 620 naturam,

102 642 189 675 quae
206 642 277 662 non
295 637 346 663 est
363 631 471 662 moles
487 642 672 673 corporea,
700 637 733 663 et
758 630 938 663 dissimilis
961 637 1011 663 est
1030 631 1077 661 vi-

101 687 155 713 tae
172 681 356 724 pecudum.
407 679 478 713 Nec
496 680 893 723 prolixinsimmorabor
913 679 994 713 huic
1011 681 1082 712 dis-

99 730 289 773 putationi.
343 729 410 763 Sed
437 731 648 763 retineamus
673 731 882 764 sententiam
900 731 943 763 ab
959 730 1081 764 Eccle-

101 782 148 813 sia
165 787 358 824 acceptam,
386 787 634 823 congruentem
652 793 731 814 cum
749 781 970 822 testimoniis,
994 793 1082 826 quae

100 838 256 865 recltavl.

200 880 267 914 Hic
291 887 406 914 autem
432 881 653 926 quaestiones
669 880 757 914 aliae
773 888 970 916 moventur.
1023 879 1080 914 An

98 943 167 964 una
185 932 229 964 sit
246 938 381 965 tantum
401 929 554 964 bominis
575 933 712 972 anima,
740 931 903 966 videlicet
925 932 1081 975 spiracu-

98 981 172 1014 lum
203 982 292 1015 illud
324 982 541 1023 separabile?
592 980 651 1014 An
682 994 764 1014 vero
796 982 867 1014 sint
898 982 1080 1016 distinctae

99 1032 237 1065 animae
273 1033 310 1065 in
340 1030 504 1073 homine,
538 1032 749 1075 vegetativa,
780 1032 933 1065 sentiens
961 1039 994 1066 et
1025 1044 1082 1065 ra-

99 1083 264 1120 cionalis,
292 1083 379 1116 sicut
396 1082 514 1122 Plato,
539 1082 766 1122 Aristoteles,
794 1090 825 1116 et
848 1081 1006 1116 Galenus
1027 1083 1081 1115 lo-

97 1134 279 1176 quuntur?
331 1134 382 1166 Ac
409 1134 548 1166 videtur
573 1133 721 1173 mirum,
753 1134 838 1177 quid
870 1133 1005 1176 negocii
1038 1133 1081 1166 sit

100 1243 159 1266 seu
176 1240 273 1275 parte
292 1235 508 1276 vegetatrice.

199 1280 266 1314 Sed
293 1279 378 1313 haec
404 1283 576 1313 sententia
600 1288 738 1324 recepta
764 1291 824 1318 est.
877 1284 918 1316 In
936 1281 1080 1316 homine

99 1341 171 1363 esse
195 1331 349 1363 animam
386 1342 512 1367 unam,
546 1329 709 1362 videlicet
735 1334 950 1372 spiraculum
979 1335 1081 1372 illud,

97 1381 203 1414 simul
225 1378 355 1414 vehens
379 1381 492 1413 lucem
516 1379 692 1419 divinam,
726 1386 759 1412 et
789 1379 950 1412 adferens
973 1380 1079 1413 vitam

97 1431 257 1475 partibus
287 1431 452 1464 omnibus
479 1436 740 1472 congruentem.
792 1428 874 1462 Non
896 1441 1012 1473 pugno
1038 1431 1081 1462 de

98 1480 162 1514 hac
185 1481 374 1520 sententia,
409 1493 472 1514 nec
496 1488 613 1514 tamen
640 1481 828 1513 absurdam
860 1492 932 1513 csse
963 1481 1081 1514 iudico
1105 1484 1106 1488 ’

97 1532 302 1576 opinionem
325 1544 428 1575 supra
457 1531 654 1571 recitatam,
686 1542 823 1571 eorum,
857 1531 918 1575 qui
949 1531 1083 1571 dicunt,

97 1583 250 1615 animam
267 1583 491 1622 sentientem,
519 1588 552 1614 et
569 1581 811 1623 vegetatiicem
830 1593 901 1614 esse
918 1582 972 1614 vel
989 1583 1080 1626 κρᾶ-

99 1642 158 1666 ‹5121
183 1633 237 1666 vel
262 1630 499 1676 ἕνδελεχειάς,
525 1632 580 1664 vel
601 1632 735 1664 animas
752 1632 933 1665 distinctas
952 1632 995 1665 ab
1020 1633 1081 1665 illo

98 1683 270 1726 spiraculo
282 1709 290 1723 ‚
316 1684 353 1715 in
372 1695 441 1727 quo
458 1689 507 1716 est
523 1682 753 1725 intelligentia
771 1689 803 1714 et
819 1683 954 1715 electio.

200 1732 322 1766 Postea
341 1740 373 1766 et
398 1730 480 1765 haec
498 1733 654 1777 quaestio
681 1733 842 1774 agitatur.
896 1733 953 1765 An
969 1733 1082 1766 racio-

98 1783 194 1816 nales
209 1783 346 1816 animae
362 1783 580 1825 singulorum
591 1780 776 1815 hominum
793 1784 836 1815 de
850 1795 943 1816 novo
961 1795 1081 1816 creen-

99 1841 157 1866 tur
174 1845 192 1866 a
209 1832 303 1874 Deo,
328 1840 360 1867 et
376 1833 583 1876 corporibus
600 1833 853 1874 infundantur,
881 1846 924 1866 an
944 1845 1025 1866 vero
1042 1846 1082 1866 ex

97 1884 240 1917 traduce
264 1883 448 1917 oriantur?
488 1890 528 1916 ut
546 1895 618 1915 non
635 1883 783 1916 dubium
801 1890 868 1924 est,
897 1885 933 1915 in
952 1884 1082 1927 plantis

97 1942 131 1968 et
155 1935 348 1977 pecudibus
373 1935 444 1966 vim
467 1933 670 1966 seminalem
693 1945 786 1974 csse,
809 1935 1008 1976 gignentem
1033 1934 1080 1966 si-

96 1985 214 2025 milia,
242 1997 330 2030 quae
347 1986 546 2018 extraduce
570 1990 819 2028 propagantur.
870 1982 976 2018 Extat
998 1982 1082 2017 haec

98 2035 254 2080 quaestio
274 2042 307 2068 et
330 2036 420 2079 apud
439 2034 676 2077 Augustinum
705 2041 740 2068 et
761 2035 852 2078 apud
879 2035 979 2068 alios.

198 2085 265 2120 Sed
283 2086 464 2125 fateamur,
492 2096 555 2117 nos
574 2085 773 2117 mirandum
792 2096 879 2128 opus
893 2086 1082 2129 sapientiae

98 2142 129 2169 et
145 2137 320 2178 potentiae
342 2135 407 2170 Dei
435 2136 471 2168 in
497 2135 673 2168 creatione
698 2136 822 2167 mundi
848 2147 920 2167 non
942 2137 1082 2179 penitus

97 2186 300 2230 perspicere.
360 2187 516 2229 Agamus
546 2185 662 2230 potius
694 2184 769 2218 Deo
801 2186 929 2228 gratias
942 2213 950 2227 ,
987 2188 1080 2231 quod

97 2237 216 2281 aliquo
233 2238 336 2270 modo
355 2237 542 2280 aspicimus
566 2243 747 2276 naturam,
774 2242 807 2269 et
831 2236 983 2281 aliquam
1003 2250 1082 2281 par-

97 2294 167 2321 tem
186 2287 433 2330 intelligimus,
458 2294 491 2321 et
514 2287 660 2330 vestigia
682 2285 745 2319 Dei
764 2286 800 2319 in
824 2293 950 2320 natura
968 2288 1081 2320 cerni-

97 2350 196 2378 mus,
223 2349 374 2382 quorum
390 2348 525 2371 summa
542 2344 592 2371 est
610 2337 794 2370 certitudo.

201 2387 274 2431 Qui
299 2387 438 2428 dicunt,
471 2388 607 2421 animas
635 2399 707 2420 non
739 2387 827 2420 oriri
858 2399 898 2420 ex
927 2389 1082 2429 traduce,

97 2445 285 2473 moventur
298 2436 364 2470 hoc
382 2438 490 2470 dicto:
516 2436 808 2483 InspiravitDeus
825 2437 862 2471 in
878 2438 1000 2472 faciem
1017 2436 1080 2472 ho—

86 2490 205 2523 rminis
222 2488 435 2533 spiraculum
453 2488 554 2522 vitae.

200 2539 270 2573 Sed
291 2538 506 2582 respondent
530 2537 608 2578 alii,
640 2538 678 2570 in
703 2538 774 2572 illis
798 2538 914 2572 verbis
931 2539 1081 2572 describi

98 2589 241 2627 initium
256 2595 401 2622 naturae
416 2585 609 2627 humanae,
635 2594 668 2621 et
683 2595 767 2622 tunc
784 2589 908 2633 primis
924 2587 1082 2622 homini-

98 2641 165 2675 bus
177 2638 267 2673 hanc
284 2638 353 2671 vim
373 2639 411 2671 in
430 2639 492 2671 illo
509 2637 639 2670 adflatu
657 2638 797 2673 insitam
814 2651 898 2679 esse,
924 2647 963 2674 ut
981 2640 1082 2674 dein-

144 2693 322 2725 thxru·
348 2691 449 2724 Orza.
477 2690 559 2721 Vor.
576 2688 670 2733 XIII,

466 427 549 462 Fuit
567 429 669 462 etiam
694 429 731 461 in
749 440 788 461 eo
812 430 985 472 spiraculo
1002 436 1085 462 tunc
1105 447 1108 449 ·

1105 1168 1107 1175 A
1133 1154 1230 1176 orlrt.

97 1182 151 1215 itti
168 1183 341 1227 spiraculo
360 1181 500 1217 vehenti
525 1183 641 1216 radios
664 1182 823 1221 divinos,
851 1195 930 1217 cum
952 1183 1081 1227 culina,
1106 1213 1107 1217 ,

946 91 1094 130 LIBER
1120 94 1187 128 DE
1215 94 1387 133 AXIMA.
2075 105 2118 139 13

1141 191 1219 223 ceps
1237 182 1440 223 propagatio
1463 181 1656 217 viventium
1680 183 1784 217 fieret.
1838 183 1884 219 Et
1903 189 2059 231 quamvis
2075 191 2119 223 sit

1140 229 1178 261 in
1202 237 1325 263 natura
1351 231 1400 263 xis
1425 233 1620 271 seminalis,
1647 241 1762 267 tamen
1786 244 1953 279 perpetuo
1970 250 2118 272 concur-

1139 291 1216 312 rere
1241 281 1437 322 generalem
1458 281 1522 314 Dei
1547 284 1737 326 actionem,
1764 288 1988 321 sustentantis
2008 295 2040 322 ct
2065 291 2117 322 so-

1139 331 1252 363 ventis
1271 337 1452 368 naturam,
1476 334 1567 375 quod
1587 334 1804 367 verissimum
1830 344 1899 377 est,
1927 338 2014 371 sicut
2032 341 2117 372 scri-

1138 386 1235 422 ptum
1254 387 1318 413 est:
1353 379 1394 413 ln
1421 381 1495 424 ipso
1520 381 1687 421 vivimus,
1715 397 1897 420 movemur
1922 394 1955 420 et
1987 400 2117 423 sumus.

1136 429 1184 463 Et
1200 430 1387 463 discrimen
1406 431 1498 464 inter
1514 432 1648 464 animas
1673 431 1829 468 heroicas
1847 444 1878 470 et
1901 449 1973 470 non
1998 436 2116 472 heroi-

1137 491 1192 513 cas
1209 482 1382 522 ostendit,
1409 493 1488 514 vere
1506 483 1624 515 adesse
1640 481 1753 515 Deum
1773 488 2007 526 generationi,
2036 502 2116 522 cum

1135 531 1221 563 alias
1238 531 1372 564 animas
1392 531 1469 564 aliis
1488 532 1590 564 donis
1608 539 1728 571 ornet,
1753 546 1903 578 quorum
1923 538 2040 583 aliqua
2061 541 2115 572 vi-

1135 582 1264 613 dentur
1282 593 1355 614 non
1372 594 1390 614 a
1410 594 1555 625 corpore
1570 583 1666 616 oriri.

1237 638 1359 683 Aliqui
1389 652 1468 673 vero
1492 647 1524 673 et
1546 647 1690 684 propter
1707 638 1773 675 hoc
1797 652 2040 685 argumentum
2060 649 2116 680 in-

1135 689 1267 723 clinant
1294 691 1329 722 in
1355 688 1446 723 hane
1472 692 1697 732 sententiam,
1732 698 1769 724 ut
1793 694 2008 735 existiment,
2037 699 2116 729 ani-

1134 752 1207 773 mas
1231 740 1316 773 oriri
1347 752 1386 773 ex
1412 742 1574 779 traduce,
1610 742 1690 786 quia
1723 742 1884 776 videatur
1912 745 2116 787 absurdum,

1134 791 1286 831 animas,
1319 802 1407 835 quae
1433 802 1528 824 nunc
1553 803 1690 824 aversae
1715 800 1795 826 sunt
1820 806 1836 826 a
1854 794 1948 835 Deo,
1977 804 2007 828 et
2026 808 2114 837 reae,

1134 841 1176 872 de
1202 853 1294 873 novo
1321 841 1441 876 creari.
1495 841 1561 875 Sed
1591 843 1805 885 respondent
1831 845 1912 883 alii,
1946 846 2050 878 talem
2077 847 2115 879 in

1133 892 1357 932 generatione
1379 893 1580 925 conservari
1604 900 1784 933 naturam,
1813 895 1925 938 qualis
1942 907 2037 928 nunc
2053 905 2115 932 est.

1133 940 1221 973 Nam
1248 953 1310 974 nec
1336 954 1482 984 corpora
1509 951 1638 983 essent,
1666 943 1735 976 nisi
1754 944 1924 978 divinitus
1942 953 2115 980 sustenta-

1132 998 1265 1026 rentur.
1318 991 1495 1034 Frigidius
1517 995 1747 1037 respondent,
1783 995 1844 1038 qui
1869 995 2009 1036 dicunt,
2036 998 2115 1029 ani-

1132 1053 1205 1074 mas
1235 1042 1347 1085 pollui
1380 1043 1540 1086 contagio
1573 1055 1770 1087 corporum.
1831 1044 1984 1087 Quidam
2013 1053 2045 1079 et
2075 1059 2114 1079 ex

1132 1092 1224 1125 dicto
1249 1091 1338 1127 Gen.
1356 1095 1391 1127 2.
1422 1093 1701 1133 raciocinantnr,
1735 1094 1868 1127 animas
1901 1108 1940 1128 cx
1971 1099 2116 1130 traduce

1283 1142 1438 1176 Cessavit
1463 1142 1558 1176 Deus
1579 1145 1622 1177 ab
1644 1156 1747 1188 opere
1774 1156 1854 1185 suo,
1883 1146 2001 1186 idest,
2029 1159 2115 1179 con-

1132 1199 1243 1225 servat
1263 1193 1404 1237 quidem
1432 1195 1561 1237 species
1584 1195 1760 1234 conditas,
1785 1203 1819 1228 at
1843 1208 1913 1228 non
1940 1197 2056 1229 condit
2078 1198 2115 1229 in

1133 1243 1181 1274 eis
1208 1249 1321 1286 partes
1346 1255 1453 1276 novas
1475 1256 1513 1276 ex
1531 1242 1656 1279 nihilo„
1708 1244 1776 1278 Sed
1796 1243 1885 1278 hanc
1903 1247 2114 1287 disputatio-

1105 1303 1107 1327 3
1132 1305 1212 1325 nem
1230 1293 1423 1337 abrumpo,
1450 1300 1483 1326 et
1508 1294 1663 1327 iuniores
1688 1307 1831 1336 moneo,
1859 1303 1897 1329 ut
1915 1297 2116 1331 discernant

1133 1355 1189 1379 ea,
1217 1355 1304 1383 quae
1319 1350 1499 1384 utcunque
1515 1341 1641 1373 mentis
1659 1339 1833 1375 humanae
1851 1343 1923 1376 acie
1938 1348 2116 1387 penetrari

1132 1396 1297 1432 possunt,
1325 1391 1368 1423 ab
1384 1391 1479 1431 aliis,
1508 1403 1595 1435 quae
1612 1393 1836 1435 pervestigari
1862 1405 1934 1426 non
1957 1403 2114 1437 possunt.

1133 1440 1250 1473 Simus
1270 1437 1334 1473 hac
1358 1442 1528 1485 sapientia
1547 1442 1722 1482 contenti,
1748 1445 1842 1487 quod
1867 1444 1956 1484 vita,
1984 1456 2116 1485 sensus,

1133 1491 1359 1524 raciocinatio
1389 1498 1421 1525 et
1454 1492 1576 1525 electio
1608 1494 1818 1534 ostendunt,
1853 1505 1924 1527 esse
1948 1495 1985 1527 in
2013 1496 2115 1528 nobis

1132 1541 1284 1582 animas,
1312 1548 1344 1574 et
1363 1553 1433 1575 esse
1451 1543 1498 1575 eis
1515 1542 1637 1575 insitas
1655 1543 1800 1575 noticias
1813 1570 1821 1584 ,
1849 1550 1882 1577 et
1899 1545 1984 1578 alias
2007 1547 2116 1583 dotes,

1133 1604 1221 1636 quae
1246 1598 1435 1634 testantur,
1462 1600 1496 1626 et
1519 1604 1590 1625 esse
1613 1592 1746 1634 Deum,
1773 1600 1805 1627 et
1827 1594 1960 1627 animas
1977 1596 2020 1628 ab
2040 1596 2115 1639 ipso

1133 1643 1291 1676 conditas
1308 1655 1389 1676 esse.
1444 1643 1690 1686 Adiungamus
1708 1650 1740 1677 et
1759 1644 1956 1678 testimonia
1983 1646 2117 1679 diviui-

1133 1701 1188 1727 tus
1213 1693 1357 1734 tradita,
1389 1706 1477 1739 quae
1504 1694 1707 1734 adfirmant,
1734 1693 1847 1728 Deum
1867 1707 2003 1738 semper
2025 1696 2117 1729 vitae

1133 1746 1290 1778 datorem
1312 1751 1345 1778 et
1361 1751 1641 1778 conservatorem
1659 1756 1739 1784 esse,
1764 1745 1853 1777 sicut
1870 1751 1970 1778 antea
1983 1745 2117 1778 dictum

1133 1803 1200 1830 est:
1236 1795 1278 1829 In
1303 1795 1378 1838 ipso
1403 1796 1573 1834 vivimus,
1607 1806 1790 1827 movemur
1819 1801 1851 1828 et
1878 1805 2011 1830 sumus.
2069 1793 2117 1830 Et

1133 1857 1360 1889 agnoscamus
1385 1857 1463 1878 eum
1489 1845 1624 1877 fontem
1651 1851 1683 1877 et
1709 1845 1888 1877 custodem
1904 1852 2044 1878 nostrae
2062 1846 2117 1878 vi-

1132 1905 1186 1930 tae
1212 1908 1292 1929 esse.
1345 1895 1486 1929 Deinde
1510 1895 1651 1927 effectus
1675 1895 1811 1927 animae
1829 1901 1862 1928 et
1887 1906 2016 1938 organa
2032 1897 2116 1929 sub-

1134 1948 1220 1980 iecta
1251 1946 1362 1979 oculis
1393 1945 1619 1989 aspiciamus,
1662 1951 1693 1977 et
1723 1945 1924 1986 videamus,
1967 1958 2118 1991 quarum

1134 1998 1283 2040 partium
1303 1996 1363 2041 qui
1384 1996 1453 2028 sint
1470 1995 1610 2028 effectus
1627 2002 1659 2028 et
1675 2001 1809 2035 motus,
1838 2008 1926 2040 quae
1948 2003 2062 2040 partes
2079 1998 2117 2028 in

1133 2046 1198 2081 hac
1224 2046 1465 2080 imbecillitate
1489 2046 1608 2089 quales
1645 2043 1797 2079 habeant
1824 2046 1996 2086 actiones,
2029 2058 2118 2091 quae

1134 2099 1310 2144 quomodo
1328 2097 1400 2139 regi
1424 2096 1569 2140 possint.
1622 2094 1723 2129 Hanc
1753 2096 1959 2140 sapientiam
1978 2096 2067 2129 vitae
2084 2103 2118 2129 et

1134 2149 1291 2182 moribus
1308 2147 1430 2181 utilem
1448 2158 1668 2192 quaeramus.

1202 2262 1262 2295 De
1290 2263 1528 2306 quaestione,
1555 2261 1612 2294 An
1639 2262 1689 2294 sit
1718 2261 1853 2294 Anima
1883 2262 1923 2294 in
1949 2263 2047 2302 toto,

1345 2316 1384 2347 et
1411 2315 1450 2347 in
1475 2311 1636 2357 qualibet
1659 2315 1772 2354 parte
1799 2309 1903 2344 tota?

1233 2386 1363 2419 Anima
1396 2385 1515 2425 bovis,
1549 2395 1637 2429 quae
1668 2390 1717 2417 est
1741 2384 1796 2417 vel
1821 2384 1964 2428 spiritus
1990 2384 2118 2424 vitalis,

1132 2436 1188 2469 vel
1210 2438 1357 2480 κρᾶσις,
1392 2436 1448 2469 vel
1472 2431 1708 2474 Endelechia,
1735 2441 1785 2468 est
1807 2435 1975 2479 quiddam
1993 2435 2118 2468 divisi-

1133 2487 1203 2520 bile
1229 2487 1324 2521 iuxta
1348 2493 1462 2530 partes
1485 2484 1652 2528 corporis.
1713 2483 1803 2518 Nam
1825 2485 1969 2528 spiritus
2001 2485 2118 2519 vitalis

1133 2537 1258 2570 similis
1281 2543 1332 2570 est
1357 2537 1537 2575 flammae,
1573 2546 1663 2579 quae
1685 2542 1799 2578 partes
1822 2532 1945 2575 habet,
1974 2543 2006 2569 et
2032 2535 2118 2568 alibi

1133 2594 1214 2621 sunt
1237 2588 1336 2621 aliae.
1388 2585 1462 2619 Nec
1487 2586 1530 2618 de
1554 2585 1616 2619 tali
1644 2586 1760 2619 anima
1785 2585 1943 2630 loquitur
1968 2586 2117 2619 dictum:

1134 2638 1264 2671 Anima
1289 2642 1339 2670 est
1361 2643 1432 2671 tota
1457 2636 1493 2670 in
1516 2643 1612 2677 toto,
1639 2636 1725 2671 etin
1743 2636 1898 2681 qualibet
1920 2643 2016 2680 parte
2033 2641 2118 2672 tota.

1578 2687 1601 2721 2
