2379 2948
126 89 224 126 1317

122 173 298 219 promittit
314 174 408 208 bona
426 173 646 219 corporalia?
695 173 757 208 Ait
776 174 869 207 enim
886 174 1115 208 nominatim:

126 224 167 258 ln
190 231 282 259 terra
307 233 432 270 potens
456 226 532 259 fore
551 236 669 259 semen
686 225 780 259 iusti.
838 224 940 258 Item:
968 222 1066 269 Opes
1083 231 1117 258 et

123 276 267 310 divitiae
286 277 323 310 in
343 278 448 310 domo
470 277 554 310 eius.

226 335 453 381 Respondeo.
504 335 583 369 Etsi
599 342 681 369 sunt
697 335 877 368 involutae
893 332 948 368 his
965 335 1115 379 promis-

123 387 284 420 sionibus
309 385 553 431 corporalibus
576 386 680 419 etiam
704 386 955 430 promissiones
978 387 1021 419 de
1044 387 1114 420 vita

122 445 261 471 aeterna
274 465 282 478 ‚
310 445 427 472 tamen
452 444 543 471 recte
564 437 815 479 intelliguntur
828 437 932 470 etiam
952 438 995 470 de
1013 449 1114 481 prae-

122 488 213 522 senti
238 489 308 522 vita
332 501 395 521 nec
419 494 555 521 tantum
581 487 766 521 transferri
789 488 918 521 debent
942 489 983 521 ad
1005 489 1121 521 vitam'

121 539 291 574 futuram.
345 538 455 573 Recte
477 538 571 571 enim
599 539 690 571 valet
716 540 984 584 consequentia,
1017 538 1113 572 Deus

121 590 159 623 in
176 587 240 623 hac
257 591 327 624 vita
345 590 421 623 vult
437 589 592 634 aliquam
609 587 800 623 Ecclesiam
818 597 851 624 et
868 589 1111 624 Ministerium

122 641 220 675 verbi
246 641 298 675 sui
321 641 486 681 existere,
513 639 608 684 Ergo
633 641 737 674 etiam
763 641 800 673 in
826 639 889 674 hac
907 641 976 674 vita
994 653 1113 674 serva-

120 692 174 725 bit
195 691 283 736 pios.
340 690 554 736 Quanquam
581 692 689 734 igitur
714 692 799 725 sinit
817 703 874 725 eos
893 692 1032 735 adfligi,
1062 699 1112 725 ta·-

120 754 202 776 men
234 743 391 776 mirabili
423 743 528 776 modo
555 741 749 776 Ecclesiam
776 743 869 777 inter
892 750 1003 776 tantas
1028 755 1111 787 pro-

121 794 226 827 cellas
254 800 385 835 servat,
419 801 452 827 et
484 794 616 827 interea
646 801 816 839 tyrannos
840 806 900 838 per
925 800 1112 839 sequentes

120 842 312 878 Ecclesiam
342 845 444 888 punit
468 852 500 878 et
526 845 636 885 delet,
676 845 763 879 sicut
785 843 948 878 Christus
976 845 1109 890 inquit:

118 894 278 929 Primum
298 896 454 941 quaerite
471 908 617 939 regnum
632 895 716 935 Dei,
743 903 775 929 et
792 903 923 928 caetera
941 897 1110 929 adiicien—

119 953 179 980 tur
196 947 308 981 vobis.
356 946 461 980 Item:
489 946 649 990 Recipiet
668 947 871 990 centuplum
890 947 926 979 in
947 944 1011 980 hac
1029 948 1111 987 vita,

119 996 178 1031 sed
196 1010 276 1032 cum
293 998 542 1036 tribulatione,
571 1004 603 1031 et
621 998 749 1031 deinde
765 998 872 1031 vitam
889 1005 1077 1031 aeternam.

221 1065 378 1099 Proinde
402 1063 466 1098 hae
484 1065 733 1110 promissiones
752 1065 941 1109 dupliciter
960 1065 1110 1108 intelligi

119 1117 267 1158 debent,
302 1116 462 1150 Primum
494 1118 536 1149 de
570 1117 639 1150 vita
673 1123 824 1151 aeterna.
895 1116 985 1150 Cum
1015 1116 1109 1149 enim

117 1167 214 1202 Deus
237 1168 420 1212 promittat
445 1169 536 1201 bona
556 1168 640 1212 piis,
668 1180 731 1201 nec
748 1180 870 1201 omnes
890 1180 1110 1212 consequan—

118 1226 176 1254 tur
201 1231 239 1252 ea
264 1220 300 1251 in
321 1216 385 1252 hac
402 1219 492 1259 vita,
522 1219 591 1252 imo
610 1219 788 1263 praecipui
806 1218 952 1251 minime
969 1230 1007 1252 ea
1026 1230 1110 1251 con-

119 1276 331 1315 sequantur,
366 1276 404 1303 ut
435 1268 545 1310 Abel,
579 1267 796 1314 Prophetae,
829 1267 1013 1313 Apostoli,
1048 1281 1110 1302 ne-

118 1333 210 1355 cesse
237 1328 286 1354 est
309 1328 438 1354 restare
462 1321 566 1353 aliam
592 1321 719 1361 vitam,
747 1321 782 1353 in
807 1333 874 1365 qua
894 1321 992 1353 Deus
1016 1318 1109 1353 haud

117 1372 226 1406 dubie
244 1372 504 1415 glorificaturus
523 1379 573 1405 est
591 1371 678 1415 pios¹

220 1430 340 1474 Quare
365 1431 519 1475 primum
538 1431 575 1463 in
593 1431 722 1464 talibus
740 1431 1036 1475 promissionibus
1055 1430 1110 1462 in-

117 1483 336 1526 telligamus,
361 1482 559 1515 involutam
584 1493 656 1515 esse
680 1482 878 1515 doctrinam
903 1483 945 1515 de
970 1488 1109 1515 aeterna

118 1534 198 1569 vita.
253 1532 294 1567 Et
324 1533 474 1565 sciamus
497 1530 551 1565 his
575 1533 870 1576 promissionibus
893 1540 927 1566 et
951 1539 1111 1576 expecta-

118 1586 215 1618 tione
235 1586 374 1617 suturae
391 1583 615 1616 liberationis
634 1584 820 1628 praecipue
837 1584 939 1616 fidem
960 1590 991 1616 et
1010 1583 1109 1625 agni-

118 1637 250 1670 tionem
265 1634 330 1668 Dei
356 1635 585 1668 exercendam
611 1647 700 1675 esse,
725 1635 819 1679 quod
845 1646 916 1667 non
943 1631 997 1666 his
1018 1634 1109 1677 peri-
1135 1656 1137 1664 s

117 1687 207 1721 turis
229 1693 262 1720 et
280 1686 568 1719 evanescentibus
586 1687 707 1726 rebus,
735 1686 771 1717 in
790 1683 854 1718 hac
871 1686 940 1719 vita
961 1691 1110 1725 tantum,

118 1738 377 1782 glorificaturus
401 1737 444 1770 sit
461 1737 557 1781 pios,
585 1738 643 1769 sed
665 1736 888 1769 durabilibus
910 1742 940 1768 et
959 1737 1110 1768 aeternis

117 1789 240 1830 bonis,
267 1795 307 1822 ut
323 1800 397 1820 sine
414 1794 555 1831 peccato
585 1795 616 1821 et
640 1788 715 1821 sine
741 1794 853 1821 morte
871 1798 984 1830 ipsum
1001 1798 1109 1829 aguo-
1135 1799 1136 1848 ἑ
1161 1802 1289 1833 debent
1308 1801 1395 1832 duas
1417 1807 1611 1843 pugnantes
1634 1801 1844 1840 sententias,
1875 1804 1971 1846 quod
1997 1802 2154 1837 Ecclesia

118 1851 254 1874 scamus
270 1846 304 1872 et
318 1839 562 1882 glorificemus.

221 1898 444 1942 Quantulum
477 1898 657 1931 interesset
688 1898 782 1930 inter
809 1897 884 1940 pios
914 1903 944 1930 et
970 1897 1109 1940 impios,

118 1951 221 1984 etiam
253 1950 282 1983 si
306 1950 343 1981 in
366 1946 430 1981 hac
456 1949 525 1982 vita
550 1949 598 1992 pii
624 1948 827 1981 fruerentur
853 1960 986 1980 summa
1012 1954 1109 1980 tran-

119 2001 283 2046 quillate‚
318 2006 350 2033 et
382 1997 553 2032 haberent
581 2011 663 2043 opes
687 1999 855 2032 maximas
881 2006 913 2032 et
940 1999 1110 2042 imperia?

118 2052 214 2086 Haec
244 2051 337 2084 enim
372 2051 490 2083 omnia
522 2057 639 2084 tamen
670 2051 759 2083 levia
795 2057 894 2089 sunt,
932 2056 964 2082 et
992 2050 1108 2082 subito

118 2109 343 2136 evanescunt.

118 2155 184 2189 bus
209 2153 408 2196 intelligant
433 2165 504 2186 non
530 2159 667 2186 tantum
694 2152 889 2196 praesentia
911 2152 1022 2189 bona,
1049 2152 1107 2184 sed

119 2218 200 2239 vera
228 2212 259 2238 et
285 2204 459 2237 durabilia
485 2204 597 2244 bona,
625 2211 655 2236 et
684 2203 853 2246 gloriam,
880 2203 915 2235 in
941 2215 1009 2248 qua
1035 2203 1110 2235 sine

120 2263 260 2301 peccato
277 2262 308 2288 et
327 2255 402 2287 sine
425 2262 535 2287 morte
550 2254 825 2298 glorificabimus
844 2253 970 2288 Deum.

221 2314 317 2348 Haec
336 2321 421 2347 tecte
439 2314 680 2357 significarunt
698 2311 763 2347 bae
782 2313 1044 2357 promissiones,
1072 2320 1109 2346 ut

118 2365 203 2400 haec
223 2365 473 2410 consequentia
492 2366 602 2405 docet,
628 2363 724 2398 Deus
742 2365 915 2409 promittit
929 2365 1019 2397 bona
1033 2364 1110 2407 piis,

119 2425 152 2452 et
183 2415 266 2451 haec
292 2429 362 2462 nlon
389 2415 600 2459 contingunt
626 2416 663 2448 in
687 2416 861 2460 praesenti
887 2416 973 2453 vita,
1014 2413 1108 2458 Ergo

118 2475 225 2503 restat
259 2469 377 2501 sutura
410 2467 493 2499 vita.

118 2520 305 2554 audierant
331 2518 601 2562 promissiones,
630 2524 661 2550 et
689 2530 766 2551 cum
783 2518 918 2551 differri
939 2529 995 2550 eas
1012 2518 1111 2550 vide-

120 2578 214 2611 rent,
248 2569 493 2613 intelligebant
514 2567 628 2601 Deum
653 2569 721 2601 fide
747 2569 933 2602 colendum
961 2580 1051 2606 esse,
1079 2575 1111 2601 et

400 2101 481 2135 Ideo
508 2102 557 2145 pii
581 2113 718 2145 semper
734 2101 769 2133 in
791 2099 846 2133 his
863 2100 1109 2144 promissioni·
1134 2111 1136 2118 ’

547 2466 605 2500 Sic
629 2465 808 2500 Abraham
842 2473 875 2500 et
900 2467 960 2499 alii
986 2473 1110 2510 patres,
1134 2485 1136 2514 ξ

1135 2519 1136 2526 ’
1162 2517 1397 2557 delebuntur,
1433 2515 1503 2547 imo
1535 2525 1656 2546 eorum
1685 2515 1871 2557 posteritas
1897 2514 2153 2558 glorificabitur

730 87 791 122 IX.
844 83 1209 122 COMMENTARH
1241 83 1289 118 IN
1316 82 1557 119 PSALMOS.

2068 94 2166 129 1318

1169 169 1406 203 obedientiam
1436 171 1472 203 in
1498 171 1764 206 adflictionibus
1799 178 2041 217 praestandam
2078 191 2160 215 esse.

1167 219 1219 254 Ac
1242 220 1412 254 videbant
1436 221 1472 253 in
1500 219 1553 254 his
1579 222 1663 266 ipsis
1683 224 1947 259 adflictionibus
1966 226 2159 263 Ecclesiam

1167 271 1361 305 subiectam
1376 283 1449 304 esse
1465 273 1570 305 morti
1590 280 1622 306 et
1639 275 1718 308 aliis
1736 276 1996 311 calamitatibus
2016 288 2160 324 propter

1168 328 1356 366 peccatum.
1418 322 1628 358 Sentiebant
1651 326 1754 359 etiam
1786 327 1823 359 iu
1855 329 2160 364 consolationibus

1166 373 1411 416 spiritualibus
1433 373 1671 408 incoationem
1693 389 1804 410 novae
1824 385 1857 412 et
1876 385 2038 413 aeternae
2055 382 2159 419 vitae,

1166 426 1255 458 sicut
1279 424 1326 456 ait
1352 421 1529 457 Christus:
1568 423 1750 459 Abraham
1777 429 1865 462 vidit
1897 430 1990 463 diem
2028 445 2159 469 meum,

1166 482 1198 508 et
1214 475 1361 509 laetatus
1387 481 1448 508 est.
1502 474 1549 509 Et
1573 474 1687 509 David
1712 479 1828 524 inquit
1854 481 1897 513 de
1915 481 1983 514 vita
2008 489 2160 523 aeterna,

1165 525 1295 560 Psalm.
1317 524 1394 559 15.:
1424 524 1515 558 Caro
1534 538 1609 559 mea
1628 529 1821 573 requiescet
1837 531 1874 563 in
1892 543 1961 576 spe.
2002 532 2083 567 Non
2103 547 2159 568 re-

1165 577 1305 622 linques
1321 576 1475 609 animam
1492 589 1604 610 meam
1624 578 1660 610 in
1688 580 1829 614 inferno
1854 589 1917 617 etc.
1971 583 2158 629 Adimple-

1165 628 1219 661 bis
1238 640 1290 661 me
1310 628 1446 660 laeticia
1466 628 1583 661 vultus
1598 629 1661 664 tui.
1714 629 1853 665 Norant
1875 633 1982 675 igitur
2007 646 2042 667 se
2068 636 2157 669 libe-

1165 680 1295 712 randos
1323 690 1395 712 esse
1418 690 1436 711 a
1456 685 1596 722 peccato
1616 686 1648 712 et
1666 690 1797 720 morte,
1825 690 1856 716 et
1880 680 2065 718 habituros
2091 699 2157 720 no—

1165 742 1242 763 vam
1267 731 1380 763 lucem
1410 736 1442 763 et
1466 729 1574 763 vitam
1603 737 1800 774 aeternam,
1835 740 1868 766 et
1892 734 1996 778 longe
2023 738 2156 780 maiora

1165 782 1277 821 bona,
1305 793 1409 826 quam
1428 782 1621 815 mundana.

1268 831 1344 865 Hoc
1370 832 1476 864 modo
1504 833 1657 875 primum
1678 834 1891 868 admoneant
1909 848 1972 869 nos
1990 835 2057 870 hae
2075 850 2156 883 pro-

1166 883 1367 920 missiones,
1398 884 1439 915 de
1458 883 1549 915 veris
1574 890 1606 916 et
1623 885 1773 917 aeternis
1791 886 1913 926 bonis,
1940 894 1977 921 ut
1997 889 2081 922 fides
2099 901 2158 922 ex-

1165 934 1306 974 citetur,
1324 941 1355 967 et
1373 941 1528 977 expectet
1548 946 1664 967 veram
1685 935 1947 972 liberationem.
1987 938 2057 972 Nec
2077 947 2156 973 tan-

1165 997 1269 1029 quam
1295 984 1491 1019 Sadducaei
1518 992 1653 1018 tantum
1674 987 1828 1029 peritura
1855 995 1887 1021 et
1912 990 2039 1022 caduca
2064 991 2157 1025 bona

1165 1036 1316 1079 proponi
1349 1036 1597 1068 existimemus.
1668 1036 1870 1080 Cogitemus
1907 1040 2011 1073 etiam
2049 1054 2157 1086 quare

1164 1085 1356 1120 Ecclesiam
1384 1094 1544 1130 oporteat
1570 1087 1763 1120 subiectam
1789 1100 1862 1122 esse
1882 1091 2157 1131 adflictionibus,

1164 1138 1295 1171 scilicet
1322 1138 1402 1182 quia
1429 1135 1548 1171 haeret
1575 1138 1611 1170 in
1638 1135 1701 1171 hac
1726 1146 1850 1173 natura
1883 1142 2015 1175 carnali
2036 1155 2156 1186 pecca-

1164 1195 1260 1231 tum,
1291 1190 1383 1233 quod
1403 1189 1537 1221 aboleri
1556 1196 1706 1236 oportet.

1265 1239 1386 1284 Neque
1405 1247 1521 1272 tamen
1540 1241 1812 1274 existimandum
1831 1250 1900 1283 est,
1931 1242 2023 1277 nihil
2044 1246 2157 1292 perti-

1163 1302 1245 1323 nere
1265 1287 1327 1323 has
1343 1290 1593 1334 promissiones
1611 1292 1652 1323 ad
1672 1301 1890 1334 praesentem
1910 1295 2027 1330 vitam.
2056 1295 2158 1335 Nam,

1162 1350 1199 1375 ut
1218 1341 1350 1374 Paulus
1367 1341 1474 1381 dicit,
1505 1342 1616 1385 pietas
1635 1340 1739 1376 habet
1760 1344 2029 1387 promissionem
2054 1359 2157 1390 prae-

1162 1392 1269 1425 sentis
1288 1398 1320 1425 et
1338 1392 1476 1425 futurae
1496 1392 1597 1427 vitae.
1636 1392 1719 1425 Ideo
1736 1391 1820 1427 haec
1839 1395 1930 1428 dicta
1946 1396 2052 1429 etiam
2073 1410 2156 1441 pro—

1161 1443 1306 1476 mittunt
1325 1443 1604 1475 consolationem
1625 1443 1661 1475 in
1679 1446 1887 1487 praesentia.
1943 1446 2036 1489 Quia
2061 1449 2154 1482 euim

1162 1494 1257 1527 videt
1274 1496 1428 1526 mundus
1452 1494 1572 1536 adfligi
1595 1494 1690 1537 pios,
1718 1495 1798 1528 ideo
1816 1497 1992 1531 existimat
2009 1511 2068 1531 eos
2094 1512 2156 1532 ne-

1161 1545 1243 1588 gligi
1268 1557 1285 1577 a
1312 1544 1405 1585 Deo,
1441 1544 1557 1578 deficit
1590 1557 1606 1577 a
1638 1547 1744 1578 verbo
1768 1546 1855 1584 Dei,
1892 1548 2013 1582 abiicit
2037 1562 2155 1583 veram

1161 1596 1378 1635 doctrinam,
1406 1595 1542 1640 quaerit
1561 1608 1662 1642 opes,
1701 1604 1733 1629 et
1751 1598 1945 1641 potentiam
1971 1600 2072 1633 malis
2100 1613 2156 1634 ar-

1163 1648 1265 1681 tibus.

1264 1697 1394 1731 Contra
1417 1694 1479 1730 bas
1505 1698 1630 1730 mundi
1661 1699 1848 1742 opiniones
1874 1701 1924 1744 pii
1953 1702 2093 1734 munire
2119 1714 2154 1735 se

1161 1750 1289 1782 debent
1307 1746 1361 1780 his
1382 1748 1698 1796 promissionibus,
1728 1750 1763 1782 in
1784 1752 1912 1795 quibus
1938 1753 2156 1796 coniungere

1160 1852 1365 1893 adfligatur,
1395 1858 1428 1883 et
1446 1857 1562 1883 tamen
1580 1854 1749 1884 servanda
1770 1852 1825 1885 sit.
1880 1853 1975 1886 Haec
1995 1867 2156 1897 pugnan—

1161 1904 1206 1936 tia
1229 1901 1324 1935 Deus
1340 1901 1550 1934 mirabiliter
1566 1903 1748 1943 conciliat,
1767 1903 1857 1936 sicut
1874 1911 2022 1937 testatur
2040 1918 2155 1938 exem—

1161 1955 1215 2002 pla
1245 1952 1422 1986 Ecclesiae
1457 1953 1616 1985 omnium
1649 1960 1859 1997 temporum.
1917 1955 1957 1987 ln
1991 1957 2152 2002 Aegypto

1161 2004 1341 2038 israelitae
1360 2011 1458 2037 erant
1478 2003 1634 2047 oppressi
1654 2002 1889 2038 horribilibus
1910 2008 2101 2042 aerumnis,
2122 2015 2152 2040 et

1161 2064 1278 2090 tamen
1302 2062 1489 2088 servantur
1514 2061 1546 2088 et
1570 2055 1768 2089 libe-rantur
1786 2058 2026 2100 corporaliter.
2081 2058 2152 2091 Da-

1162 2108 1218 2140 vid
1245 2107 1305 2139 diu
1326 2107 1525 2149 patiebatur
1550 2108 1852 2149 persecutionem,
1881 2114 1914 2140 et
1940 2115 2056 2140 tamen
2081 2121 2153 2141 ser-

1161 2159 1319 2191 vabatur.
1372 2157 1422 2191 lta
1459 2157 1608 2190 sciamus
1649 2159 1760 2191 Deum
1797 2157 1834 2190 in
1871 2156 1933 2190 hac
1963 2159 2032 2191 vita
2067 2161 2152 2203 pios„

1160 2209 1295 2242 etiamsi
1320 2209 1555 2252 adfliguntur‚
1594 2209 1713 2241 iuvare
1738 2215 1872 2246 tamen,
1918 2208 2004 2242 sit-ut
2036 2210 2149 2255 iuquit

1159 2259 1338 2295 Christus:
1356 2259 1516 2303 Recipiet
1533 2261 1737 2303 centuplum
1760 2259 1794 2291 in
1812 2256 1876 2293 hac
1895 2260 1977 2300 vita,
1996 2263 2053 2293 sed
2073 2274 2150 2295 cuin

1160 2312 1402 2346 tribulatione.

1263 2362 1319 2395 Sic
1337 2361 1580 2405 intelligantur
1607 2357 1671 2393 hae
1698 2361 1902 2394 sententiae.
1959 2359 2091 2396 Potens
2113 2364 2148 2397 ιή

1161 2418 1257 2447 {erra
1274 2412 1340 2445 erit
1356 2424 1472 2446 semen
1499 2412 1592 2452 eius,
1618 2411 1746 2455 generi
1767 2417 1941 2445 rectorum
1969 2412 2152 2447 benedice-

1162 2469 1238 2500 tur,
1277 2465 1311 2496 id
1339 2471 1406 2502 est,
1437 2463 1570 2497 etiamsi
1595 2463 1641 2505 pii
1670 2463 1902 2506 adfligentur,
1938 2471 2053 2497 tamen
2080 2478 2150 2499 non

1163 2575 1196 2600 et
1225 2566 1464 2603 cumulabitur
1493 2565 1657 2598 omnibus
1691 2565 1810 2598 honis:
1855 2566 1944 2600 sicut
1969 2568 2153 2610 posteritas

120 2622 369 2665 expectandam
418 2619 606 2663 gloriosam
650 2619 805 2664 aliquam
853 2620 1112 2659 liberationem,
1135 2624 1137 2657 η’
1162 2617 1276 2651 David
1299 2617 1425 2650 mansit
1443 2617 1479 2648 in
1498 2616 1716 2660 possessione
1733 2616 1842 2660 regni,
1870 2618 2052 2662 posteritas
2065 2618 2153 2653 Sau-

121 2672 256 2707 etiamsi
278 2672 316 2705 in
340 2669 405 2705 hac
429 2671 500 2704 vita
521 2683 594 2704 non
612 2670 846 2714 contingeret:
876 2671 1008 2705 interea
1028 2682 1109 2703 vero

1164 2670 1206 2702 lis
1225 2675 1274 2701 est
1292 2669 1416 2702 deleta.

1455 2716 1537 2753 83*
