<?xml version="1.0" encoding="UTF-8"?>
<!DOCTYPE html PUBLIC "-//W3C//DTD XHTML 1.0 Transitional//EN"
    "http://www.w3.org/TR/xhtml1/DTD/xhtml1-transitional.dtd">
<html xmlns="http://www.w3.org/1999/xhtml" xml:lang="en" lang="en">
 <head>
  <title>
</title>
<meta http-equiv="Content-Type" content="text/html;charset=utf-8" />
  <meta name='ocr-system' content='tesseract 3.04.00' />
  <meta name='ocr-capabilities' content='ocr_page ocr_carea ocr_par ocr_line ocrx_word'/>
</head>
<body>
  <div class='ocr_page' id='page_1' title='image "./operaquaesupersu13melauoft_0293.png"; bbox 0 0 2379 2948; ppageno 0'>
   <div class='ocr_carea' id='block_1_1' title="bbox 172 127 243 163">
    <p class='ocr_par' dir='ltr' id='par_1_1' title="bbox 172 127 243 163">
     <span class='ocr_line' id='line_1_1' title="bbox 172 127 243 163; baseline 0.014 -1"><span class='ocrx_word' id='word_1_1' title='bbox 172 127 243 163; x_wconf 84' lang='lat'>561</span> 
     </span>
    </p>
   </div>
   <div class='ocr_carea' id='block_1_2' title="bbox 167 213 1158 456">
    <p class='ocr_par' dir='ltr' id='par_1_2' title="bbox 167 213 1158 456">
     <span class='ocr_line' id='line_1_2' title="bbox 172 213 1158 263; baseline 0 -11"><span class='ocrx_word' id='word_1_2' title='bbox 172 223 288 252; x_wconf 87' lang='lat' dir='ltr'>autem</span> <span class='ocrx_word' id='word_1_3' title='bbox 306 223 338 250; x_wconf 88' lang='lat' dir='ltr'>et</span> <span class='ocrx_word' id='word_1_4' title='bbox 356 213 413 250; x_wconf 86' lang='lat' dir='ltr'>bic</span> <span class='ocrx_word' id='word_1_5' title='bbox 429 216 553 251; x_wconf 90' lang='lat' dir='ltr'>titulus</span> <span class='ocrx_word' id='word_1_6' title='bbox 572 218 608 251; x_wconf 89' lang='lat' dir='ltr'>in</span> <span class='ocrx_word' id='word_1_7' title='bbox 628 218 938 262; x_wconf 80' lang='lat' dir='ltr'>praedicamentis,</span> <span class='ocrx_word' id='word_1_8' title='bbox 965 217 1048 263; x_wconf 89' lang='lat' dir='ltr'>quia</span> <span class='ocrx_word' id='word_1_9' title='bbox 1074 215 1158 252; x_wconf 88' lang='lat' dir='ltr'>haec</span> 
     </span>
     <span class='ocr_line' id='line_1_3' title="bbox 171 268 1157 313; baseline 0 -11"><span class='ocrx_word' id='word_1_10' title='bbox 171 268 435 303; x_wconf 79' lang='lat' dir='ltr'>circumstantia</span> <span class='ocrx_word' id='word_1_11' title='bbox 451 279 588 313; x_wconf 82' lang='lat' dir='ltr'><strong>semper</strong></span> <span class='ocrx_word' id='word_1_12' title='bbox 604 281 750 312; x_wconf 89' lang='lat' dir='ltr'>corpora</span> <span class='ocrx_word' id='word_1_13' title='bbox 771 269 969 309; x_wconf 76' lang='lat' dir='ltr'><strong>comitatur,</strong></span> <span class='ocrx_word' id='word_1_14' title='bbox 993 275 1026 302; x_wconf 90' lang='lat' dir='ltr'>et</span> <span class='ocrx_word' id='word_1_15' title='bbox 1045 269 1157 302; x_wconf 81' lang='lat' dir='ltr'>inter-</span> 
     </span>
     <span class='ocr_line' id='line_1_4' title="bbox 172 319 1158 364; baseline 0 -11"><span class='ocrx_word' id='word_1_16' title='bbox 172 321 258 353; x_wconf 91' lang='lat' dir='ltr'>dum</span> <span class='ocrx_word' id='word_1_17' title='bbox 283 319 484 353; x_wconf 87' lang='lat' dir='ltr'>observatio</span> <span class='ocrx_word' id='word_1_18' title='bbox 510 319 702 352; x_wconf 86' lang='lat' dir='ltr'>necessaria</span> <span class='ocrx_word' id='word_1_19' title='bbox 731 326 798 359; x_wconf 88' lang='lat' dir='ltr'>est,</span> <span class='ocrx_word' id='word_1_20' title='bbox 835 331 904 363; x_wconf 91' lang='lat' dir='ltr'>quo</span> <span class='ocrx_word' id='word_1_21' title='bbox 936 327 1051 363; x_wconf 89' lang='lat' dir='ltr'>partes</span> <span class='ocrx_word' id='word_1_22' title='bbox 1079 332 1158 364; x_wconf 85' lang='lat' dir='ltr'>spe—</span> 
     </span>
     <span class='ocr_line' id='line_1_5' title="bbox 170 370 1157 415; baseline 0.001 -11"><span class='ocrx_word' id='word_1_23' title='bbox 170 377 283 412; x_wconf 81' lang='lat' dir='ltr'>ctent,</span> <span class='ocrx_word' id='word_1_24' title='bbox 311 378 349 405; x_wconf 90' lang='lat' dir='ltr'>ut</span> <span class='ocrx_word' id='word_1_25' title='bbox 366 382 444 403; x_wconf 90' lang='lat' dir='ltr'>cum</span> <span class='ocrx_word' id='word_1_26' title='bbox 464 370 684 415; x_wconf 85' lang='lat' dir='ltr'>quaerimus,</span> <span class='ocrx_word' id='word_1_27' title='bbox 714 382 783 414; x_wconf 89' lang='lat' dir='ltr'>qno</span> <span class='ocrx_word' id='word_1_28' title='bbox 809 371 973 413; x_wconf 82' lang='lat' dir='ltr'>spectarit</span> <span class='ocrx_word' id='word_1_29' title='bbox 992 370 1157 405; x_wconf 63' lang='lat' dir='ltr'>Comatae</span> 
     </span>
     <span class='ocr_line' id='line_1_6' title="bbox 167 422 505 456; baseline 0 -2"><span class='ocrx_word' id='word_1_30' title='bbox 167 434 289 456; x_wconf 88' lang='lat' dir='ltr'>mucro</span> <span class='ocrx_word' id='word_1_31' title='bbox 308 433 368 455; x_wconf 87' lang='lat' dir='ltr'>seu</span> <span class='ocrx_word' id='word_1_32' title='bbox 385 422 505 454; x_wconf 89' lang='lat' dir='ltr'>cauda.</span> 
     </span>
    </p>
   </div>
   <div class='ocr_carea' id='block_1_3' title="bbox 527 535 791 577">
    <p class='ocr_par' dir='ltr' id='par_1_3' title="bbox 527 535 791 577">
     <span class='ocr_line' id='line_1_7' title="bbox 527 535 791 577; baseline 0.008 -2"><span class='ocrx_word' id='word_1_33' title='bbox 527 536 587 575; x_wconf 83' lang='lat' dir='ltr'>De</span> <span class='ocrx_word' id='word_1_34' title='bbox 623 535 791 577; x_wconf 81' lang='lat' dir='ltr'>Habitu.</span> 
     </span>
    </p>
   </div>
   <div class='ocr_carea' id='block_1_4' title="bbox 283 619 1025 665">
    <p class='ocr_par' dir='ltr' id='par_1_4' title="bbox 283 619 1025 665">
     <span class='ocr_line' id='line_1_8' title="bbox 283 619 1025 665; baseline 0 -10"><span class='ocrx_word' id='word_1_35' title='bbox 283 621 376 664; x_wconf 77' lang='lat' dir='ltr'>Quid</span> <span class='ocrx_word' id='word_1_36' title='bbox 392 624 450 655; x_wconf 78' lang='lat' dir='ltr'>est</span> <span class='ocrx_word' id='word_1_37' title='bbox 463 619 821 665; x_wconf 69' lang='lat' dir='ltr'><em>praedicamentum</em></span> <span class='ocrx_word' id='word_1_38' title='bbox 836 620 1025 655; x_wconf 77' lang='lat' dir='ltr'>Habitus?</span> 
     </span>
    </p>
   </div>
   <div class='ocr_carea' id='block_1_5' title="bbox 158 684 1154 1039">
    <p class='ocr_par' dir='ltr' id='par_1_5' title="bbox 158 684 1154 1039">
     <span class='ocr_line' id='line_1_9' title="bbox 267 684 1154 731; baseline -0.002 -9"><span class='ocrx_word' id='word_1_39' title='bbox 267 688 419 722; x_wconf 82' lang='lat' dir='ltr'><strong>Habitus</strong></span> <span class='ocrx_word' id='word_1_40' title='bbox 433 688 605 731; x_wconf 84' lang='lat' dir='ltr'>significat</span> <span class='ocrx_word' id='word_1_41' title='bbox 623 685 688 721; x_wconf 87' lang='lat' dir='ltr'>hoc</span> <span class='ocrx_word' id='word_1_42' title='bbox 705 687 782 720; x_wconf 86' lang='lat' dir='ltr'>loco</span> <span class='ocrx_word' id='word_1_43' title='bbox 799 689 977 723; x_wconf 73' lang='lat' dir='ltr'>vestitum.</span> <span class='ocrx_word' id='word_1_44' title='bbox 1021 685 1068 720; x_wconf 89' lang='lat' dir='ltr'>Et</span> <span class='ocrx_word' id='word_1_45' title='bbox 1085 684 1154 720; x_wconf 91' lang='lat' dir='ltr'>huc</span> 
     </span>
     <span class='ocr_line' id='line_1_10' title="bbox 166 738 1154 783; baseline -0.003 -10"><span class='ocrx_word' id='word_1_46' title='bbox 166 741 312 774; x_wconf 78' lang='lat' dir='ltr'>vestium</span> <span class='ocrx_word' id='word_1_47' title='bbox 332 747 364 773; x_wconf 87' lang='lat' dir='ltr'>et</span> <span class='ocrx_word' id='word_1_48' title='bbox 380 739 531 773; x_wconf 88' lang='lat' dir='ltr'>aliorum</span> <span class='ocrx_word' id='word_1_49' title='bbox 560 746 846 783; x_wconf 74' lang='lat' dir='ltr'>tegumentorum</span> <span class='ocrx_word' id='word_1_50' title='bbox 873 741 1019 773; x_wconf 89' lang='lat' dir='ltr'>nomina</span> <span class='ocrx_word' id='word_1_51' title='bbox 1042 738 1154 772; x_wconf 91' lang='lat' dir='ltr'>collo-</span> 
     </span>
     <span class='ocr_line' id='line_1_11' title="bbox 164 787 1152 833; baseline -0.002 -9"><span class='ocrx_word' id='word_1_52' title='bbox 164 793 274 824; x_wconf 88' lang='lat' dir='ltr'>canda</span> <span class='ocrx_word' id='word_1_53' title='bbox 299 798 398 831; x_wconf 91' lang='lat' dir='ltr'>sunt,</span> <span class='ocrx_word' id='word_1_54' title='bbox 433 797 471 824; x_wconf 92' lang='lat' dir='ltr'>ut</span> <span class='ocrx_word' id='word_1_55' title='bbox 493 790 633 830; x_wconf 90' lang='lat' dir='ltr'>tunica,</span> <span class='ocrx_word' id='word_1_56' title='bbox 669 787 813 830; x_wconf 78' lang='lat' dir='ltr'>thorax,</span> <span class='ocrx_word' id='word_1_57' title='bbox 843 791 998 831; x_wconf 86' lang='lat' dir='ltr'>calceus,</span> <span class='ocrx_word' id='word_1_58' title='bbox 1028 790 1152 833; x_wconf 90' lang='lat' dir='ltr'>pileus,</span> 
     </span>
     <span class='ocr_line' id='line_1_12' title="bbox 162 839 1153 887; baseline 0 -13"><span class='ocrx_word' id='word_1_59' title='bbox 162 843 277 886; x_wconf 82' lang='lat' dir='ltr'>galea,</span> <span class='ocrx_word' id='word_1_60' title='bbox 306 842 462 887; x_wconf 79' lang='lat' dir='ltr'><strong>clypeus.</strong></span> <span class='ocrx_word' id='word_1_61' title='bbox 514 839 648 886; x_wconf 84' lang='lat' dir='ltr'>Estque</span> <span class='ocrx_word' id='word_1_62' title='bbox 674 841 764 874; x_wconf 81' lang='lat' dir='ltr'>ratio</span> <span class='ocrx_word' id='word_1_63' title='bbox 789 841 963 875; x_wconf 78' lang='lat' dir='ltr'>vestiendi</span> <span class='ocrx_word' id='word_1_64' title='bbox 988 840 1153 875; x_wconf 82' lang='lat' dir='ltr'>conside-</span> 
     </span>
     <span class='ocr_line' id='line_1_13' title="bbox 161 891 1151 935; baseline -0.002 -9"><span class='ocrx_word' id='word_1_65' title='bbox 161 895 285 933; x_wconf 86' lang='lat' dir='ltr'>randa,</span> <span class='ocrx_word' id='word_1_66' title='bbox 314 905 387 926; x_wconf 86' lang='lat' dir='ltr'>non</span> <span class='ocrx_word' id='word_1_67' title='bbox 405 893 550 927; x_wconf 83' lang='lat' dir='ltr'>materia</span> <span class='ocrx_word' id='word_1_68' title='bbox 571 898 630 925; x_wconf 87' lang='lat' dir='ltr'>aut</span> <span class='ocrx_word' id='word_1_69' title='bbox 648 892 768 935; x_wconf 78' lang='lat' dir='ltr'>figura.</span> <span class='ocrx_word' id='word_1_70' title='bbox 794 891 975 926; x_wconf 86' lang='lat' dir='ltr'>Hactenus</span> <span class='ocrx_word' id='word_1_71' title='bbox 992 893 1034 925; x_wconf 91' lang='lat' dir='ltr'>de</span> <span class='ocrx_word' id='word_1_72' title='bbox 1052 904 1151 935; x_wconf 85' lang='lat' dir='ltr'>prae—</span> 
     </span>
     <span class='ocr_line' id='line_1_14' title="bbox 159 943 1151 979; baseline -0.002 -2"><span class='ocrx_word' id='word_1_73' title='bbox 159 945 368 977; x_wconf 86' lang='lat' dir='ltr'>dicamentis</span> <span class='ocrx_word' id='word_1_74' title='bbox 387 945 469 979; x_wconf 86' lang='lat' dir='ltr'>satis</span> <span class='ocrx_word' id='word_1_75' title='bbox 488 945 620 977; x_wconf 89' lang='lat' dir='ltr'>dictum</span> <span class='ocrx_word' id='word_1_76' title='bbox 638 950 698 978; x_wconf 91' lang='lat' dir='ltr'>est.</span> <span class='ocrx_word' id='word_1_77' title='bbox 742 943 884 977; x_wconf 75' lang='lat' dir='ltr'>Utilitas</span> <span class='ocrx_word' id='word_1_78' title='bbox 901 951 1015 977; x_wconf 87' lang='lat' dir='ltr'>autem</span> <span class='ocrx_word' id='word_1_79' title='bbox 1036 943 1071 975; x_wconf 90' lang='lat' dir='ltr'>in</span> <span class='ocrx_word' id='word_1_80' title='bbox 1091 944 1151 976; x_wconf 93' lang='lat' dir='ltr'>de-</span> 
     </span>
     <span class='ocr_line' id='line_1_15' title="bbox 158 994 1150 1039; baseline 0.001 -12"><span class='ocrx_word' id='word_1_81' title='bbox 158 995 382 1030; x_wconf 89' lang='lat' dir='ltr'>finitionibus</span> <span class='ocrx_word' id='word_1_82' title='bbox 401 1002 432 1029; x_wconf 87' lang='lat' dir='ltr'>et</span> <span class='ocrx_word' id='word_1_83' title='bbox 451 995 688 1029; x_wconf 81' lang='lat' dir='ltr'>divisionibus</span> <span class='ocrx_word' id='word_1_84' title='bbox 705 994 943 1039; x_wconf 84' lang='lat' dir='ltr'>conspicietur</span> <span class='ocrx_word' id='word_1_85' title='bbox 956 1022 964 1035; x_wconf 94' lang='lat'>,</span> <span class='ocrx_word' id='word_1_86' title='bbox 991 1001 1150 1039; x_wconf 81' lang='lat' dir='ltr'>utsupra</span> 
     </span>
    </p>
   </div>
   <div class='ocr_carea' id='block_1_6' title="bbox 159 1047 292 1080">
    <p class='ocr_par' dir='ltr' id='par_1_6' title="bbox 159 1047 292 1080">
     <span class='ocr_line' id='line_1_16' title="bbox 159 1047 292 1080; baseline 0.008 -1"><span class='ocrx_word' id='word_1_87' title='bbox 159 1047 292 1080; x_wconf 88' lang='lat' dir='ltr'>monui.</span> 
     </span>
    </p>
   </div>
   <div class='ocr_carea' id='block_1_7' title="bbox 364 1162 930 1216">
    <p class='ocr_par' dir='ltr' id='par_1_7' title="bbox 364 1162 930 1216">
     <span class='ocr_line' id='line_1_17' title="bbox 364 1162 930 1216; baseline -0.005 -12"><span class='ocrx_word' id='word_1_88' title='bbox 364 1164 431 1203; x_wconf 84' lang='lat' dir='ltr'>De</span> <span class='ocrx_word' id='word_1_89' title='bbox 462 1162 930 1216; x_wconf 80' lang='lat' dir='ltr'>Postpraedicamentis.</span> 
     </span>
    </p>
   </div>
   <div class='ocr_carea' id='block_1_8' title="bbox 273 1254 1029 1300">
    <p class='ocr_par' dir='ltr' id='par_1_8' title="bbox 273 1254 1029 1300">
     <span class='ocr_line' id='line_1_18' title="bbox 273 1254 1029 1300; baseline -0.003 -9"><span class='ocrx_word' id='word_1_90' title='bbox 273 1256 370 1298; x_wconf 72' lang='lat' dir='ltr'>Quid</span> <span class='ocrx_word' id='word_1_91' title='bbox 392 1260 574 1291; x_wconf 78' lang='lat' dir='ltr'>vocarunt</span> <span class='ocrx_word' id='word_1_92' title='bbox 598 1254 1029 1300; x_wconf 74' lang='lat' dir='ltr'>Postpraedicamenta?</span> 
     </span>
    </p>
   </div>
   <div class='ocr_carea' id='block_1_9' title="bbox 154 1323 1149 1772">
    <p class='ocr_par' dir='ltr' id='par_1_9' title="bbox 154 1323 1149 1772">
     <span class='ocr_line' id='line_1_19' title="bbox 261 1323 1149 1363; baseline 0 -8"><span class='ocrx_word' id='word_1_93' title='bbox 261 1323 450 1357; x_wconf 76' lang='lat' dir='ltr'>Vincimur</span> <span class='ocrx_word' id='word_1_94' title='bbox 467 1323 735 1363; x_wconf 90' lang='lat' dir='ltr'>consuetudine,</span> <span class='ocrx_word' id='word_1_95' title='bbox 760 1330 798 1356; x_wconf 86' lang='lat' dir='ltr'>nt</span> <span class='ocrx_word' id='word_1_96' title='bbox 817 1323 990 1356; x_wconf 89' lang='lat' dir='ltr'>vocabulo</span> <span class='ocrx_word' id='word_1_97' title='bbox 1008 1329 1149 1356; x_wconf 88' lang='lat' dir='ltr'>utamur</span> 
     </span>
     <span class='ocr_line' id='line_1_20' title="bbox 157 1373 1149 1417; baseline -0.003 -9"><span class='ocrx_word' id='word_1_98' title='bbox 157 1375 334 1408; x_wconf 82' lang='lat' dir='ltr'>inerudite</span> <span class='ocrx_word' id='word_1_99' title='bbox 367 1374 574 1417; x_wconf 80' lang='lat' dir='ltr'>excogitato,</span> <span class='ocrx_word' id='word_1_100' title='bbox 628 1373 700 1406; x_wconf 83' lang='lat' dir='ltr'>Nec</span> <span class='ocrx_word' id='word_1_101' title='bbox 723 1375 871 1406; x_wconf 87' lang='lat' dir='ltr'>obscura</span> <span class='ocrx_word' id='word_1_102' title='bbox 902 1374 1064 1407; x_wconf 85' lang='lat' dir='ltr'>doctrina</span> <span class='ocrx_word' id='word_1_103' title='bbox 1099 1380 1149 1405; x_wconf 83' lang='lat' dir='ltr'>est</span> 
     </span>
     <span class='ocr_line' id='line_1_21' title="bbox 155 1424 1148 1470; baseline -0.003 -11"><span class='ocrx_word' id='word_1_104' title='bbox 155 1424 262 1459; x_wconf 86' lang='lat' dir='ltr'>huius</span> <span class='ocrx_word' id='word_1_105' title='bbox 279 1425 398 1470; x_wconf 83' lang='lat' dir='ltr'>partis.</span> <span class='ocrx_word' id='word_1_106' title='bbox 435 1424 625 1469; x_wconf 89' lang='lat' dir='ltr'>Postquam</span> <span class='ocrx_word' id='word_1_107' title='bbox 641 1432 822 1469; x_wconf 87' lang='lat' dir='ltr'>utcunque</span> <span class='ocrx_word' id='word_1_108' title='bbox 844 1424 999 1468; x_wconf 86' lang='lat' dir='ltr'>exposita</span> <span class='ocrx_word' id='word_1_109' title='bbox 1016 1430 1067 1457; x_wconf 89' lang='lat' dir='ltr'>est</span> <span class='ocrx_word' id='word_1_110' title='bbox 1083 1424 1148 1456; x_wconf 92' lang='lat' dir='ltr'>do-</span> 
     </span>
     <span class='ocr_line' id='line_1_22' title="bbox 155 1475 1147 1521; baseline -0.004 -10"><span class='ocrx_word' id='word_1_111' title='bbox 155 1477 267 1511; x_wconf 87' lang='lat' dir='ltr'>ctrina</span> <span class='ocrx_word' id='word_1_112' title='bbox 287 1478 330 1510; x_wconf 87' lang='lat' dir='ltr'>de</span> <span class='ocrx_word' id='word_1_113' title='bbox 348 1475 660 1521; x_wconf 78' lang='lat' dir='ltr'>praedicamentis,</span> <span class='ocrx_word' id='word_1_114' title='bbox 687 1476 821 1509; x_wconf 81' lang='lat' dir='ltr'>adiecta</span> <span class='ocrx_word' id='word_1_115' title='bbox 839 1482 889 1509; x_wconf 86' lang='lat' dir='ltr'>est</span> <span class='ocrx_word' id='word_1_116' title='bbox 907 1475 1147 1509; x_wconf 86' lang='lat' dir='ltr'>commonefa-</span> 
     </span>
     <span class='ocr_line' id='line_1_23' title="bbox 154 1527 1146 1573; baseline -0.004 -11"><span class='ocrx_word' id='word_1_117' title='bbox 154 1530 223 1563; x_wconf 85' lang='lat' dir='ltr'>ctio</span> <span class='ocrx_word' id='word_1_118' title='bbox 242 1529 284 1561; x_wconf 90' lang='lat' dir='ltr'>de</span> <span class='ocrx_word' id='word_1_119' title='bbox 301 1527 420 1572; x_wconf 87' lang='lat' dir='ltr'>paucis</span> <span class='ocrx_word' id='word_1_120' title='bbox 438 1527 652 1573; x_wconf 84' lang='lat' dir='ltr'>quibusdam</span> <span class='ocrx_word' id='word_1_121' title='bbox 669 1527 850 1560; x_wconf 69' lang='lat' dir='ltr'>vocabulis</span> <span class='ocrx_word' id='word_1_122' title='bbox 866 1527 1050 1570; x_wconf 81' lang='lat' dir='ltr'>ambiguis,</span> <span class='ocrx_word' id='word_1_123' title='bbox 1068 1538 1146 1560; x_wconf 91' lang='lat' dir='ltr'>cnm</span> 
     </span>
     <span class='ocr_line' id='line_1_24' title="bbox 156 1578 1145 1624; baseline -0.003 -11"><span class='ocrx_word' id='word_1_124' title='bbox 156 1580 269 1613; x_wconf 90' lang='lat' dir='ltr'>multo</span> <span class='ocrx_word' id='word_1_125' title='bbox 288 1579 388 1624; x_wconf 87' lang='lat' dir='ltr'>plura</span> <span class='ocrx_word' id='word_1_126' title='bbox 405 1578 578 1611; x_wconf 80' lang='lat' dir='ltr'>recenseri</span> <span class='ocrx_word' id='word_1_127' title='bbox 597 1579 803 1623; x_wconf 82' lang='lat' dir='ltr'>potuissent.</span> <span class='ocrx_word' id='word_1_128' title='bbox 847 1578 1047 1611; x_wconf 77' lang='lat' dir='ltr'>Nominant</span> <span class='ocrx_word' id='word_1_129' title='bbox 1065 1589 1145 1621; x_wconf 88' lang='lat' dir='ltr'>ergo</span> 
     </span>
     <span class='ocr_line' id='line_1_25' title="bbox 157 1629 1147 1675; baseline -0.003 -11"><span class='ocrx_word' id='word_1_130' title='bbox 157 1630 519 1675; x_wconf 84' lang='lat' dir='ltr'>postpraedicamenta</span> <span class='ocrx_word' id='word_1_131' title='bbox 540 1630 792 1663; x_wconf 81' lang='lat' dir='ltr'>vocabulorum</span> <span class='ocrx_word' id='word_1_132' title='bbox 810 1630 945 1674; x_wconf 80' lang='lat' dir='ltr'>aliquot</span> <span class='ocrx_word' id='word_1_133' title='bbox 962 1629 1147 1672; x_wconf 86' lang='lat' dir='ltr'>ambiguo-</span> 
     </span>
     <span class='ocr_line' id='line_1_26' title="bbox 155 1679 1146 1724; baseline -0.002 -9"><span class='ocrx_word' id='word_1_134' title='bbox 155 1695 233 1716; x_wconf 90' lang='lat' dir='ltr'>rum</span> <span class='ocrx_word' id='word_1_135' title='bbox 251 1681 534 1719; x_wconf 78' lang='lat' dir='ltr'>enarrationem,</span> <span class='ocrx_word' id='word_1_136' title='bbox 563 1680 745 1721; x_wconf 79' lang='lat' dir='ltr'>videlicet,</span> <span class='ocrx_word' id='word_1_137' title='bbox 773 1679 1040 1724; x_wconf 85' lang='lat' dir='ltr'>Oppositionis,</span> <span class='ocrx_word' id='word_1_138' title='bbox 1067 1692 1146 1724; x_wconf 88' lang='lat' dir='ltr'>par-</span> 
     </span>
     <span class='ocr_line' id='line_1_27' title="bbox 155 1731 947 1772; baseline -0.003 -5"><span class='ocrx_word' id='word_1_139' title='bbox 155 1734 343 1768; x_wconf 87' lang='lat' dir='ltr'>ticularum</span> <span class='ocrx_word' id='word_1_140' title='bbox 363 1732 487 1772; x_wconf 86' lang='lat' dir='ltr'>Prius,</span> <span class='ocrx_word' id='word_1_141' title='bbox 514 1731 651 1772; x_wconf 85' lang='lat' dir='ltr'>Simul,</span> <span class='ocrx_word' id='word_1_142' title='bbox 678 1732 776 1764; x_wconf 72' lang='lat' dir='ltr'>verbi</span> <span class='ocrx_word' id='word_1_143' title='bbox 796 1731 947 1766; x_wconf 75' lang='lat' dir='ltr'>Habere.</span> 
     </span>
    </p>
   </div>
   <div class='ocr_carea' id='block_1_10' title="bbox 329 1824 980 1871">
    <p class='ocr_par' dir='ltr' id='par_1_10' title="bbox 329 1824 980 1871">
     <span class='ocr_line' id='line_1_28' title="bbox 329 1824 980 1871; baseline -0.003 -11"><span class='ocrx_word' id='word_1_144' title='bbox 329 1829 425 1867; x_wconf 80' lang='lat' dir='ltr'>Quot</span> <span class='ocrx_word' id='word_1_145' title='bbox 443 1825 562 1860; x_wconf 73' lang='lat' dir='ltr'>modis</span> <span class='ocrx_word' id='word_1_146' title='bbox 582 1828 757 1871; x_wconf 76' lang='lat' dir='ltr'>Opposita</span> <span class='ocrx_word' id='word_1_147' title='bbox 775 1824 980 1860; x_wconf 80' lang='lat' dir='ltr'>dicuntur?</span> 
     </span>
    </p>
   </div>
   <div class='ocr_carea' id='block_1_11' title="bbox 154 1892 1146 2143">
    <p class='ocr_par' dir='ltr' id='par_1_11' title="bbox 154 1892 1146 2143">
     <span class='ocr_line' id='line_1_29' title="bbox 257 1892 1145 1939; baseline -0.003 -10"><span class='ocrx_word' id='word_1_148' title='bbox 257 1895 368 1939; x_wconf 86' lang='lat' dir='ltr'>Saepe</span> <span class='ocrx_word' id='word_1_149' title='bbox 386 1895 423 1927; x_wconf 92' lang='lat' dir='ltr'>in</span> <span class='ocrx_word' id='word_1_150' title='bbox 436 1894 638 1927; x_wconf 87' lang='lat' dir='ltr'>Dialecticis</span> <span class='ocrx_word' id='word_1_151' title='bbox 653 1895 824 1938; x_wconf 87' lang='lat' dir='ltr'>repetitur</span> <span class='ocrx_word' id='word_1_152' title='bbox 842 1892 926 1927; x_wconf 87' lang='lat' dir='ltr'>haec</span> <span class='ocrx_word' id='word_1_153' title='bbox 942 1905 1145 1927; x_wconf 90' lang='lat' dir='ltr'>commone—</span> 
     </span>
     <span class='ocr_line' id='line_1_30' title="bbox 154 1945 1145 1990; baseline -0.003 -10"><span class='ocrx_word' id='word_1_154' title='bbox 154 1947 280 1987; x_wconf 79' lang='lat' dir='ltr'>factio,</span> <span class='ocrx_word' id='word_1_155' title='bbox 308 1946 473 1990; x_wconf 83' lang='lat' dir='ltr'>Quatuor</span> <span class='ocrx_word' id='word_1_156' title='bbox 494 1945 610 1978; x_wconf 86' lang='lat' dir='ltr'>modis</span> <span class='ocrx_word' id='word_1_157' title='bbox 633 1946 704 1978; x_wconf 88' lang='lat' dir='ltr'>dici</span> <span class='ocrx_word' id='word_1_158' title='bbox 728 1945 907 1990; x_wconf 84' lang='lat' dir='ltr'>opposita,</span> <span class='ocrx_word' id='word_1_159' title='bbox 934 1952 965 1978; x_wconf 90' lang='lat' dir='ltr'>et</span> <span class='ocrx_word' id='word_1_160' title='bbox 990 1945 1081 1978; x_wconf 82' lang='lat' dir='ltr'>insra</span> <span class='ocrx_word' id='word_1_161' title='bbox 1108 1946 1145 1977; x_wconf 93' lang='lat' dir='ltr'>in</span> 
     </span>
     <span class='ocr_line' id='line_1_31' title="bbox 155 1997 1146 2042; baseline -0.001 -12"><span class='ocrx_word' id='word_1_162' title='bbox 155 1999 240 2031; x_wconf 82' lang='lat' dir='ltr'>locis</span> <span class='ocrx_word' id='word_1_163' title='bbox 259 1998 409 2037; x_wconf 89' lang='lat' dir='ltr'>dicitur,</span> <span class='ocrx_word' id='word_1_164' title='bbox 437 1998 616 2042; x_wconf 88' lang='lat' dir='ltr'>quomodo</span> <span class='ocrx_word' id='word_1_165' title='bbox 634 2010 650 2029; x_wconf 92' lang='lat' dir='ltr'>a</span> <span class='ocrx_word' id='word_1_166' title='bbox 672 1997 819 2039; x_wconf 83' lang='lat' dir='ltr'>singulis</span> <span class='ocrx_word' id='word_1_167' title='bbox 837 1997 950 2029; x_wconf 86' lang='lat' dir='ltr'>modis</span> <span class='ocrx_word' id='word_1_168' title='bbox 969 1997 1146 2030; x_wconf 81' lang='lat' dir='ltr'>ducantur</span> 
     </span>
     <span class='ocr_line' id='line_1_32' title="bbox 156 2048 1145 2094; baseline -0.001 -13"><span class='ocrx_word' id='word_1_169' title='bbox 156 2056 379 2092; x_wconf 79' lang='lat' dir='ltr'>argumenta,</span> <span class='ocrx_word' id='word_1_170' title='bbox 416 2050 510 2094; x_wconf 87' lang='lat' dir='ltr'>quod</span> <span class='ocrx_word' id='word_1_171' title='bbox 539 2049 574 2080; x_wconf 91' lang='lat' dir='ltr'>in</span> <span class='ocrx_word' id='word_1_172' title='bbox 601 2049 781 2081; x_wconf 86' lang='lat' dir='ltr'>communi</span> <span class='ocrx_word' id='word_1_173' title='bbox 807 2048 877 2081; x_wconf 73' lang='lat' dir='ltr'>vita</span> <span class='ocrx_word' id='word_1_174' title='bbox 902 2048 982 2081; x_wconf 86' lang='lat' dir='ltr'>sciri</span> <span class='ocrx_word' id='word_1_175' title='bbox 1007 2059 1145 2081; x_wconf 88' lang='lat' dir='ltr'>necesse</span> 
     </span>
     <span class='ocr_line' id='line_1_33' title="bbox 156 2099 1053 2143; baseline -0.001 -10"><span class='ocrx_word' id='word_1_176' title='bbox 156 2107 217 2133; x_wconf 83' lang='lat' dir='ltr'>est.</span> <span class='ocrx_word' id='word_1_177' title='bbox 272 2100 373 2133; x_wconf 68' lang='lat' dir='ltr'>Nunc</span> <span class='ocrx_word' id='word_1_178' title='bbox 392 2099 598 2133; x_wconf 84' lang='lat' dir='ltr'>brevissime</span> <span class='ocrx_word' id='word_1_179' title='bbox 615 2100 870 2143; x_wconf 85' lang='lat' dir='ltr'>appellationes</span> <span class='ocrx_word' id='word_1_180' title='bbox 888 2099 1053 2133; x_wconf 83' lang='lat' dir='ltr'>recitabo.</span> 
     </span>
    </p>
   </div>
   <div class='ocr_carea' id='block_1_12' title="bbox 153 2158 1144 2806">
    <p class='ocr_par' dir='ltr' id='par_1_12' title="bbox 153 2158 1144 2765">
     <span class='ocr_line' id='line_1_34' title="bbox 257 2158 1144 2204; baseline 0.006 -13"><span class='ocrx_word' id='word_1_181' title='bbox 257 2158 398 2192; x_wconf 87' lang='lat' dir='ltr'>Primus</span> <span class='ocrx_word' id='word_1_182' title='bbox 413 2160 541 2193; x_wconf 80' lang='lat' dir='ltr'>modus</span> <span class='ocrx_word' id='word_1_183' title='bbox 559 2166 626 2193; x_wconf 87' lang='lat' dir='ltr'>est:</span> <span class='ocrx_word' id='word_1_184' title='bbox 656 2159 844 2193; x_wconf 86' lang='lat' dir='ltr'>Contrarie</span> <span class='ocrx_word' id='word_1_185' title='bbox 863 2160 1025 2204; x_wconf 88' lang='lat' dir='ltr'>opposita</span> <span class='ocrx_word' id='word_1_186' title='bbox 1050 2170 1144 2202; x_wconf 87' lang='lat' dir='ltr'>sunt,</span> 
     </span>
     <span class='ocr_line' id='line_1_35' title="bbox 153 2211 1141 2256; baseline 0.003 -12"><span class='ocrx_word' id='word_1_187' title='bbox 153 2219 193 2244; x_wconf 86' lang='lat' dir='ltr'>ut</span> <span class='ocrx_word' id='word_1_188' title='bbox 211 2211 334 2243; x_wconf 82' lang='lat' dir='ltr'>usitate</span> <span class='ocrx_word' id='word_1_189' title='bbox 352 2211 542 2255; x_wconf 88' lang='lat' dir='ltr'>loquimur,</span> <span class='ocrx_word' id='word_1_190' title='bbox 570 2212 659 2244; x_wconf 90' lang='lat' dir='ltr'>duae</span> <span class='ocrx_word' id='word_1_191' title='bbox 677 2212 874 2256; x_wconf 84' lang='lat' dir='ltr'>qualitates,</span> <span class='ocrx_word' id='word_1_192' title='bbox 904 2224 1053 2256; x_wconf 86' lang='lat' dir='ltr'>quarum</span> <span class='ocrx_word' id='word_1_193' title='bbox 1072 2226 1141 2247; x_wconf 87' lang='lat' dir='ltr'>una</span> 
     </span>
     <span class='ocr_line' id='line_1_36' title="bbox 155 2261 1143 2309; baseline 0.003 -14"><span class='ocrx_word' id='word_1_194' title='bbox 155 2262 256 2306; x_wconf 86' lang='lat' dir='ltr'>pellit</span> <span class='ocrx_word' id='word_1_195' title='bbox 272 2261 428 2299; x_wconf 84' lang='lat' dir='ltr'>alteram,</span> <span class='ocrx_word' id='word_1_196' title='bbox 455 2269 510 2295; x_wconf 79' lang='lat' dir='ltr'>ut:</span> <span class='ocrx_word' id='word_1_197' title='bbox 535 2262 694 2296; x_wconf 86' lang='lat' dir='ltr'>caliditas</span> <span class='ocrx_word' id='word_1_198' title='bbox 711 2269 744 2295; x_wconf 86' lang='lat' dir='ltr'>et</span> <span class='ocrx_word' id='word_1_199' title='bbox 763 2263 948 2306; x_wconf 78' lang='lat' dir='ltr'>frigiditas,</span> <span class='ocrx_word' id='word_1_200' title='bbox 975 2275 1035 2296; x_wconf 83' lang='lat' dir='ltr'>seu</span> <span class='ocrx_word' id='word_1_201' title='bbox 1053 2277 1143 2309; x_wconf 91' lang='lat' dir='ltr'>quae</span> 
     </span>
     <span class='ocr_line' id='line_1_37' title="bbox 154 2312 1141 2357; baseline 0.002 -11"><span class='ocrx_word' id='word_1_202' title='bbox 154 2315 192 2346; x_wconf 91' lang='lat' dir='ltr'>in</span> <span class='ocrx_word' id='word_1_203' title='bbox 217 2312 385 2356; x_wconf 84' lang='lat' dir='ltr'>gradibus</span> <span class='ocrx_word' id='word_1_204' title='bbox 413 2313 664 2346; x_wconf 79' lang='lat' dir='ltr'>excellentibus</span> <span class='ocrx_word' id='word_1_205' title='bbox 690 2325 763 2346; x_wconf 91' lang='lat' dir='ltr'>non</span> <span class='ocrx_word' id='word_1_206' title='bbox 789 2322 935 2357; x_wconf 89' lang='lat' dir='ltr'>possunt</span> <span class='ocrx_word' id='word_1_207' title='bbox 967 2315 1073 2348; x_wconf 90' lang='lat' dir='ltr'>simul</span> <span class='ocrx_word' id='word_1_208' title='bbox 1104 2316 1141 2348; x_wconf 91' lang='lat' dir='ltr'>in</span> 
     </span>
     <span class='ocr_line' id='line_1_38' title="bbox 155 2363 1142 2408; baseline 0.003 -10"><span class='ocrx_word' id='word_1_209' title='bbox 155 2366 276 2398; x_wconf 88' lang='lat' dir='ltr'>eodem</span> <span class='ocrx_word' id='word_1_210' title='bbox 309 2363 467 2395; x_wconf 83' lang='lat' dir='ltr'>subiecto</span> <span class='ocrx_word' id='word_1_211' title='bbox 501 2374 584 2398; x_wconf 86' lang='lat' dir='ltr'>esse.</span> <span class='ocrx_word' id='word_1_212' title='bbox 644 2364 757 2408; x_wconf 83' lang='lat' dir='ltr'>Supra</span> <span class='ocrx_word' id='word_1_213' title='bbox 791 2365 885 2398; x_wconf 84' lang='lat' dir='ltr'>enim</span> <span class='ocrx_word' id='word_1_214' title='bbox 917 2366 1050 2399; x_wconf 89' lang='lat' dir='ltr'>dictum</span> <span class='ocrx_word' id='word_1_215' title='bbox 1082 2375 1142 2407; x_wconf 90' lang='lat' dir='ltr'>est,</span> 
     </span>
     <span class='ocr_line' id='line_1_39' title="bbox 154 2413 1139 2463; baseline 0.003 -14"><span class='ocrx_word' id='word_1_216' title='bbox 154 2415 334 2461; x_wconf 80' lang='lat' dir='ltr'>qualitatis</span> <span class='ocrx_word' id='word_1_217' title='bbox 353 2414 422 2446; x_wconf 90' lang='lat' dir='ltr'>dici</span> <span class='ocrx_word' id='word_1_218' title='bbox 440 2414 645 2453; x_wconf 82' lang='lat' dir='ltr'>contrarias,</span> <span class='ocrx_word' id='word_1_219' title='bbox 669 2416 751 2460; x_wconf 83' lang='lat' dir='ltr'>quia</span> <span class='ocrx_word' id='word_1_220' title='bbox 768 2413 895 2450; x_wconf 88' lang='lat' dir='ltr'>harum</span> <span class='ocrx_word' id='word_1_221' title='bbox 912 2418 1003 2450; x_wconf 89' lang='lat' dir='ltr'>actio</span> <span class='ocrx_word' id='word_1_222' title='bbox 1022 2418 1139 2463; x_wconf 84' lang='lat' dir='ltr'>aliqua</span> 
     </span>
     <span class='ocr_line' id='line_1_40' title="bbox 153 2463 1139 2512; baseline 0.003 -12"><span class='ocrx_word' id='word_1_223' title='bbox 153 2479 214 2501; x_wconf 85' lang='lat' dir='ltr'>seu</span> <span class='ocrx_word' id='word_1_224' title='bbox 231 2465 368 2499; x_wconf 76' lang='lat' dir='ltr'>effectio</span> <span class='ocrx_word' id='word_1_225' title='bbox 386 2472 447 2500; x_wconf 88' lang='lat' dir='ltr'>est.</span> <span class='ocrx_word' id='word_1_226' title='bbox 488 2463 560 2498; x_wconf 73' lang='lat' dir='ltr'>Res</span> <span class='ocrx_word' id='word_1_227' title='bbox 577 2465 729 2506; x_wconf 88' lang='lat' dir='ltr'>ociosae,</span> <span class='ocrx_word' id='word_1_228' title='bbox 756 2474 795 2500; x_wconf 86' lang='lat' dir='ltr'>nt</span> <span class='ocrx_word' id='word_1_229' title='bbox 813 2468 1037 2512; x_wconf 86' lang='lat' dir='ltr'>quantitates,</span> <span class='ocrx_word' id='word_1_230' title='bbox 1065 2482 1139 2503; x_wconf 91' lang='lat' dir='ltr'>non</span> 
     </span>
     <span class='ocr_line' id='line_1_41' title="bbox 153 2514 1139 2562; baseline 0.005 -12"><span class='ocrx_word' id='word_1_231' title='bbox 153 2519 316 2551; x_wconf 83' lang='lat' dir='ltr'>dicentur</span> <span class='ocrx_word' id='word_1_232' title='bbox 335 2516 544 2550; x_wconf 85' lang='lat' dir='ltr'>contrariae.</span> <span class='ocrx_word' id='word_1_233' title='bbox 586 2514 749 2550; x_wconf 84' lang='lat' dir='ltr'>Relative</span> <span class='ocrx_word' id='word_1_234' title='bbox 767 2519 930 2562; x_wconf 87' lang='lat' dir='ltr'>opposita</span> <span class='ocrx_word' id='word_1_235' title='bbox 948 2527 1031 2554; x_wconf 91' lang='lat' dir='ltr'>sunt</span> <span class='ocrx_word' id='word_1_236' title='bbox 1047 2521 1139 2554; x_wconf 87' lang='lat' dir='ltr'>rela-</span> 
     </span>
     <span class='ocr_line' id='line_1_42' title="bbox 153 2566 1139 2606; baseline 0.004 -4"><span class='ocrx_word' id='word_1_237' title='bbox 153 2570 264 2602; x_wconf 85' lang='lat' dir='ltr'>tivum</span> <span class='ocrx_word' id='word_1_238' title='bbox 282 2575 314 2601; x_wconf 91' lang='lat' dir='ltr'>et</span> <span class='ocrx_word' id='word_1_239' title='bbox 330 2567 600 2603; x_wconf 77' lang='lat' dir='ltr'>correlativum,</span> <span class='ocrx_word' id='word_1_240' title='bbox 627 2573 682 2600; x_wconf 86' lang='lat' dir='ltr'>nt:</span> <span class='ocrx_word' id='word_1_241' title='bbox 711 2566 814 2601; x_wconf 82' lang='lat' dir='ltr'>Pater</span> <span class='ocrx_word' id='word_1_242' title='bbox 836 2576 868 2603; x_wconf 90' lang='lat' dir='ltr'>et</span> <span class='ocrx_word' id='word_1_243' title='bbox 885 2570 990 2605; x_wconf 76' lang='lat' dir='ltr'>silius.</span> <span class='ocrx_word' id='word_1_244' title='bbox 1041 2571 1139 2606; x_wconf 80' lang='lat' dir='ltr'>Haec</span> 
     </span>
     <span class='ocr_line' id='line_1_43' title="bbox 154 2618 1138 2664; baseline 0.004 -11"><span class='ocrx_word' id='word_1_245' title='bbox 154 2633 227 2653; x_wconf 90' lang='lat' dir='ltr'>non</span> <span class='ocrx_word' id='word_1_246' title='bbox 247 2626 392 2664; x_wconf 84' lang='lat' dir='ltr'>possunt</span> <span class='ocrx_word' id='word_1_247' title='bbox 408 2618 491 2659; x_wconf 89' lang='lat' dir='ltr'>uni,</span> <span class='ocrx_word' id='word_1_248' title='bbox 519 2624 675 2661; x_wconf 79' lang='lat' dir='ltr'>respectu</span> <span class='ocrx_word' id='word_1_249' title='bbox 695 2618 850 2652; x_wconf 87' lang='lat' dir='ltr'>eiusdem</span> <span class='ocrx_word' id='word_1_250' title='bbox 864 2647 873 2660; x_wconf 88' lang='lat'>,</span> <span class='ocrx_word' id='word_1_251' title='bbox 901 2622 1022 2657; x_wconf 83' lang='lat' dir='ltr'>tribui.</span> <span class='ocrx_word' id='word_1_252' title='bbox 1058 2623 1138 2657; x_wconf 91' lang='lat' dir='ltr'>Pri-</span> 
     </span>
     <span class='ocr_line' id='line_1_44' title="bbox 154 2670 1140 2714; baseline 0.005 -11"><span class='ocrx_word' id='word_1_253' title='bbox 154 2671 296 2705; x_wconf 84' lang='lat' dir='ltr'>vatione</span> <span class='ocrx_word' id='word_1_254' title='bbox 321 2670 483 2714; x_wconf 85' lang='lat' dir='ltr'>opposita</span> <span class='ocrx_word' id='word_1_255' title='bbox 510 2675 591 2702; x_wconf 88' lang='lat' dir='ltr'>sunt</span> <span class='ocrx_word' id='word_1_256' title='bbox 615 2681 668 2701; x_wconf 83' lang='lat' dir='ltr'>res</span> <span class='ocrx_word' id='word_1_257' title='bbox 694 2676 726 2703; x_wconf 85' lang='lat' dir='ltr'>et</span> <span class='ocrx_word' id='word_1_258' title='bbox 750 2670 919 2713; x_wconf 76' lang='lat' dir='ltr'>privatio,</span> <span class='ocrx_word' id='word_1_259' title='bbox 946 2680 1000 2706; x_wconf 89' lang='lat' dir='ltr'>ut:</span> <span class='ocrx_word' id='word_1_260' title='bbox 1029 2674 1089 2707; x_wconf 82' lang='lat' dir='ltr'>lux</span> <span class='ocrx_word' id='word_1_261' title='bbox 1107 2683 1140 2709; x_wconf 88' lang='lat' dir='ltr'>et</span> 
     </span>
     <span class='ocr_line' id='line_1_45' title="bbox 154 2720 1138 2765; baseline 0.004 -10"><span class='ocrx_word' id='word_1_262' title='bbox 154 2723 328 2755; x_wconf 83' lang='lat' dir='ltr'>tenebrae.</span> <span class='ocrx_word' id='word_1_263' title='bbox 368 2720 456 2755; x_wconf 89' lang='lat' dir='ltr'>Nam</span> <span class='ocrx_word' id='word_1_264' title='bbox 474 2720 640 2754; x_wconf 86' lang='lat' dir='ltr'>tenebrae</span> <span class='ocrx_word' id='word_1_265' title='bbox 656 2732 729 2753; x_wconf 91' lang='lat' dir='ltr'>non</span> <span class='ocrx_word' id='word_1_266' title='bbox 746 2721 942 2764; x_wconf 83' lang='lat' dir='ltr'>significant</span> <span class='ocrx_word' id='word_1_267' title='bbox 960 2735 1031 2757; x_wconf 86' lang='lat' dir='ltr'>rem</span> <span class='ocrx_word' id='word_1_268' title='bbox 1044 2752 1052 2765; x_wconf 89' lang='lat'>‚</span> <span class='ocrx_word' id='word_1_269' title='bbox 1078 2727 1138 2759; x_wconf 90' lang='lat' dir='ltr'>sed</span> 
     </span>
    </p>

    <p class='ocr_par' dir='ltr' id='par_1_13' title="bbox 200 2772 718 2806">
     <span class='ocr_line' id='line_1_46' title="bbox 200 2772 718 2806; baseline 0 -1"><span class='ocrx_word' id='word_1_270' title='bbox 200 2774 375 2806; x_wconf 53' lang='lat' dir='ltr'>Munus</span> <span class='ocrx_word' id='word_1_271' title='bbox 398 2774 500 2806; x_wconf 69' lang='lat' dir='ltr'>Ocra.</span> <span class='ocrx_word' id='word_1_272' title='bbox 526 2774 606 2804; x_wconf 62' lang='lat' dir='ltr'>Voi„</span> <span class='ocrx_word' id='word_1_273' title='bbox 625 2772 718 2806; x_wconf 81' lang='lat' dir='ltr'>XIII.</span> 
     </span>
    </p>
   </div>
   <div class='ocr_carea' id='block_1_13' title="bbox 794 129 1594 174">
    <p class='ocr_par' dir='ltr' id='par_1_14' title="bbox 794 129 1594 174">
     <span class='ocr_line' id='line_1_47' title="bbox 794 129 1594 174; baseline 0.011 -9"><span class='ocrx_word' id='word_1_274' title='bbox 794 130 854 167; x_wconf 90' lang='lat' dir='ltr'>1V.</span> <span class='ocrx_word' id='word_1_275' title='bbox 908 129 1232 168; x_wconf 85' lang='lat' dir='ltr'><strong>EROTEMATA</strong></span> <span class='ocrx_word' id='word_1_276' title='bbox 1259 131 1594 174; x_wconf 89' lang='lat' dir='ltr'><strong>DIALECTICES.</strong></span> 
     </span>
    </p>
   </div>
   <div class='ocr_carea' id='block_1_14' title="bbox 1171 1704 1824 1751">
    <p class='ocr_par' dir='ltr' id='par_1_15' title="bbox 1171 1704 1824 1751">
     <span class='ocr_line' id='line_1_48' title="bbox 1171 1704 1824 1751; baseline 0.012 -16"><span class='ocrx_word' id='word_1_277' title='bbox 1171 1730 1173 1740; x_wconf 25' lang='grc' dir='ltr'>ι</span> <span class='ocrx_word' id='word_1_278' title='bbox 1199 1716 1317 1748; x_wconf 79' lang='lat' dir='ltr'>poin0,</span> <span class='ocrx_word' id='word_1_279' title='bbox 1343 1704 1521 1738; x_wconf 84' lang='lat' dir='ltr'>Romulus</span> <span class='ocrx_word' id='word_1_280' title='bbox 1539 1708 1635 1750; x_wconf 87' lang='lat' dir='ltr'>prior</span> <span class='ocrx_word' id='word_1_281' title='bbox 1652 1708 1824 1751; x_wconf 66' lang='lat' dir='ltr'>Augusto.</span> 
     </span>
    </p>
   </div>
   <div class='ocr_carea' id='block_1_15' title="bbox 1166 1132 1179 2433">
    <p class='ocr_par' dir='ltr' id='par_1_16' title="bbox 1166 1132 1179 2433">
     <span class='ocr_line' id='line_1_49' title="bbox 1166 1132 1179 2433; baseline 0 0"><span class='ocrx_word' id='word_1_282' title='bbox 1166 1132 1179 2433; x_wconf 95' lang='lat' dir='ltr'> </span> 
     </span>
    </p>
   </div>
   <div class='ocr_carea' id='block_1_16' title="bbox 2127 146 2201 184">
    <p class='ocr_par' dir='ltr' id='par_1_17' title="bbox 2127 146 2201 184">
     <span class='ocr_line' id='line_1_50' title="bbox 2127 146 2201 184; baseline 0.054 -4"><span class='ocrx_word' id='word_1_283' title='bbox 2127 146 2201 184; x_wconf 77' lang='lat'>562</span> 
     </span>
    </p>
   </div>
   <div class='ocr_carea' id='block_1_17' title="bbox 1199 221 2196 1493">
    <p class='ocr_par' dir='ltr' id='par_1_18' title="bbox 1199 221 2196 1493">
     <span class='ocr_line' id='line_1_51' title="bbox 1211 221 2196 270; baseline 0.017 -17"><span class='ocrx_word' id='word_1_284' title='bbox 1211 221 1409 265; x_wconf 87' lang='lat' dir='ltr'>significant</span> <span class='ocrx_word' id='word_1_285' title='bbox 1426 229 1562 258; x_wconf 88' lang='lat' dir='ltr'>tantum</span> <span class='ocrx_word' id='word_1_286' title='bbox 1581 227 1776 262; x_wconf 87' lang='lat' dir='ltr'>nuditatem</span> <span class='ocrx_word' id='word_1_287' title='bbox 1790 256 1799 270; x_wconf 89' lang='lat'>,</span> <span class='ocrx_word' id='word_1_288' title='bbox 1826 240 1886 263; x_wconf 90' lang='lat' dir='ltr'>seu</span> <span class='ocrx_word' id='word_1_289' title='bbox 1901 232 2093 266; x_wconf 82' lang='lat' dir='ltr'>absentiam</span> <span class='ocrx_word' id='word_1_290' title='bbox 2118 236 2196 269; x_wconf 87' lang='lat' dir='ltr'>sor——</span> 
     </span>
     <span class='ocr_line' id='line_1_52' title="bbox 1210 273 2192 328; baseline 0.017 -25"><span class='ocrx_word' id='word_1_291' title='bbox 1210 284 1305 312; x_wconf 88' lang='lat' dir='ltr'>mae,</span> <span class='ocrx_word' id='word_1_292' title='bbox 1333 273 1389 306; x_wconf 87' lang='lat' dir='ltr'>cui</span> <span class='ocrx_word' id='word_1_293' title='bbox 1413 277 1624 318; x_wconf 75' lang='lat' dir='ltr'>opponitur,</span> <span class='ocrx_word' id='word_1_294' title='bbox 1651 291 1740 323; x_wconf 88' lang='lat' dir='ltr'>quae</span> <span class='ocrx_word' id='word_1_295' title='bbox 1763 286 1880 314; x_wconf 86' lang='lat' dir='ltr'>tamen</span> <span class='ocrx_word' id='word_1_296' title='bbox 1903 284 2021 316; x_wconf 89' lang='lat' dir='ltr'>adesse</span> <span class='ocrx_word' id='word_1_297' title='bbox 2047 291 2192 328; x_wconf 85' lang='lat' dir='ltr'>poterat.</span> 
     </span>
     <span class='ocr_line' id='line_1_53' title="bbox 1209 321 2191 378; baseline 0.016 -24"><span class='ocrx_word' id='word_1_298' title='bbox 1209 321 1256 356; x_wconf 89' lang='lat' dir='ltr'>Et</span> <span class='ocrx_word' id='word_1_299' title='bbox 1279 335 1360 356; x_wconf 89' lang='lat' dir='ltr'>cum</span> <span class='ocrx_word' id='word_1_300' title='bbox 1390 325 1540 368; x_wconf 86' lang='lat' dir='ltr'>privatio</span> <span class='ocrx_word' id='word_1_301' title='bbox 1569 329 1795 372; x_wconf 82' lang='lat' dir='ltr'>nominatur,</span> <span class='ocrx_word' id='word_1_302' title='bbox 1831 332 1937 366; x_wconf 89' lang='lat' dir='ltr'>simul</span> <span class='ocrx_word' id='word_1_303' title='bbox 1963 335 2047 378; x_wconf 88' lang='lat' dir='ltr'>poni</span> <span class='ocrx_word' id='word_1_304' title='bbox 2073 338 2191 370; x_wconf 89' lang='lat' dir='ltr'>subie-</span> 
     </span>
     <span class='ocr_line' id='line_1_54' title="bbox 1209 374 2191 421; baseline 0.017 -16"><span class='ocrx_word' id='word_1_305' title='bbox 1209 380 1303 407; x_wconf 90' lang='lat' dir='ltr'>ctum</span> <span class='ocrx_word' id='word_1_306' title='bbox 1320 374 1466 419; x_wconf 85' lang='lat' dir='ltr'>aliquod</span> <span class='ocrx_word' id='word_1_307' title='bbox 1485 388 1623 411; x_wconf 84' lang='lat' dir='ltr'>necesse</span> <span class='ocrx_word' id='word_1_308' title='bbox 1639 387 1708 419; x_wconf 87' lang='lat' dir='ltr'>est,</span> <span class='ocrx_word' id='word_1_309' title='bbox 1734 388 1788 414; x_wconf 91' lang='lat' dir='ltr'>ut:</span> <span class='ocrx_word' id='word_1_310' title='bbox 1819 382 1973 418; x_wconf 86' lang='lat' dir='ltr'>Caecitas</span> <span class='ocrx_word' id='word_1_311' title='bbox 1999 393 2048 420; x_wconf 88' lang='lat' dir='ltr'>est</span> <span class='ocrx_word' id='word_1_312' title='bbox 2065 388 2191 421; x_wconf 90' lang='lat' dir='ltr'>absen-</span> 
     </span>
     <span class='ocr_line' id='line_1_55' title="bbox 1208 425 2191 475; baseline 0.015 -17"><span class='ocrx_word' id='word_1_313' title='bbox 1208 425 1254 458; x_wconf 88' lang='lat' dir='ltr'>tia</span> <span class='ocrx_word' id='word_1_314' title='bbox 1281 425 1376 458; x_wconf 80' lang='lat' dir='ltr'>visus</span> <span class='ocrx_word' id='word_1_315' title='bbox 1402 426 1439 458; x_wconf 91' lang='lat' dir='ltr'>in</span> <span class='ocrx_word' id='word_1_316' title='bbox 1463 428 1620 461; x_wconf 88' lang='lat' dir='ltr'>subiecto</span> <span class='ocrx_word' id='word_1_317' title='bbox 1648 433 1791 474; x_wconf 87' lang='lat' dir='ltr'>proprio</span> <span class='ocrx_word' id='word_1_318' title='bbox 1821 434 1935 475; x_wconf 85' lang='lat' dir='ltr'>visus,</span> <span class='ocrx_word' id='word_1_319' title='bbox 1964 437 2126 472; x_wconf 84' lang='lat' dir='ltr'>videlicet</span> <span class='ocrx_word' id='word_1_320' title='bbox 2155 440 2191 472; x_wconf 92' lang='lat' dir='ltr'>in</span> 
     </span>
     <span class='ocr_line' id='line_1_56' title="bbox 1208 475 2191 535; baseline 0.017 -28"><span class='ocrx_word' id='word_1_321' title='bbox 1208 476 1330 509; x_wconf 89' lang='lat' dir='ltr'>oculis.</span> <span class='ocrx_word' id='word_1_322' title='bbox 1384 475 1455 510; x_wconf 85' lang='lat' dir='ltr'>Nec</span> <span class='ocrx_word' id='word_1_323' title='bbox 1471 478 1638 520; x_wconf 79' lang='lat' dir='ltr'>dicimus,</span> <span class='ocrx_word' id='word_1_324' title='bbox 1666 481 1819 524; x_wconf 87' lang='lat' dir='ltr'>lapidem</span> <span class='ocrx_word' id='word_1_325' title='bbox 1840 496 1911 518; x_wconf 85' lang='lat' dir='ltr'>esse</span> <span class='ocrx_word' id='word_1_326' title='bbox 1930 499 2081 529; x_wconf 88' lang='lat' dir='ltr'>caecum,</span> <span class='ocrx_word' id='word_1_327' title='bbox 2109 491 2191 535; x_wconf 88' lang='lat' dir='ltr'>quia</span> 
     </span>
     <span class='ocr_line' id='line_1_57' title="bbox 1208 527 2192 581; baseline 0.014 -21"><span class='ocrx_word' id='word_1_328' title='bbox 1208 527 1283 560; x_wconf 88' lang='lat' dir='ltr'>eius</span> <span class='ocrx_word' id='word_1_329' title='bbox 1308 535 1433 561; x_wconf 88' lang='lat' dir='ltr'>natura</span> <span class='ocrx_word' id='word_1_330' title='bbox 1459 541 1533 561; x_wconf 89' lang='lat' dir='ltr'>non</span> <span class='ocrx_word' id='word_1_331' title='bbox 1559 537 1607 563; x_wconf 87' lang='lat' dir='ltr'>est</span> <span class='ocrx_word' id='word_1_332' title='bbox 1627 544 1732 575; x_wconf 83' lang='lat' dir='ltr'>capax</span> <span class='ocrx_word' id='word_1_333' title='bbox 1749 533 1854 565; x_wconf 70' lang='lat' dir='ltr'>visus.</span> <span class='ocrx_word' id='word_1_334' title='bbox 1906 535 1977 570; x_wconf 81' lang='lat' dir='ltr'>Res</span> <span class='ocrx_word' id='word_1_335' title='bbox 1994 546 2130 581; x_wconf 87' lang='lat' dir='ltr'>autem,</span> <span class='ocrx_word' id='word_1_336' title='bbox 2154 550 2192 575; x_wconf 89' lang='lat' dir='ltr'>ut</span> 
     </span>
     <span class='ocr_line' id='line_1_58' title="bbox 1207 577 2191 632; baseline 0.015 -21"><span class='ocrx_word' id='word_1_337' title='bbox 1207 579 1321 619; x_wconf 85' lang='lat' dir='ltr'>visus,</span> <span class='ocrx_word' id='word_1_338' title='bbox 1355 579 1434 623; x_wconf 85' lang='lat' dir='ltr'>lux,</span> <span class='ocrx_word' id='word_1_339' title='bbox 1471 577 1537 613; x_wconf 83' lang='lat' dir='ltr'>boc</span> <span class='ocrx_word' id='word_1_340' title='bbox 1565 581 1644 614; x_wconf 87' lang='lat' dir='ltr'>loco</span> <span class='ocrx_word' id='word_1_341' title='bbox 1665 583 1768 615; x_wconf 69' lang='lat' dir='ltr'>etiam</span> <span class='ocrx_word' id='word_1_342' title='bbox 1798 585 2003 620; x_wconf 86' lang='lat' dir='ltr'>nominatur</span> <span class='ocrx_word' id='word_1_343' title='bbox 2029 589 2191 632; x_wconf 78' lang='lat' dir='ltr'>Habitus,</span> 
     </span>
     <span class='ocr_line' id='line_1_59' title="bbox 1206 630 2187 678; baseline 0.01 -17"><span class='ocrx_word' id='word_1_344' title='bbox 1206 630 1287 674; x_wconf 87' lang='lat' dir='ltr'>quia</span> <span class='ocrx_word' id='word_1_345' title='bbox 1307 637 1388 663; x_wconf 90' lang='lat' dir='ltr'>sunt</span> <span class='ocrx_word' id='word_1_346' title='bbox 1410 638 1637 673; x_wconf 87' lang='lat' dir='ltr'>ornamenta,</span> <span class='ocrx_word' id='word_1_347' title='bbox 1664 646 1753 678; x_wconf 86' lang='lat' dir='ltr'>qnae</span> <span class='ocrx_word' id='word_1_348' title='bbox 1778 635 2014 678; x_wconf 83' lang='lat' dir='ltr'>possidentur.</span> <span class='ocrx_word' id='word_1_349' title='bbox 2068 640 2187 677; x_wconf 75' lang='lat' dir='ltr'>Caete-</span> 
     </span>
     <span class='ocr_line' id='line_1_60' title="bbox 1206 683 2190 735; baseline 0.014 -22"><span class='ocrx_word' id='word_1_350' title='bbox 1206 693 1283 713; x_wconf 85' lang='lat' dir='ltr'>rum</span> <span class='ocrx_word' id='word_1_351' title='bbox 1310 688 1446 715; x_wconf 88' lang='lat' dir='ltr'>constat</span> <span class='ocrx_word' id='word_1_352' title='bbox 1471 683 1508 715; x_wconf 87' lang='lat' dir='ltr'>in</span> <span class='ocrx_word' id='word_1_353' title='bbox 1533 684 1701 725; x_wconf 82' lang='lat' dir='ltr'>gradibus</span> <span class='ocrx_word' id='word_1_354' title='bbox 1726 686 1977 721; x_wconf 80' lang='lat' dir='ltr'>excellentibus</span> <span class='ocrx_word' id='word_1_355' title='bbox 2002 702 2073 723; x_wconf 90' lang='lat' dir='ltr'>non</span> <span class='ocrx_word' id='word_1_356' title='bbox 2092 705 2190 735; x_wconf 84' lang='lat' dir='ltr'>posse</span> 
     </span>
     <span class='ocr_line' id='line_1_61' title="bbox 1205 732 2190 778; baseline 0.013 -14"><span class='ocrx_word' id='word_1_357' title='bbox 1205 732 1311 766; x_wconf 87' lang='lat' dir='ltr'>simul</span> <span class='ocrx_word' id='word_1_358' title='bbox 1328 733 1365 765; x_wconf 91' lang='lat' dir='ltr'>in</span> <span class='ocrx_word' id='word_1_359' title='bbox 1384 734 1507 766; x_wconf 89' lang='lat' dir='ltr'>eodem</span> <span class='ocrx_word' id='word_1_360' title='bbox 1528 735 1683 769; x_wconf 89' lang='lat' dir='ltr'>subiecto</span> <span class='ocrx_word' id='word_1_361' title='bbox 1711 747 1784 769; x_wconf 89' lang='lat' dir='ltr'>esse</span> <span class='ocrx_word' id='word_1_362' title='bbox 1814 738 1927 770; x_wconf 87' lang='lat' dir='ltr'>lucem</span> <span class='ocrx_word' id='word_1_363' title='bbox 1961 747 1994 773; x_wconf 85' lang='lat' dir='ltr'>et</span> <span class='ocrx_word' id='word_1_364' title='bbox 2018 743 2190 778; x_wconf 76' lang='lat' dir='ltr'>tenebras.</span> 
     </span>
     <span class='ocr_line' id='line_1_62' title="bbox 1205 781 2191 831; baseline 0.013 -16"><span class='ocrx_word' id='word_1_365' title='bbox 1205 781 1263 816; x_wconf 89' lang='lat' dir='ltr'>Sic</span> <span class='ocrx_word' id='word_1_366' title='bbox 1289 785 1332 817; x_wconf 90' lang='lat' dir='ltr'>de</span> <span class='ocrx_word' id='word_1_367' title='bbox 1359 784 1437 817; x_wconf 87' lang='lat' dir='ltr'>aliis</span> <span class='ocrx_word' id='word_1_368' title='bbox 1462 785 1692 819; x_wconf 90' lang='lat' dir='ltr'>iudicandum</span> <span class='ocrx_word' id='word_1_369' title='bbox 1717 794 1785 828; x_wconf 87' lang='lat' dir='ltr'>est,</span> <span class='ocrx_word' id='word_1_370' title='bbox 1807 795 1845 822; x_wconf 88' lang='lat' dir='ltr'>ut</span> <span class='ocrx_word' id='word_1_371' title='bbox 1870 790 1908 822; x_wconf 88' lang='lat' dir='ltr'>in</span> <span class='ocrx_word' id='word_1_372' title='bbox 1933 790 2020 824; x_wconf 90' lang='lat' dir='ltr'>locis</span> <span class='ocrx_word' id='word_1_373' title='bbox 2044 793 2191 831; x_wconf 88' lang='lat' dir='ltr'>dicetur.</span> 
     </span>
     <span class='ocr_line' id='line_1_63' title="bbox 1205 833 2191 887; baseline 0.013 -21"><span class='ocrx_word' id='word_1_374' title='bbox 1205 833 1360 876; x_wconf 81' lang='lat' dir='ltr'>Quartus</span> <span class='ocrx_word' id='word_1_375' title='bbox 1384 836 1510 869; x_wconf 88' lang='lat' dir='ltr'>modus</span> <span class='ocrx_word' id='word_1_376' title='bbox 1534 844 1679 870; x_wconf 80' lang='lat' dir='ltr'>vocatur</span> <span class='ocrx_word' id='word_1_377' title='bbox 1702 836 1966 879; x_wconf 90' lang='lat' dir='ltr'>Contradictio,</span> <span class='ocrx_word' id='word_1_378' title='bbox 2008 855 2096 887; x_wconf 88' lang='lat' dir='ltr'>quae</span> <span class='ocrx_word' id='word_1_379' title='bbox 2118 858 2191 880; x_wconf 90' lang='lat' dir='ltr'>non</span> 
     </span>
     <span class='ocr_line' id='line_1_64' title="bbox 1204 886 2190 939; baseline 0.013 -21"><span class='ocrx_word' id='word_1_380' title='bbox 1204 892 1254 919; x_wconf 84' lang='lat' dir='ltr'>est</span> <span class='ocrx_word' id='word_1_381' title='bbox 1270 886 1491 929; x_wconf 80' lang='lat' dir='ltr'>singularum</span> <span class='ocrx_word' id='word_1_382' title='bbox 1510 899 1628 921; x_wconf 90' lang='lat' dir='ltr'>rerum</span> <span class='ocrx_word' id='word_1_383' title='bbox 1647 896 1706 923; x_wconf 90' lang='lat' dir='ltr'>aut</span> <span class='ocrx_word' id='word_1_384' title='bbox 1727 891 1980 925; x_wconf 82' lang='lat' dir='ltr'>vocabulorum</span> <span class='ocrx_word' id='word_1_385' title='bbox 2004 897 2190 939; x_wconf 89' lang='lat' dir='ltr'>oppositio,</span> 
     </span>
     <span class='ocr_line' id='line_1_65' title="bbox 1203 937 2191 990; baseline 0.012 -21"><span class='ocrx_word' id='word_1_386' title='bbox 1203 937 1263 969; x_wconf 88' lang='lat' dir='ltr'>sed</span> <span class='ocrx_word' id='word_1_387' title='bbox 1282 944 1417 971; x_wconf 82' lang='lat' dir='ltr'>tantum</span> <span class='ocrx_word' id='word_1_388' title='bbox 1436 940 1666 982; x_wconf 82' lang='lat' dir='ltr'>repugnantia</span> <span class='ocrx_word' id='word_1_389' title='bbox 1684 942 1966 984; x_wconf 86' lang='lat' dir='ltr'>propositionum</span> <span class='ocrx_word' id='word_1_390' title='bbox 1979 971 1987 984; x_wconf 94' lang='lat'>,</span> <span class='ocrx_word' id='word_1_391' title='bbox 2016 957 2101 990; x_wconf 90' lang='lat' dir='ltr'>quas</span> <span class='ocrx_word' id='word_1_392' title='bbox 2125 948 2191 981; x_wconf 90' lang='lat' dir='ltr'>im-</span> 
     </span>
     <span class='ocr_line' id='line_1_66' title="bbox 1204 988 2190 1036; baseline 0.012 -17"><span class='ocrx_word' id='word_1_393' title='bbox 1204 988 1371 1032; x_wconf 78' lang='lat' dir='ltr'>possibile</span> <span class='ocrx_word' id='word_1_394' title='bbox 1399 996 1450 1023; x_wconf 89' lang='lat' dir='ltr'>est</span> <span class='ocrx_word' id='word_1_395' title='bbox 1474 990 1578 1024; x_wconf 90' lang='lat' dir='ltr'>simul</span> <span class='ocrx_word' id='word_1_396' title='bbox 1604 1003 1702 1024; x_wconf 83' lang='lat' dir='ltr'>veras</span> <span class='ocrx_word' id='word_1_397' title='bbox 1726 999 1786 1026; x_wconf 87' lang='lat' dir='ltr'>aut</span> <span class='ocrx_word' id='word_1_398' title='bbox 1809 994 1913 1027; x_wconf 80' lang='lat' dir='ltr'>salsas</span> <span class='ocrx_word' id='word_1_399' title='bbox 1931 1007 2020 1036; x_wconf 87' lang='lat' dir='ltr'>esse,</span> <span class='ocrx_word' id='word_1_400' title='bbox 2049 1005 2100 1031; x_wconf 89' lang='lat' dir='ltr'>ut:</span> <span class='ocrx_word' id='word_1_401' title='bbox 2129 999 2190 1033; x_wconf 87' lang='lat' dir='ltr'>Sol</span> 
     </span>
     <span class='ocr_line' id='line_1_67' title="bbox 1205 1041 2191 1084; baseline 0.012 -13"><span class='ocrx_word' id='word_1_402' title='bbox 1205 1048 1383 1082; x_wconf 72' lang='lat' dir='ltr'>movetur,</span> <span class='ocrx_word' id='word_1_403' title='bbox 1411 1041 1462 1074; x_wconf 92' lang='lat' dir='ltr'>sol</span> <span class='ocrx_word' id='word_1_404' title='bbox 1489 1054 1562 1074; x_wconf 91' lang='lat' dir='ltr'>non</span> <span class='ocrx_word' id='word_1_405' title='bbox 1582 1049 1754 1077; x_wconf 85' lang='lat' dir='ltr'>movetur.</span> <span class='ocrx_word' id='word_1_406' title='bbox 1809 1043 1876 1078; x_wconf 88' lang='lat' dir='ltr'>Hic</span> <span class='ocrx_word' id='word_1_407' title='bbox 1900 1047 2006 1084; x_wconf 90' lang='lat' dir='ltr'>ord0‚</span> <span class='ocrx_word' id='word_1_408' title='bbox 2034 1060 2077 1081; x_wconf 89' lang='lat' dir='ltr'>ne</span> <span class='ocrx_word' id='word_1_409' title='bbox 2101 1050 2191 1083; x_wconf 84' lang='lat' dir='ltr'>duae</span> 
     </span>
     <span class='ocr_line' id='line_1_68' title="bbox 1203 1092 2190 1141; baseline 0.012 -19"><span class='ocrx_word' id='word_1_410' title='bbox 1203 1092 1497 1125; x_wconf 85' lang='lat' dir='ltr'>contradictoriae</span> <span class='ocrx_word' id='word_1_411' title='bbox 1517 1093 1623 1126; x_wconf 91' lang='lat' dir='ltr'>simul</span> <span class='ocrx_word' id='word_1_412' title='bbox 1644 1106 1745 1128; x_wconf 84' lang='lat' dir='ltr'>verae</span> <span class='ocrx_word' id='word_1_413' title='bbox 1761 1095 1843 1134; x_wconf 88' lang='lat' dir='ltr'>sint,</span> <span class='ocrx_word' id='word_1_414' title='bbox 1872 1097 2054 1131; x_wconf 88' lang='lat' dir='ltr'>autsimul</span> <span class='ocrx_word' id='word_1_415' title='bbox 2073 1100 2190 1141; x_wconf 80' lang='lat' dir='ltr'>salsae,</span> 
     </span>
     <span class='ocr_line' id='line_1_69' title="bbox 1202 1143 2190 1188; baseline 0.006 -14"><span class='ocrx_word' id='word_1_416' title='bbox 1202 1148 1251 1174; x_wconf 90' lang='lat' dir='ltr'>est</span> <span class='ocrx_word' id='word_1_417' title='bbox 1269 1143 1387 1185; x_wconf 85' lang='lat' dir='ltr'>regula</span> <span class='ocrx_word' id='word_1_418' title='bbox 1408 1143 1552 1177; x_wconf 87' lang='lat' dir='ltr'>immota</span> <span class='ocrx_word' id='word_1_419' title='bbox 1571 1151 1605 1177; x_wconf 87' lang='lat' dir='ltr'>et</span> <span class='ocrx_word' id='word_1_420' title='bbox 1622 1151 1762 1179; x_wconf 87' lang='lat' dir='ltr'>aeterna</span> <span class='ocrx_word' id='word_1_421' title='bbox 1774 1148 1902 1180; x_wconf 87' lang='lat' dir='ltr'>mentis</span> <span class='ocrx_word' id='word_1_422' title='bbox 1914 1148 2068 1188; x_wconf 85' lang='lat' dir='ltr'>divinae,</span> <span class='ocrx_word' id='word_1_423' title='bbox 2088 1163 2190 1186; x_wconf 79' lang='lat' dir='ltr'>mon-</span> 
     </span>
     <span class='ocr_line' id='line_1_70' title="bbox 1201 1191 2190 1244; baseline 0.011 -19"><span class='ocrx_word' id='word_1_424' title='bbox 1201 1199 1306 1226; x_wconf 88' lang='lat' dir='ltr'>strata</span> <span class='ocrx_word' id='word_1_425' title='bbox 1326 1191 1531 1228; x_wconf 84' lang='lat' dir='ltr'>bominibus</span> <span class='ocrx_word' id='word_1_426' title='bbox 1547 1195 1585 1227; x_wconf 92' lang='lat' dir='ltr'>in</span> <span class='ocrx_word' id='word_1_427' title='bbox 1606 1192 1673 1228; x_wconf 91' lang='lat' dir='ltr'>hoc</span> <span class='ocrx_word' id='word_1_428' title='bbox 1692 1197 1886 1242; x_wconf 88' lang='lat' dir='ltr'>principio:</span> <span class='ocrx_word' id='word_1_429' title='bbox 1916 1198 2111 1241; x_wconf 82' lang='lat' dir='ltr'>Quodlibet</span> <span class='ocrx_word' id='word_1_430' title='bbox 2129 1212 2190 1244; x_wconf 85' lang='lat' dir='ltr'>est,</span> 
     </span>
     <span class='ocr_line' id='line_1_71' title="bbox 1202 1243 2190 1289; baseline 0.011 -13"><span class='ocrx_word' id='word_1_431' title='bbox 1202 1251 1259 1277; x_wconf 85' lang='lat' dir='ltr'>aut</span> <span class='ocrx_word' id='word_1_432' title='bbox 1278 1257 1350 1278; x_wconf 91' lang='lat' dir='ltr'>non</span> <span class='ocrx_word' id='word_1_433' title='bbox 1368 1252 1429 1280; x_wconf 89' lang='lat' dir='ltr'>est.</span> <span class='ocrx_word' id='word_1_434' title='bbox 1472 1243 1518 1279; x_wconf 85' lang='lat' dir='ltr'>Et</span> <span class='ocrx_word' id='word_1_435' title='bbox 1537 1243 1632 1279; x_wconf 90' lang='lat' dir='ltr'>hunc</span> <span class='ocrx_word' id='word_1_436' title='bbox 1649 1247 1811 1281; x_wconf 88' lang='lat' dir='ltr'>ordinem</span> <span class='ocrx_word' id='word_1_437' title='bbox 1834 1250 1974 1289; x_wconf 85' lang='lat' dir='ltr'>tollere,</span> <span class='ocrx_word' id='word_1_438' title='bbox 2003 1258 2053 1285; x_wconf 89' lang='lat' dir='ltr'>est</span> <span class='ocrx_word' id='word_1_439' title='bbox 2071 1255 2190 1288; x_wconf 77' lang='lat' dir='ltr'>omnia</span> 
     </span>
     <span class='ocr_line' id='line_1_72' title="bbox 1201 1295 2190 1338; baseline 0.009 -10"><span class='ocrx_word' id='word_1_440' title='bbox 1201 1295 1312 1329; x_wconf 88' lang='lat' dir='ltr'>facere</span> <span class='ocrx_word' id='word_1_441' title='bbox 1331 1296 1480 1336; x_wconf 86' lang='lat' dir='ltr'>incerta,</span> <span class='ocrx_word' id='word_1_442' title='bbox 1509 1304 1542 1329; x_wconf 86' lang='lat' dir='ltr'>et</span> <span class='ocrx_word' id='word_1_443' title='bbox 1560 1303 1667 1330; x_wconf 82' lang='lat' dir='ltr'>totam</span> <span class='ocrx_word' id='word_1_444' title='bbox 1685 1309 1801 1331; x_wconf 87' lang='lat' dir='ltr'>rerum</span> <span class='ocrx_word' id='word_1_445' title='bbox 1822 1301 2087 1335; x_wconf 81' lang='lat' dir='ltr'>universitatem</span> <span class='ocrx_word' id='word_1_446' title='bbox 2106 1317 2190 1338; x_wconf 85' lang='lat' dir='ltr'>con-</span> 
     </span>
     <span class='ocr_line' id='line_1_73' title="bbox 1200 1346 2190 1398; baseline 0.011 -20"><span class='ocrx_word' id='word_1_447' title='bbox 1200 1346 1361 1387; x_wconf 87' lang='lat' dir='ltr'>fundere,</span> <span class='ocrx_word' id='word_1_448' title='bbox 1389 1354 1427 1380; x_wconf 87' lang='lat' dir='ltr'>ut</span> <span class='ocrx_word' id='word_1_449' title='bbox 1444 1347 1472 1380; x_wconf 91' lang='lat' dir='ltr'>si</span> <span class='ocrx_word' id='word_1_450' title='bbox 1489 1347 1568 1392; x_wconf 88' lang='lat' dir='ltr'>quis</span> <span class='ocrx_word' id='word_1_451' title='bbox 1584 1348 1688 1387; x_wconf 88' lang='lat' dir='ltr'>dicat,</span> <span class='ocrx_word' id='word_1_452' title='bbox 1715 1350 1846 1392; x_wconf 80' lang='lat' dir='ltr'>pariter</span> <span class='ocrx_word' id='word_1_453' title='bbox 1867 1363 1964 1383; x_wconf 72' lang='lat' dir='ltr'>veras</span> <span class='ocrx_word' id='word_1_454' title='bbox 1981 1364 2070 1394; x_wconf 86' lang='lat' dir='ltr'>esse,</span> <span class='ocrx_word' id='word_1_455' title='bbox 2098 1355 2190 1398; x_wconf 75' lang='lat' dir='ltr'>ignis</span> 
     </span>
     <span class='ocr_line' id='line_1_74' title="bbox 1200 1397 2190 1441; baseline 0.008 -12"><span class='ocrx_word' id='word_1_456' title='bbox 1200 1397 1291 1439; x_wconf 87' lang='lat' dir='ltr'>urit,</span> <span class='ocrx_word' id='word_1_457' title='bbox 1319 1398 1409 1441; x_wconf 84' lang='lat' dir='ltr'>ignis</span> <span class='ocrx_word' id='word_1_458' title='bbox 1427 1409 1499 1430; x_wconf 92' lang='lat' dir='ltr'>non</span> <span class='ocrx_word' id='word_1_459' title='bbox 1517 1398 1600 1433; x_wconf 89' lang='lat' dir='ltr'>urit.</span> <span class='ocrx_word' id='word_1_460' title='bbox 1655 1398 1724 1432; x_wconf 91' lang='lat' dir='ltr'>Sed</span> <span class='ocrx_word' id='word_1_461' title='bbox 1744 1397 1809 1433; x_wconf 88' lang='lat' dir='ltr'>hae</span> <span class='ocrx_word' id='word_1_462' title='bbox 1833 1404 2190 1440; x_wconf 80' lang='lat' dir='ltr'>commonefactiones</span> 
     </span>
     <span class='ocr_line' id='line_1_75' title="bbox 1199 1448 1721 1493; baseline 0.004 -12"><span class='ocrx_word' id='word_1_463' title='bbox 1199 1448 1386 1493; x_wconf 85' lang='lat' dir='ltr'>aliquoties</span> <span class='ocrx_word' id='word_1_464' title='bbox 1404 1449 1493 1482; x_wconf 82' lang='lat' dir='ltr'>infra</span> <span class='ocrx_word' id='word_1_465' title='bbox 1510 1455 1721 1493; x_wconf 87' lang='lat' dir='ltr'>repetentur.</span> 
     </span>
    </p>
   </div>
   <div class='ocr_carea' id='block_1_18' title="bbox 1277 1535 2111 1583">
    <p class='ocr_par' dir='ltr' id='par_1_19' title="bbox 1277 1535 2111 1583">
     <span class='ocr_line' id='line_1_76' title="bbox 1277 1535 2111 1583; baseline 0.012 -15"><span class='ocrx_word' id='word_1_466' title='bbox 1277 1536 1379 1575; x_wconf 83' lang='lat' dir='ltr'>Quae</span> <span class='ocrx_word' id='word_1_467' title='bbox 1401 1540 1456 1569; x_wconf 82' lang='lat' dir='ltr'>est</span> <span class='ocrx_word' id='word_1_468' title='bbox 1482 1535 1711 1583; x_wconf 61' lang='lat' dir='ltr'>ambiguitas</span> <span class='ocrx_word' id='word_1_469' title='bbox 1732 1542 1949 1583; x_wconf 77' lang='lat' dir='ltr'>particulae</span> <span class='ocrx_word' id='word_1_470' title='bbox 1972 1544 2111 1578; x_wconf 75' lang='lat' dir='ltr'>Prius?</span> 
     </span>
    </p>
   </div>
   <div class='ocr_carea' id='block_1_19' title="bbox 1189 1601 2188 2772">
    <p class='ocr_par' dir='ltr' id='par_1_20' title="bbox 1196 1601 2188 2313">
     <span class='ocr_line' id='line_1_77' title="bbox 1302 1601 2188 1653; baseline 0.014 -19"><span class='ocrx_word' id='word_1_471' title='bbox 1302 1601 1405 1636; x_wconf 91' lang='lat' dir='ltr'>Prius</span> <span class='ocrx_word' id='word_1_472' title='bbox 1440 1603 1620 1637; x_wconf 87' lang='lat' dir='ltr'>interdum</span> <span class='ocrx_word' id='word_1_473' title='bbox 1653 1605 1825 1648; x_wconf 84' lang='lat' dir='ltr'>significat</span> <span class='ocrx_word' id='word_1_474' title='bbox 1852 1610 2021 1653; x_wconf 85' lang='lat' dir='ltr'>quiddam</span> <span class='ocrx_word' id='word_1_475' title='bbox 2049 1619 2188 1646; x_wconf 87' lang='lat' dir='ltr'>antece-</span> 
     </span>
     <span class='ocr_line' id='line_1_78' title="bbox 1199 1653 2186 1705; baseline 0.011 -20"><span class='ocrx_word' id='word_1_476' title='bbox 1199 1653 1286 1686; x_wconf 88' lang='lat' dir='ltr'>dens</span> <span class='ocrx_word' id='word_1_477' title='bbox 1311 1660 1491 1698; x_wconf 84' lang='lat' dir='ltr'>tempore,</span> <span class='ocrx_word' id='word_1_478' title='bbox 1534 1663 1586 1689; x_wconf 88' lang='lat' dir='ltr'>ut:</span> <span class='ocrx_word' id='word_1_479' title='bbox 1625 1655 1744 1690; x_wconf 84' lang='lat' dir='ltr'>Arbor</span> <span class='ocrx_word' id='word_1_480' title='bbox 1780 1662 1975 1694; x_wconf 87' lang='lat' dir='ltr'>necessario</span> <span class='ocrx_word' id='word_1_481' title='bbox 2006 1662 2106 1705; x_wconf 87' lang='lat' dir='ltr'>prior</span> <span class='ocrx_word' id='word_1_482' title='bbox 2136 1671 2186 1697; x_wconf 91' lang='lat' dir='ltr'>est</span> 
     </span>
     <span class='ocr_line' id='line_1_79' title="bbox 1880 1711 2185 1747; baseline 0.013 -4"><span class='ocrx_word' id='word_1_483' title='bbox 1880 1711 2062 1746; x_wconf 80' lang='lat' dir='ltr'>Interdum</span> <span class='ocrx_word' id='word_1_484' title='bbox 2083 1713 2185 1747; x_wconf 85' lang='lat' dir='ltr'>Prius</span> 
     </span>
     <span class='ocr_line' id='line_1_80' title="bbox 1197 1756 2188 1805; baseline 0.011 -18"><span class='ocrx_word' id='word_1_485' title='bbox 1197 1756 1370 1798; x_wconf 85' lang='lat' dir='ltr'>significat</span> <span class='ocrx_word' id='word_1_486' title='bbox 1413 1757 1581 1802; x_wconf 79' lang='lat' dir='ltr'>quiddam</span> <span class='ocrx_word' id='word_1_487' title='bbox 1617 1759 1743 1791; x_wconf 87' lang='lat' dir='ltr'>ordine</span> <span class='ocrx_word' id='word_1_488' title='bbox 1780 1768 1927 1794; x_wconf 87' lang='lat' dir='ltr'>naturae</span> <span class='ocrx_word' id='word_1_489' title='bbox 1964 1765 2188 1805; x_wconf 82' lang='lat' dir='ltr'>antecedens,</span> 
     </span>
     <span class='ocr_line' id='line_1_81' title="bbox 1199 1807 2184 1851; baseline 0.011 -13"><span class='ocrx_word' id='word_1_490' title='bbox 1199 1807 1335 1839; x_wconf 84' lang='lat' dir='ltr'>etiamsi</span> <span class='ocrx_word' id='word_1_491' title='bbox 1352 1814 1509 1851; x_wconf 88' lang='lat' dir='ltr'>tempore</span> <span class='ocrx_word' id='word_1_492' title='bbox 1530 1809 1634 1842; x_wconf 87' lang='lat' dir='ltr'>simul</span> <span class='ocrx_word' id='word_1_493' title='bbox 1653 1817 1713 1848; x_wconf 80' lang='lat' dir='ltr'>est,</span> <span class='ocrx_word' id='word_1_494' title='bbox 1736 1818 1788 1843; x_wconf 87' lang='lat' dir='ltr'>ut:</span> <span class='ocrx_word' id='word_1_495' title='bbox 1817 1812 2064 1847; x_wconf 76' lang='lat' dir='ltr'>universaliter</span> <span class='ocrx_word' id='word_1_496' title='bbox 2083 1828 2184 1849; x_wconf 87' lang='lat' dir='ltr'>causa</span> 
     </span>
     <span class='ocr_line' id='line_1_82' title="bbox 1199 1858 2185 1903; baseline 0.01 -14"><span class='ocrx_word' id='word_1_497' title='bbox 1199 1858 1298 1901; x_wconf 88' lang='lat' dir='ltr'>prior</span> <span class='ocrx_word' id='word_1_498' title='bbox 1317 1864 1367 1891; x_wconf 87' lang='lat' dir='ltr'>est</span> <span class='ocrx_word' id='word_1_499' title='bbox 1383 1858 1508 1891; x_wconf 86' lang='lat' dir='ltr'>effectu</span> <span class='ocrx_word' id='word_1_500' title='bbox 1526 1860 1652 1892; x_wconf 89' lang='lat' dir='ltr'>ordine</span> <span class='ocrx_word' id='word_1_501' title='bbox 1670 1868 1833 1903; x_wconf 86' lang='lat' dir='ltr'>naturae,</span> <span class='ocrx_word' id='word_1_502' title='bbox 1862 1864 1965 1896; x_wconf 88' lang='lat' dir='ltr'>etiam</span> <span class='ocrx_word' id='word_1_503' title='bbox 1986 1877 2064 1897; x_wconf 88' lang='lat' dir='ltr'>cum</span> <span class='ocrx_word' id='word_1_504' title='bbox 2091 1873 2185 1899; x_wconf 90' lang='lat' dir='ltr'>tem-</span> 
     </span>
     <span class='ocr_line' id='line_1_83' title="bbox 1198 1908 2185 1959; baseline 0.011 -19"><span class='ocrx_word' id='word_1_505' title='bbox 1198 1921 1282 1952; x_wconf 86' lang='lat' dir='ltr'>pore</span> <span class='ocrx_word' id='word_1_506' title='bbox 1301 1908 1407 1941; x_wconf 91' lang='lat' dir='ltr'>simul</span> <span class='ocrx_word' id='word_1_507' title='bbox 1426 1916 1475 1942; x_wconf 83' lang='lat' dir='ltr'>est</span> <span class='ocrx_word' id='word_1_508' title='bbox 1494 1911 1648 1951; x_wconf 82' lang='lat' dir='ltr'>effectus,</span> <span class='ocrx_word' id='word_1_509' title='bbox 1676 1919 1731 1945; x_wconf 84' lang='lat' dir='ltr'>ut:</span> <span class='ocrx_word' id='word_1_510' title='bbox 1748 1911 1809 1945; x_wconf 90' lang='lat' dir='ltr'>Sol</span> <span class='ocrx_word' id='word_1_511' title='bbox 1826 1921 1857 1947; x_wconf 86' lang='lat' dir='ltr'>et</span> <span class='ocrx_word' id='word_1_512' title='bbox 1874 1926 2037 1958; x_wconf 86' lang='lat' dir='ltr'>spargere</span> <span class='ocrx_word' id='word_1_513' title='bbox 2054 1917 2185 1959; x_wconf 85' lang='lat' dir='ltr'>radios,</span> 
     </span>
     <span class='ocr_line' id='line_1_84' title="bbox 1198 1957 2185 2009; baseline 0.011 -18"><span class='ocrx_word' id='word_1_514' title='bbox 1198 1957 1264 1992; x_wconf 87' lang='lat' dir='ltr'>hoc</span> <span class='ocrx_word' id='word_1_515' title='bbox 1284 1966 1352 2000; x_wconf 88' lang='lat' dir='ltr'>est,</span> <span class='ocrx_word' id='word_1_516' title='bbox 1382 1961 1602 2004; x_wconf 89' lang='lat' dir='ltr'>impossibile</span> <span class='ocrx_word' id='word_1_517' title='bbox 1619 1969 1669 1995; x_wconf 88' lang='lat' dir='ltr'>est</span> <span class='ocrx_word' id='word_1_518' title='bbox 1693 1975 1831 1996; x_wconf 88' lang='lat' dir='ltr'>causam</span> <span class='ocrx_word' id='word_1_519' title='bbox 1857 1967 2087 2009; x_wconf 87' lang='lat' dir='ltr'>posteriorem</span> <span class='ocrx_word' id='word_1_520' title='bbox 2112 1980 2185 2002; x_wconf 83' lang='lat' dir='ltr'>esse</span> 
     </span>
     <span class='ocr_line' id='line_1_85' title="bbox 1198 2010 2185 2059; baseline 0.01 -16"><span class='ocrx_word' id='word_1_521' title='bbox 1198 2011 1334 2044; x_wconf 80' lang='lat' dir='ltr'>effectu.</span> <span class='ocrx_word' id='word_1_522' title='bbox 1392 2010 1443 2044; x_wconf 84' lang='lat' dir='ltr'>Ita</span> <span class='ocrx_word' id='word_1_523' title='bbox 1463 2013 1579 2046; x_wconf 86' lang='lat' dir='ltr'>unitas</span> <span class='ocrx_word' id='word_1_524' title='bbox 1603 2014 1729 2046; x_wconf 83' lang='lat' dir='ltr'>ordine</span> <span class='ocrx_word' id='word_1_525' title='bbox 1754 2015 1852 2058; x_wconf 89' lang='lat' dir='ltr'>prior</span> <span class='ocrx_word' id='word_1_526' title='bbox 1878 2024 1927 2050; x_wconf 87' lang='lat' dir='ltr'>est</span> <span class='ocrx_word' id='word_1_527' title='bbox 1954 2018 2112 2059; x_wconf 84' lang='lat' dir='ltr'>binario,</span> <span class='ocrx_word' id='word_1_528' title='bbox 2141 2020 2185 2052; x_wconf 92' lang='lat' dir='ltr'>li-</span> 
     </span>
     <span class='ocr_line' id='line_1_86' title="bbox 1197 2062 2184 2113; baseline 0.01 -19"><span class='ocrx_word' id='word_1_529' title='bbox 1197 2074 1283 2095; x_wconf 83' lang='lat' dir='ltr'>neae</span> <span class='ocrx_word' id='word_1_530' title='bbox 1307 2062 1437 2105; x_wconf 82' lang='lat' dir='ltr'>fignriS.</span> <span class='ocrx_word' id='word_1_531' title='bbox 1498 2062 1539 2096; x_wconf 91' lang='lat' dir='ltr'>In</span> <span class='ocrx_word' id='word_1_532' title='bbox 1572 2065 1776 2110; x_wconf 66' lang='lat' dir='ltr'>syllogismo</span> <span class='ocrx_word' id='word_1_533' title='bbox 1809 2069 2019 2110; x_wconf 87' lang='lat' dir='ltr'>praemissae</span> <span class='ocrx_word' id='word_1_534' title='bbox 2050 2071 2184 2113; x_wconf 85' lang='lat' dir='ltr'>priores</span> 
     </span>
     <span class='ocr_line' id='line_1_87' title="bbox 1197 2113 2182 2160; baseline 0.008 -14"><span class='ocrx_word' id='word_1_535' title='bbox 1197 2120 1279 2146; x_wconf 87' lang='lat' dir='ltr'>sunt</span> <span class='ocrx_word' id='word_1_536' title='bbox 1296 2113 1538 2155; x_wconf 76' lang='lat' dir='ltr'>conclusione,</span> <span class='ocrx_word' id='word_1_537' title='bbox 1566 2116 1704 2149; x_wconf 86' lang='lat' dir='ltr'>tametsi</span> <span class='ocrx_word' id='word_1_538' title='bbox 1725 2117 1846 2160; x_wconf 88' lang='lat' dir='ltr'>positis</span> <span class='ocrx_word' id='word_1_539' title='bbox 1868 2126 1897 2151; x_wconf 89' lang='lat' dir='ltr'>et</span> <span class='ocrx_word' id='word_1_540' title='bbox 1926 2127 2017 2153; x_wconf 87' lang='lat' dir='ltr'>recte</span> <span class='ocrx_word' id='word_1_541' title='bbox 2044 2121 2182 2154; x_wconf 88' lang='lat' dir='ltr'>intelle-</span> 
     </span>
     <span class='ocr_line' id='line_1_88' title="bbox 1197 2165 2181 2208; baseline 0.007 -10"><span class='ocrx_word' id='word_1_542' title='bbox 1197 2165 1260 2198; x_wconf 91' lang='lat' dir='ltr'>ctis</span> <span class='ocrx_word' id='word_1_543' title='bbox 1285 2165 1504 2208; x_wconf 85' lang='lat' dir='ltr'>praemissis,</span> <span class='ocrx_word' id='word_1_544' title='bbox 1543 2167 1648 2199; x_wconf 85' lang='lat' dir='ltr'>simul</span> <span class='ocrx_word' id='word_1_545' title='bbox 1684 2180 1763 2200; x_wconf 80' lang='lat' dir='ltr'>mox</span> <span class='ocrx_word' id='word_1_546' title='bbox 1798 2170 1891 2202; x_wconf 86' lang='lat' dir='ltr'>cerni</span> <span class='ocrx_word' id='word_1_547' title='bbox 1919 2171 2181 2204; x_wconf 85' lang='lat' dir='ltr'>conclusionem</span> 
     </span>
     <span class='ocr_line' id='line_1_89' title="bbox 1196 2216 2181 2265; baseline 0.009 -18"><span class='ocrx_word' id='word_1_548' title='bbox 1196 2227 1334 2248; x_wconf 85' lang='lat' dir='ltr'>necesse</span> <span class='ocrx_word' id='word_1_549' title='bbox 1350 2222 1411 2249; x_wconf 85' lang='lat' dir='ltr'>est.</span> <span class='ocrx_word' id='word_1_550' title='bbox 1467 2216 1651 2251; x_wconf 88' lang='lat' dir='ltr'>Interdum</span> <span class='ocrx_word' id='word_1_551' title='bbox 1671 2217 1774 2252; x_wconf 89' lang='lat' dir='ltr'>Prius</span> <span class='ocrx_word' id='word_1_552' title='bbox 1795 2220 1941 2261; x_wconf 87' lang='lat' dir='ltr'>dicitur,</span> <span class='ocrx_word' id='word_1_553' title='bbox 1970 2223 2064 2265; x_wconf 87' lang='lat' dir='ltr'>qnod</span> <span class='ocrx_word' id='word_1_554' title='bbox 2082 2230 2181 2256; x_wconf 86' lang='lat' dir='ltr'>ante—</span> 
     </span>
     <span class='ocr_line' id='line_1_90' title="bbox 1196 2267 2114 2313; baseline 0.009 -14"><span class='ocrx_word' id='word_1_555' title='bbox 1196 2267 1289 2300; x_wconf 90' lang='lat' dir='ltr'>cellit</span> <span class='ocrx_word' id='word_1_556' title='bbox 1306 2267 1495 2311; x_wconf 87' lang='lat' dir='ltr'>dignitate,</span> <span class='ocrx_word' id='word_1_557' title='bbox 1524 2276 1577 2303; x_wconf 91' lang='lat' dir='ltr'>ut:</span> <span class='ocrx_word' id='word_1_558' title='bbox 1607 2269 1742 2302; x_wconf 88' lang='lat' dir='ltr'>Consul</span> <span class='ocrx_word' id='word_1_559' title='bbox 1761 2271 1858 2313; x_wconf 91' lang='lat' dir='ltr'>prior</span> <span class='ocrx_word' id='word_1_560' title='bbox 1875 2278 1924 2304; x_wconf 88' lang='lat' dir='ltr'>est</span> <span class='ocrx_word' id='word_1_561' title='bbox 1943 2280 2114 2307; x_wconf 84' lang='lat' dir='ltr'>senatore.</span> 
     </span>
    </p>

    <p class='ocr_par' dir='ltr' id='par_1_21' title="bbox 1189 2318 2179 2772">
     <span class='ocr_line' id='line_1_91' title="bbox 1298 2318 2179 2364; baseline 0.008 -12"><span class='ocrx_word' id='word_1_562' title='bbox 1298 2318 1357 2352; x_wconf 84' lang='lat' dir='ltr'>Sic</span> <span class='ocrx_word' id='word_1_563' title='bbox 1375 2319 1411 2351; x_wconf 91' lang='lat' dir='ltr'>in</span> <span class='ocrx_word' id='word_1_564' title='bbox 1428 2319 1725 2363; x_wconf 84' lang='lat' dir='ltr'>particulaSimul</span> <span class='ocrx_word' id='word_1_565' title='bbox 1743 2322 1952 2364; x_wconf 81' lang='lat' dir='ltr'>ambiguitas</span> <span class='ocrx_word' id='word_1_566' title='bbox 1969 2330 2030 2358; x_wconf 88' lang='lat' dir='ltr'>est.</span> <span class='ocrx_word' id='word_1_567' title='bbox 2059 2323 2179 2359; x_wconf 88' lang='lat' dir='ltr'>Prima</span> 
     </span>
     <span class='ocr_line' id='line_1_92' title="bbox 1194 2368 2178 2420; baseline 0.008 -18"><span class='ocrx_word' id='word_1_568' title='bbox 1194 2369 1378 2403; x_wconf 89' lang='lat' dir='ltr'>notissima</span> <span class='ocrx_word' id='word_1_569' title='bbox 1404 2377 1453 2404; x_wconf 90' lang='lat' dir='ltr'>est</span> <span class='ocrx_word' id='word_1_570' title='bbox 1477 2372 1645 2415; x_wconf 90' lang='lat' dir='ltr'>temporis</span> <span class='ocrx_word' id='word_1_571' title='bbox 1669 2372 1897 2414; x_wconf 85' lang='lat' dir='ltr'>significatio,</span> <span class='ocrx_word' id='word_1_572' title='bbox 1931 2380 1985 2407; x_wconf 88' lang='lat' dir='ltr'>nt:</span> <span class='ocrx_word' id='word_1_573' title='bbox 2021 2368 2178 2420; x_wconf 85' lang='lat' dir='ltr'>tempore</span> 
     </span>
     <span class='ocr_line' id='line_1_93' title="bbox 1194 2421 2179 2470; baseline 0.007 -16"><span class='ocrx_word' id='word_1_574' title='bbox 1194 2421 1300 2454; x_wconf 79' lang='lat' dir='ltr'>simul</span> <span class='ocrx_word' id='word_1_575' title='bbox 1330 2428 1413 2455; x_wconf 88' lang='lat' dir='ltr'>sunt</span> <span class='ocrx_word' id='word_1_576' title='bbox 1442 2422 1594 2455; x_wconf 82' lang='lat' dir='ltr'>efficiens</span> <span class='ocrx_word' id='word_1_577' title='bbox 1624 2422 1800 2462; x_wconf 84' lang='lat' dir='ltr'>naturale,</span> <span class='ocrx_word' id='word_1_578' title='bbox 1843 2424 2103 2470; x_wconf 83' lang='lat' dir='ltr'>propinquum,</span> <span class='ocrx_word' id='word_1_579' title='bbox 2140 2440 2179 2461; x_wconf 86' lang='lat' dir='ltr'>ac</span> 
     </span>
     <span class='ocr_line' id='line_1_94' title="bbox 1192 2472 2177 2522; baseline 0.008 -18"><span class='ocrx_word' id='word_1_580' title='bbox 1192 2472 1350 2516; x_wconf 87' lang='lat' dir='ltr'>patiens,</span> <span class='ocrx_word' id='word_1_581' title='bbox 1388 2473 1487 2506; x_wconf 87' lang='lat' dir='ltr'>faber</span> <span class='ocrx_word' id='word_1_582' title='bbox 1519 2480 1551 2507; x_wconf 92' lang='lat' dir='ltr'>et</span> <span class='ocrx_word' id='word_1_583' title='bbox 1584 2472 1779 2506; x_wconf 86' lang='lat' dir='ltr'>fabricatio.</span> <span class='ocrx_word' id='word_1_584' title='bbox 1838 2473 1970 2508; x_wconf 90' lang='lat' dir='ltr'>Totum</span> <span class='ocrx_word' id='word_1_585' title='bbox 2003 2484 2036 2510; x_wconf 90' lang='lat' dir='ltr'>et</span> <span class='ocrx_word' id='word_1_586' title='bbox 2062 2486 2177 2522; x_wconf 87' lang='lat' dir='ltr'>partes</span> 
     </span>
     <span class='ocr_line' id='line_1_95' title="bbox 1192 2522 2177 2573; baseline 0.008 -18"><span class='ocrx_word' id='word_1_587' title='bbox 1192 2523 1417 2568; x_wconf 79' lang='lat' dir='ltr'>principales,</span> <span class='ocrx_word' id='word_1_588' title='bbox 1470 2522 1591 2557; x_wconf 87' lang='lat' dir='ltr'>Altera</span> <span class='ocrx_word' id='word_1_589' title='bbox 1615 2523 1822 2566; x_wconf 83' lang='lat' dir='ltr'>significatio</span> <span class='ocrx_word' id='word_1_590' title='bbox 1848 2525 1965 2560; x_wconf 87' lang='lat' dir='ltr'>minus</span> <span class='ocrx_word' id='word_1_591' title='bbox 1988 2530 2177 2573; x_wconf 88' lang='lat' dir='ltr'>conspicua</span> 
     </span>
     <span class='ocr_line' id='line_1_96' title="bbox 1191 2574 2178 2615; baseline 0.007 -8"><span class='ocrx_word' id='word_1_592' title='bbox 1191 2581 1253 2615; x_wconf 89' lang='lat' dir='ltr'>est,</span> <span class='ocrx_word' id='word_1_593' title='bbox 1282 2575 1340 2607; x_wconf 92' lang='lat' dir='ltr'>sed</span> <span class='ocrx_word' id='word_1_594' title='bbox 1361 2581 1477 2608; x_wconf 90' lang='lat' dir='ltr'>tamen</span> <span class='ocrx_word' id='word_1_595' title='bbox 1498 2574 1620 2607; x_wconf 91' lang='lat' dir='ltr'>utilem</span> <span class='ocrx_word' id='word_1_596' title='bbox 1638 2575 1835 2608; x_wconf 90' lang='lat' dir='ltr'>doctrinam</span> <span class='ocrx_word' id='word_1_597' title='bbox 1855 2577 2031 2612; x_wconf 83' lang='lat' dir='ltr'>continet:</span> <span class='ocrx_word' id='word_1_598' title='bbox 2061 2579 2178 2614; x_wconf 88' lang='lat' dir='ltr'>Simul</span> 
     </span>
     <span class='ocr_line' id='line_1_97' title="bbox 1191 2624 2179 2665; baseline 0.007 -8"><span class='ocrx_word' id='word_1_599' title='bbox 1191 2631 1274 2659; x_wconf 88' lang='lat' dir='ltr'>sunt</span> <span class='ocrx_word' id='word_1_600' title='bbox 1302 2624 1509 2658; x_wconf 85' lang='lat' dir='ltr'>correlativa</span> <span class='ocrx_word' id='word_1_601' title='bbox 1536 2625 1673 2665; x_wconf 82' lang='lat' dir='ltr'>omnia,</span> <span class='ocrx_word' id='word_1_602' title='bbox 1701 2625 1835 2659; x_wconf 87' lang='lat' dir='ltr'>etiamsi</span> <span class='ocrx_word' id='word_1_603' title='bbox 1858 2628 2007 2662; x_wconf 88' lang='lat' dir='ltr'>alterum</span> <span class='ocrx_word' id='word_1_604' title='bbox 2031 2642 2103 2663; x_wconf 90' lang='lat' dir='ltr'>non</span> <span class='ocrx_word' id='word_1_605' title='bbox 2128 2640 2179 2665; x_wconf 87' lang='lat' dir='ltr'>est</span> 
     </span>
     <span class='ocr_line' id='line_1_98' title="bbox 1189 2675 2178 2716; baseline 0.008 -8"><span class='ocrx_word' id='word_1_606' title='bbox 1189 2687 1292 2709; x_wconf 87' lang='lat' dir='ltr'>causa</span> <span class='ocrx_word' id='word_1_607' title='bbox 1309 2675 1470 2716; x_wconf 88' lang='lat' dir='ltr'>alterius,</span> <span class='ocrx_word' id='word_1_608' title='bbox 1499 2683 1537 2710; x_wconf 90' lang='lat' dir='ltr'>ut</span> <span class='ocrx_word' id='word_1_609' title='bbox 1553 2676 1684 2716; x_wconf 85' lang='lat' dir='ltr'>maius,</span> <span class='ocrx_word' id='word_1_610' title='bbox 1713 2677 1843 2712; x_wconf 88' lang='lat' dir='ltr'>minus.</span> <span class='ocrx_word' id='word_1_611' title='bbox 1887 2678 1990 2713; x_wconf 88' lang='lat' dir='ltr'>Talia</span> <span class='ocrx_word' id='word_1_612' title='bbox 2009 2681 2178 2716; x_wconf 90' lang='lat' dir='ltr'>dicuntur</span> 
     </span>
     <span class='ocr_line' id='line_1_99' title="bbox 1190 2725 2177 2772; baseline 0.009 -14"><span class='ocrx_word' id='word_1_613' title='bbox 1190 2733 1316 2760; x_wconf 87' lang='lat' dir='ltr'>natura</span> <span class='ocrx_word' id='word_1_614' title='bbox 1341 2725 1470 2768; x_wconf 84' lang='lat' dir='ltr'>simul,</span> <span class='ocrx_word' id='word_1_615' title='bbox 1505 2727 1586 2772; x_wconf 87' lang='lat' dir='ltr'>quia</span> <span class='ocrx_word' id='word_1_616' title='bbox 1618 2727 1867 2762; x_wconf 84' lang='lat' dir='ltr'>universaliter</span> <span class='ocrx_word' id='word_1_617' title='bbox 1890 2731 2036 2765; x_wconf 83' lang='lat' dir='ltr'>relativo</span> <span class='ocrx_word' id='word_1_618' title='bbox 2063 2734 2177 2767; x_wconf 79' lang='lat' dir='ltr'>extin-</span> 
     </span>
    </p>
   </div>
   <div class='ocr_carea' id='block_1_20' title="bbox 1616 2778 1664 2812">
    <p class='ocr_par' dir='ltr' id='par_1_22' title="bbox 1616 2778 1664 2812">
     <span class='ocr_line' id='line_1_100' title="bbox 1616 2778 1664 2812; baseline 0.021 -1"><span class='ocrx_word' id='word_1_619' title='bbox 1616 2778 1664 2812; x_wconf 84' lang='lat'>36</span> 
     </span>
    </p>
   </div>
  </div>
 </body>
</html>
