2379 2948
200 69 295 106 1203

200 166 297 194 mus,
327 153 387 198 qui
409 165 443 185 se
462 152 624 196 patefecit
645 150 750 183 misso
768 147 880 188 Filio,
908 154 941 181 et
957 148 1091 181 nitatur
1108 157 1189 190 pre-

201 205 294 238 catio
313 203 510 237 Mediatore
531 211 563 235 et
588 203 817 235 intercessore
836 198 942 234 Filio.
997 198 1094 231 Idem
1113 198 1187 230 dis—

203 256 337 290 crimen
363 267 443 286 mox
468 253 702 296 significatur,
736 250 817 295 quia
844 250 946 285 toties
970 249 1097 293 repetit
1122 260 1189 281 no—

202 318 284 339 men
300 304 365 339 Dei
390 304 497 347 ΠῆΠἾ,
525 316 594 348 quo
612 303 880 336 discernebatur
895 313 998 334 verus
1017 300 1112 333 Deus
1129 312 1190 342 pa-

202 358 348 391 tefactus
371 356 408 387 in
421 345 559 395 *lsraeh
593 368 610 387 a
636 352 888 387 commentitiis
921 352 1131 385 numinibus
1158 357 1191 384 et

202 407 355 441 cultibus
370 407 519 439 aliarum
537 405 706 448 gentium.

303 471 494 507 Dominus
521 471 651 505 umbra
675 483 789 516 supra
813 469 983 504 demtram
1006 474 1128 511 luam,
1154 470 1191 503 id

204 532 273 565 est,
301 537 406 569 super
422 524 542 557 omnia
560 524 701 567 negocia
722 530 797 562 tua,
825 523 943 556 omnia
968 529 1071 555 erunt
1097 521 1193 554 salu·
1218 536 1219 539 ¹
1349 551 1356 558 ,
1675 551 1682 557 ‚

1217 565 1219 571 ⁴
1245 558 1326 584 suut
1347 564 1384 583 in
1408 548 1473 583 hac
1498 552 1764 594 gubernatione.

205 576 292 610 taria
312 577 387 620 ipso
405 583 545 620 regente
563 582 594 608 et
611 575 827 609 fortunante.

332 714 674 759 Aryumentum
712 722 763 744 ac
800 710 1058 754 cli-§positio

513 779 672 820 Psalmi
710 777 890 819 CXXII.

571 851 764 879 ornanum
788 851 823 880 11.

259 917 446 948 Laetatus
469 924 552 946 sum
576 923 656 945 cum
682 911 824 946 [lictum
851 916 906 945 est
927 910 1044 953 milei,
1075 912 1111 944 in
1130 911 1194 944 clo-

257 977 357 1000 mum
377 966 528 999 Domini
547 962 692 997 ibimus.

307 1040 451 1073 Tertius
467 1039 625 1071 Psalmus
641 1039 831 1081 gratiarum
851 1039 939 1071 actio
960 1045 1009 1070 est
1038 1039 1081 1071 de
1110 1050 1195 1071 con-

208 1093 328 1126 stituta
345 1089 521 1130 Ecclesia,
549 1096 580 1122 et
607 1089 768 1133 repetitio
794 1090 1038 1132 promissionis
1056 1101 1196 1122 conser-

208 1144 343 1176 vandae
359 1140 556 1180 Ecclesiae,
585 1148 701 1184 postea
728 1147 762 1173 et
788 1141 941 1183 precatio
966 1141 1108 1174 additur
1134 1153 1196 1184 pro

207 1192 376 1228 Ecclesia.
430 1190 478 1225 [t
500 1199 614 1224 autem
638 1188 694 1224 hic
718 1197 811 1224 totus
836 1190 997 1224 Psalmus
1021 1192 1197 1235 intelliga-

209 1252 285 1285 tur,
309 1242 460 1277 Dolores
478 1249 512 1276 et
528 1242 792 1275 solicitudinem
817 1242 956 1285 piorum
982 1243 1198 1283 intueamur,

211 1295 272 1340 qui
300 1306 377 1328 cum
404 1293 526 1326 vident
552 1305 670 1327 rerum
697 1290 935 1326 humanarum
963 1294 1198 1335 confusiones,

210 1357 399 1389 regnorum
420 1344 601 1382 interitus,
630 1344 787 1387 gentium
806 1344 1073 1388 dissipationes,
1099 1346 1198 1378 furo-

211 1409 265 1430 res
296 1395 526 1439 opinionum,
562 1395 670 1435 bella,
705 1395 932 1434 vastationes,
968 1396 1090 1428 vident
1116 1396 1198 1428 item

210 1449 249 1480 in
265 1446 415 1479 maxima
431 1451 528 1489 parte
545 1445 682 1487 generis
696 1443 843 1478 humani
857 1446 1013 1488 extingui
1031 1446 1198 1479 noticiam

211 1498 285 1531 veri
303 1496 387 1537 Dei,
416 1496 517 1528 valde
533 1495 798 1534 excruciantur,
827 1504 858 1530 et
872 1505 974 1530 orant
993 1497 1201 1531 servariEc-

213 1549 365 1582 clesiam.
427 1545 475 1579 Hi
500 1558 621 1579 rursus
646 1547 830 1588 eriguntur
854 1548 1088 1590 promissione
1115 1560 1199 1581 con-

214 1600 405 1633 servandae
444 1595 632 1632 Ecclesiae.
699 1597 774 1630 Hac
814 1598 919 1631 erecti
959 1599 1200 1631 consolatione

216 1652 409 1689 laetantur,
446 1654 554 1690 agunt
579 1647 654 1680 Deo
679 1648 822 1690 gratias,
858 1655 889 1681 et
908 1649 1045 1682 addunt
1069 1656 1149 1681 vota
1169 1656 1201 1682 et

214 1701 373 1744 gemitus.
430 1698 479 1732 lta
496 1699 533 1730 in
556 1696 622 1731 hoc
640 1697 780 1731 Psalmo
799 1699 943 1742 repetita
969 1700 1202 1742 promissione

215 1752 465 1785 describuntur
501 1761 560 1782 seu
592 1749 784 1782 recitantur
814 1750 968 1790 laeticia,
1009 1751 1200 1793 gratiarum

216 1803 304 1836 actio
333 1809 365 1834 et
395 1801 558 1845 pret-atio.
617 1798 681 1833 Est
702 1807 817 1833 autem
846 1802 991 1844 repetita
1017 1802 1202 1845 promissio

216 1861 255 1887 ut
279 1853 365 1886 alibi
399 1864 516 1895 saepe,
558 1858 595 1884 ut
626 1850 780 1885 Ecclesia
812 1852 971 1885 omnium
1004 1859 1201 1896 temporum

216 1903 308 1937 hanc
333 1903 609 1936 consolationem
632 1908 763 1935 teneat:
799 1901 887 1935 Ecce
910 1915 972 1946 ego
996 1915 1120 1936 maneo
1141 1916 1203 1936 vo-

217 1955 352 1988 biscum
381 1965 491 1997 usque
519 1953 560 1985 ad
585 1954 927 1986 consummationem
949 1954 1068 1988 seculi.
1099 1954 1202 1988 Item:

217 2005 343 2039 Portae
361 2004 555 2036 inferorum
574 2015 646 2036 non
663 2004 915 2047 praevalebunt
930 2006 1097 2038 adversus
1118 2018 1204 2040 eam.

218 2055 317 2096 Item,
343 2054 500 2100 quotidie
526 2054 651 2087 recitas
675 2054 712 2086 in
736 2055 914 2099 symbolo:
944 2054 1059 2089 Credo
1080 2054 1204 2090 Eccle-

217 2107 302 2140 siam
324 2103 542 2140 catholicam.

322 2173 463 2206 Primus
482 2184 602 2206 versus
625 2173 821 2217 propositio
839 2181 908 2215 est,
935 2174 1063 2209 Laetor
1087 2183 1119 2209 et
1140 2188 1203 2220 ago

221 2225 349 2268 gratias
380 2224 454 2258 Deo
483 2236 547 2267 pro
575 2221 641 2256 hoc
675 2231 771 2257 tanto
804 2237 967 2266 munere,
1003 2228 1096 2271 quod
1122 2239 1205 2272 pro-

220 2276 339 2308 missio
366 2276 409 2308 de
439 2275 705 2308 conservatione
732 2275 906 2309 Ecclesiae
931 2277 1022 2309 edita
1048 2285 1108 2311 est.
1155 2276 1204 2311 In

222 2323 367 2359 domum
394 2323 535 2358 domini
558 2324 715 2368 ibimus,
758 2330 860 2359 stant
885 2325 992 2373 pedes
1023 2328 1142 2361 nostri
1167 2329 1204 2362 ιή

220 2379 335 2423 portis
373 2376 446 2410 iuis
476 2374 694 2411 Ierusalem.
744 2377 917 2412 Adfirmat
951 2379 987 2411 in
1015 2378 1203 2413 Ierusalem

223 2429 392 2471 templum
413 2427 498 2468 Dei,
526 2435 558 2461 et
587 2440 709 2461 verum
733 2429 969 2462 ministerium
997 2431 1154 2464 sutorum
1174 2439 1205 2465 et

224 2490 427 2512 mansurum
459 2491 530 2511 esse
554 2479 720 2512 omnibus
746 2481 982 2524 temporibus,
1009 2482 1121 2514 donec
1146 2495 1205 2515 ve-

224 2528 296 2561 niet
322 2527 434 2564 Siloh.
496 2529 569 2562 Iam
597 2531 708 2573 cogita
736 2542 840 2575 quam
869 2532 982 2565 dulcis
1012 2533 1204 2567 consolatio

225 2579 269 2611 sit
287 2578 363 2622 piae
380 2580 489 2613 menti
511 2581 616 2621 scire,
644 2588 737 2614 certo
763 2593 965 2615 mansuram
990 2595 1063 2616 esse
1086 2596 1204 2617 veram

795 61 919 98 PHlL.
949 59 1065 95 MEL.
1091 57 1300 94 SCRIPTA
1327 55 1626 92 EXEGETICA.

2130 59 2229 94 1204

1241 143 1484 177 collectionem
1500 141 1679 176 Ecclesiae
1696 143 1740 176 ad
1758 143 1866 177 vitam
1885 149 2074 184 aeternam,
2101 151 2134 179 et
2151 145 2231 190 qui-

1240 196 1320 228 dem
1337 202 1376 228 ut
1394 202 1479 228 tunc
1496 195 1643 227 sonabat
1659 194 1867 238 promissio,
1894 195 1970 227 loco
1989 203 2096 231 certo.

1343 245 1470 278 Portae
1488 244 1685 288 significant
1709 245 1842 278 curiam
1870 252 1902 277 et
1927 245 2232 288 gubernationem,

1242 303 1275 329 et
1302 294 1480 340 emphasis
1503 302 1554 329 est
1578 296 1614 328 in
1639 297 1747 329 verbo
1779 296 1915 336 standi,
1949 308 2038 340 quae
2062 297 2233 339 significat

1242 347 1482 380 assiduitatem
1505 353 1537 380 et
1563 347 1786 388 firmitatem,
1822 346 1922 391 quasi
1947 346 2060 387 dicat,
2103 349 2233 390 guber-

1242 399 1338 432 natio
1357 405 1406 431 est
1423 398 1575 438 assidua,
1603 398 1764 441 vigilans,
1791 397 1944 441 intenta,
1973 404 2006 430 et
2024 397 2090 430 erit
2109 410 2232 443 perpe—

1242 457 1311 482 tua.
1365 448 1511 494 Reliqui
1530 460 1651 482 versus
1669 461 1789 482 omnes
1806 455 1887 482 sunt
1906 449 2077 489 narratio,
2105 461 2235 493 propo-

1243 500 1406 533 sitionem
1426 511 1605 544 exponens
1621 501 1828 533 recitatione
1847 511 1965 533 earum
1985 511 2117 540 rerum,
2147 511 2234 545 quae

1348 600 1493 634 Tertius
1529 613 1648 634 versus
1680 602 1840 647 loquitur
1871 603 1914 635 de
1951 602 2170 635 incremento
2203 608 2236 634 et

1245 652 1432 686 concordia
1463 652 1624 685 omnium
1651 654 1839 694 ordinum,
1878 660 1910 686 et
1941 653 2118 697 copulatio
2151 664 2237 685 con-

1246 704 1351 736 cinna
1367 710 1438 743 est,
1466 703 1548 747 quia
1573 703 1760 747 praecipue
1782 712 1941 737 crescunt
1962 704 2014 736 illi
2035 711 2174 744 coetus,
2198 703 2236 736 in

1246 754 1375 799 quibus
1397 761 1447 788 est
1465 755 1507 787 de
1525 755 1628 787 rebus
1651 755 1755 787 bonis
1778 766 1968 788 consensus
1985 762 2017 788 et
2035 754 2238 789 concordia.

1220 829 1221 832 η
1249 805 1427 848 lntelligas
1451 811 1567 838 autem
1593 806 1747 848 primum
1772 806 1997 838 concordiam
2020 805 2237 846 docentium,

1248 863 1363 900 postea
1397 863 1430 890 et
1465 856 1616 889 aliorum
1645 857 1830 897 ordinum,
1865 857 2015 896 ducum,
2051 856 2238 899 magistra-

1247 915 1365 947 tuum,
1400 906 1573 947 militum,
1609 908 1751 951 populi,
1792 914 1824 941 et
1858 904 1895 939 hi
1929 919 2051 940 omnes
2082 907 2238 951 copulati

1247 959 1387 991 suntad
1410 970 1520 990 unum
1540 965 1661 1002 caput,
1689 958 1852 991 videlicet
1868 959 1911 990 ad
1928 970 2049 991 verum
2066 956 2182 991 Deum
2198 958 2238 990 in

1248 1009 1428 1052 agnitione
1459 1008 1628 1047 Messiae,
1678 1016 1709 1042 et
1743 1010 1779 1041 in
1816 1008 2108 1053 promissionibus
2140 1015 2239 1052 pate-

1222 1078 1223 1086 κ
1248 1061 1376 1093 factum
1391 1087 1400 1100 ,
1442 1061 1531 1093 sicut
1558 1067 1721 1104 precatur
1744 1059 1935 1093 Dominus:
1973 1058 2042 1093 Fac
2064 1066 2103 1093 ut
2124 1071 2238 1093 unum

1222 1121 1223 1128 ¹
1249 1112 1319 1144 sint
1343 1111 1380 1143 in
1406 1111 1520 1145 nobis.

1351 1160 1508 1204 Quartus
1534 1174 1655 1195 versus
1681 1173 1839 1205 expresse
1875 1162 2035 1208 loquitur
2062 1162 2105 1195 de
2138 1173 2240 1206 prae-

1223 1213 1353 1256 *cipuo
1388 1224 1493 1256 opere
1533 1213 1571 1245 in
1603 1214 1753 1258 templo,
1793 1214 1923 1246 scilicet
1960 1214 2003 1246 de
2041 1213 2240 1246 ministerio

1223 1284 1225 1307 3
1250 1264 1432 1297 doctrinae
1449 1270 1481 1297 et
1496 1264 1612 1305 cultu,
1641 1271 1673 1297 et
1696 1265 1857 1297 adfirmat
1881 1271 1990 1298 totam
2009 1262 2100 1297 hanc
2114 1262 2239 1297 Eccle—

1251 1315 1336 1347 siam
1355 1315 1532 1357 alligatam
1559 1327 1631 1348 esse
1657 1316 1699 1348 ad
1726 1315 1960 1348 ministerium
1989 1315 2085 1348 illius
2109 1314 2176 1348 loci
2200 1314 2241 1348 in

1252 1365 1460 1404 Ierusalem,
1485 1366 1547 1399 ubi
1573 1366 1747 1399 docebant
1766 1363 1974 1410 Prophetae.
2010 1361 2148 1398 Omnes
2174 1364 2242 1397 tri-

1252 1415 1318 1449 bus
1336 1413 1466 1448 Israel
1483 1414 1684 1449 ascendunt
1702 1413 1757 1448 ad
1777 1413 1874 1449 hunc
1900 1428 2012 1449 unum
2039 1414 2174 1454 locum,
2203 1419 2241 1448 ut

1253 1465 1307 1499 ihi
1338 1466 1420 1499 testi
1433 1467 1544 1500 zcatio
1576 1464 1667 1510 fiat,
1702 1468 1737 1499 id
1766 1475 1833 1508 est,
1867 1467 2154 1500 commemoratio
2177 1469 2243 1499 do-

1253 1518 1386 1551 ctrinae
1403 1519 1479 1557 fiat,
1507 1526 1539 1551 et
1558 1517 1654 1551 Dens
1669 1524 1761 1551 recte
1777 1524 1987 1560 agnoscatur
2000 1525 2031 1551 et
2048 1518 2243 1551 celebretur

1253 1569 1312 1600 illa
1337 1569 1516 1608 doctrina,
1549 1581 1654 1613 quam
1677 1569 1751 1612 ipse
1775 1568 1940 1610 tradidit,
1973 1575 2007 1602 et
2031 1568 2088 1602 cui
2113 1569 2242 1602 tribuit

1226 1649 1228 1655 Α
1254 1618 1404 1651 illustria
1423 1619 1634 1661 testimonia.

1357 1668 1515 1711 Quintus
1531 1681 1650 1703 versus
1667 1671 1816 1704 affirmat
1845 1669 1927 1703 huic
1950 1670 2027 1703 loco
2052 1669 2242 1714 promissos

1255 1732 1326 1752 esse
1343 1721 1524 1760 doctores,
1552 1728 1583 1754 et
1608 1733 1774 1762 regnum,
1804 1722 1893 1755 sicut
1915 1722 1951 1753 in
1978 1721 2094 1765 priore
2118 1722 2160 1754 de
2178 1733 2243 1755 au-

1254 1771 1429 1804 ditoribus
1452 1772 1589 1805 locutus
1613 1779 1675 1808 est.
1708 1770 1841 1806 Sedent
1863 1769 1981 1814 sedes,
2008 1772 2044 1805 id
2071 1778 2140 1811 est,
2167 1784 2243 1806 ma-

1254 1829 1340 1855 nent
1362 1824 1471 1857 sedes.
1507 1820 1556 1855 In
1574 1820 1729 1862 iudicio,
1754 1824 1790 1856 iil
1816 1831 1884 1863 est,
1912 1824 1949 1855 in
1975 1823 2142 1856 omnibus
2163 1823 2243 1856 offi-

1254 1873 1315 1906 ciis
1338 1874 1614 1915 gubernationis
1658 1872 1767 1907 Sedes
1787 1872 1916 1907 domus
1932 1871 2083 1915 David,
2117 1873 2153 1906 id
2179 1880 2242 1912 est,

1254 1923 1384 1957 Davidi
1409 1925 1498 1958 sacta
1532 1932 1581 1959 est
1613 1926 1818 1969 promissio,
1859 1926 1909 1959 ibi
1936 1932 1969 1958 et
2005 1924 2176 1968 templum
2208 1931 2244 1958 et

1255 1986 1401 2017 regnum
1426 1987 1631 2009 mansurum
1656 1988 1728 2009 esse
1746 1978 1856 2010 donec
1873 1976 1989 2008 veniet
2007 1972 2120 2008 Sitoh.
2164 1972 2244 2008 Etsi

1254 2026 1349 2059 enim
1375 2037 1476 2070 saepe
1500 2027 1538 2059 in
1562 2028 1693 2071 templo
1719 2039 1843 2069 magna
1869 2027 2061 2060 multitudo
2087 2025 2154 2060 fuit
2177 2023 2244 2072 hy-

1255 2077 1490 2121 pocritarum,
1526 2085 1642 2111 tamen
1666 2077 1760 2111 Deus
1785 2090 1903 2111 semen
1927 2085 2085 2111 sanctum
2101 2088 2244 2110 conser-

1256 2128 1368 2167 vavit,
1403 2136 1441 2161 ut
1471 2128 1674 2169 Ieremiam,
1699 2128 1902 2169 Danielem,
1929 2126 2158 2169 Zachariam,
2185 2127 2243 2162 Si-

1255 2191 1415 2212 meonem
1457 2187 1490 2213 et
1532 2180 1680 2220 similes,
1726 2180 1949 2213 conservavit
1987 2186 2021 2213 et
2066 2178 2242 2222 politiam,

1256 2230 1392 2263 etiamsi
1410 2231 1452 2263 ad
1470 2237 1663 2264 extremum
1681 2243 1843 2274 oppressa
1863 2231 1929 2265 fuit
1946 2230 2128 2264 servitute.

1359 2280 1484 2314 Sextus
1501 2293 1622 2314 versus
1640 2289 1862 2326 praeceptum
1883 2289 1952 2322 est,
1979 2288 2017 2315 ut
2041 2281 2099 2314 fiat
2122 2291 2243 2324 preca-

1255 2332 1304 2365 tio
1328 2344 1392 2376 pro
1417 2331 1589 2373 Ecclesia,
1623 2339 1655 2365 et
1679 2333 1797 2366 addita
1825 2339 1875 2366 est
1900 2331 2104 2377 promissio,
2129 2330 2244 2364 Deum

1256 2383 1520 2416 benefacturum
1539 2395 1610 2417 esse
1626 2381 1680 2416 his
1696 2384 1756 2428 qui
1774 2384 1946 2427 diligunt,
1972 2384 2110 2423 fovent,
2138 2389 2242 2415 tuen-

1256 2440 1313 2467 tur
1330 2432 1543 2473 Ecclesiam,
1571 2434 1661 2468 sicut
1684 2434 1801 2480 iuquit
1825 2434 2017 2468 Dominus:
2045 2432 2117 2479 Qui
2134 2433 2242 2466 dede-

1256 2485 1301 2518 rit
1317 2492 1439 2528 potum
1455 2497 1566 2530 aquae
1583 2485 1732 2529 frigidae
1753 2486 1816 2519 uni
1839 2498 1879 2519 ex
1904 2484 2059 2518 minimis
2081 2495 2241 2518 meorum

1257 2542 1400 2579 propter
1430 2536 1650 2577 doctrinam,
1688 2534 1833 2570 habebit
1864 2536 2071 2569 mercedem.
2123 2532 2170 2568 Et
2195 2535 2241 2568 ad

1255 2583 1439 2620 Abraham
1463 2587 1563 2621 dicit:
1601 2587 1815 2621 Benedicam
1848 2585 2138 2620 benedicentibus
2162 2585 2240 2626 tibi,

225 2629 441 2671 doctrinam,
473 2631 688 2674 agnitionem
711 2638 744 2666 et
772 2632 1030 2668 invocationem
1056 2634 1142 2676 Dei,
1173 2643 1205 2669 et
1230 2643 1232 2673 1
1256 2643 1288 2671 et
1305 2637 1509 2671 maledicam
1530 2638 1822 2673 maledicentibus
1839 2637 1912 2671 tibi.
1949 2635 2051 2670 Item:
2080 2635 2242 2670 Primum
