2379 2948
139 100 211 136 441
774 98 835 133 lv.

238 181 287 219 Et
303 182 395 219 hanc
413 185 657 219 definitionem
674 184 859 217 confirmat
874 182 995 216 multis
1020 193 1128 225 argu—
1154 196 1155 200 ¹

137 236 285 277 mentis,
312 248 402 282 quae
419 237 548 281 partim
565 243 647 269 sunt
661 234 862 269 testimonia
879 246 918 266 ex
944 232 1127 276 scripturis

139 286 261 328 citata,
290 288 417 331 partim
435 295 518 322 sunt
534 287 688 321 rationes
704 296 744 317 ex
760 285 873 317 causis
889 290 1059 327 sumptae.

244 354 466 390 Testimonia
484 361 584 388 sunt:
611 352 772 386 Credidit
789 349 983 390 Abraham,
1011 359 1044 385 et
1060 352 1124 384 im-

888 95 1164 132 ELEMENTA
1191 92 1525 131 RHETORICES.

1153 222 1155 232 ι

1152 309 1156 330 t

1151 331 1154 364 l

1151 366 1154 389 ν

136 413 299 450 putatum
325 414 375 440 est
398 406 429 439 ei
452 407 494 438 ad
519 404 706 437 iusticiam.
738 401 834 446 Ergo
854 403 921 435 fide
940 403 1126 447 consequi·
1151 414 1154 436 1

136 469 235 499 mur,
261 466 299 491 ut
316 463 519 501 reputemur
537 454 631 490 iusti.

240 516 346 550 Fides
363 521 478 548 autem
496 520 546 546 est
561 513 688 546 fiducia
706 513 897 557 promissae
923 512 1123 545 misericor—

137 567 234 609 diae,
261 578 340 600 cum
358 564 500 610 quidem
519 564 743 607 agnoscimus
762 576 826 597 nos
845 564 1011 607 indignos
1031 575 1114 598 esse.

239 631 348 666 Aliud
367 630 621 664 testimonium.
672 628 771 663 Beati
791 641 942 675 quorum
959 630 1124 662 remissae

133 691 216 718 sunt
230 682 442 727 iniquitates.
470 679 587 724 Ergo,
614 693 692 714 cum
714 693 834 713 omnes
854 688 1011 724 oporteat
1034 680 1124 713 acci-

133 747 215 779 pere
243 732 485 767 remissionem
518 740 760 776 peccatorum‚
802 732 862 776 qui
894 732 982 764 fiunt
1021 730 1124 770 beati,

132 796 271 819 necesse
295 790 345 817 est
367 783 470 816 fateri
493 795 635 823 omnes,
670 784 766 828 quod
791 780 943 816 habeant
971 788 1120 825 peccata.

132 835 214 869 Non
230 835 338 879 igitur
356 840 440 868 sunt
456 833 538 867 iusti
558 834 699 878 propria
718 834 905 877 dignitate,
933 846 1005 866 non
1024 833 1124 865 satis—

130 887 266 920 faciunt
283 886 362 929 legi.

232 945 373 980 Deinde
391 956 409 978 a
427 956 530 978 causa
547 944 691 978 additur
708 951 968 987 argumentum.

286 1003 564 1037 promissionem
581 1002 712 1046 gratiae
728 1009 866 1046 oportet
882 1014 954 1035 esse
969 1009 1110 1034 certam.

283 1054 477 1088 Promissio
503 1054 599 1088 fieret
631 1055 781 1094 incerta,
822 1053 850 1087 si
885 1054 1052 1097 penderet
1083 1065 1122 1085 ex

336 1104 541 1139 conditione
565 1105 661 1148 legis.

282 1154 378 1199 Ergo
398 1156 585 1199 promissio
602 1168 674 1188 non
694 1155 823 1199 pendet
845 1167 885 1186 ex
914 1154 1121 1187 conditione

340 1207 445 1250 legis,
471 1208 531 1239 sed
559 1207 666 1250 gratis
691 1213 835 1251 propter
851 1203 1032 1239 Christum
1054 1205 1121 1237 fide

337 1258 523 1300 contingit.

230 1317 412 1352 Minorem
438 1317 640 1357 confirmat,
670 1316 750 1361 qnia
775 1316 829 1348 lex
856 1327 992 1360 semper
1018 1327 1119 1348 accu-

129 1376 199 1410 sat,
225 1380 304 1409 seu,
329 1375 369 1401 ut
390 1368 462 1411 ipse
488 1368 555 1408 ait,
584 1368 672 1400 iram
695 1373 882 1410 operatur,
911 1367 991 1412 quia
1014 1378 1118 1398 nemo

128 1420 196 1463 legi
222 1419 406 1459 satisfacit,
441 1431 550 1463 quare
573 1430 646 1451 non
671 1424 815 1462 propter
838 1418 949 1461 legem
975 1419 1119 1457 dantur,

125 1470 286 1504 remissio
302 1476 335 1503 et
353 1468 564 1503 iustificatio.

226 1527 385 1562 Exordia
410 1535 443 1562 et
476 1528 719 1571 perorationes
748 1527 785 1559 in
818 1524 884 1559 hoc
913 1539 1040 1569 genere
1064 1538 1118 1560 se-

128 1587 288 1626 quuntur
304 1579 505 1613 communia
521 1586 703 1624 praecepta
716 1605 724 1618 ,
752 1590 857 1622 supra
874 1579 1015 1612 tradita.

228 1638 499 1673 Contrariarum
517 1638 633 1681 legum
653 1644 763 1671 status
785 1645 853 1678 est,
881 1650 959 1670 cum
984 1637 1118 1671 faciunt

126 1689 405 1726 controversiam
436 1689 633 1722 contrariae
664 1689 774 1731 leges,
818 1690 1116 1733 quemadmodum

127 1754 228 1786 saepe
246 1740 389 1780 accidit,
415 1738 544 1773 Graeci
564 1746 688 1772 vocant
706 1738 800 1772 hunc
816 1747 944 1773 statum
972 1737 1117 1773 ἀντινο-

125 1791 232 1838 inias,
268 1799 327 1832 ut,
364 1788 576 1834 ἀντινομίαι
601 1797 700 1823 sunt:
746 1789 878 1823 Melius
904 1797 953 1823 est
982 1791 1118 1823 nubere

125 1856 231 1890 quam
255 1843 323 1876 uri.
374 1839 422 1875 Et
445 1841 589 1876 Canon:
631 1841 711 1874 Non
744 1841 847 1874 liceat
876 1841 1118 1874 sacerdotibus

124 1906 250 1930 uxores
266 1895 406 1928 ducere.

230 1953 438 1988 Contrariae
457 1960 556 1986 sunt:
585 1951 666 1985 Non
684 1952 789 1985 facies
805 1952 951 1992 furtum,
966 1959 1000 1985 et
1018 1964 1117 1984 man-

126 2006 264 2046 datum,
291 2012 331 2038 ut
346 2003 498 2037 Hebraei
517 2004 710 2048 spoliarent
728 2003 933 2048 Aegyptios.

229 2062 526 2096 Confirmationes
543 2070 575 2097 et
593 2063 853 2096 confutationes
871 2064 1052 2095 ducuntur
1078 2074 1117 2094 ex

128 2115 240 2150 causis
258 2114 502 2149 efficientibus.
555 2114 628 2148 Lex
645 2114 738 2147 enim
762 2111 869 2147 babet
891 2114 1115 2147 autoritatem

129 2168 174 2200 ab
189 2165 360 2199 efficiente
379 2177 494 2201 causa.
547 2165 642 2199 Hinc
664 2172 747 2199 sunt
764 2165 916 2208 regulae.
970 2164 1042 2198 Lex
1061 2165 1115 2196 in-

128 2218 238 2252 ferior
256 2216 348 2249 cedit
372 2217 557 2260 superiori.
611 2217 683 2250 Lex
706 2216 867 2260 specialis
888 2218 1034 2258 derogat
1058 2227 1117 2259 ge-

129 2268 254 2303 nerali.
306 2265 376 2300 Lex
394 2264 548 2301 humana
572 2268 664 2302 cedit
686 2268 839 2301 divinae.
890 2267 999 2310 Leges
1023 2274 1116 2299 vete-

127 2333 181 2355 res
198 2318 426 2362 corriguntur
449 2326 509 2352 aut
525 2321 743 2363 abrogantur
761 2319 873 2353 novis.
926 2318 1117 2351 Ducuntur

128 2372 234 2406 etiam
250 2369 536 2403 confirmationes
550 2377 610 2404 aut
625 2370 885 2404 confutationes
902 2381 942 2402 ex
959 2369 1116 2409 materia,

127 2421 195 2457 hoc
210 2428 281 2462 est,
308 2432 348 2453 ex
366 2420 450 2463 ipsis
466 2420 620 2464 legibus,
647 2422 676 2454 si
699 2434 777 2455 cum
804 2421 941 2454 ratione
966 2433 1116 2453 consen-
1142 2432 1144 2456 i

126 2475 237 2514 tiant,
263 2478 325 2506 aut
340 2478 499 2515 pugnent
516 2483 594 2504 cum
613 2473 760 2513 ratione,
785 2473 814 2505 si
833 2472 1116 2506 circumstantiae

130 2525 392 2570 expendantur,
419 2522 548 2567 quibus
566 2522 654 2555 latae
669 2523 761 2564 sint,
787 2531 820 2557 et
833 2536 878 2556 an
904 2525 946 2556 ad
972 2520 1036 2556 hos
1059 2535 1116 2556 ca-
1142 2555 1143 2560 ,

723 2572 769 2606 Et
793 2585 834 2606 ex
858 2574 989 2608 talibus
1013 2585 1115 2617 regu-
1142 2592 1144 2598 ι

129 2588 186 2610 sus
202 2582 293 2609 recte
308 2575 590 2619 detorqueantur
605 2579 670 2607 etc.

128 2627 172 2660 lis
211 2627 431 2661 dirimuntur
470 2625 657 2670 pleraeque
693 2624 807 2667 legum
845 2625 1116 2660 controversiae.

129 2677 202 2714 Lex
218 2677 385 2712 inferior:
411 2674 494 2710 Non
512 2676 618 2710 facies
634 2676 788 2716 furtum,
812 2675 906 2710 cedit
927 2675 1116 2720 superiori,

1152 303 1153 306 =
1179 279 1334 323 regulam
1355 292 1426 312 uon
1448 281 1610 314 inutilem
1634 288 1870 326 sumpserunt.

2091 95 2164 130 442

1716 179 1811 214 Deus
1834 180 1927 214 enim
1952 191 2044 212 novo
2066 192 2165 212 man-

1874 230 1969 264 Hinc
1985 227 2161 273 Theologi

1923 281 2085 315 Secunda
2113 289 2164 313 ta-

1179 330 1264 363 bula
1281 331 1372 363 cedit
1389 331 1533 374 primae.
1580 331 1760 366 Abraham
1780 333 2026 366 immolaturus
2041 331 2164 371 filium,

1179 381 1316 414 solutus
1330 389 1379 414 est
1395 383 1547 414 secunda
1568 383 1685 415 tabula
1711 395 1772 426 per
1794 383 1963 426 primam,
1990 394 2079 426 quae
2106 394 2164 414 co—

1179 433 1230 475 git
1252 431 1328 464 Deo
1354 432 1517 472 obedire,
1546 432 1719 477 quidquid
1746 434 1774 465 is
1798 434 1947 469 iusserit.
2001 430 2087 466 Iehu
2107 444 2163 465 ca-

1180 483 1281 527 piens
1297 494 1393 515 arma
1411 484 1577 515 adversus
1596 494 1711 525 regem
1735 495 1854 523 suum,
1882 485 2017 517 solutus
2040 490 2089 516 est
2112 483 2163 515 le-

1180 535 1282 577 gibus
1307 536 1480 567 secundae
1503 534 1643 566 tabulae
1669 545 1731 577 per
1757 534 1924 577 primam,
1950 533 2045 567 Deus
2068 534 2162 566 enim

1179 596 1272 617 novo
1295 586 1462 618 mandato
1487 585 1633 617 iusserat
1659 582 1744 617 Iehu
1767 596 1861 616 arma
1885 595 2015 627 capere.
2067 584 2162 618 Cou-

1179 636 1305 668 trariae
1322 636 1414 679 leges
1429 636 1610 668 videntur:
1639 634 1691 667 Xe
1715 635 1841 667 reddas
1857 634 1989 667 malum
2007 646 2069 677 pro
2088 647 2163 666 rua-

1178 687 1224 725 lo,
1253 693 1300 719 et:
1327 686 1555 730 Magistratus
1572 685 1639 719 Dei
1656 686 1817 718 minister
1835 691 1901 724 est,
1929 691 1962 717 et
1978 685 2104 716 vindex
2121 686 2163 716 ad

1179 737 1277 771 iram.
1332 736 1400 770 Hic
1424 738 1531 770 altera
1560 737 1733 770 sententia
1765 734 1930 780 prohibet
1962 734 2165 773 vindictam,

1178 789 1284 820 altera
1313 789 1501 832 praecipit,
1541 788 1598 820 sed
1631 788 1812 820 dirimitur
1840 785 2078 819 controversia
2104 796 2166 828 per

1178 839 1350 881 regulam:
1382 838 1515 872 Generi
1533 841 1723 881 derogatur
1740 850 1801 881 per
1818 837 1987 881 speciem,
2016 843 2050 870 et
2074 835 2162 867 illud

1177 890 1400 933 potissimum
1427 889 1590 930 habetur,
1627 890 1721 934 quod
1750 890 1794 922 ad
1819 888 1967 932 speciem
1991 887 2163 919 directum

1177 948 1237 973 est.
1292 939 1431 984 Excipit
1463 948 1577 974 autem
1602 941 1773 983 scriptura
1799 940 2040 981 magistratum
2064 949 2082 970 a
2106 948 2163 979 ge-

1177 992 1288 1024 nerali
1306 992 1444 1035 regula,
1472 992 1509 1024 in
1525 1004 1592 1036 qua
1610 992 1764 1024 vindicta
1784 989 2003 1035 prohibetur.
2042 987 2163 1031 Itaque

1181 178 1313 212 scilicet
1339 180 1453 222 primo
1479 183 1656 216 mandato-

1180 231 1262 262 dato
1279 229 1427 263 iusserat
1451 232 1600 274 spoliare
1617 231 1821 277 Aegyptio&

1148 1065 1150 1070 ·
1176 1050 1309 1075 certum
1330 1050 1381 1076 est
1396 1069 1405 1083 ‚
1428 1043 1648 1085 magistratui
1664 1043 1768 1075 licere
1785 1052 1944 1074 exercere
1961 1039 2164 1075 vindictam,

1148 1105 1150 1119 ἰ
1177 1094 1302 1136 punire
1321 1100 1458 1134 sontes,
1486 1105 1604 1136 gerere
1627 1093 1731 1128 bella.

1144 2174 1145 2177 ’
1170 2170 1310 2204 ctuum,
1335 2162 1679 2196 circumstantiarum
1705 2167 1737 2194 et
1754 2158 1999 2204 pugnantium.

1142 2218 1145 2240 ἓ
1170 2221 1286 2248 autem
1305 2214 1469 2247 voluntas
1488 2212 1690 2257 quaeritur,
1716 2211 1858 2256 quando
1877 2205 1986 2253 ῥητὸν
2004 2212 2072 2246 est,
2098 2212 2158 2239 aut

1142 2285 1144 2292 v
1170 2266 1380 2305 obscurum,
1416 2271 1477 2297 aut
1500 2265 1712 2303 absurdum,
1742 2270 1780 2295 ut
1804 2261 1839 2293 in
1866 2258 1922 2292 his
1946 2257 2079 2291 verbis:
2117 2256 2156 2290 Si

1783 1091 2012 1125 Consuetudo
2037 1089 2163 1133 recipit

1176 1144 1212 1176 in
1233 1145 1372 1188 templis
1396 1145 1584 1187 imagines,
1612 1144 1666 1176 lex
1689 1141 1863 1187 prohibet.
1900 1141 1995 1175 Haec
2020 1147 2164 1173 contro-

1175 1196 1285 1228 versia
1303 1196 1501 1236 dirimitur,
1529 1194 1610 1239 quia
1629 1205 1694 1226 nos
1712 1206 1785 1226 non
1803 1200 1965 1226 tenemur
1982 1193 2056 1234 lege
2067 1189 2164 1224 Moi-

1175 1246 1215 1280 si.
1268 1245 1385 1279 Multa
1404 1244 1471 1279 hoc
1489 1247 1594 1278 modo
1612 1245 1758 1278 iudicari
1777 1250 1942 1288 possunt,
1971 1255 2059 1288 quae
2083 1241 2163 1273 lon-

1173 1308 1254 1340 gum
1275 1303 1361 1330 esset
1376 1309 1568 1332 recensere.

1403 1383 1461 1414 Ex
1486 1383 1628 1424 scripto
1658 1385 1693 1413 el
1722 1381 1926 1413 sententia.

1276 1447 1576 1492 frequentissime
1592 1447 1628 1479 iu
1646 1448 1734 1486 foro,
1758 1446 1842 1479 etin
1861 1443 2039 1484 Ecclesiis‚
2057 1455 2164 1488 quae-

1173 1500 1303 1534 stiones
1320 1506 1421 1537 sunt,
1450 1499 1570 1542 scripti
1595 1505 1626 1531 et
1646 1497 1857 1538 voluntatis,
1884 1507 1973 1540 quae
1998 1495 2163 1528 oriuntur

1172 1564 1212 1584 ex
1236 1551 1357 1594 scripti
1383 1550 1612 1589 obscuritate,
1640 1561 1700 1581 aut
1725 1541 1965 1590 ambiguitatess
2033 1544 2160 1578 Graeci

1173 1609 1299 1636 vocant
1316 1600 1410 1634 hunc
1429 1607 1557 1634 statum
1583 1601 1693 1645 ῥητοῦ
1718 1597 1779 1633 καὶ
1797 1596 1975 1636 διανοίας.
2027 1595 2163 1629 Huius-

1174 1653 1271 1686 modi
1286 1652 1546 1686 controversiae
1565 1659 1646 1684 sunt
1665 1653 1707 1684 de
1725 1649 1778 1683 his
1800 1650 1901 1683 locis:
1926 1648 2033 1686 Vade,
2050 1649 2163 1680 vende

1172 1704 1291 1737 omnia
1312 1715 1400 1748 quae
1420 1700 1546 1743 babes,
1575 1709 1607 1735 et
1622 1703 1663 1735 da
1683 1701 1908 1746 pauperibus.
1942 1701 1975 1734 2.
1987 1697 2109 1732 Corin.
2128 1697 2162 1732 8.

1173 1762 1211 1788 ut
1226 1755 1269 1789 sit
1286 1754 1489 1799 aequalitas.
1544 1753 1647 1785 item:
1678 1753 1756 1785 Non
1773 1751 1916 1785 iurabis.
1954 1749 2042 1782 Nam
2062 1749 2161 1781 Aua-

1172 1806 1343 1849 baptistae
1358 1811 1484 1847 urgent
1502 1805 1626 1842 verba,
1654 1815 1717 1836 nec
1736 1802 1911 1846 recipiunt
1924 1800 2033 1834 ullam
2050 1799 2162 1832 inter-

1173 1857 1415 1902 pretationem.
1470 1854 1544 1888 Nos
1563 1855 1726 1887 addimus
1749 1852 2094 1896 interpretationem,
2122 1856 2161 1882 ut

1172 1907 1381 1941 sententiam
1398 1906 1631 1946 retineamus,
1658 1904 1933 1938 Iurisconsultus
1949 1908 2049 1935 vocat
2064 1902 2161 1934 frau-

1171 1961 1250 1992 dem
1271 1971 1350 1991 cuin
1365 1957 1568 1990 defenditur
1585 1954 1695 2001 ῥητὸν
1713 1961 1834 1989 contra
1851 1951 2035 1989 ὃιανοίαν.
2073 1951 2159 1985 Loci

1144 2039 1145 2045 ,
1172 2009 1277 2044 huius
1294 2016 1404 2042 status
1421 2009 1582 2041 sumendi
1599 2015 1681 2041 sunt
1699 2019 1739 2040 ex
1763 2006 1961 2039 dialectica:
1988 2002 2159 2037 Definitio

1144 2055 1145 2077 ἦ
1173 2056 1333 2105 patefacit
1353 2060 1521 2099 obscura,
1547 2058 1686 2092 Divisio
1715 2057 1886 2091 discernit»
1905 2055 2088 2097 ambigua,
2116 2054 2158 2085 ad

1173 2112 1236 2145 hos
1253 2112 1348 2145 locos
1364 2112 1536 2144 accedunt
1551 2110 1693 2155 reliqui,
1720 2116 1758 2142 ut
1775 2107 1843 2141 loci
1859 2116 2053 2145 causarum,
2072 2104 2157 2136 effe-

2054 2154 2159 2187 Tunc

1169 2317 1247 2362 quis
1270 2316 1475 2350 castraverit
1507 2326 1542 2348 se
1573 2321 1637 2349 etc.
1672 2314 1834 2346 voluntas
1865 2310 2064 2355 quaerenda
2095 2314 2157 2341 est.

1169 2368 1258 2402 Nam
1286 2365 1396 2413 ῥητὸν
1416 2374 1466 2400 est
1491 2366 1693 2399 absurdum.
1748 2363 1818 2396 Sed
1849 2361 1886 2393 in
1915 2360 2022 2393 sacris
2045 2358 2157 2392 literis

1169 2417 1236 2453 hoc
1251 2420 1512 2453 observandum
1539 2424 1605 2455 est,
1632 2415 1726 2448 utin
1752 2412 1974 2454 dogmatibus
1999 2417 2031 2443 et
2054 2421 2157 2454 prae·

1169 2471 1278 2515 ceptis
1294 2472 1487 2504 retineatur
1501 2465 1542 2501 τὸ
1560 2464 1688 2511 ῥητὸν,
1715 2465 1784 2497 nisi
1804 2463 1977 2507 impingat
1994 2460 2155 2495 absurdi-

1171 2530 1221 2556 tas
1244 2522 1282 2555 in
1309 2522 1460 2565 aliquem
1487 2518 1673 2551 articulum
1701 2515 1802 2554 fidei,
1838 2525 1898 2547 seu
1930 2513 2156 2546 manifestum

1170 2573 1363 2617 scripturae
1381 2571 1510 2603 locum.
1566 2568 1670 2601 Tunc
1689 2568 1782 2600 enim
1801 2565 2002 2609 recipienda
2020 2570 2070 2597 est
2092 2575 2157 2595 vo-

1170 2625 1288 2658 luntas
1305 2635 1344 2656 ex
1364 2620 1556 2654 manifestis
1573 2620 1660 2653 locis
1677 2619 1755 2651 aliis
1772 2617 1927 2652 collecta.
1968 2614 2155 2649 Caeterum

1168 2675 1207 2708 in
1223 2672 1446 2718 dogmatibus
1461 2683 1500 2705 ac
1514 2670 1719 2716 praeceptis,
1746 2681 1820 2703 non
1836 2674 1887 2702 est
1903 2665 2155 2701 discedendum
