2379 2948
246 88 320 122 919

246 174 488 207 confusionom
510 175 671 218 aspiciat,
696 174 858 209 fortuitas
884 176 1057 211 existimet
1080 189 1152 211 esse
1177 189 1231 210 re·-

245 236 394 266 guorum
413 226 681 258 constitutiones
699 232 733 259 et
750 227 971 263 mutationes.

245 283 296 308 ter
316 275 490 315 iudicent,
517 277 627 308 sciant
647 288 665 308 a
684 275 758 310 Deo
782 278 905 324 puniri
928 285 1002 312 tum
1027 280 1229 323 principum

244 333 318 359 tum
341 326 551 368 populorum
577 327 724 367 scelera,
753 335 785 361 et
804 335 918 361 tamen
943 336 1063 377 postea
1090 329 1228 363 restitui

244 377 425 420 politIcum
443 378 622 418 ordinem,
650 378 736 412 alias
751 379 907 420 felicius,
932 380 1018 414 alias
1041 381 1189 414 tristius.

346 467 505 502 Tandem
537 482 619 503 vero
651 477 728 514 post
751 478 802 505 tot
829 472 985 515 ingentia
1014 472 1104 505 bella
1129 473 1228 506 Deus

242 517 326 552 haec
350 531 453 562 regna
481 521 525 554 ita
552 521 700 564 partitus
717 528 776 555 est.
830 521 1020 555 Ptolemaei
1044 524 1227 565 posteritas

242 569 388 604 retinuit
405 571 603 616 Aegyptum
621 584 731 617 nsque
755 573 797 605 ad
819 572 901 606 Iulii
918 572 1074 608 Caesaris
1092 582 1226 618 tempo-

242 632 289 653 ra.
344 620 480 654 Seleuci
513 622 605 655 filius
633 621 832 657 Antiochus
864 625 1017 667 possedit
1041 624 1163 657 Asiam
1195 632 1228 658 et

242 670 399 716 Syriam,
435 674 493 705 sed
527 674 655 715 posteri
681 674 803 706 Asiam
828 675 1041 715 amiserunt,
1077 687 1227 719 occupa-

241 728 311 754 tam
333 723 457 765 partim
476 724 518 756 ab
538 722 698 757 Eumene
716 723 902 770 Bithynio,
931 726 1058 768 partim
1081 738 1099 758 a
1119 725 1227 759 Gala-

241 772 296 806 tis.
351 772 403 806 De
422 773 652 807 Macedoniae
670 776 886 818 possessione
904 776 1037 809 diutius
1053 784 1224 810 certatum

241 830 300 855 est.
354 822 423 856 Sed
449 825 490 856 ad
515 832 707 858 extremum
732 827 914 869 posteritas
937 826 1129 869 Demetrii,
1165 827 1226 872 qui

240 873 306 906 suit
330 872 504 916 Antigoni
534 875 641 915 filius,
676 883 795 919 captus
827 888 845 908 a
869 875 1035 916 Seleuco,
1071 886 1110 912 ut
1134 879 1224 917 dixi,

240 924 354 956 tenuit
371 924 635 966 Macedoniam,
662 927 773 959 donec
795 939 869 959 eam
894 926 1050 961 Romani
1076 941 1225 972 occupa—

240 981 337 1008 runt.
391 974 577 1008 Cassandri
613 982 644 1008 et
667 975 870 1021 Lysimachi
901 979 965 1011 filii
989 979 1225 1013 adolescentes

240 1026 426 1058 teterrimis
441 1026 638 1069 parricidiis
658 1028 848 1069 perierunt.

341 1075 561 1109 Ptolemaeus
584 1074 762 1122 κε’ραωΙος
787 1079 891 1112 ducta
916 1090 1035 1113 sorore
1058 1079 1225 1121 Arsinoe,

239 1133 271 1159 et
289 1126 417 1159 deinde
435 1126 627 1168 interfecta,
643 1128 817 1162 invaserat
832 1137 864 1163 et
881 1130 954 1173 ipse
965 1129 1222 1164 Macedoniam.

239 1175 309 1210 Sed
325 1189 341 1209 a
359 1175 502 1210 Brenno
519 1178 723 1212 interfectus
747 1192 878 1224 poenas
902 1181 1053 1214 incestae
1079 1193 1225 1215 consue—

239 1227 372 1260 tudinis
389 1240 466 1261 cum
485 1240 623 1267 sorore,
651 1237 684 1263 et
702 1231 973 1273 parricidiorum
990 1233 1096 1266 dedit.

338 1285 462 1320 Postea
480 1285 682 1331 Antigonus
708 1287 801 1322 filius
820 1288 993 1324 Demetrii
1017 1292 1223 1325 moderatis-

237 1337 346 1370 simus
364 1350 433 1377 rex,
449 1344 552 1371 natus
568 1339 801 1373 lauditissima
819 1347 929 1374 matre
945 1339 1047 1375 Phila
1066 1343 1136 1375 filia
1147 1343 1224 1375 An-

237 1388 374 1431 tipatri,
400 1387 610 1421 Macedonia
629 1391 760 1433 potitus
780 1398 845 1431 est,
873 1403 977 1435 quam
1003 1393 1065 1425 etsi
1084 1394 1222 1438 aliquo-

237 1438 301 1471 ties
327 1438 460 1479 amisit,
493 1445 609 1472 tamen
641 1448 758 1484 postea
789 1443 1017 1484 recuperavit.
1077 1442 1222 1487 Expulit

237 1501 277 1521 ex
301 1487 449 1522 Graecia
474 1487 616 1527 Gallos,
645 1498 763 1532 postea
789 1493 893 1534 gessit
917 1493 1009 1526 bella
1037 1506 1114 1526 cum
1134 1494 1184 1526 Px
1189 1507 1222 1526 r-

236 1537 314 1573 rho.
367 1538 528 1583 Cumque
547 1540 719 1574 interfecti
738 1540 865 1586 Pyrrhi
884 1551 986 1586 caput
1009 1546 1050 1576 ad
1071 1556 1150 1577 eum
1170 1545 1222 1577 al-

236 1590 346 1623 latum
371 1597 476 1629 esset,
512 1597 543 1623 et
576 1591 668 1623 filius
694 1591 851 1624 Helenus
871 1594 1030 1634 deditus,
1061 1592 1156 1628 hunc
1184 1595 1221 1627 in

235 1652 380 1683 regnum
407 1647 589 1684 paternum
613 1642 765 1682 remisit,
800 1643 902 1687 eique
926 1645 1034 1687 patris
1057 1653 1158 1688 caput
1189 1653 1221 1679 et

234 1703 309 1724 ossa
328 1692 444 1729 dedit,
474 1691 568 1733 regio
588 1704 685 1725 more
709 1694 906 1727 condenda.
961 1694 1111 1728 Matrem
1132 1693 1219 1728 Phi-

234 1742 291 1773 len
316 1742 491 1785 praedicat
517 1739 570 1774 his
594 1743 710 1775 verbis
727 1743 904 1777 Diodorus
931 1744 1088 1778 Siculus:
1125 1745 1217 1792 αὐτῇ

234 1789 310 1826 δὲ
290 1804 339 1837 ⁷1
328 1817 341 1839 9
344 1805 399 1825 ιι
405 1790 423 1837 ι]
443 1803 512 1825 oms
516 1804 583 1826 eost
601 1790 715 1827 ἐδόκει
735 1792 985 1839 διενηνοχέναι
1002 1792 1157 1854 τούςτε9
1160 1795 1218 1842 cio

232 1839 459 1887 ταραχωὸεις
490 1842 529 1876 ἐν
553 1843 792 1891 σῖοατοῖιεὸῳ
813 1844 1044 1881 κατέπαυσεν
1052 1873 1063 1889 ,
1095 1844 1160 1885 τά,-
1182 1861 1217 1883 Te

233 1891 395 1939 ccde7tsc13
404 1891 553 1940 καιθι9
557 1893 686 1939 ατὲρας
694 1898 770 1930 τῶν
781 1892 932 1941 ἀπόρων
924 1895 1104 1935 Ιέξεὸιδοι,
1100 1896 1219 1937 Ξδιοις

233 1941 492 1988 ὃαπανήιιασι,
530 1943 686 1983 707.7.ot3
711 1944 773 1979 καὶ
801 1959 878 1980 των
900 1945 1094 1992 ὁιαρολαῖς
1117 1962 1215 1995 πεοι-

233 1991 366 2028 πιπτόιΙ
370 2007 444 2028 των
459 1992 509 2039 ur)
529 1992 717 2033 &aal'wg
697 2009 768 2041 cnm
763 1994 876 2030 ’λλαέε
893 2010 952 2032 κιιΙ
944 1996 1083 2033 'donov
1099 2007 1163 2035 etc.

331 2053 422 2087 Satis
440 2054 584 2096 longum
602 2055 796 2097 catalogum
814 2068 935 2099 regum
954 2059 1144 2097 texuimus,
1177 2060 1213 2092 in

231 2115 380 2147 quorum
399 2102 545 2137 historia
562 2105 648 2138 utile
666 2112 714 2138 est
734 2107 902 2151 cuiusque
920 2109 1050 2142 exitum
1075 2112 1118 2142 ad
1137 2123 1213 2143 mo-

230 2165 283 2186 res
306 2155 483 2192 conferre,
519 2163 559 2189 ut
584 2156 625 2187 de
655 2156 786 2189 iudicio
813 2155 880 2189 Dei
904 2159 1095 2200 admoniti,
1129 2162 1213 2194 dili-

229 2205 366 2247 gentius
383 2217 496 2239 mores
514 2212 653 2239 nostros
670 2218 844 2250 regamus.

326 2297 437 2330 Porro
464 2297 591 2332 Daniel
623 2299 760 2332 omissis
789 2301 931 2334 caeteris
964 2303 1098 2344 regnis,
1140 2303 1209 2335 iam

226 2347 435 2382 vaticinatur
460 2356 596 2382 tantum
620 2351 663 2381 de
683 2348 842 2391 duobus,
870 2352 911 2384 de
926 2351 1069 2397 Syriaco
1089 2361 1120 2387 et
1139 2353 1209 2386 Ae-

226 2398 361 2441 gyptio,
391 2400 470 2443 quia
494 2400 622 2432 Iudaea
648 2400 685 2432 in
710 2401 826 2434 medio
844 2399 970 2436 horum
991 2403 1055 2436 sita
1073 2405 1208 2437 duriter
1233 2416 1235 2420 ⁴

227 2456 383 2491 quassata
410 2457 479 2492 est,
507 2462 618 2483 annos
643 2451 713 2484 fere
738 2458 923 2486 trecentos.
975 2454 1065 2487 Aliis
1091 2456 1206 2498 regnis

224 2497 365 2529 interim
399 2476 490 2532 nihil
520 2501 585 2534 fuit
615 2502 751 2544 negocii
782 2515 861 2536 cum
892 2503 1031 2538 Iudaea.

225 2547 368 2580 caeteris
386 2552 590 2591 praeteritis,
611 2549 737 2584 horum
751 2553 902 2587 duorum
913 2555 1118 2599 praecipuos
1131 2569 1205 2589 mo-

221 2604 276 2630 tus
295 2599 471 2640 praedicit,

222 2647 273 2680 ria
296 2648 429 2692 aliquot
448 2650 665 2692 seculorum,
700 2655 840 2696 prodest
874 2656 1002 2690 addere
1026 2658 1202 2701 catalogos

525 2599 569 2633 Et
586 2603 665 2645 quia
684 2603 889 2637 vaticinium
915 2617 1002 2649 pene
1027 2614 1077 2640 est
1093 2604 1204 2641 histo-
1228 2599 1230 2616 ³

802 89 924 125 PHIL.
952 89 1067 127 MEL.
1096 90 1307 127 SCRIPTA
1335 92 1386 127 IN
1411 91 1711 129 EXEGETICA.

1025 228 1071 262 At
1088 229 1137 273 pii
1160 228 1231 261 ali-
1255 243 1257 276 ἐ

2191 98 2265 134 920

1279 190 1400 222 regum
1428 178 1652 224 Syriacorum
1677 186 1712 213 et
1735 180 2009 225 Aegyptiorum,
2045 186 2085 216 ut
2107 184 2264 218 narratio

1280 237 1358 274 apte
1383 231 1427 263 ad
1451 242 1572 274 regum
1591 230 1734 263 nomina
1755 233 2012 265 accommodari
2030 235 2150 277 possit.

1595 333 1741 377 Reges
1768 333 1955 377 Syriae.

1330 405 1510 441 Seleucus,

1329 456 1529 491 Antiochus
1543 455 1677 504 σωτὴρ.

1330 506 1531 542 Antiochus
1549 507 1649 546 θεὸς.

1331 557 1499 592 Seleucus
1517 558 1742 603 καλλίνικος,
1760 567 1793 594 et
1810 560 1916 594 frater
1935 558 2133 595 Antiochus
2151 558 2264 607 ἱέραξ.

1331 608 1529 643 Antiochus
1554 609 1707 653 Magnus
1733 618 1835 644 natus
1868 619 1964 655 patre
1986 611 2154 650 Seleuco,
2194 612 2267 645 fra-

1382 666 1469 693 trem
1497 659 1619 695 hahuit
1644 661 1828 695 Seleucum
1862 664 2030 696 maiorem
2063 670 2148 695 natu
2160 689 2169 703 ,
2204 662 2267 707 qui

1380 717 1498 744 tamen
1514 712 1648 753 statim,
1666 718 1851 756 postquam
1868 726 2011 758 regnare
2031 714 2190 758 cepisset,
2208 714 2265 746 in-

1380 762 1545 796 terfectus
1561 769 1622 796 est.

1329 811 1496 846 Seleucus
1514 811 1734 856 Philopator,
1765 820 1798 847 et
1815 814 1939 848 fratres
1955 811 2154 848 Antiochus
2173 812 2262 858 Epi-

1378 860 1528 906 phanes,
1557 871 1589 896 et
1605 863 1819 900 Demetrius

1329 912 1526 947 Antiochus
1542 911 1712 961 εὐπάτωρ
1728 922 1829 948 natus
1847 921 1944 958 patre
1960 912 2160 958 Epiphane.

1328 962 1530 998 Demetrius
1552 966 1673 999 iunior
1694 973 1728 1000 et
1750 966 1859 999 frater
1881 963 2081 999 Antiochus
2107 964 2173 997 filii
2192 963 2261 998 De-

1380 1015 1510 1049 metrii.

1328 1064 1527 1099 Antiochus
1543 1063 1684 1112 γρυπὸς
1697 1066 1790 1099 filius
1808 1065 1979 1100 Demetrii
1996 1066 2159 1099 iunioris.

1328 1114 1528 1150 Antiochus
1543 1116 1734 1162 Cyzicenus
1749 1118 1842 1150 filius
1858 1117 2004 1152 Sedetis.

1328 1165 1492 1200 Extincta
1504 1167 1643 1201 Seleuci
1663 1168 1865 1211 posteritate
1882 1180 1956 1201 non
1968 1167 2080 1202 multo
2098 1164 2262 1211 postRo—

1377 1219 1475 1251 mani
1491 1217 1630 1264 Syriam
1647 1226 1919 1263 occupaverunt.

1674 1291 1865 1316 Seleucus.

1378 1342 1545 1378 Seleucus
1570 1350 1673 1377 natus
1699 1351 1749 1377 est
1774 1345 1811 1376 in
1832 1343 2062 1384 Blacedonia,
2089 1341 2261 1376 mediocri

1273 1394 1371 1437 loco,
1396 1401 1531 1437 patrem
1558 1392 1683 1428 habuit
1706 1395 1883 1439 quendam
1908 1406 1948 1427 ex
1969 1392 2128 1437 Philippi
2155 1393 2258 1426 duci-

1274 1446 1351 1479 bus.
1405 1445 1519 1478 Aiunt
1534 1444 1680 1478 Seleuco
1704 1452 1736 1478 et
1757 1446 1831 1478 eius
1847 1445 1993 1488 posteris
2008 1445 2122 1477 femur
2139 1444 2259 1476 nativa

1274 1493 1426 1529 anchora
1443 1496 1650 1538 insignitum
1668 1496 1784 1529 fuisse.
1824 1494 1913 1529 Cum
1932 1501 2048 1528 autem
2065 1501 2144 1538 post
2161 1505 2259 1526 mor-

1275 1554 1344 1580 tem
1370 1546 1556 1579 Perdiccae
1578 1547 1773 1589 praefectus
1800 1553 1887 1579 esset
1910 1544 2147 1591 Babyloniae,
2182 1550 2259 1577 orta

1274 1597 1491 1630 dissensione
1510 1596 1602 1629 inter
1619 1596 1838 1639 Antigonum
1855 1604 1888 1630 et
1905 1603 2078 1634 caeteros,
2096 1595 2259 1641 adiunxit

1273 1654 1406 1692 partem
1423 1646 1564 1692 Syriae,
1592 1658 1738 1691 eamque
1755 1648 1891 1690 magnis
1918 1646 2168 1680 certaminibus
2191 1646 2258 1679 ad-

1272 1709 1392 1731 versus
1410 1696 1634 1740 Antigonum
1652 1698 1826 1737 defendit,
1843 1709 1946 1742 quem
1962 1698 2102 1732 tandem
2120 1697 2257 1740 ingenti

1272 1748 1403 1793 praelio
1427 1749 1624 1792 superavit,
1649 1755 1767 1791 postea
1790 1755 1823 1781 et
1846 1749 1959 1782 filium
1985 1747 2156 1791 Antigoni
2185 1745 2256 1780 De-

1270 1799 1433 1832 metrium
1451 1799 1552 1842 cepit.
1605 1798 1742 1832 Deinde
1766 1800 1838 1832 acie
1855 1800 1986 1833 victum
2003 1796 2254 1844 Lysimachum

1271 1850 1456 1885 interfecit.
1511 1849 1673 1882 Tandem
1691 1850 1949 1883 circumventus
1967 1849 2108 1883 insidiis
2131 1860 2151 1882 a
2169 1848 2254 1882 Pto-

1268 1902 1401 1935 lemaeo
1419 1896 1590 1947 κεραύνῳ
1606 1900 1712 1934 fratre
1721 1897 1950 1944 Philadelphi
1967 1900 2170 1934 interfectus
2188 1906 2252 1933 est.

1368 1951 1529 1997 Reliquit
1552 1951 1634 1984 filiis
1658 1951 1913 1995 amplissimum
1939 1961 2106 1993 regnum,
2133 1948 2252 1996 Baby-

1268 2003 1405 2041 lonem,
1446 2002 1646 2042 Persidem,
1687 2001 1832 2039 Medos,
1868 2000 2013 2041 Bactra,
2057 1998 2251 2042 Parthiam,

1270 2054 1387 2086 Asiam
1414 2061 1447 2088 et
1463 2053 1585 2099 Syriae
1610 2059 1757 2097 partem,
1810 2051 1971 2085 Tenebat
1996 2051 2090 2084 enim
2117 2058 2250 2095 partem

1266 2104 1505 2145 Ptolemaeus,
1533 2103 1594 2149 qui
1610 2104 1723 2137 fuerat
1739 2103 1853 2135 socius
1877 2109 1997 2136 contra
2015 2101 2249 2146 Antigonum.

1367 2154 1538 2200 Iosephus
1566 2154 1688 2187 scribit
1716 2153 1823 2186 fuisse
1855 2154 2050 2186 beneficum
2084 2165 2164 2196 erga
2189 2152 2248 2186 Iu-

1263 2209 1384 2248 daeos,
1413 2219 1500 2252 quos
1520 2204 1680 2250 permisit
1703 2205 1753 2237 uti
1770 2205 1923 2248 propriis
1940 2204 2075 2247 legibus
2100 2204 2135 2236 in
2161 2204 2248 2237 civi-

1263 2259 1393 2292 tatibus
1418 2258 1502 2292 suis.
1554 2255 1690 2289 Laudat
1711 2262 1744 2289 et
1765 2254 1956 2288 Pausanias
1979 2255 2054 2289 eius
2072 2255 2245 2289 iusticiam

1262 2316 1295 2343 et
1314 2309 1534 2343 clementiam
1576 2353 1579 2355 -

1584 2374 1796 2399 Antiochus
1814 2372 1912 2405 σωτῆρ.

1365 2425 1564 2462 Antiochus
1583 2425 1704 2472 σωτὴρ
1724 2427 1883 2461 interfuit
1902 2427 2034 2471 praelio
2053 2425 2162 2470 patris
2178 2426 2242 2458 ad-

1232 2497 1233 2503 *
1259 2491 1378 2513 versus
1402 2479 1640 2522 Antigonum,
1668 2491 1731 2512 nec
1747 2479 1809 2511 diu
1826 2486 1903 2522 post
1920 2485 2051 2522 patrem
2069 2477 2239 2520 regnavit.

1087 2505 1205 2548 Quare
1230 2517 1233 2545 ῑ

1595 2553 1806 2578 Antiochus
1830 2551 1901 2580 θεός.

1355 2604 1554 2640 Antiochus
1572 2604 1658 2644 Θεὸς
1676 2604 1801 2639 habuit
1823 2606 1924 2640 initio
1943 2605 2125 2646 coniugem
2144 2603 2238 2638 Lao-

1254 2657 1376 2697 dicen,
1411 2669 1451 2689 ex
1487 2669 1555 2702 qua
1597 2657 1747 2701 suscepit
1783 2657 1872 2690 duos
1906 2656 2017 2694 filios,
2049 2655 2236 2689 Seleucum

2369 1270 2379 1306 ne,

2369 1409 2379 1504 „sum-*-
