2379 2948
182 118 278 153 1565

230 199 406 235 Laudare
425 199 519 234 servi
530 197 747 238 Dominum,
769 195 921 231 laudale
938 208 1065 231 nomen
1083 195 1167 230 Do-

280 265 385 287 mant.

286 328 392 362 Initio
410 339 488 361 cum
507 325 668 360 hortatur
683 331 715 358 et
733 325 858 358 invitat
885 325 928 358 ad
946 325 1165 358 laudandum

186 392 316 413 nomen
341 378 426 419 Dei,
453 379 619 411 admonet
644 387 708 409 nos
734 377 775 408 de
801 375 892 408 veris
918 383 951 410 et
966 375 1165 420 praecipuis
1190 384 1193 413 ζ

187 431 340 464 cultibus
354 429 493 473 piorum
507 455 516 468 ,
538 428 669 461 scilicet
686 428 728 460 de
745 426 962 459 consessione
977 434 1008 460 et
1027 426 1167 470 praedi·
1191 419 1193 456 l

188 481 324 514 catione
349 479 598 513 beneficiorum
623 478 719 517 eius,
746 478 788 509 de
812 477 939 521 quibus
962 478 1047 510 alias
1069 488 1168 520 saepe

189 531 328 565 dicitur.
368 530 457 563 Nam
475 529 560 563 tales
577 529 691 562 cultus
707 527 834 571 passim
853 527 1000 571 requirit
1018 527 1169 571 scriptu-

190 593 247 621 ra,
269 581 329 626 qui
354 593 427 613 non
452 586 533 613 sunt
555 586 689 612 tantum
713 584 853 611 externa
887 578 1064 611 simulatio
1095 577 1170 610 cul-

190 638 309 671 tuum,
336 644 424 676 quae
449 637 642 674 praestatur
665 629 768 662 etiam
794 629 838 660 ab
864 629 1001 672 impiis,
1027 629 1086 661 sed
1110 628 1170 672 qui
1196 638 1199 674 ᾗ

193 690 276 716 sunt
299 682 499 725 spirituales
524 687 558 714 et
581 680 653 712 veri
679 687 795 712 motus
820 679 953 719 cordis,
988 685 1027 712 ut
1053 686 1103 712 est
1128 679 1171 712 ti·
1197 676 1199 708 l

193 745 288 773 mor,
316 733 419 773 fides,
455 731 649 769 invocatio,
683 737 742 762 aut
767 736 850 762 sunt
873 741 952 761 vera
975 736 1009 762 et
1029 741 1101 762 non
1126 729 1173 761 si-

195 784 326 816 mulata
351 782 551 817 testimonia
582 781 792 814 interiorum
829 786 1008 819 motuum,
1044 780 1174 812 scilicet
1200 795 1201 828 ἶ

194 834 332 867 timoris
349 841 381 866 et
396 833 488 870 fidei,
506 839 543 865 ut
563 838 612 864 est
627 831 798 869 confiteri,
818 842 856 862 ac
874 830 1075 873 praedicare
1095 842 1174 863 ver·
1200 851 1203 888 4

194 885 278 917 bum
297 883 383 923 Dei,
409 883 535 926 gratias
551 893 651 924 agere
670 892 732 925 pro
749 879 926 913 beneficiis
943 888 1006 914 etc.

295 942 370 975 Hos
388 942 501 974 cultus
517 940 664 984 requirit
686 939 875 983 scriptura,
903 947 935 974 et
953 939 1100 983 opponit
1119 950 1177 971 eos

195 994 272 1028 aliis
292 993 445 1026 cultibus
462 991 626 1024 electiciis
640 1015 649 1028 ‚
675 997 733 1023 aut
754 990 789 1022 in
807 990 935 1034 quibus
963 997 1100 1023 tantum
1128 997 1175 1022 est

196 1045 365 1090 quaedam
382 1042 559 1076 simulatio
577 1052 721 1085 operum
737 1040 835 1083 legis.
881 1040 970 1073 Nam
990 1038 1025 1073 hi
1040 1047 1175 1073 tantum

196 1102 276 1128 sunt
296 1094 370 1126 veri
390 1093 523 1132 cultus,
553 1092 589 1124 in
615 1091 741 1136 quibus
761 1103 820 1124 cor
841 1091 911 1134 agit
927 1103 1006 1124 cum
1025 1090 1118 1130 Deo,
1146 1098 1179 1123 et
1204 1103 1205 1106 ¹

195 1142 428 1189 apprehendit
440 1142 564 1182 Deum,
581 1142 713 1175 iudicat
728 1153 762 1174 se
780 1142 934 1186 accipere
953 1143 1043 1174 bona
1062 1154 1079 1174 a
1091 1140 1179 1181 Deo,

196 1202 230 1229 et
254 1195 358 1228 afficit
386 1193 499 1227 Deum
522 1190 673 1233 honore,
701 1192 832 1225 iudicat
854 1205 933 1225 vere
959 1204 1031 1225 esse
1053 1191 1179 1232 Deum,

197 1257 318 1280 curate
347 1252 379 1278 et
404 1244 600 1287 gubernare
623 1243 760 1285 omnia,
795 1255 875 1276 vere
900 1243 1003 1276 irasci
1027 1250 1178 1286 peccato,
1205 1256 1207 1269 1

197 1305 229 1331 et
248 1307 369 1330 rursus
392 1296 570 1338 ignoscere
595 1300 626 1326 et
650 1293 808 1326 misereri
823 1294 1097 1338 implorantibus
1113 1294 1178 1325 mi-

198 1347 444 1386 sericordiam,
477 1352 510 1378 et
544 1344 708 1378 exaudire
738 1344 939 1378 invocantes
972 1351 1004 1377 et
1035 1344 1178 1379 salvare.

198 1398 294 1431 Haec
327 1397 394 1430 fide
427 1404 546 1430 tenere
567 1402 600 1428 et
620 1395 800 1435 confiteri,
827 1402 876 1428 est
901 1407 982 1428 vere
1006 1392 1178 1427 honorem

196 1449 271 1482 Deo
288 1448 464 1487 tribuere,
491 1453 642 1480 statuere
660 1446 754 1489 quod
771 1457 843 1478 non
860 1446 903 1478 sit
920 1446 1068 1485 ociosus,
1084 1446 1179 1489 quod

198 1500 242 1533 sit
259 1498 447 1543 propicius,
465 1497 559 1541 quod
577 1495 738 1539 respiciat
757 1502 788 1528 et
806 1496 966 1529 exaudiat
982 1507 1057 1531 nos.
1086 1494 1180 1528 Haec

197 1556 246 1583 est
271 1561 352 1582 vera
376 1548 451 1581 laus
475 1546 557 1587 Dei,
583 1546 787 1591 praedicare
814 1552 846 1578 et
863 1546 981 1579 testari
1006 1546 1088 1586 ista,
1115 1558 1180 1578 no-

198 1607 267 1634 stra
286 1599 517 1632 confessione.
568 1596 621 1630 De
638 1594 692 1628 his
713 1596 867 1628 cultibus
892 1596 1060 1640 praecipit
1082 1595 1181 1629 Psal-

198 1661 275 1684 mus
300 1649 379 1683 49:
432 1647 648 1682 Sacrificium
690 1646 804 1679 laudis
833 1644 1081 1680 honorificabit
1114 1658 1181 1685 me,

199 1701 296 1746 quasi
322 1700 433 1738 dicat,
468 1698 528 1731 alii
551 1710 624 1730 non
650 1704 729 1730 sunt
749 1697 819 1729 veri
845 1698 976 1737 cultus,
1014 1697 1074 1742 qui
1100 1703 1182 1730 sunt

199 1759 332 1786 tantum
351 1757 490 1783 externa
507 1749 678 1792 quaedam
696 1748 893 1780 observatio
912 1748 1006 1790 legis,
1034 1754 1092 1780 aut
1112 1755 1181 1781 tra·
1208 1761 1210 1784 ἦ

199 1802 374 1835 ditionum
391 1798 625 1833 humanarum
639 1825 646 1837 ,
670 1809 757 1842 quae
773 1805 994 1842 praestantur
1008 1799 1052 1831 ab
1070 1796 1181 1843 hypo-

200 1852 311 1886 critis:
347 1851 429 1896 quia
458 1848 512 1882 his
538 1861 609 1882 non
631 1849 801 1882 tribuitur
826 1860 929 1882 verus
954 1846 1067 1881 honos
1093 1848 1182 1891 Deo,

201 1905 260 1936 sed
292 1902 379 1941 illis,
420 1901 481 1945 qui
506 1907 587 1933 sunt
614 1899 685 1931 veri
718 1905 834 1932 motus
862 1900 977 1932 cordis
1010 1906 1042 1932 et
1069 1900 1182 1932 cultus

201 1954 345 1993 mentis,
374 1963 462 1996 quae
479 1948 711 1995 apprehendit
732 1948 863 1991 Deum,
890 1950 996 1983 sentit
1021 1961 1083 1983 nos
1107 1949 1181 1982 Deo

201 2015 304 2037 curae
321 2015 410 2040 esse,
440 2013 504 2034 nos
524 2000 683 2033 exaudiri
702 2007 765 2033 etc.

301 2062 370 2097 Sed
388 2059 444 2094 hic
461 2060 642 2093 sciendum
663 2065 713 2091 est
735 2058 844 2098 illud,
882 2056 946 2091 hos
969 2059 1083 2092 cultus
1110 2071 1181 2092 non

201 2126 299 2159 posse
324 2111 509 2157 praestari,
536 2110 603 2142 nisi
628 2110 671 2142 ab
688 2106 760 2147 his,
788 2109 848 2153 qui
872 2117 1005 2143 norunt
1020 2109 1183 2153 Evange-

202 2166 308 2204 lium,
334 2175 372 2196 ac
390 2168 510 2196 tenent
528 2160 724 2193 doctrinam
750 2160 792 2191 de
810 2159 897 2198 fide,
925 2160 1087 2193 videlicet
1112 2167 1180 2194 sta-

202 2216 374 2250 tuendum
392 2224 483 2252 esse,
509 2212 602 2256 quod
620 2209 715 2243 Deus
731 2210 856 2252 gratis,
884 2222 944 2254 per
963 2211 1182 2244 miscericor-

202 2267 297 2300 diam
323 2270 465 2308 propter
485 2259 687 2304 Christum,
722 2261 806 2293 velit
831 2261 1009 2294 remittere
1033 2269 1182 2305 peccata,

204 2315 366 2350 exaudire
392 2321 423 2347 et
438 2313 571 2346 salvare
590 2312 780 2345 credentes.
832 2310 926 2344 Haec
951 2324 1024 2344 non
1050 2312 1182 2345 intelli-

203 2374 333 2411 guntur
359 2377 399 2397 ex
430 2363 589 2397 doctriua
614 2362 715 2404 legis:
750 2374 829 2394 nam
855 2362 883 2394 si
921 2363 1181 2406 respiciendum
1207 2361 1209 2394 ἕ

203 2424 289 2450 esset
303 2417 345 2450 ad
364 2416 492 2458 legem,
520 2424 702 2457 nunquam
721 2423 901 2456 possemus
924 2419 1091 2454 statuere,
1118 2425 1182 2446 nos

203 2464 646 2511 consequihaecbeneficia,
663 2475 740 2496 cum
752 2463 817 2505 legi
836 2475 908 2496 non
922 2464 1182 2497 satisfaciamus.

304 2524 421 2567 Quare
437 2536 514 2557 cum
530 2522 689 2556 Psalmus
707 2522 803 2555 iubet
820 2534 884 2555 nos
906 2522 1182 2563 laudareDeum,

204 2589 242 2609 ac
265 2575 466 2620 praedicare
491 2575 564 2607 eius
591 2573 775 2611 beneficia,
804 2580 942 2606 revocat
960 2585 1023 2606 nos
1050 2586 1069 2606 a
1096 2574 1181 2617 lege,

774 111 899 146 PlrltL.
926 110 1042 146 MEL.
1072 109 1279 147 SCRIPTA
1308 108 1605 146 EXEGETICA.

204 2635 236 2661 et
258 2639 275 2659 a
301 2631 486 2668 conspectu
517 2631 655 2657 nostrae
679 2623 877 2666 dignitatis,
911 2624 954 2657 ad
985 2625 1180 2657 doctrinam
1206 2617 1209 2650 ’7

202 2675 406 2719 Evangelii,
439 2674 481 2706 de
503 2675 652 2717 gratuita
678 2674 939 2713 misericordia,
974 2681 1006 2708 et
1031 2675 1074 2708 ad
1099 2687 1183 2719 pro·
1205 2679 1209 2716 Ι

2102 109 2200 145 1364

1219 196 1402 230 missiones
1426 196 1468 228 de
1492 195 1671 229 beneficiis
1696 192 1845 236 Christi,
1871 195 1948 228 vult
1972 201 2012 229 ut
2032 206 2112 228 vere
2132 201 2201 228 sta-

1220 254 1358 280 tuamus
1384 258 1448 280 nos
1467 247 1572 289 gratis
1597 246 1703 289 recipi
1722 246 1758 278 in
1776 246 1923 288 gratiam
1941 251 2081 289 propter
2098 242 2202 279 Chri—

1220 305 1312 331 stum
1346 298 1575 340 promissum,
1612 296 1754 340 respici,
1789 296 1946 329 exaudiri
1978 303 2041 330 etc.
2103 294 2203 329 Sicut

1190 368 1192 379 ,
1221 354 1338 392 postea
1362 348 1453 380 clare
1479 347 1641 391 exponit,
1673 358 1755 380 cum
1778 347 1877 380 addit
1902 358 2061 385 causam,
2096 357 2204 390 quare

1219 398 1375 443 requirat
1401 396 1465 431 hos
1489 398 1622 436 cultus,
1647 404 1679 430 et
1705 403 1852 431 testatur
1869 409 1904 430 se
1923 396 2020 441 loqui
2037 397 2080 428 de
2096 397 2205 429 bene-

1220 449 1306 482 ficiis
1332 449 1432 491 regni
1451 446 1595 484 Christi.
1642 447 1693 481 lta
1719 449 1837 488 docet,
1862 447 1923 492 qui
1949 447 2020 480 sint
2039 447 2113 480 veri
2131 446 2206 479 cul-

1220 507 1297 539 tus,
1323 506 1355 532 et
1382 500 1547 533 admonet
1572 510 1637 531 nos
1658 506 1697 532 ut
1717 498 1821 531 fidem
1847 509 2066 531 exerceamus
2090 497 2128 529 in
2151 493 2207 529 his

1221 550 1393 589 cultibus,
1444 549 1687 590 invocatione,
1727 549 1963 587 confessione,
2016 547 2207 591 gratiarum

1222 601 1359 633 actione
1376 606 1439 633 etc.

1326 650 1385 684 Sic
1409 651 1447 682 in
1471 650 1637 682 omnibus
1661 648 1830 688 Psalmis,
1865 662 1942 683 cum
1978 648 2208 694 requiruntur

1224 702 1310 735 tales
1327 702 1462 740 cultus,
1486 700 1679 741 invocatio,
1697 701 1788 740 laus,
1809 700 1994 733 confessio:
2029 700 2113 733 item
2128 710 2209 732 cum

1225 753 1388 785 iubemur
1406 763 1563 794 sperare,
1586 751 1727 791 laetari,
1754 751 1907 784 exultare
1924 758 1987 784 etc.
2002 749 2209 783 memineri—

1228 814 1303 835 mus
1320 814 1357 834 ea
1374 802 1556 834 referenda
1573 813 1645 834 esse
1663 802 1705 834 ad
1724 802 1920 835 doctrinam
1938 799 2144 843 Evangelii,
2172 805 2208 833 et

1228 853 1466 895 intelligamus
1498 864 1561 885 nos
1593 852 1777 885 admoneri
1811 853 1854 884 de
1880 851 2006 885 fiducia
2039 850 2211 894 gratuitae

1229 903 1502 936 misericordiae.
1555 902 1644 935 Nam
1667 909 1705 936 ut
1723 902 1812 942 dixi,
1842 900 1879 934 hi
1904 902 2018 935 cultus
2041 902 2116 934 sine
2141 901 2210 933 fide

1229 954 1397 998 praestari
1420 965 1493 986 non
1518 960 1681 997 possunt,
1709 965 1813 986 nemo
1836 959 1948 996 potest
1966 952 2106 991 laetari,
2133 963 2211 995 spe-

1230 1017 1324 1046 rare,
1354 1005 1514 1044 laudare,
1542 1015 1641 1046 agere
1663 1004 1807 1047 gratias,
1842 1003 1911 1035 nisi
1935 1002 2067 1036 iudicet
2089 1013 2124 1034 se
2147 999 2213 1034 ha-

1230 1056 1312 1089 bere
1336 1055 1449 1090 Deum
1477 1055 1692 1098 propicium,
1728 1061 1761 1087 et
1785 1066 1865 1087 vere
1888 1060 2016 1087 statuat
2045 1064 2080 1086 se
2109 1063 2212 1085 curae

1232 1118 1304 1139 esse
1322 1105 1397 1139 Deo
1410 1133 1419 1146 ,
1446 1105 1601 1149 accipere
1619 1106 1711 1138 bona
1727 1117 1745 1137 a
1763 1104 1849 1140 Deo.
1903 1103 1940 1137 Id
1958 1115 2031 1137 non
2047 1102 2105 1141 fit,
2133 1114 2212 1136 cum

1231 1157 1437 1200 respicimus
1461 1157 1503 1188 ad
1527 1163 1681 1189 nostram
1699 1156 1926 1198 dignitatem,
1954 1155 2026 1187 imo
2043 1154 2092 1187 sic
2109 1164 2214 1186 excu-

1231 1208 1318 1241 titur
1333 1207 1428 1245 fides,
1455 1213 1487 1240 et
1503 1206 1672 1251 opprimit
1688 1206 1825 1238 animos
1841 1205 2035 1243 dubitatio,
2057 1216 2137 1238 cum
2153 1215 2215 1237 co-

1231 1259 1381 1301 gitamus
1403 1259 1466 1290 ista
1493 1264 1628 1290 tantum
1650 1257 1766 1300 dignis
1791 1263 1824 1290 et
1839 1257 1973 1289 meritis
1992 1255 2213 1298 contingere:

1233 1310 1290 1341 sed
1320 1318 1394 1341 tum
1412 1309 1554 1341 demum
1571 1308 1722 1341 existunt
1738 1307 1823 1341 tales
1842 1314 1976 1348 motus,
1992 1318 2071 1339 cum
2089 1313 2215 1340 tenen-

1231 1367 1282 1393 tes
1306 1357 1493 1400 Evangelii
1525 1359 1740 1397 doctrinam,
1781 1358 1849 1389 fide
1883 1357 2068 1390 statuimus
2100 1355 2215 1389 Deum

1232 1417 1327 1443 certo
1345 1410 1447 1441 nobis
1465 1409 1663 1452 ignoscere,
1680 1419 1753 1441 non
1772 1407 1942 1452 respicere
1957 1412 2100 1452 propter
2109 1403 2215 1440 Chri-

1232 1467 1323 1494 stum
1339 1459 1456 1502 gratis.

1338 1510 1459 1553 ltaque
1487 1510 1636 1542 sciamus
1668 1521 1686 1541 a
1709 1508 1812 1541 nobis
1836 1507 1970 1552 requiri
1995 1505 2061 1540 hos
2089 1506 2216 1545 cultus,

1233 1568 1271 1594 ut
1287 1562 1404 1594 Deum
1423 1557 1784 1599 honore'asficiamus,
1811 1565 1844 1592 et
1869 1559 1907 1591 in
1924 1556 1979 1591 his
1996 1569 2217 1591 exerceamus

1234 1612 1357 1651 fidem,
1394 1617 1587 1644 statuamus
1611 1608 1672 1643 bas
1698 1610 1887 1643 sententias
1908 1609 2050 1653 proprie
2073 1608 2216 1642 concio-

1234 1662 1312 1694 nari
1337 1659 1411 1701 his,
1438 1661 1497 1706 qui
1522 1661 1680 1694 sentiunt
1705 1672 1739 1693 se
1762 1672 1834 1692 esse
1852 1660 2036 1702 indignos,
2063 1666 2097 1693 et
2116 1670 2217 1703 prae·

1235 1713 1351 1756 cipere
1381 1719 1419 1745 ut
1453 1723 1688 1755 repugnemus
1711 1710 1946 1751 dubitationi,
1977 1716 2009 1743 et
2035 1710 2218 1743 vincamus

1236 1763 1515 1806 desperationem
1544 1763 1632 1802 fide,
1675 1769 1707 1795 et
1729 1762 1925 1794 tribuamus
1949 1758 2025 1793 Deo
2056 1760 2216 1794 debitum

1236 1812 1427 1851 bonorem,
1454 1813 1638 1853 videlicet,
1662 1819 1702 1846 ut
1720 1812 1914 1845 iudicemus
1930 1823 2009 1844 eum
2029 1822 2100 1844 esse
2117 1821 2218 1844 vera-

1236 1877 1327 1904 cem,
1355 1864 1505 1896 sciamus
1527 1864 1616 1896 velle
1640 1875 1720 1896 eum
1742 1874 1760 1895 a
1784 1862 1887 1895 nobis
1911 1862 2067 1902 laudari,
2092 1868 2131 1895 ut
2156 1860 2218 1906 qui

1236 1927 1317 1948 vere
1334 1915 1417 1948 velit
1433 1927 1497 1946 nos
1515 1914 1705 1957 respicere,
1732 1920 1764 1946 et
1784 1919 1959 1960 praestare
1976 1911 2159 1956 promissa.

1337 1964 1433 1998 Haec
1452 1966 1523 1997 duo
1556 1965 1808 1997 consideranda
1843 1970 1926 1996 sunt
1955 1962 1993 1994 in
2016 1959 2072 1994 his
2093 1961 2218 2006 primis

1236 2016 1411 2049 versibus:
1442 2014 1620 2055 Primum,
1648 2015 1709 2059 qui
1724 2014 1795 2047 sint
1812 2013 1884 2046 veri
1900 2013 2025 2052 cultus,
2052 2024 2090 2045 ac
2107 2012 2219 2046 debiti

1235 2065 1323 2101 Deo.
1358 2065 1496 2099 Deinde
1521 2066 1701 2098 sciendum
1725 2071 1775 2098 est
1797 2064 1925 2097 talibus
1947 2063 2129 2097 sententiis
2154 2074 2218 2096 nos

1236 2117 1418 2150 admoneri
1442 2117 1484 2149 de
1518 2115 1777 2154 misericordia,
1812 2114 1854 2147 de
1884 2126 1952 2158 qua
1986 2113 2218 2147 concionatur

1235 2166 1485 2210 Evangelium:
1523 2167 1674 2200 tenenda
1699 2172 1749 2198 est
1779 2165 1915 2207 regula,
1943 2176 2021 2197 cum
2054 2164 2218 2197 iubemur

1236 2219 1380 2252 laudare
1405 2217 1540 2258 Deum,
1567 2217 1695 2260 gratias
1721 2227 1842 2258 agere,
1868 2215 1989 2249 laetari
2009 2222 2094 2255 etc.,
2120 2215 2218 2259 quod

1235 2269 1436 2315 requiratur
1459 2281 1477 2301 a
1504 2269 1607 2302 nobis
1630 2268 1732 2307 fides,
1760 2278 1848 2311 quae
1865 2272 1993 2298 statuat
2010 2277 2045 2298 se
2062 2265 2218 2308 accipere

1236 2320 1532 2360 misericordiam,
1565 2326 1598 2353 et
1624 2324 1717 2351 certo
1744 2323 1898 2361 expectat
1928 2316 2020 2349 bona
2048 2316 2218 2360 promissa

1235 2383 1253 2404 a
1272 2371 1363 2405 Deo.

1287 2453 1322 2487 A
1347 2452 1448 2488 Solis
1467 2459 1546 2487 ortu
1571 2465 1682 2501 usque
1701 2450 1755 2486 ad
1776 2464 1941 2486 occasum
1961 2448 2133 2484 laudetur
2152 2460 2218 2482 no-

1337 2517 1416 2538 men
1433 2504 1603 2539 Domini.

1285 2553 1465 2589 Excelsus
1479 2567 1586 2602 super
1604 2566 1725 2589 omnes
1741 2557 1865 2598 gentes
1880 2550 2088 2587 Dominus,
2116 2554 2178 2585 etc.

1336 2622 1403 2656 Hic
1421 2621 1739 2666 incipitvaticinari
1756 2621 1798 2653 de
1810 2618 2004 2661 Evangelio
2020 2617 2217 2660 spargendo

1236 2674 1273 2707 in
1298 2680 1410 2708 totum
1435 2675 1574 2713 orbem,
1603 2674 1639 2705 in
1664 2683 1733 2717 quo
1758 2670 1888 2704 noticia
1912 2668 1978 2701 Dei
2004 2667 2221 2706 inclarescat,
