2379 2948
190 98 285 133 1445

188 182 478 222 luvocationem,
522 180 821 225 praedicationem
857 185 889 212 et
929 177 1184 223 professionem

190 247 248 267 scu
276 234 517 267 testimonium
545 238 686 264 nostrae
711 230 907 263 sententiae
935 231 978 263 de
1001 229 1186 272 religione,

191 285 287 329 quod
305 284 443 317 ostendi
461 288 600 326 oportet
618 293 691 314 non
717 281 832 314 solum
854 293 933 313 cum
959 281 1003 313 de
1023 280 1186 313 doctrina

192 337 472 377 iuterrogaumr,
501 334 559 365 sed
578 332 682 365 etiam
703 332 738 364 in
760 332 937 370 moribus,
963 332 1000 364 in
1019 337 1090 365 tota
1112 331 1183 363 vita

192 388 306 418 lucere
326 385 427 418 debet
446 383 635 428 professi0‚
664 383 710 415 ita
736 390 774 416 ut
799 383 1035 425 significemus
1061 382 1097 413 in
1121 393 1186 425 pu-

191 437 294 469 blicis
320 444 351 469 et
377 435 523 479 privatis
546 434 721 477 negociis,
750 445 814 466 nos
833 432 927 466 hunc
944 432 1058 465 Deum
1081 432 1185 464 iuvo-

192 500 287 527 care,
317 487 378 531 qui
397 487 491 519 misit
511 485 644 518 Filium
661 497 783 525 suum,
811 492 849 518 ut
869 485 912 517 sit
936 482 1035 529 lapt'S
1063 495 1185 528 angu-

193 536 306 578 laris,
325 535 391 570 hoc
409 544 476 577 est,
497 537 649 569 salvator
665 534 851 568 Ecclesiae.
905 535 953 568 Hi
971 535 1084 568 cultus
1104 546 1185 578 pro-

193 589 260 632 prii
282 595 364 621 sunt
388 587 583 628 Ecclesiae,
614 588 797 627 invocare,
814 588 939 620 docere
962 593 993 620 et
1016 585 1184 629 profiteri,

193 641 281 672 sicut
309 639 393 672 alias
420 639 554 672 dicuin]
580 645 632 672 est
656 639 693 670 in
719 650 823 671 versu
847 637 995 671 Psalmi:
1025 636 1184 676 Credidi,

193 697 337 734 propter
354 691 448 735 quod
468 690 605 724 locutus
622 701 711 723 sum.

296 758 454 801 Speciem
471 765 587 791 autem
606 755 784 791 Ecclesiae
801 755 984 795 describit,
1002 754 1182 801 inquiens:

194 808 295 855 Quia
321 805 536 842 humiliasti
558 819 624 843 me.
678 807 792 850 Supra
817 807 950 839 dictum
977 812 1026 838 est
1046 805 1183 849 aliquo-

194 863 277 900 ties,
311 858 504 892 Ecclesiam
528 859 564 891 in
588 856 652 891 hac
686 858 757 891 vita
781 858 971 890 subiectam
990 868 1060 889 esse
1078 855 1184 894 cruci,

194 911 350 943 mirabili
378 910 526 943 consilio
550 908 636 950 Dei,
666 921 745 941 cum
771 915 916 952 propter
940 907 1026 939 alias
1052 918 1184 946 causas,

195 969 267 994 tum
303 962 384 1006 quia
419 960 621 993 circumfert
654 965 833 1003 peccatum
860 959 897 991 in
926 970 1049 995 carne,
1087 958 1182 1002 quod

193 1012 289 1045 Deus
313 1012 390 1044 vult
413 1009 618 1044 mortificari
646 1011 682 1042 in
701 1011 827 1044 sanctis
851 1010 888 1042 in
906 1007 970 1042 hac
990 1009 1078 1047 vita,
1108 1008 1184 1041 vult

194 1063 297 1096 etiam
321 1061 417 1096 Deus
444 1061 600 1106 conspici
625 1062 819 1105 potentiam
846 1073 944 1094 suam
973 1060 1009 1092 in
1033 1059 1184 1092 infirmis

194 1120 315 1146 contra
336 1113 530 1157 potentiam
554 1112 708 1150 diaboli,
737 1111 980 1156 belligerantis
1006 1110 1183 1155 multipli-

193 1165 277 1198 citer
294 1171 414 1197 contra
433 1162 638 1197 Ecclesiam.

296 1231 391 1264 Haec
426 1230 616 1264 certamina
651 1230 827 1274 praedicta
862 1236 943 1263 suut
969 1228 1073 1262 initio
1106 1235 1183 1272 post

195 1283 331 1326 lapsum
356 1282 471 1319 Adae,
514 1281 577 1314 ubi
605 1281 735 1314 dicitur
760 1282 802 1315 de
838 1281 971 1314 semine
1007 1280 1182 1313 mulieris:

195 1333 313 1377 Ipsum
349 1333 570 1366 conculcabit
606 1339 710 1375 caput
738 1332 927 1376 serpentis,
971 1338 1005 1365 et
1041 1342 1183 1375 serpens

196 1384 372 1417 mordebit
401 1384 600 1416 calcaneum
627 1383 711 1417 eius.
770 1382 845 1416 Hos
870 1389 1063 1416 venenatos
1087 1394 1181 1414 mor-

195 1447 252 1468 sus
270 1435 446 1479 experitur
464 1433 618 1467 Ecclesia
636 1434 796 1467 omnium
819 1441 1035 1477 temporum,
1065 1432 1181 1475 priva-

195 1487 259 1519 tim
279 1493 311 1519 et
330 1486 482 1530 publice.
535 1484 627 1518 Nota
652 1491 700 1518 est
726 1484 869 1517 saevitia
895 1484 1036 1527 publica
1061 1489 1183 1528 tyran-

194 1549 339 1576 norum,
381 1548 468 1581 quae
502 1536 620 1569 statim
656 1542 813 1578 tempore
845 1533 930 1568 Cain
964 1534 1106 1573 exarsit,
1150 1540 1181 1566 et

193 1588 320 1620 deinde
348 1594 424 1630 pest
451 1586 626 1619 diluvium
652 1586 778 1624 crevit,
802 1598 880 1619 cum
906 1591 1046 1617 exortae
1069 1591 1182 1616 essent

194 1636 430 1672 monarchiae.
490 1636 535 1670 Et
560 1649 654 1670 nunc
680 1637 716 1669 iu
745 1637 813 1669 fine
839 1636 963 1669 mundi
994 1635 1182 1668 durissime

194 1695 377 1734 quassatur
406 1687 583 1729 Ecclesia,
618 1700 635 1721 a
662 1687 810 1728 Turcis,
844 1699 863 1720 a
890 1687 1116 1731 pontificibus
1149 1693 1182 1719 et

193 1740 344 1783 regibus,
397 1737 444 1772 Et
466 1737 557 1772 hanc
580 1739 760 1772 saevitiam
785 1738 847 1772 alii
871 1738 999 1781 magis,
1027 1738 1087 1770 alii
1115 1737 1181 1769 mi-

193 1802 259 1824 uus
275 1789 516 1834 experiuntur.
568 1789 637 1823 Sed
660 1797 778 1823 tamen
797 1796 829 1823 et
847 1787 885 1822 hi
903 1789 963 1834 qui
980 1789 1102 1833 procul
1119 1789 1181 1821 al)-

195 1849 307 1875 sunta
328 1842 466 1885 publica
486 1841 693 1886 tyrannide,
722 1838 856 1874 habent
881 1851 960 1873 suas
984 1851 1181 1879 aerumnas,

194 1893 323 1936 singuli
343 1892 479 1925 tametsi
497 1892 644 1936 privati,
672 1897 703 1924 et
723 1898 818 1925 extra
834 1892 910 1924 loca
931 1891 1097 1934 periculis
1116 1891 1179 1923 ob-

194 1945 298 1977 noxia
325 1944 505 1986 degentes,
538 1943 697 1977 sentiunt
723 1940 914 1976 horribiles
941 1953 1080 1975 morsus
1104 1942 1180 1975 dia-

193 1995 285 2034 boli,
312 1994 371 2039 qui
397 1994 451 2026 vel
473 2006 620 2038 corpora
644 2000 866 2032 sanctorum,
896 1994 950 2026 vel
970 1993 1099 2033 vitam,
1125 1993 1179 2025 vel

190 2045 343 2078 familias
361 2051 561 2088 oppugnat,
587 2051 627 2078 ut
652 2045 849 2088 implicatos
876 2044 1057 2077 acerrimis
1078 2044 1180 2077 dolo-

192 2097 291 2130 ribus
306 2096 513 2136 interficiat,
534 2096 589 2128 vel
604 2095 648 2128 ad
667 2096 946 2139 desperationem
965 2093 1091 2130 trahat.
1127 2096 1178 2128 Ita

192 2153 369 2190 grassatur
394 2158 536 2191 serpens
565 2146 643 2185 ille,
681 2153 784 2180 autor
814 2146 945 2190 peccati
979 2154 1013 2180 et
1043 2146 1178 2184 mortis,

191 2199 253 2232 etsi
271 2198 371 2243 pauci
391 2196 552 2231 homines
569 2204 762 2241 agnoscunt
779 2209 898 2231 causas
915 2204 1093 2231 tantorum
1105 2209 1179 2230 ma-

192 2250 317 2283 lorum,
373 2249 439 2283 Sed
460 2247 615 2282 Ecclesia
632 2249 696 2282 scit
719 2260 754 2282 se
773 2240 898 2282 lucff'ari
924 2261 1001 2281 cum
1022 2248 1178 2287 diabolo,

192 2301 256 2334 scit
269 2300 450 2333 diabolum
469 2312 540 2333 esse
551 2298 686 2333 hostem
697 2298 872 2340 FiliiDei,
892 2299 1098 2333 scitFilium
1110 2298 1178 2332 Dei

192 2358 460 2395 propagatorem
488 2363 560 2384 esse
578 2349 774 2391 Ecclesiae,
801 2358 834 2385 et
852 2349 942 2384 hanc
959 2352 1001 2384 ad
1020 2351 1175 2394 ingentia

192 2402 381 2435 certamina
399 2409 554 2435 vocatam
581 2414 673 2442 esse,
699 2402 789 2436 sicut
806 2400 863 2435 hic
881 2402 1010 2436 dicitur
1033 2402 1075 2435 de
1102 2414 1177 2435 cer-

192 2452 384 2486 taminibus
401 2454 492 2487 etde
508 2453 666 2487 victoria.
721 2451 783 2487 Ait
801 2465 837 2486 se
862 2460 1052 2498 utrumque
1076 2465 1175 2497 prae-

191 2503 388 2537 dicaturum
405 2515 494 2542 esse,
523 2505 616 2549 quod
636 2504 680 2538 sit
696 2502 904 2539 humiliatus
923 2512 955 2538 et
970 2505 1148 2538 liberatus.

291 2568 355 2604 Est
379 2583 459 2614 ergo
476 2569 560 2605 haec
579 2572 710 2616 species
727 2570 924 2612 Ecclesiae,
960 2571 1023 2607 Est
1041 2574 1174 2616 exigua,

192 2621 389 2661 imbecillis,
417 2634 579 2665 oppressa
597 2623 786 2669 tyrannide
805 2624 1017 2669 impiorum,
1036 2625 1173 2669 experi—
1199 2638 1201 2657 i

189 2678 247 2706 tur
264 2679 296 2706 et
313 2672 478 2718 privatim
501 2685 637 2708 morsus
657 2675 809 2708 diaboli:
845 2677 904 2710 sed
928 2676 1070 2710 interim
1099 2687 1172 2709 ser-
1199 2660 1201 2703 l

789 90 911 126 PHIL.
941 88 1059 127 MEL.
1087 87 1297 125 SCRIPTA
1325 85 1628 123 EXEGETICA.

2130 92 2228 128 1444

1213 180 1216 202 i
1239 183 1343 211 vatur
1359 183 1393 210 et
1412 177 1584 211 liberatur
1606 176 1763 210 mirabili
1788 178 1915 218 modo,
1942 177 2031 210 sicut
2055 177 2131 212 Noe'
2156 190 2228 212 ser-

1212 238 1214 250 ⁴
1238 234 1342 261 vatur
1366 229 1404 261 in
1428 228 1586 268 diluvio,
1614 228 1702 261 sicut
1720 227 1836 261 David
1866 228 2120 262 defendebatur
2143 242 2229 263 con-

1237 286 1290 313 tra
1315 279 1497 312 saevitiam
1521 278 1626 316 Saul,
1659 279 1749 312 sicut
1779 278 1898 320 Elias,
1925 278 2087 312 Elisaeus
2112 286 2145 313 et
2167 281 2228 313 alii

1238 327 1436 373 Prophetae
1454 330 1588 363 defensi
1613 336 1695 363 sunt
1715 337 1835 363 contra
1860 337 2050 375 tyrannos,
2076 330 2229 376 denique

1238 387 1275 413 ut
1301 381 1415 414 David
1438 381 1644 414 servabatur
1668 381 1759 414 inter
1784 381 1916 416 leones.
1970 379 2067 413 Haec
2092 392 2230 425 semper

1237 438 1287 464 est
1318 444 1419 465 verae
1451 430 1629 465 Ecclesiae
1662 432 1805 475 species.
1866 431 1911 464 Et
1933 428 1971 463 hi
1999 438 2082 465 sunt
2112 432 2228 466 cultus

1238 483 1373 526 proprii
1397 481 1593 523 Ecclesiae,
1627 483 1795 526 patientia
1819 483 1858 516 in
1881 480 1937 516 his
1961 482 2160 523 aerumnis,
2196 490 2229 517 et

1237 533 1413 567 invocatio
1432 532 1516 574 Dei,
1544 534 1717 566 consessio
1737 541 1769 567 et
1787 533 1995 574 celebratio,
2022 540 2061 567 ut
2079 545 2143 566 nos
2162 534 2230 578 ipsi

1237 585 1504 623 confirmemur,
1533 591 1566 617 et
1589 584 1651 616 alii
1677 585 1718 617 ad
1739 585 1955 627 agnitionem
1981 584 2046 617 Dei
2070 584 2229 619 inviten—

1236 642 1314 676 tur,
1342 636 1430 669 sicut
1455 647 1555 679 saepe
1583 635 1709 668 dicunt
1735 634 1882 668 Psalmi:
1912 635 2130 669 Sacrificium
2154 635 2227 669 Deo

1237 686 1382 730 spiritus
1419 686 1689 720 contribulatus
1765 685 1870 719 Item:
1904 686 2066 719 Narrabo
2098 697 2229 720 nornen

1237 744 1337 770 tuum
1355 738 1525 771 fratribus
1545 737 1631 770 meis
1649 743 1712 770 etc.

1340 796 1392 829 Ac
1418 797 1461 829 de
1494 796 1608 840 specie
1634 794 1813 829 Ecclesiae
1841 802 1873 829 et
1898 797 2052 841 propriis
2075 797 2229 831 cultibus

1237 845 1294 880 hic
1315 858 1435 880 versus
1453 847 1683 880 concionatus
1704 853 1772 887 est,
1800 859 1887 891 quos
1908 860 1986 881 cum
2003 848 2154 881 sciamus
2172 860 2228 882 re-

1238 898 1331 944 quiri
1352 910 1369 931 a
1388 899 1511 941 nobis,
1539 898 1648 931 simus
1670 898 1789 930 animo
1809 905 1931 941 parato
1956 899 1999 931 ad
2025 899 2228 940 certamina,

1237 961 1324 994 quae
1349 948 1525 982 Ecclesiae
1550 949 1730 993 proposita
1762 955 1855 983 sunt.
1917 949 2077 994 Sequens
2105 961 2227 983 versus

1237 1001 1357 1033 eadem
1382 1000 1526 1044 repetit,
1556 1001 1613 1032 sed
1641 999 1852 1033 nominatim
1879 1000 1922 1033 de
1939 1001 2027 1033 duce
2049 1006 2082 1034 et
2098 1000 2228 1034 libera-

1237 1058 1312 1085 tore
1326 1049 1502 1084 Ecclesiae
1520 1049 1662 1084 Christo
1682 1051 1786 1084 etiam
1807 1051 2027 1085 vaticinatur.

1286 1150 1472 1199 Lapidem
1490 1164 1592 1200 quem
1611 1150 2150 1199 reprobaveruntaedfficantes,
2167 1151 2228 1188 hic

1332 1204 1463 1252 saclas
1482 1209 1532 1238 est
1551 1205 1589 1237 in
1606 1208 1713 1251 caput
1732 1202 1879 1249 anguli.

1337 1286 1391 1321 Eo
1419 1288 1521 1321 etiam
1544 1287 1654 1330 magis
1677 1288 1849 1320 amandus
1875 1294 1925 1321 est
1948 1285 2006 1321 hic
2024 1288 2226 1328 versiculus,

1235 1339 1316 1383 quia
1340 1339 1464 1372 citatus
1484 1346 1533 1372 est
1554 1336 1727 1372 aChristo
1752 1338 1847 1382 ipso,
1875 1345 1909 1372 et
1925 1336 2108 1382 Apostolis
2122 1339 2226 1373 Petro

1236 1397 1268 1422 et
1293 1389 1423 1429 Paulo,
1452 1397 1484 1422 et
1507 1390 1587 1422 usui
1611 1388 1714 1420 nobis
1738 1395 1788 1421 est
1813 1389 2010 1432 tripliciter.
2064 1389 2227 1423 Primum

1235 1440 1362 1473 refutat
1380 1440 1545 1477 Iudaeos,
1574 1439 1636 1483 qui
1659 1438 1797 1481 fingunt
1814 1437 1982 1472 Messiam
1999 1438 2226 1484 triumphan-

1235 1497 1304 1523 tem
1332 1497 1366 1523 et
1394 1502 1466 1522 non
1499 1490 1722 1523 interfectum
1756 1500 1773 1521 a
1801 1490 1934 1533 populo
1962 1501 2036 1523 suo.
2091 1489 2139 1525 At
2167 1488 2224 1525 hic

1235 1553 1354 1574 versus
1378 1547 1526 1573 testatur
1548 1540 1642 1583 ipsos
1672 1539 1856 1583 pontifices
1888 1547 1922 1573 et
1945 1541 2124 1586 principes
2149 1541 2224 1575 fore

1235 1590 1351 1625 hostes
1379 1591 1548 1631 Messiae,
1578 1598 1611 1624 et
1634 1591 1794 1624 futurum
1822 1597 1860 1625 ut
1886 1591 2049 1627 videatur
2077 1592 2224 1627 Messias

1234 1643 1383 1676 reiectus
1412 1649 1443 1675 et
1468 1643 1603 1675 deletus
1632 1654 1649 1675 a
1679 1653 1742 1675 suo
1773 1643 1927 1688 populo,
1973 1651 2007 1678 et
2035 1644 2178 1689 quidem
2205 1656 2224 1678 a

1234 1694 1467 1738 principibus,
1524 1692 1655 1727 Usitata
1680 1700 1730 1726 est
1752 1693 1847 1726 enim
1872 1693 2078 1739 metaphora
2101 1695 2224 1728 aedifi-

1235 1746 1389 1779 cantium
1408 1757 1470 1789 pro
1489 1744 1798 1788 gubernatoribus-

1337 1796 1501 1830 Secundo
1524 1796 1625 1829 docet
1647 1801 1679 1828 et
1704 1807 1767 1828 nos
1791 1795 1834 1828 de
1858 1792 2034 1828 Ecclesiae
2059 1808 2222 1841 persecu—

1233 1848 1350 1887 tione,
1378 1851 1472 1893 quod
1487 1847 1576 1880 sicut
1593 1845 1773 1880 Christum
1793 1846 1966 1890 persecuti
1983 1854 2066 1882 sunt
2089 1848 2222 1892 princi-

1233 1911 1311 1943 peS,
1339 1899 1384 1932 ita
1412 1899 1455 1931 sit
1474 1896 1628 1931 Ecclesia
1651 1897 1806 1932 subiecta
1835 1897 2010 1931 similibus
2031 1900 2221 1932 aerumnis.

1232 1949 1328 1983 Hanc
1346 1948 1518 1982 sententia
1535 1949 1597 1982 etsi
1617 1960 1717 1994 saepe
1742 1948 1930 1993 repetitur,
1958 1955 2076 1982 tamen
2103 1956 2136 1984 et
2163 1948 2222 1984 hic

1233 2002 1446 2034 continetur.

1335 2059 1459 2094 Tertio
1483 2059 1586 2093 docet
1609 2070 1674 2091 nos
1698 2056 1757 2091 hic
1782 2058 1975 2092 versiculus
2001 2060 2045 2092 de
2061 2060 2219 2094 aedificio

1234 2110 1424 2153 Ecclesiae,
1440 2118 1473 2145 et
1485 2117 1523 2144 ut
1538 2122 1642 2155 supra
1655 2109 1935 2153 indescriptione
1946 2107 2122 2144 Ecclesiae
2140 2123 2219 2144 eum

1232 2163 1404 2208 complexi
1428 2173 1565 2200 sumus,
1601 2161 1649 2195 ita
1681 2161 1829 2194 sciamus
1859 2171 1998 2205 semper
2019 2161 2056 2194 in
2085 2162 2219 2196 descri-

1231 2215 1414 2259 ptionibus
1442 2212 1620 2247 Ecclesiae
1652 2211 1854 2252 citandum,
1899 2213 2149 2255 proferendum
2185 2220 2220 2246 et

1232 2266 1479 2310 explicandum
1499 2276 1582 2299 esse.
1635 2261 1805 2297 Continet
1821 2262 1915 2295 enim
1932 2264 2129 2297 doctrinam
2156 2265 2218 2297 ad—

1231 2318 1374 2350 modum
1407 2315 1532 2349 utilem
1565 2315 1607 2348 ad
1639 2314 1744 2346 fidem
1772 2314 2049 2348 confirmandam
2075 2315 2112 2348 in
2140 2315 2219 2360 piis,

1230 2369 1290 2413 qui
1307 2368 1420 2412 specie
1436 2365 1613 2400 Ecclesiae
1631 2365 1872 2399 offenduntur.
1926 2364 2078 2399 Videtur
2093 2364 2216 2400 Eccle-

1229 2420 1300 2452 siae
1325 2425 1445 2452 coetus
1468 2429 1540 2450 esse
1566 2418 1741 2457 desertus,
1781 2423 1815 2450 et
1835 2416 2067 2460 vagabundus
2084 2416 2215 2450 Noma-

1229 2472 1313 2504 dum
1330 2476 1391 2503 aut
1410 2469 1584 2513 pecudum
1611 2480 1727 2508 more,
1753 2467 1830 2501 siue
1855 2468 2060 2502 doctoribus
2085 2475 2116 2501 et
2138 2468 2214 2501 sine

1228 2521 1484 2555 defensoribus,
1534 2516 1582 2553 At
1597 2517 1655 2553 hic
1670 2519 1864 2552 versiculus
1881 2525 2029 2553 testatur
2047 2517 2213 2552 Messiam

1228 2585 1300 2606 esse
1317 2578 1420 2616 caput
1435 2570 1555 2614 anguli
1569 2595 1578 2610 ,
1606 2571 1640 2603 id
1660 2577 1728 2610 est,
1755 2570 2045 2608 fundamentum,
2073 2570 2128 2602 cui
2144 2568 2215 2603 Ec-

1227 2625 1330 2658 clesia
1355 2622 1549 2660 incumbit,
1585 2623 1678 2668 quod
1708 2621 1977 2665 intelligendum
2003 2627 2072 2660 est,
2110 2627 2143 2654 et
2169 2622 2213 2655 de

1227 2676 1334 2710 verbo
1354 2686 1412 2708 seu
1431 2674 1609 2715 doctrina,
1639 2680 1671 2707 et
1690 2674 1732 2706 de
1750 2672 1900 2706 efficacia
1917 2684 1955 2706 ac
1969 2671 2186 2706 defensione.

2326 1156 2331 1223 l
