2379 2948
171 96 243 130 615
784 97 827 134 V.
878 93 1200 132 EROTEMATA
1232 94 1572 136 DIALECTICES.
2123 107 2197 141 614

445 182 507 222 De
539 182 886 230 Reductionibus.

274 253 377 289 Nunc
394 256 555 290 doctrina
580 257 622 289 de
645 255 851 289 reductione
875 254 1158 300 syllogismorum

174 305 355 350 sequitur,
390 308 432 340 de
457 318 525 352 qua
555 305 761 339 brevissime
790 305 920 337 dicam:
956 303 1037 338 Duo
1062 307 1159 339 modi

172 357 390 390 reductionis
406 359 605 391 traduntur.
659 356 760 388 Alter
779 355 909 395 formas
934 356 1157 401 syllogismo—

172 419 251 440 rum
271 409 402 442 dicitur
417 415 595 451 utcunque
613 407 667 438 vel
687 406 864 438 illustrare
875 406 930 438 vel
941 407 1159 449 confirmare,

172 458 322 504 ideoque
339 458 545 492 nominatur
559 457 718 489 reductio
734 457 920 498 ostensiva,
937 457 1020 502 quia
1038 466 1156 491 osten-

173 509 226 542 dit
247 512 290 543 ad
314 510 459 553 primam
486 508 632 549 figuram
664 519 857 550 congruere
888 510 1157 553 consequentias

170 560 318 594 aliarum
335 561 484 592 duarum
502 559 705 601 figurarum.
759 557 861 592 Alter
877 560 1022 598 modus,
1050 561 1156 593 redu-

172 611 239 644 ctio
257 622 318 654 per
335 609 553 653 impossibile
565 636 573 650 ‚
601 621 719 642 rerum
736 610 957 643 confirmatio
975 617 1037 644 est.
1064 611 1154 644 Cum

171 662 265 694 enin»,
286 660 483 694 ostenditur
501 672 571 692 una
595 661 872 694 contradictoria
897 673 967 693 esse
991 661 1155 705 impossi-

170 712 269 753 bilis,
293 711 438 744 alteram
456 723 574 743 veram
594 722 665 743 esse
682 712 877 744 necessario
895 712 1066 756 sequitur.
1108 711 1155 745 Et

171 763 293 796 talium
318 768 608 806 argumentorum
635 774 718 795 usus
740 769 790 795 est
821 763 858 794 in
884 761 1088 796 Geometria
1121 770 1155 796 et

171 814 208 846 in
224 810 395 858 Physicis,
436 812 507 845 Nec
526 814 569 845 de
584 813 632 845 eis
649 810 706 845 hic
723 813 916 856 peculiares
932 814 1070 856 regulas
1085 820 1154 847 tra-

168 865 268 904 dam,
296 875 375 897 cum
392 863 557 896 omnibus
572 870 655 896 nota
672 864 713 896 sit
730 864 927 896 communis
946 871 978 897 et
996 876 1154 897 necessa-

166 915 219 948 ria
236 914 396 948 doctrina
416 915 458 947 de
477 914 769 948 contradictoriis.
818 914 893 948 lmo
912 921 944 948 et
963 915 1000 947 in
1017 913 1154 949 Rheto-

166 966 250 999 ricis
267 966 525 999 contrariorum
545 966 776 998 collocatione
793 966 902 998 muita
919 966 1153 1001 illustrantur.

165 1015 256 1051 Cum
282 1017 468 1050 ostendere
493 1017 657 1049 volumus
681 1029 785 1061 quam
810 1017 902 1049 bona
919 1024 951 1050 et
967 1017 1080 1049 dulcis
1099 1030 1152 1050 res

167 1068 211 1102 sit
238 1080 304 1112 pax
317 1095 325 1108 ,
364 1074 484 1100 contra
514 1067 681 1107 dicimus,
716 1075 887 1112 quantum
922 1065 1151 1101 horribilium

166 1119 343 1152 malorum
372 1118 560 1152 comitetur
585 1118 738 1158 bellum,
775 1119 958 1158 incendia,
985 1119 1152 1152 vastatio-

167 1181 248 1211 nes,
275 1169 460 1205 orbitates,
496 1169 660 1202 interitus
688 1170 872 1202 literarum
897 1177 928 1202 et
958 1170 1153 1212 religionis,

168 1228 232 1256 etc.
261 1220 329 1254 Sed
346 1220 504 1253 reductio
517 1220 692 1253 ostensiva
709 1220 940 1253 conversione
951 1220 1150 1265 aliquarum

166 1271 462 1316 propositionum,
479 1271 645 1303 transfert
660 1272 832 1303 secundae
849 1278 908 1304 aut
927 1271 1047 1304 tertiae
1065 1272 1153 1314 figu—

165 1335 224 1356 rae
242 1323 366 1355 modos
382 1322 418 1353 in
438 1321 607 1364 primam,
635 1328 672 1354 ut
689 1320 813 1354 Cesare
833 1323 875 1354 ad
894 1321 1068 1355 Celarent.

164 1390 231 1424 Ces
290 1389 438 1423 Nullum
456 1395 635 1432 peccatum
655 1395 705 1421 est
723 1386 859 1421 honore
877 1389 1099 1422 afficiendum
1113 1416 1120 1429 ,

164 1454 183 1475 a
287 1439 384 1474 Deus
402 1439 802 1483 praecipitmagistratus
819 1439 996 1483 legitimos
1014 1438 1150 1473 honore

373 1491 481 1528 affici,

166 1556 203 1577 re
289 1540 383 1585 Ergo
408 1553 526 1584 gerere
550 1541 776 1584 magistratus
801 1542 977 1584 legitimos
1000 1554 1074 1575 non
1101 1549 1151 1575 est

368 1599 560 1636 peccatum.

268 1671 406 1706 Blaiore
440 1680 606 1702 conversa
633 1669 699 1702 erit
727 1668 907 1706 Celarent,
944 1669 1151 1702 mollissime

166 1723 259 1757 enim
278 1727 534 1757 convertuntur
552 1720 765 1753 universales
784 1720 981 1762 negativae:

164 1782 213 1817 Ce
291 1781 396 1815 Nulla
426 1791 479 1812 res
506 1777 641 1812 honore
669 1779 854 1812 afficienda
892 1780 1059 1813 mandato
1095 1781 1150 1813 di-

370 1831 473 1871 vino,
500 1838 549 1863 est
573 1837 770 1874 peccatum,

165 1886 197 1918 la
288 1881 419 1916 Omnis
437 1882 613 1924 legitimus
630 1882 850 1923 magistratus
868 1889 917 1915 est
935 1880 1072 1915 bonore
1098 1882 1148 1914 af-

372 1933 543 1966 ficiendus
562 1933 726 1965 mandato
747 1934 870 1965 divino
883 1960 891 1973 ,

165 1993 245 2019 rent
295 1983 390 2028 Ergo
408 1984 529 2017 nullus
545 1983 723 2026 legitimus
751 1984 972 2027 magistratus
999 1990 1047 2017 est
1070 1995 1151 2027 pec-

372 2041 500 2068 catum.

269 2095 322 2129 Sit
343 2106 424 2128 sane
447 2096 534 2126 ordo
560 2093 595 2125 in
622 2093 733 2136 prima
761 2093 870 2136 figura
893 2093 1037 2132 melior,
1067 2094 1148 2139 quia

168 2146 360 2180 subiectum
385 2145 532 2177 minoris
558 2144 755 2177 includitur
778 2145 814 2177 in
847 2145 996 2177 maiore:
1032 2153 1148 2178 tamen

167 2197 290 2231 utilius
307 2203 355 2228 est
371 2193 438 2228 hoc
461 2196 567 2235 scire,
595 2196 630 2227 in
660 2207 872 2241 unaquaque
896 2195 1004 2238 figura
1031 2207 1150 2228 causas

169 2246 438 2291 consequentiae
460 2246 621 2289 proprias
637 2253 670 2279 et
685 2247 803 2279 firmas
820 2259 906 2287 esse,
934 2259 1019 2291 quas
1044 2259 1147 2291 supra

168 2298 336 2336 recitavi,
364 2304 395 2330 et
410 2308 503 2329 nunc
519 2298 554 2329 in
572 2297 640 2329 fine
658 2304 834 2337 repetam,
862 2306 900 2332 ut
922 2299 1035 2332 fontes
1059 2298 1149 2341 figu-

168 2361 287 2384 rarum
305 2347 509 2390 diligentius
525 2349 802 2383 considerentur.

216 2451 498 2487 Demonstratio
522 2460 636 2547 qque
662 2463 810 2486 necesse
835 2455 887 2487 sit
915 2464 994 2487 esse
1019 2457 1098 2487 tres

607 2513 736 2547 yuras.

270 2571 312 2604 In
331 2569 429 2603 omni
447 2569 768 2612 argumentatione,
793 2583 881 2614 quae
906 2572 1055 2605 formam
1080 2573 1150 2618 syl-

168 2622 307 2666 logismi
331 2621 485 2665 recipere
520 2625 632 2663 potest
664 2617 765 2665 (uam
790 2621 948 2655 inductio
977 2630 1010 2656 et
1034 2635 1149 2656 exem-

168 2674 266 2718 plum
286 2685 359 2706 non
375 2671 549 2716 recipiunt
577 2672 727 2703 sormam
752 2671 965 2718 syllogismi)
989 2674 1151 2718 procedi-

1214 189 1289 223 tur,
1317 190 1376 216 aut
1397 196 1414 217 a
1438 195 1564 227 genere
1587 186 1630 218 ad
1656 186 1804 230 speciem
1827 188 2088 233 universaliter,
2115 205 2192 227 cum

1212 234 1438 267 conclusione
1454 236 1656 277 universali,
1682 243 1741 270 aut
1759 249 1776 270 a
1796 239 1908 282 specie
1926 241 1967 273 ad
1987 252 2095 284 genus
2114 256 2192 277 cum

1210 284 1436 318 conclusione
1455 286 1670 329 particulari,
1698 295 1758 322 aut
1773 288 1810 322 fit
1826 290 1976 323 duarum
1995 294 2191 335 specierum

1211 335 1409 373 distractio,
1438 342 1498 369 aut
1516 337 1550 369 fit
1568 349 1751 371 causarum
1769 346 1802 372 et
1822 340 2007 375 effectuum
2035 344 2190 386 plurium

1209 386 1398 429 copulatio.
1453 385 1524 419 Nee
1547 394 1627 420 sunt
1652 389 1748 421 modi
1771 391 1887 432 plures
1910 395 2192 436 argumentandi,

1209 437 1237 469 si
1257 437 1375 469 dextre
1392 437 1580 470 iudicetur.
1634 436 1820 472 Processus
1839 449 1953 475 autem
1972 456 1988 476 a
2006 455 2132 486 genere
2149 447 2191 478 ad

1209 487 1356 531 speciem
1381 487 1492 530 gignit
1517 487 1666 531 primam
1691 489 1848 531 figuram,
1901 491 1947 526 Et
1971 495 2086 528 valere
2106 508 2192 528 con-

1208 538 1425 582 sequentiam
1451 550 1468 570 a
1496 550 1622 581 genere
1646 550 1724 571 cum
1752 540 1850 582 signo
1876 543 2066 577 universali
2097 547 2190 579 affir-

1208 589 1336 621 mative
1352 596 1383 622 et
1400 589 1560 631 negative
1578 589 1620 621 ad
1641 590 1810 632 speciem,
1838 599 1962 626 natura
1984 603 2107 629 notum
2130 604 2191 632 est.

1209 639 1396 673 Processus
1414 652 1496 673 vero
1516 652 1533 673 a
1552 640 1664 683 specie
1682 642 1723 673 ad
1743 652 1850 682 genus
1869 655 1946 675 cum
1967 647 2191 680 conclusione

1209 691 1410 733 particulari
1429 692 1538 734 gignit
1557 691 1693 724 tertiam
1718 690 1886 734 figuram,
1913 701 1945 726 et
1968 697 2191 730 manifestum

1209 748 1276 781 est,
1310 742 1421 784 posita
1451 743 1583 786 specie,
1618 742 1702 785 poni
1730 754 1851 785 genus.
1914 743 1984 777 Sed
2013 747 2190 781 distractio

1207 792 1400 835 specierum
1426 793 1537 836 gignit
1562 794 1752 825 secundam
1776 794 1934 836 figuram.
1988 794 2035 830 Et
2058 800 2191 841 perspi-

1207 855 1269 875 cua
1287 850 1337 875 est
1356 844 1445 876 ratio
1471 844 1763 887 consequentiae,
1792 845 1873 888 quia
1896 846 2088 889 disparatas
2115 861 2191 893 spe-

1207 894 1275 926 cies
1300 892 1449 927 distrahi
1475 905 1613 927 necesse
1635 901 1695 927 est.
1748 893 1843 928 Haec
1874 908 1978 930 sensu
2011 901 2191 932 communi

1207 944 1357 977 iudicari
1377 952 1523 988 possunt
1541 945 1616 977 sine
1632 945 1736 988 longa
1753 946 1924 980 doctrina.
1960 947 2191 983 Manifestum

1206 1002 1256 1028 est
1276 995 1383 1037 igitur
1398 1002 1577 1040 utrunque
1596 1002 1628 1028 et
1645 1004 1737 1029 recte
1755 997 1961 1031 distributas
1971 1011 2042 1032 esse
2053 1000 2192 1043 figuras,

1206 1052 1237 1079 et
1256 1047 1527 1090 consequentias
1543 1047 1617 1079 sine
1633 1047 1703 1079 ulla
1718 1048 1939 1082 dubitatione
1951 1050 2073 1085 valere.
2103 1051 2192 1085 Pro-

1206 1108 1319 1130 cessus
1338 1104 1471 1137 autem,
1499 1097 1535 1129 in
1551 1110 1621 1141 quo
1639 1109 1821 1130 causarum
1839 1106 1871 1133 et
1896 1100 2082 1135 effectuum
2112 1103 2192 1146 plu-

1205 1147 1296 1180 rium
1314 1148 1491 1191 copulatio
1508 1148 1562 1188 fit,
1585 1148 1695 1190 gignit
1713 1147 1854 1181 Soriten
1867 1177 1875 1190 ,
1902 1157 1957 1183 ut:

1362 1197 1554 1231 Immodica
1574 1198 1800 1241 ingurgitatio
1820 1200 1967 1244 impedit
1994 1203 2189 1236 coctionem

1411 1250 1447 1282 in
1463 1249 1673 1282 ventriculo.

1359 1300 1455 1334 Mala
1472 1300 1630 1333 coctione
1649 1299 1685 1331 in
1701 1300 1898 1334 ventriculo
1915 1302 2002 1335 facta
2014 1329 2023 1344 ,
2050 1304 2087 1337 fit
2111 1317 2191 1337 san-

1411 1353 1487 1394 guis
1506 1351 1665 1393 impurus
1682 1350 1718 1381 in
1737 1357 1853 1393 epate,

1357 1400 1447 1435 Cum
1474 1400 1615 1443 sanguis
1640 1401 1677 1432 in
1700 1407 1798 1443 epate
1822 1413 1895 1433 non
1922 1410 2104 1445 percoctus
2132 1413 2193 1447 est,

1408 1457 1623 1495 sparguntur
1640 1452 1677 1483 in
1694 1457 1805 1484 totum
1823 1464 1949 1496 corpus
1967 1455 2069 1488 multi
2091 1458 2191 1489 crudi

1410 1501 1595 1541 humores,

1357 1553 1467 1588 Crudi
1503 1551 1669 1587 humores
1698 1553 1810 1597 sparsi
1838 1553 1875 1586 in
1905 1567 2031 1598 corpus
2058 1556 2191 1591 faciunt

1411 1602 1665 1648 xczxogvttt'az‘,
1694 1604 1822 1637 deiude
1839 1602 2046 1650 hydropem.

1356 1654 1451 1697 Ergo
1470 1656 1657 1689 immodica
1677 1655 1905 1698 ingurgitatio
1924 1669 2024 1690 causa
2052 1666 2101 1692 est
2126 1657 2190 1705 hy-

1408 1706 1540 1750 dropis.

1305 1757 1372 1791 Sed
1393 1756 1599 1790 Aristoteles
1616 1768 1688 1789 non
1704 1757 1816 1790 utitur
1830 1764 1900 1789 tam
1917 1757 2033 1800 longis
2050 1770 2190 1792 coacer-

1204 1809 1416 1846 vationibus,
1445 1808 1562 1852 plures
1581 1807 1697 1850 potius
1715 1807 1936 1852 syllogismos
1953 1808 2087 1852 primae
2101 1810 2189 1853 figu-

1203 1871 1260 1893 rae
1278 1859 1449 1898 instituit,
1479 1864 1511 1890 et
1530 1857 1701 1901 proximis
1719 1858 1832 1890 causis
1846 1859 2026 1901 proximos
2042 1860 2188 1894 effectus

1203 1910 1342 1950 attexit,
1370 1909 1482 1942 utitur
1503 1915 1619 1941 tamen
1647 1915 1679 1940 et
1695 1907 1852 1947 Sor-itae,
1880 1915 1920 1941 ut
1944 1908 2035 1942 infra
2061 1911 2188 1947 dicam,

1203 1959 1277 1994 Etsi
1294 1967 1408 1993 autern
1428 1960 1463 1992 in
1481 1957 1535 1992 his
1552 1959 1917 1992 demonstrationibus
1936 1960 2034 1993 nulla
2052 1969 2100 1995 est
2124 1963 2189 1996 oh—

1203 2012 1370 2051 scuritas‚
1401 2017 1516 2043 tamen
1536 2009 1724 2042 collatione
1741 2010 1980 2054 exemplorum
1998 2012 2083 2045 fient
2105 2013 2189 2046 illu-

1203 2063 1355 2096 striores.
1382 2059 1429 2095 Et
1446 2061 1574 2094 eruditi
1593 2060 1630 2092 in
1641 2059 1844 2094 Geometria
1862 2061 1977 2094 sciunt
1994 2074 2187 2105 congruere

1203 2111 1347 2147 adhaec
1369 2124 1456 2157 quae
1483 2112 1575 2152 dixi,
1603 2123 1700 2144 suam
1730 2112 1941 2145 divisionem
1962 2121 2187 2155 argumenta-

1202 2163 1328 2204 tionis,
1355 2171 1388 2196 et
1405 2163 1561 2206 exempla
1577 2174 1658 2194 suae
1674 2163 1773 2195 artis:
1802 2161 1859 2195 Ad
1873 2163 2022 2206 primam
2040 2164 2185 2205 figuram

1201 2215 1365 2258 congruit
1389 2225 1568 2258 processus
1599 2210 1693 2247 κατὰ
1724 2209 1921 2247 σύνθεσινε
1956 2213 2012 2245 Ad
2046 2216 2184 2248 tertiam

1201 2268 1347 2309 figuram
1367 2265 1529 2309 congruit
1556 2276 1738 2308 processus
1765 2261 1859 2297 κατὰ
1883 2260 2081 2298 &vm-vom:
2108 2266 2184 2299 Ad-

1203 2318 1374 2351 versativa
1399 2317 1447 2355 εὶς
1471 2313 1661 2350 ἀδύνατον
1685 2311 1886 2361 ἀπαγωγὴ,
1921 2320 1971 2346 est
1999 2314 2184 2350 antithesis

1204 2368 1418 2402 conveniens
1434 2368 1606 2400 secundae
1623 2366 1763 2407 figurae.
1792 2363 1858 2397 Sed
1876 2364 2033 2397 iuniores
2042 2374 2184 2401 sumant

1202 2420 1358 2463 exempla
1381 2431 1420 2451 ex
1445 2417 1650 2463 quotidiana
1679 2415 1846 2454 lectione,
1882 2421 1914 2447 et
1946 2426 1986 2447 ex
2018 2419 2184 2459 materiis,

1202 2482 1288 2516 quas
1304 2478 1482 2514 utcunque
1499 2466 1711 2507 intelligunt.
1763 2463 1947 2509 Aspiciant
1964 2472 1996 2499 et
2013 2469 2184 2512 exempla,

1203 2534 1290 2568 quae
1309 2522 1346 2553 in
1364 2518 1598 2562 descriptione
1619 2516 1806 2549 modorum
1824 2527 1930 2560 supra
1947 2518 2106 2552 recitavi.

1304 2569 1455 2605 Accedat
1480 2576 1512 2602 et
1535 2565 1618 2599 haec
1640 2566 1851 2602 exercitatio,
1906 2567 2049 2602 Dentur
2072 2577 2182 2604 mate-

1200 2624 1272 2656 riae
1289 2620 1523 2659 discentibus,
1553 2618 1594 2650 de
1612 2618 1740 2662 quibus
1757 2625 1960 2661 argumenta
1976 2621 2182 2662 excogitent,

1201 2684 1308 2718 eaque
1334 2671 1456 2705 formis
1482 2668 1766 2716 syllogismorum
1792 2669 1963 2703 concinne
1988 2671 2182 2705 includant⁰

1576 2718 1651 2753 39*
