2379 2948
157 94 230 130 461
795 91 858 126 tv.

156 178 351 214 admodum
369 177 407 210 in
430 184 592 212 matrona
624 175 773 212 honesta
798 177 900 212 fucus
932 175 1151 208 detestabilis

157 237 220 265 est.
273 229 342 263 Sed
362 226 399 262 hi
421 229 509 263 salso
533 236 659 274 putant
684 228 880 262 oratorium
903 233 1070 260 ornatum
1096 226 1152 259 su-

157 293 237 315 cum
273 292 345 314 esse
379 288 517 325 praeter
546 287 710 313 naturam
744 278 963 311 accersitum.
1025 276 1179 311 Nativa

156 332 262 366 facies
281 338 332 366 est
352 332 546 372 orationis,
572 332 616 363 de
633 341 701 375 qua
719 327 776 362 hic
795 336 979 372 praecepta
1002 329 1152 362 tradun-

157 391 226 417 tur.
262 382 365 416 Hanc
382 383 443 429 qui
460 387 712 425 corrumpunt,
740 387 977 413 monstrosam
995 380 1153 413 efficiunt

156 435 375 475 orationem,
410 440 449 467 ut
479 433 630 477 pictores
659 438 877 464 monstrosas
911 432 1043 464 formas
1070 431 1151 475 pin-

158 493 264 530 gunt,
284 498 363 519 cum
382 491 544 517 naturam
564 495 635 516 non
657 490 749 516 recte
767 482 966 516 imitantur.

397 572 489 603 Tres
514 572 643 613 partes
671 569 909 602 elocutionis.

261 637 431 673 Universa
458 636 650 681 eloquendi
678 636 768 670 ratio
794 636 955 670 consistit
979 636 1015 668 in
1036 636 1151 669 tribus

156 692 272 725 rebus.
313 687 473 721 Primum
494 688 530 720 in
549 698 711 721 sermone
727 688 969 730 grammatico.
1010 687 1150 721 Deinde

156 744 193 775 in
209 739 340 784 figuriS.
393 738 517 772 Tertio
543 739 579 771 in
602 739 950 782 amplificationibus.
1004 738 1150 771 Crassus

153 793 247 837 apud
271 789 479 824 Ciceronem
506 790 599 823 libro
636 790 739 824 tertio
777 790 926 835 requirit
957 790 994 822 in
1030 790 1150 823 elocu-

152 845 252 877 tione
277 848 432 887 quatuor
460 848 594 885 partes,
622 850 659 875 ut
688 841 816 883 latine,
845 848 883 874 ut
909 841 1084 881 dilucide,
1113 849 1148 874 ut

152 900 295 934 ornate,
318 900 357 926 ut
374 900 453 937 apte
470 893 619 926 dicatur.
675 891 750 935 Ego
768 892 860 925 idem
882 893 999 925 verbis
1017 893 1149 926 nonni—

152 943 205 979 hil
221 945 365 978 mutatis
388 945 503 984 trado,
531 951 564 977 et
582 951 619 977 ut
631 942 814 977 Ciceronis
831 944 1006 977 sententia
1023 944 1149 977 melius

150 996 301 1039 intelligi
326 996 454 1040 possit,
492 1002 525 1029 et
549 1002 587 1028 ut
614 996 776 1038 cognatio
800 995 1044 1038 grammatices
1068 1008 1146 1028 cum

150 1047 328 1083 rhetorica
353 1047 450 1080 cerni
474 1054 591 1092 queat.
647 1046 693 1080 Ut
712 1046 805 1079 enim
826 1054 1009 1090 praecepta
1028 1047 1070 1079 de
1091 1047 1147 1078 in-

151 1099 320 1134 ventione
339 1099 491 1132 multum
511 1110 528 1131 a
544 1098 725 1131 dialectica
746 1105 975 1138 mutuantur,
1004 1098 1051 1131 ita
1074 1098 1147 1130 elo-

150 1151 245 1185 cutio
266 1151 462 1194 plurimum
481 1150 588 1183 sumit
604 1161 621 1182 a
639 1149 878 1192 grammatica.
933 1149 1021 1182 Nam
1041 1149 1148 1182 latine

151 1210 186 1237 et
201 1202 357 1235 dilucide
376 1201 546 1246 loquendi
566 1201 654 1234 ratio
675 1201 710 1232 in
728 1201 956 1243 grammatica
981 1201 1146 1234 traditur.

150 1252 291 1288 Ornate
326 1264 408 1285 vero
444 1252 615 1296 loquendi
651 1253 738 1284 duas
768 1249 875 1285 babet
907 1258 1023 1295 partes
1053 1252 1144 1295 apud

150 1305 381 1344 Ciceronem,
399 1302 548 1345 Figuras
564 1310 597 1336 et
608 1302 908 1347 amplificationes.
938 1303 1031 1347 Apte.
1050 1303 1146 1348 loqui

149 1363 199 1390 est
216 1357 384 1388 decorum
400 1355 601 1388 observare.

226 1404 292 1439 Est
307 1406 426 1449 itaque
443 1406 557 1448 prima
574 1405 784 1438 elocutionis
803 1417 883 1449 pars
899 1417 1013 1437 sermo
1031 1416 1146 1447 gram—

149 1458 317 1497 maticus,
354 1456 415 1501 qui
439 1462 576 1489 constat
602 1456 719 1487 verbis
745 1457 900 1495 usitatis,
938 1457 1090 1499 propriis
1115 1461 1143 1486 et

148 1507 450 1553 significantibus,
493 1518 583 1551 qnae
610 1506 706 1538 iuxta
731 1506 981 1549 grammaticae
1006 1518 1144 1551 praece-

148 1568 227 1606 pta,
257 1566 356 1600 ,certa
381 1558 519 1592 ratione
545 1557 712 1600 coniungi
748 1565 782 1591 et
814 1558 971 1591 construi
1006 1558 1145 1591 debent.

147 1612 238 1646 Cum
260 1611 370 1654 igitur
391 1621 446 1643 res
469 1609 658 1652 elegimus,
688 1615 720 1641 et
747 1609 988 1653 disposuimus
1014 1610 1049 1642 in
1069 1609 1143 1641 ani-

148 1676 227 1702 mo,
253 1663 367 1706 prima
386 1661 452 1694 erit
469 1673 571 1699 cura,
601 1667 640 1694 ut
656 1672 712 1693 eas
728 1661 956 1703 grammatico
984 1671 1145 1693 sermone

148 1715 351 1748 efferamus.
411 1711 491 1746 Non
515 1714 609 1745 enim
636 1718 749 1756 potest
772 1712 922 1755 intelligi
950 1712 1080 1752 oratio,
1117 1713 1143 1744 si

148 1770 286 1800 constet
314 1764 429 1797 verbis
466 1763 595 1807 ignotis
631 1770 664 1796 et
694 1763 820 1795 alienis
845 1776 862 1795 a
889 1763 1146 1796 consuetudine

147 1819 238 1851 bene
273 1815 516 1860 loquentium,
550 1821 610 1847 aut
641 1814 669 1846 si
694 1814 910 1847 constructio
936 1814 1064 1846 viriosa
1091 1814 1143 1846 sit.

146 1868 309 1903 Primum
333 1867 442 1910 igitur
464 1866 705 1899 adolescentes
725 1872 902 1908 praestare
927 1865 1074 1903 debent,
1107 1873 1145 1898 nt

147 1931 312 1964 magnam
331 1918 468 1963 copiam
487 1917 706 1960 grammatici
732 1917 904 1949 sermonis
931 1914 1083 1949 habeant
1109 1917 1143 1948 in

148 1977 336 2016 promptu,
369 1981 485 2014 neque
509 1968 604 2000 enim
632 1968 756 2011 exigua
784 1968 859 2000 laus
885 1975 955 2007 est,
993 1968 1144 2011 propriis

148 2023 284 2062 verbis,
308 2021 412 2055 etiam
438 2020 514 2053 sine
538 2020 608 2052 alio
630 2026 778 2060 ornatu,
815 2019 928 2052 nudas
953 2031 1007 2051 res
1032 2019 1143 2063 expli—

149 2085 227 2107 care
245 2084 357 2116 posse.
409 2071 723 2115 Quemadmodum
743 2071 780 2103 fit
799 2071 1008 2115 plerumque
1027 2069 1143 2104 inCo-

148 2123 300 2158 moediis
322 2131 355 2157 et
381 2122 563 2168 Epistolis.
617 2121 664 2155 Et
686 2122 788 2154 multi
819 2129 977 2155 oratores
1004 2122 1041 2154 iu
1067 2122 1144 2154 foro

150 2176 331 2222 quondam
349 2173 416 2208 hoc
431 2187 505 2208 uno
522 2186 648 2217 genere
665 2174 806 2207 dicendi
819 2174 974 2206 contenti
991 2174 1146 2213 suerunt,

150 2227 453 2274 quemadmodum
477 2225 621 2272 Lysias,
648 2232 681 2258 et
703 2225 782 2265 alii,
810 2225 871 2270 qui
895 2231 1001 2258 tenue
1030 2226 1143 2271 quod-

151 2281 233 2313 dam
251 2279 351 2311 filum
363 2277 533 2310 orationis
545 2283 763 2310 amaverunt.
796 2276 843 2309 At
856 2276 986 2309 nostris
1005 2283 1143 2321 tempo-

150 2331 250 2365 ribus
267 2329 351 2363 satis
369 2339 493 2370 magna
512 2328 588 2361 laus
605 2335 672 2370 est,
699 2326 791 2361 banc
808 2328 1010 2361 facultatem
1029 2340 1144 2371 gram—

151 2381 278 2416 matice
296 2379 468 2425 loquendi
485 2380 663 2424 consequi.
716 2379 806 2413 Nam
831 2380 867 2412 in
894 2376 949 2412 his
973 2380 1145 2419 moribus,

152 2433 239 2468 etin
258 2433 327 2466 alia
353 2431 491 2473 lingua,
518 2431 619 2474 pauci
636 2431 791 2475 reliquas
808 2432 955 2464 virtutes
972 2431 1143 2464 elocutio-

152 2486 208 2518 nis
232 2485 361 2518 addere
386 2488 546 2527 possunt.
601 2479 647 2514 Ut
672 2482 835 2515 videlicet
859 2482 982 2524 figuris
999 2489 1144 2516 utantur

152 2548 225 2570 non
244 2534 374 2580 ineptis
393 2540 452 2567 aut
468 2532 702 2575 tempestivis,
730 2540 788 2566 aut
808 2545 934 2576 magna
962 2546 1040 2567 cum
1065 2546 1145 2577 gra-

153 2588 279 2628 vitate,
308 2593 342 2619 et
366 2596 493 2629 magna
517 2584 551 2616 vi
576 2582 712 2628 aliquid
741 2584 967 2627 amplificent.
1028 2584 1146 2618 Facile

154 2646 204 2673 est
226 2639 319 2672 enim
348 2637 523 2675 iudicare,
558 2640 732 2680 quantum
758 2634 959 2679 eloquentia
985 2635 1147 2676 istorum,

154 2691 217 2736 qui
231 2689 360 2723 nostris
377 2687 598 2731 temporibus
615 2686 767 2719 maxime
786 2685 871 2719 clari
890 2692 990 2725 sunt,
1019 2687 1058 2719 in
1076 2686 1147 2719 illis

912 88 1189 124 ELEMENTA
1217 88 1556 128 RHETORICES.

2129 98 2202 132 462

1176 178 1180 214 1
1205 175 1430 219 gravioribus
1452 177 1646 211 virtutibus
1673 178 1859 214 claudicet.
1921 180 2042 223 Quare
2072 182 2201 215 confir-

1177 219 1179 277 l
1207 227 1329 260 mandi
1349 234 1432 260 sunt
1449 228 1696 270 adolescentes,
1713 237 1750 264 ut
1768 232 1882 264 sciant
1897 243 1933 264 se
1948 233 2100 265 multum
2119 245 2200 275 pro-

1177 300 1179 314 4
1204 279 1343 318 fecisse,
1371 290 1450 310 cum
1477 276 1543 311 hoc
1568 282 1716 314 assecuti
1741 289 1841 323 sunt,
1869 289 1907 316 ut
1934 295 2008 316 non
2033 283 2200 316 destituat

1205 341 1264 362 eos
1279 329 1414 372 copia„
1398 330 1616 361 erammatici
1636 334 1826 376 sermonis,
1855 334 1993 367 etiamsi
2012 334 2200 379 perfectius

1205 380 1348 426 quidem
1369 380 1506 412 efficere
1525 391 1597 414 non
1615 391 1771 423 possunt
1829 383 1855 415 V
1860 397 1923 418 oco
1941 392 2057 419 antem
2082 396 2198 429 gram-

1206 432 1374 465 maticum
1392 441 1590 463 sermonem
1603 458 1611 470 ,
1640 432 1701 476 qui
1719 445 1791 466 non
1811 435 1926 469 solum
1944 437 2061 470 verbis
2079 436 2198 470 latinis

1205 489 1358 521 constat,
1379 489 1413 516 et
1434 481 1607 527 Syntaxin
1626 480 1731 516 hahet
1748 486 2025 520 consentientem
2047 487 2197 531 puerili-

1207 536 1271 568 bus
1293 534 1435 577 regnlis.
1472 532 1540 566 Sed
1567 533 1671 566 etiam
1696 535 1732 567 in
1756 548 1825 580 quo
1852 534 1988 579 phrasis
2012 546 2045 571 et
2070 550 2196 571 vocum

1205 586 1409 619 coniunctio
1438 584 1600 617 imitatur
1632 587 1929 620 consuetudinem
1957 600 2100 629 eorum,
2136 589 2197 633 qui

1205 638 1381 681 eleganter
1406 643 1440 669 et
1469 648 1549 668 vere
1573 635 1697 677 latine,
1733 644 1767 670 et
1799 650 1872 670 non
1906 640 2050 671 moleste
2086 640 2196 672 locuti

1204 696 1299 725 sunt.
1352 687 1448 720 Haec
1477 688 1521 720 de
1548 699 1585 719 re
1611 687 1704 720 infra
1730 689 1832 732 plura
1849 689 2027 729 dicemus,
2055 702 2133 722 cum
2154 691 2197 722 de

1204 740 1403 774 imitatione
1426 738 1700 782 disputabimus.
1772 739 1893 785 ltaque
1919 752 1998 773 cum
2023 751 2197 773 summam

1204 791 1344 825 laudem
1362 791 1397 823 in
1415 790 1567 823 dicendo
1590 787 1717 824 habeat
1740 791 1989 835 perspicuitas,
2018 791 2053 823 in
2073 790 2198 835 primis

1203 842 1293 875 adsit
1318 842 1416 886 copia
1444 841 1580 885 proprii
1607 843 1799 882 sermonis,
1825 843 1885 887 qui
1912 855 1965 875 res
1990 843 2064 874 sine
2081 842 2197 875 ambi—

1202 893 1355 938 guitate,
1381 893 1514 935 signate
1539 892 1721 936 exprimat.
1776 892 1960 936 Fugienda
1983 901 2031 927 est
2062 893 2098 925 in
2125 904 2198 925 ser—

1203 957 1307 978 mone
1343 944 1593 988 peregrinitas,
1635 950 1667 976 et
1701 944 1798 977 illam
1825 945 2003 977 licentiam
2029 945 2198 987 gignendi

1203 1008 1334 1029 novum
1358 1007 1576 1032 sermonem,
1605 996 1704 1029 nullo
1729 996 1835 1029 modo
1859 997 2104 1040 permittamus
2130 1007 2196 1027 no-

1199 1048 1274 1087 bis,
1303 1059 1371 1091 qua
1398 1047 1434 1078 in
1457 1044 1586 1078 scholis
1614 1047 1804 1080 immodice
1821 1054 1983 1081 utuntur.
2037 1046 2195 1079 Tametsi

1201 1098 1331 1131 alicubi
1365 1097 1559 1141 peregrinis
1592 1098 1774 1129 vocabulis
1804 1100 1976 1131 utendum
2011 1105 2079 1137 est,
2115 1097 2197 1129 Alia

1202 1150 1312 1182 forma
1330 1161 1425 1181 nunc
1445 1154 1494 1180 est
1515 1147 1669 1191 imperii,
1695 1147 1836 1191 Religio
1858 1150 1924 1182 alia
1945 1155 1995 1181 est
2014 1160 2119 1193 quam
2137 1147 2197 1181 Ci-

1200 1200 1338 1233 ceronis
1355 1198 1588 1241 temporibus.
1644 1198 1763 1241 Quare
1781 1208 1924 1244 propter
1948 1211 2066 1232 rerum
2093 1198 2197 1231 novi—

1201 1258 1307 1285 tatem
1336 1250 1515 1283 interdum
1541 1249 1658 1282 verbis
1685 1251 1786 1283 novis
1818 1258 1857 1283 nt
1887 1250 2071 1290 convenit,
2106 1261 2196 1294 quae

1201 1309 1316 1335 tamen
1345 1313 1429 1334 usus
1453 1300 1628 1341 mollivit,
1662 1313 1766 1345 quem
1791 1313 1897 1346 penes
1921 1301 2108 1334 arbitrium
2134 1308 2196 1340 est,

1201 1361 1233 1387 et
1251 1354 1303 1386 vis
1323 1360 1356 1386 et
1374 1364 1497 1385 norma
1517 1352 1698 1396 loquendi.
1725 1353 1873 1386 Interim
1892 1360 2006 1386 tamen
2025 1358 2095 1384 tota
2117 1363 2197 1383 ora-

1200 1405 1307 1439 tionis
1325 1411 1501 1437 structura
1517 1410 1549 1436 et
1568 1401 1725 1446 phrasis,
1756 1416 1826 1436 non
1846 1402 2034 1436 abhorreat
2051 1414 2068 1435 a
2086 1402 2196 1434 latina

1201 1454 1478 1494 consuetudine,
1506 1454 1640 1498 alioqui
1662 1455 1755 1487 enim
1780 1467 1852 1487 non
1882 1454 2011 1499 poterit
2035 1452 2198 1495 intelligi,

1201 1505 1406 1551 Plerunque
1425 1505 1529 1538 etiam
1552 1505 1625 1543 isti,
1655 1506 1714 1550 qui
1732 1518 1866 1539 novum
1892 1505 2066 1538 sermonis
2086 1516 2197 1547 genus

1202 1559 1353 1601 fingunt,
1381 1569 1435 1590 res
1453 1557 1635 1590 amittunt.
1667 1555 1711 1590 Ut
1728 1558 1822 1590 enim
1843 1569 1975 1590 novum
1996 1567 2196 1589 sermonem

1201 1611 1418 1653 excogitant,
1454 1609 1499 1641 ita
1527 1620 1637 1640 novas
1662 1620 1715 1641 res
1740 1610 1939 1649 somniant,
1967 1609 2051 1641 dum
2077 1607 2196 1650 inepte

1201 1661 1366 1694 affectant
1391 1661 1531 1693 laudem
1557 1660 1775 1695 subtilitatis.
1829 1658 1874 1694 Et
1900 1667 2015 1693 tamen
2041 1670 2094 1692 res
2115 1658 2197 1690 illae

1201 1712 1396 1756 inspectae,
1424 1709 1516 1744 nibil
1536 1723 1609 1743 esse
1635 1709 1955 1756 deprehenduntur
1980 1710 2048 1742 nisi
2076 1709 2196 1741 inania

1200 1763 1350 1797 somnia.
1398 1762 1492 1805 Quia
1512 1769 1617 1795 notae
1635 1775 1689 1795 res
1707 1774 1830 1795 omnes
1849 1762 1965 1794 verbis
1983 1760 2110 1804 exponi
2130 1771 2196 1791 no-

1199 1815 1245 1847 tis
1263 1824 1295 1847 et
1313 1814 1594 1856 significauitilms
1611 1820 1767 1856 possunt.
1810 1811 1981 1856 Exempla
2001 1817 2118 1844 extant
2139 1810 2194 1842 in-

1200 1865 1298 1898 finita
1316 1866 1353 1897 in
1371 1865 1540 1897 omnibus
1551 1864 1700 1904 artibus,
1715 1864 1777 1897 ubi
1796 1875 1896 1907 saepe
1917 1864 2034 1906 inepte
2053 1862 2194 1903 fingun—

1200 1923 1258 1950 tur
1282 1928 1374 1948 nova
1402 1915 1594 1956 vocabula,
1619 1922 1657 1949 ut
1683 1915 1825 1949 realitas
1848 1914 2041 1952 obiectiva,
2076 1912 2194 1945 subie-

1200 1968 1311 2008 ctiva,
1339 1968 1430 2011 apud
1457 1966 1638 2000 Scotistas.
1694 1964 1793 1999 Olim
1818 1965 2013 2005 Platonici,
2042 1976 2114 1996 non
2140 1963 2195 1995 in-

1200 2018 1397 2061 telligentes
1416 2017 1601 2051 Platonem
1615 2043 1623 2056 ‚
1652 2029 1766 2051 meras
1783 2029 1893 2060 nugas
1911 2018 1953 2049 (le
1975 2015 2062 2048 ideis
2085 2015 2194 2047 finxe-

1200 2077 1302 2110 runt,
1329 2070 1507 2102 finxerunt
1531 2076 1565 2102 et
1590 2069 1739 2102 virtutes
1769 2068 1988 2113 purgativas,
2018 2073 2049 2098 et
2075 2065 2192 2097 nescio

1200 2133 1287 2167 quas
1315 2127 1507 2166 praeterea.
1568 2120 1647 2153 Hos
1682 2120 1840 2154 imitatus
1871 2117 2084 2164 Dionysius,
2120 2128 2193 2148 non

1201 2173 1320 2206 minus
1335 2172 1404 2205 suit
1421 2171 1581 2215 ineptus,
1606 2183 1685 2204 cum
1711 2172 1755 2203 de
1781 2171 1877 2204 nulla
1902 2183 1938 2202 re
1962 2168 2058 2210 gravi
2083 2167 2192 2200 lecto-

1200 2236 1272 2257 rem
1293 2225 1434 2264 doceat,
1459 2231 1576 2256 tamen
1596 2223 1659 2255 illo
1678 2222 1847 2256 inusitato
1869 2232 1995 2264 genere
2019 2218 2192 2251 orationis

1199 2275 1384 2308 mirificam
1403 2275 1679 2319 expectationem
1699 2275 1741 2307 de
1769 2285 1804 2306 se
1830 2272 1981 2306 concitat
2004 2269 2097 2313 apud
2123 2269 2192 2301 im-

1199 2327 1342 2371 peritos.
1403 2325 1526 2369 Inepta
1556 2332 1638 2358 sunt
1671 2332 1703 2358 et
1742 2325 1803 2357 illa
1840 2335 1859 2356 a
1887 2321 2016 2355 Stoicis
2045 2320 2191 2353 conficta

1199 2375 1416 2425 προηγμένα
1441 2375 1514 2411 ἀπὸ
1538 2388 1742 2423 προηιιιιια
1797 2372 2018 2408 Amaverunt
2043 2371 2112 2405 tale
2137 2371 2192 2403 di-

1200 2431 1300 2463 cendi
1329 2441 1441 2473 genus
1467 2435 1499 2462 et
1525 2426 1712 2465 haeretici,
1741 2432 1778 2458 ut
1795 2423 2072 2457 Valentinianus
2090 2434 2192 2455 exco-

1199 2481 1322 2524 gitavit
1345 2481 1532 2526 quadrigas
1551 2475 1822 2512 atco'1w1.Nec
1839 2475 1958 2508 minus
1977 2480 2061 2508 sunt
2079 2473 2190 2516 inepti

1199 2532 1413 2566 ludaeorum
1433 2531 1471 2565 C
1465 2532 1507 2564 ib
1512 2531 1651 2569 alistae,
1676 2539 1764 2572 quae
1781 2527 1882 2560 novis
1899 2525 2016 2559 verbis
2032 2525 2191 2569 repertis,

1172 2585 1175 2614 l
1199 2583 1289 2616 mira
1306 2583 1469 2629 mysteria
1492 2580 1723 2625 promittunt,
1750 2591 1828 2611 cum
1854 2589 1969 2610 meras
1994 2588 2103 2620 nugas
2127 2576 2191 2609 do-

1200 2641 1317 2676 ceant,
1352 2641 1385 2667 et
1418 2639 1539 2665 nostro
1568 2638 1727 2675 tempore
1753 2628 2027 2673 Anabaptistae,
2067 2627 2192 2671 prodi-

1200 2685 1307 2729 giosis
1324 2684 1446 2728 figuris
1462 2690 1624 2718 utuntur.
1679 2681 1761 2716 Tali
1788 2680 1943 2716 orationi
1960 2679 2018 2713 vix
2034 2689 2191 2723 unquam
