2379 2948
220 118 266 152 71

221 200 362 234 initium
387 198 562 232 medullae
579 196 698 240 spinae
721 193 828 228 dorsi.

222 251 360 284 medius
371 249 585 283 ventriculus
597 257 717 279 versus
731 243 941 278 anteriorem
956 249 1088 287 partem
1107 242 1207 285 glan-

226 301 308 335 dula
325 312 384 334 seu
402 299 556 333 conario.

471 400 687 431 Postremus
716 393 961 428 ventriculus.

329 471 520 506 Cerebrum
555 475 588 502 et
613 466 823 501 cerebellum
859 464 1049 499 interstitio
1085 461 1212 495 (listin-

230 530 397 566 guuntur,
424 521 518 565 quod
536 532 576 552 ex
593 520 681 552 dura
697 525 808 551 matre
826 524 941 549 ortum
962 522 1030 555 est,
1056 525 1119 546 nec
1145 512 1213 545 alia

230 585 310 617 pars
340 572 448 605 durae
480 570 601 603 matris
627 570 774 602 crassior
805 574 838 601 et
868 567 1003 599 firmior
1035 572 1099 597 est.
1152 560 1215 596 Est

231 631 346 657 autem
371 622 426 654 via
446 633 465 654 a
489 621 605 653 medio
630 618 826 652 ventriculo
853 618 889 649 in
916 624 1132 660 postremum
1151 613 1215 646 sub

232 674 391 712 natibus,
418 683 507 716 quae
531 677 613 703 sunt
632 669 847 703 substantiae
865 667 998 700 cerebri
1023 663 1218 703 tubercula,

233 736 322 769 qnae
344 723 453 765 figura
478 722 662 754 imitantur
685 726 801 759 nates,
837 730 876 750 eo
900 718 977 750 loco
1001 717 1061 750 ubi
1086 713 1218 759 princi-

234 775 331 819 pium
348 779 398 806 est
414 772 562 805 dorsalis
580 770 764 804 medullae.
817 767 879 801 Est
897 769 1003 811 igitur
1024 773 1221 811 postremus

234 823 452 858 ventriculus
469 822 583 866 ampla
601 821 747 860 cavitas,
777 831 864 862 pene
888 819 946 852 ovi
962 816 1221 860 magnitudine,

237 887 326 920 quae
346 874 443 906 sinus
462 880 510 906 est
527 872 654 916 partim
672 870 854 911 cerebelli,
883 869 1010 914 partim
1029 867 1122 900 initii
1140 867 1222 900 dor-

238 926 318 959 salis
336 923 523 958 medullae.

339 973 429 1008 Cum
455 981 570 1007 antem
589 972 812 1005 manifestum
837 970 898 1013 sit,
925 971 1018 1003 laeso
1040 967 1224 1003 cerebello.

240 1025 448 1059 memoriam
473 1023 695 1063 labefactari,
730 1028 1006 1056 consentaneum
1030 1027 1097 1060 est,
1130 1017 1225 1052 hunc

242 1083 456 1121 postremum
489 1073 725 1107 ventriculum
757 1079 790 1105 et
813 1072 1023 1106 cerebellum
1055 1080 1227 1112 organum

245 1138 316 1159 esse
343 1125 532 1158 memoriae
560 1131 591 1157 et
614 1123 886 1160 recordationis,
923 1133 1039 1154 rerum
1065 1118 1228 1162 imagini-

242 1178 309 1210 bus
328 1177 364 1208 in
382 1175 591 1207 cerebellum
608 1180 776 1218 tanquam
797 1173 891 1205 notis
913 1171 1101 1216 impressis.

347 1224 425 1259 Etsi
442 1231 559 1258 autem
584 1225 620 1257 in
638 1221 702 1257 hac
725 1223 966 1266 caligine-non
991 1220 1230 1266 perspicimus,

247 1277 424 1323 quomodo
442 1273 526 1308 baec
550 1276 710 1307 miranda
736 1286 859 1316 opera,
887 1273 1057 1315 cognitio,
1091 1271 1231 1304 ratioci-

247 1328 364 1367 natio,
393 1326 582 1368 memoria,
615 1324 829 1363 recordatio,
857 1323 1027 1356 iudicium
1050 1321 1152 1356 fiant:
1181 1328 1233 1354 ta-

247 1390 327 1411 men
347 1388 426 1409 cum
445 1376 520 1407 fieri
535 1387 573 1407 ca
592 1374 725 1406 cerebri
743 1385 808 1415 ope
827 1374 1060 1405 certissimum
1086 1373 1147 1411 sit,
1175 1384 1234 1403 co-

249 1429 398 1471 gitemus
422 1425 556 1458 cerebri
577 1423 828 1463 substantiam,
855 1435 943 1467 quae
960 1423 1057 1455 sedes
1076 1429 1126 1455 est
1143 1420 1236 1454 divi-

250 1490 317 1511 nae
334 1475 422 1509 lucis
444 1483 476 1509 et
497 1475 700 1508 divinarum
726 1474 923 1513 actionum,
952 1479 1137 1515 cognatum
1165 1483 1236 1504 esse

254 1527 394 1562 coelesti
409 1534 573 1568 naturae,
600 1526 637 1557 in
654 1536 758 1570 quam
775 1524 877 1557 etiam
901 1524 1059 1568 undique
1082 1534 1236 1567 sparsam

254 1590 326 1612 esse
346 1578 458 1610 lucem
474 1577 652 1615 videmus,
679 1582 711 1608 et
736 1573 989 1608 ardentissimis
1014 1575 1103 1607 votis
1122 1572 1237 1606 Deum

255 1640 406 1667 oremuS,
434 1634 473 1660 ut
492 1639 551 1660 sua
568 1627 644 1659 luce
663 1637 799 1669 semper
819 1622 884 1658 hoc
902 1624 1070 1668 templum
1088 1624 1239 1656 illustret

257 1687 292 1713 et
307 1679 489 1721 gubernet.
541 1676 671 1710 Causas
695 1677 802 1710 totius
826 1675 975 1719 opificii,
1004 1686 1089 1719 quas
1114 1684 1240 1716 magna

258 1729 426 1773 sapientia
453 1728 618 1770 cogitatas
643 1738 715 1759 esse
741 1739 811 1759 non
829 1726 977 1758 dubium
1002 1731 1073 1765 est,
1101 1731 1185 1758 tunc
1204 1723 1241 1755 in

257 1781 318 1813 illa
350 1786 489 1812 aeterna
527 1778 703 1810 academia
744 1776 1061 1815 considerabimus,
1103 1787 1181 1808 cum
1211 1780 1243 1806 et

259 1831 373 1873 ipsum
399 1829 576 1872 opificem,
611 1835 642 1860 et
667 1827 705 1859 in
731 1827 814 1871 eius]
830 1833 946 1859 mente
968 1826 1082 1858 ideam
1115 1822 1243 1857 horum

262 1891 408 1923 operum
449 1878 677 1911 intuebimur.
738 1876 841 1910 Nunc
883 1877 914 1909 ei
952 1877 1245 1919 obtemperemus,

263 1939 491 1972 agnoscamus
505 1928 693 1960 discrimen
712 1927 804 1959 inter
825 1934 967 1960 naturas
997 1926 1246 1959 ratiocinantes

264 1989 298 2014 et
316 1991 389 2012 non
407 1978 673 2016 ratiocinantes,
702 1983 735 2009 et
751 1976 863 2009 Deum
880 1977 1094 2009 celebremus
1109 1977 1248 2019 sapien-

264 2031 334 2064 tiae
356 2030 508 2068 sontem,
534 2034 567 2060 et
590 2025 656 2059 hoe
687 2026 906 2059 domicilium
937 2026 1128 2070 sapientiae
1150 2038 1248 2058 reve-

267 2087 387 2114 renter
409 2085 589 2116 tueamur,
623 2083 793 2120 quantum
818 2088 1012 2119 possumus.
1073 2075 1178 2109 Plura
1208 2077 1250 2109 de

269 2129 336 2164 boc
353 2129 514 2162 mirando
534 2126 672 2171 opificio
691 2127 806 2158 dicere
825 2138 898 2159 non
915 2138 1067 2170 possum.

372 2187 551 2221 Vocabula
570 2186 739 2231 quaedam
759 2184 931 2224 recitabo,
960 2196 1111 2230 quorum
1134 2181 1191 2217 hic
1215 2183 1253 2217 fit

273 2239 418 2272 mentio.

374 2296 569 2330 Nominant
592 2307 726 2329 vermes
746 2295 917 2340 quaedam
939 2293 1042 2326 exilia
1065 2293 1256 2333 volumina,

276 2358 364 2392 quae
395 2347 567 2379 vermium
596 2347 745 2390 speciem
778 2346 953 2382 referunt,
988 2344 1211 2387 procedentia
1238 2356 1255 2376 a

278 2397 451 2430 cerebello
481 2408 600 2429 versus
634 2398 788 2429 medium
821 2394 1068 2428 ventriculum.
1121 2393 1192 2426 Nec
1214 2395 1257 2426 de

277 2459 345 2480 usn
370 2447 471 2490 plura
498 2447 736 2480 verisimiliter
767 2447 976 2484 traduntur,
1009 2457 1048 2477 ac
1073 2444 1259 2487 opiniones

279 2497 471 2530 multorum
489 2498 530 2529 de
546 2494 610 2529 hac
628 2503 724 2540 parte
742 2497 862 2529 volens
879 2495 1013 2529 omitto.

379 2551 509 2598 Xoossmj
536 2555 744 2587 infusorium
768 2567 827 2588 seu
850 2554 1136 2591 infundibulum,
1164 2553 1258 2596 quod

281 2617 423 2650 prorsus
445 2606 604 2638 imitatur
628 2605 792 2645 figuram,
829 2617 933 2649 quam
959 2616 1022 2637 nos
1049 2604 1098 2638 ein
1112 2603 1259 2647 {Eredfiet

463 111 673 148 SCRIPTA
701 110 775 144 PH.
804 105 920 142 MEL.
946 105 1014 141 AD
1040 104 1168 141 HIST.
1194 100 1338 138 PROF.
1365 99 1431 136 ET
1459 97 1649 135 PHILOS.
1676 96 1997 133 SPECTANTIA.

2192 95 2241 129 72

881 191 1069 226 Clauditur
1088 197 1204 224 autem
1254 187 1421 228 basilam,
1447 186 1494 219 ita
1519 187 1710 219 formatum
1733 195 1773 216 ex
1795 182 1852 227 pia
1875 190 1985 216 matre
2000 183 2160 225 cingente
2179 181 2241 213 ba-

1257 238 1312 270 sin
1331 238 1511 275 cerebelli,
1539 243 1578 270 ut
1603 234 1789 268 crassiores
1814 233 2070 276 superfluitates
2098 230 2244 270 cerebri,

1259 299 1346 332 quae
1368 288 1496 320 deiude
1520 288 1556 319 in
1580 292 1722 329 sputum
1752 290 1956 324 vertuntur,
1981 289 2041 316 aut
2066 295 2127 326 per
2142 291 2243 314 nares

1259 345 1514 377 excernuntur,
1541 336 1701 380 excipiat.

1364 395 1439 429 Sub
1462 394 1527 428 hoc
1546 391 1666 440 χοάιή
1688 399 1737 426 est
1763 392 1929 436 glandula
1952 391 2015 424 sita
2038 392 2076 423 in
2099 390 2247 423 cavitate

1263 446 1349 480 ossis
1373 446 1552 486 basilaris,
1579 456 1668 490 quae
1696 443 1903 476 nominatur
1925 438 2096 484 arieto„
2125 441 2160 473 id
2185 447 2247 478 est,

1264 496 1392 541 pelvis,
1417 496 1455 529 in
1479 508 1582 541 quam
1604 494 1800 528 effunditur
1819 493 2041 537 superfluitas
2058 504 2095 524 ex
2116 487 2247 535 χοάνῃ,

1265 560 1302 580 ac
1325 547 1452 590 partim
1477 557 1596 579 versus
1626 544 1800 589 palatum,
1834 544 1961 588 partim
1998 554 2117 576 versus
2148 551 2250 574 nares

1266 595 1438 631 evehitur.

1368 654 1536 689 Nominat
1554 652 1712 686 Galenus
1736 659 1935 686 contextum
1961 653 2136 697 quendam
2161 656 2252 683 arte—

1268 707 1403 741 riarum
1421 706 1512 738 intra
1531 715 1569 737 os
1588 703 1755 744 basilare,
1779 703 1991 736 substratum
2010 704 2075 736 toti
2099 702 2254 740 cerebr0‚

1270 756 1412 805 πλέγμα
1442 751 1680 794 ὃικτυοειδὲς,
1718 754 1812 798 quod
1844 760 2094 796 nuncuparunt
2119 751 2253 784 Arabes

1271 808 1360 842 Rete
1387 806 1557 840 mirabile.
1617 804 1686 837 Sed
1711 804 1749 836 in
1773 804 1886 848 capite
1908 802 2062 838 hominis
2079 801 2172 836 hunc
2198 801 2255 833 in-

1273 859 1406 902 signem
1425 863 1626 891 contextum
1644 861 1772 899 negant
1788 866 1870 891 esse.

1710 968 1828 1002 Oculi.

1378 1040 1620 1075 Dominantur
1651 1041 1744 1075 inter
1771 1053 1892 1075 sensus
1919 1039 2047 1081 Oculi,
2083 1050 2171 1084 quos
2204 1038 2261 1071 in-

1279 1093 1358 1139 quit
1379 1092 1480 1125 Plato
1508 1092 1693 1135 praecipue
1720 1093 1822 1125 nobis
1839 1093 1943 1125 duces
1961 1103 2033 1124 esse
2049 1092 2092 1124 ad
2110 1089 2262 1132 agnitio-

1279 1156 1360 1178 nem
1379 1142 1464 1183 Dei,
1493 1143 1670 1175 intuentes
1686 1140 1776 1175 hanc
1794 1140 2066 1186 pulcherrimam
2083 1140 2170 1174 coeli
2188 1151 2263 1172 ma-

1281 1192 1444 1233 chinam,
1473 1205 1512 1225 ac
1543 1200 1704 1226 notantes
1735 1200 1895 1226 motuum
1923 1192 2144 1231 varietatem,
2176 1201 2265 1234 quae

1282 1258 1354 1278 non
1371 1244 1439 1277 alio
1457 1255 1573 1283 sensu,
1600 1243 1669 1275 nisi
1687 1243 1873 1276 oculorum
1890 1240 2122 1275 animadverti
2143 1239 2267 1284 potuit.

1283 1294 1346 1329 Est
1361 1301 1394 1328 et
1410 1292 1476 1326 hoc
1496 1295 1618 1336 ingens
1635 1294 1841 1326 beneficium
1854 1317 1863 1331 ‚
1889 1292 1984 1334 quod
2001 1288 2067 1323 boc
2082 1301 2186 1323 sensu
2210 1290 2267 1323 lu-

1285 1358 1357 1379 cem
1374 1345 1613 1386 agnoscimus,
1641 1354 1729 1386 quae
1745 1348 1777 1374 et
1796 1341 1996 1374 mirandum
2014 1340 2081 1374 Dei
2103 1351 2191 1383 opus
2208 1347 2269 1380 est,

1285 1402 1318 1427 et
1351 1405 1512 1435 magnam
1541 1398 1687 1425 naturae
1720 1399 1854 1436 partem
1887 1392 2073 1435 praecipue
2103 1390 2269 1426 ostendit.

1286 1443 1333 1478 Et
1363 1443 1677 1488 praestantissimas
1704 1448 1848 1476 naturas
1879 1442 2013 1475 lucidas
2036 1452 2109 1474 esse
2135 1448 2270 1474 certum

1288 1502 1358 1535 est,
1383 1493 1519 1531 Deum,
1546 1493 1706 1536 angelos,
1733 1493 1885 1531 animas,
1912 1499 1945 1526 et
1968 1493 2005 1524 in
2030 1503 2175 1536 corpore
2199 1491 2270 1535 spi-

1288 1546 1376 1579 ritus
1394 1544 1517 1577 vitales
1536 1551 1569 1577 et
1586 1543 1765 1578 animales.

1392 1594 1591 1627 Fabricatio
1615 1600 1732 1627 autem
1761 1593 1809 1626 sic
1839 1592 2061 1626 describitur.
2114 1591 2272 1625 Tunicae

1292 1645 1385 1679 oculi
1406 1645 1562 1689 quinque
1584 1651 1684 1683 sunt,
1712 1650 1744 1677 et
1762 1650 1830 1676 tres
1851 1640 2027 1676 humores.
2079 1640 2156 1675 Etsi
2179 1642 2274 1675 enim

1293 1695 1440 1730 artifices
1462 1695 1602 1727 tenuius
1628 1694 1801 1727 dissecant
1822 1694 1977 1734 tunicas,
2011 1699 2043 1726 et
2067 1693 2184 1736 plures
2207 1704 2275 1726 nu-

1294 1751 1450 1785 merant,
1475 1751 1593 1777 tamen
1618 1744 1652 1777 id
1675 1757 1715 1777 eo
1733 1744 1790 1783 fit,
1818 1743 1900 1788 quia
1917 1744 2053 1777 easdem
2071 1743 2276 1777 discernunt

1296 1797 1400 1837 locis,
1426 1795 1593 1828 anteriori
1611 1801 1645 1828 et
1661 1794 1858 1838 posteriori.

1397 1845 1515 1878 Prima
1546 1845 1753 1878 nominatur
1781 1843 2035 1882 Coniunctiva,
2078 1854 2137 1875 seu
2179 1841 2279 1883 alba,

1299 1909 1359 1931 seu
1376 1893 1588 1936 adhaerens,
1615 1896 1696 1939 quia
1715 1895 1855 1927 oculum
1872 1893 1975 1937 capiti
1995 1892 2195 1935 coniungit,
2220 1904 2280 1925 or-

1300 1956 1333 1982 ta
1350 1960 1368 1980 a
1386 1946 1576 1990 panniculo
1594 1952 1729 1987 tegente
1749 1955 1825 1977 ossa
1839 1943 1984 1983 frontis,
2009 1950 2042 1977 et
2067 1944 2111 1976 ab
2132 1943 2280 1976 interio-

1301 2010 1338 2031 re
1370 1996 1533 2041 pellicula
1560 1995 1818 2039 palpebrarum.
1875 1993 1969 2027 Haec
1998 1994 2107 2026 ambit
2139 1993 2279 2026 oculum

1302 2060 1412 2092 usque
1428 2048 1471 2079 ad
1489 2046 1658 2078 circulum
1674 2057 1830 2078 corneae.

1406 2097 1568 2131 Secunda
1595 2096 1801 2129 nominatur
1827 2094 1922 2128 Dura
1949 2106 2008 2127 seu
2031 2105 2173 2133 cornea,
2199 2093 2282 2138 quia

1305 2148 1479 2182 anteriore
1503 2154 1600 2191 parte
1626 2147 1783 2180 imitatur
1817 2146 1965 2178 laminas
1990 2144 2201 2189 pellucidas,
2242 2155 2283 2176 ex

1307 2211 1415 2232 cornu
1438 2199 1563 2236 factas,
1597 2198 1712 2231 calore
1738 2204 1771 2230 et
1790 2196 1963 2229 firmitate.
2016 2192 2143 2227 Oritur
2159 2206 2177 2227 a
2196 2194 2285 2227 dura

1307 2249 1480 2291 meninge.
1532 2249 1574 2282 In
1598 2248 1773 2281 anteriore
1803 2253 1899 2290 parte
1925 2252 1974 2278 est
1997 2245 2190 2289 perspicua.
2241 2242 2285 2276 ln

1309 2300 1501 2343 posteriore
1538 2311 1617 2333 cum
1655 2298 1700 2331 sit
1734 2309 1840 2341 opaca
1881 2303 1915 2330 et
1954 2296 2096 2336 durior,
2141 2299 2286 2328 vocatur

1310 2348 1459 2395 σκληρὰ.

1412 2400 1533 2434 Tertia
1558 2407 1607 2433 est
1622 2399 1717 2433 Uvea
1737 2397 1900 2441 contigua
1924 2398 2031 2430 (lurae
2049 2396 2205 2435 tunicae,
2231 2394 2288 2427 di-

1311 2457 1362 2484 cta
1390 2448 1598 2497 ῥαγοειδῇς,
1635 2450 1749 2483 oritur
1780 2461 1799 2481 a
1827 2448 1924 2481 tenni
1958 2447 2119 2488 meninge
2152 2452 2288 2488 tegente

1310 2513 1458 2534 nervum
1485 2501 1652 2544 opticum.
1714 2498 1754 2532 In
1779 2497 1882 2532 huius
1907 2509 2013 2531 uveae
2030 2497 2168 2530 tunicae
2189 2502 2289 2529 ante-

1312 2552 1404 2583 riore
1427 2557 1523 2595 parte
1544 2551 1702 2583 foramen
1725 2556 1793 2590 est,
1815 2550 1909 2594 quod
1929 2547 2132 2580 nominatur
2155 2545 2290 2589 pupilla

1313 2601 1424 2639 oculi,
1452 2613 1521 2645 quo
1538 2601 1757 2644 recipiuntur
1771 2599 1900 2643 species
1915 2597 2082 2630 visibiles.
2133 2595 2221 2630 Eius
2236 2596 2290 2628 so-

280 2656 523 2696 nominamus,
557 2662 606 2688 est
630 2656 693 2688 sub
720 2655 835 2688 medio
859 2655 1052 2689 ventriculo
1080 2666 1198 2688 versus
1221 2665 1260 2687 os
1283 2667 1288 2691 j
1313 2652 1457 2685 raminis
1474 2651 1624 2685 ambitus
1651 2651 1854 2684 nominatur
1869 2648 1949 2689 iris,
1974 2654 2117 2692 propter
2132 2647 2290 2679 colorum
