2379 2948
151 119 224 153 247

258 200 395 236 Omitto
421 209 534 235 autem
560 210 694 233 menses
718 196 849 229 solares
872 203 905 229 et
929 196 1067 235 civiles,
1103 202 1136 229 et

155 260 290 286 tantum
310 254 351 285 de
367 253 550 285 lunaribus
567 250 686 282 dicam.
730 246 811 280 Ideo
831 247 925 280 enim
945 247 1134 279 discrimen

155 304 345 336 tenendum
365 310 430 342 est,
459 302 539 346 quia
558 298 744 342 scriptores
759 298 844 331 alias
867 299 909 331 de
932 297 1011 330 aliis
1035 309 1135 329 men-
1160 310 1161 315 ¹

154 354 250 387 sibus
268 355 472 397 loquuntur.

259 404 403 446 Triplex
421 402 527 444 igitur
543 407 593 433 est
616 399 751 433 lunaris
775 398 904 431 mensis
919 394 1133 444 περιοδικός,

155 455 282 487 dicitur
299 454 402 495 vulgo
424 450 554 484 mensis
578 450 850 494 peragrationis,
878 456 998 494 estque
1024 449 1133 481 inter-

155 505 284 537 vallum
297 528 305 541 ‚
335 515 403 547 quo
418 502 520 535 Luna
537 502 579 534 ad
596 501 685 534 illud
708 508 875 544 punctum
897 499 1055 541 signiferi
1080 511 1134 531 re-

153 555 223 593 dit,
258 555 353 586 unde
376 553 529 596 digressa
556 558 606 585 est
628 552 664 583 in
689 551 847 595 proxima
873 550 1134 583 coniunctione.

152 604 218 637 Hic
235 604 400 637 circuitus
417 610 465 636 est
483 604 619 635 dierum
640 601 699 642 27,
728 599 895 634 horarum
916 601 949 640 7,
976 600 1134 632 minuto-

153 667 231 688 rum
250 654 297 687 43
310 682 317 694 ‚
339 655 574 687 secundorum
593 652 625 685 7.

253 701 479 745 Συνοδικός,
506 703 763 737 consecutionis
780 713 839 735 seu
865 701 1134 734 coniunctiona-

152 757 205 796 lis,
234 762 282 789 est
299 756 536 795 intervallum,
556 767 624 799 quo
641 754 742 787 Luna
760 765 833 786 non
847 753 961 785 solum
980 753 1022 784 ad
1041 752 1133 783 idem

152 813 323 850 punctum
350 807 459 846 redit,
494 807 588 838 unde
612 805 834 844 discesserat,
868 803 927 835 sed
952 803 994 835 ad
1018 802 1132 846 ipsum

153 857 291 897 Solem,
323 857 384 901 qui
419 857 550 890 interea
576 856 715 898 longius
738 864 960 898 progressus,
994 853 1134 886 recessit

151 920 170 940 a
188 909 263 940 loco
282 908 458 950 proximae
480 906 751 945 coniunctionis,
778 905 835 937 sed
855 903 957 936 Luna
975 915 1053 936 eum
1072 905 1133 935 ad-

150 958 308 1003 sequitur
329 970 347 991 a
364 958 430 990 fine
450 957 577 990 mensis
596 955 784 1000 periodici,
812 954 928 998 spacio
953 954 1133 998 aliquanto

149 1009 282 1042 maiore
301 1020 405 1053 quam
422 1008 534 1042 bidui.
587 1005 651 1040 Est
665 1014 780 1040 autem
796 1005 926 1037 mensis
943 1005 1133 1049 synodicus

149 1060 305 1097 medius,
334 1059 472 1091 dierum
490 1058 550 1098 29,
569 1055 736 1090 horarum
760 1057 819 1095 12,
836 1055 1056 1088 minutorum
1072 1054 1134 1094 44,

148 1111 380 1144 secundorum
399 1109 432 1142 3.

250 1159 385 1192 Mensis
402 1158 674 1191 illuminationis
694 1164 743 1191 est
765 1155 992 1189 intervallum
1015 1167 1033 1188 a
1059 1155 1132 1199 pri-

149 1222 207 1243 mo
232 1217 421 1253 conspectu
446 1210 619 1242 nascentis
633 1208 757 1242 Lunae
780 1219 889 1252 usque
906 1207 949 1239 ad
966 1206 1131 1239 ultimum

148 1261 240 1294 diem
261 1261 506 1300 evanescentis,
535 1261 628 1305 quod
647 1260 750 1303 vulgo
767 1258 890 1290 dicunt
905 1268 977 1290 esse
993 1257 1131 1290 dierum

146 1312 207 1352 28,
231 1312 326 1356 quod
351 1318 466 1344 tamen
489 1323 562 1343 non
592 1317 641 1343 est
664 1317 890 1354 perpetuum,
925 1308 1007 1352 quia
1028 1306 1131 1340 Luna

148 1362 234 1394 alias
250 1361 402 1399 tardius,
430 1360 515 1392 alias
532 1362 634 1391 citius
649 1370 684 1391 se
701 1360 804 1391 nobis
821 1359 986 1389 ostendit.
1015 1357 1131 1387 luten

148 1413 230 1445 dum
249 1411 357 1444 altero
375 1410 430 1443 die
451 1416 525 1453 post
542 1409 839 1445 coniunctionem,
866 1407 1044 1438 interdum
1061 1412 1131 1438 ter-

149 1463 217 1502 tio,
244 1462 420 1494 interdum
440 1467 564 1505 quarto
586 1460 642 1492 die
664 1459 793 1503 prodit.
846 1455 893 1489 Et
916 1467 1036 1489 causae
1064 1453 1131 1488 hu-

149 1514 204 1546 ius
218 1511 394 1545 varietatis
415 1509 479 1543 hae
498 1517 592 1543 sunt.
647 1510 729 1543 Sole
745 1510 812 1542 iter
827 1507 976 1540 faciente
991 1507 1034 1539 ab
1061 1506 1131 1538 ini-

149 1564 197 1597 tio
208 1562 417 1606 Capricorni
433 1563 476 1594 ad
493 1562 596 1593 finem
609 1559 857 1596 Geminorum,
874 1557 975 1590 Luna
993 1564 1132 1601 septen-

148 1614 360 1648 trionaIIbus
378 1612 578 1645 climatibus
597 1612 698 1644 citius
715 1612 879 1655 adparet,
907 1615 1050 1652 propter
1073 1609 1131 1641 zo-

149 1664 239 1697 diaci
257 1671 289 1697 et
306 1661 500 1696 horizontis
517 1662 761 1706 obliquitatem
788 1668 820 1694 et
844 1659 987 1692 illorum
1013 1659 1131 1702 signo-

146 1727 223 1748 rum
241 1721 374 1747 rectum
391 1715 604 1746 descensum.

250 1764 317 1798 Sed
341 1762 408 1797 hoc
432 1764 546 1808 ipsum
571 1763 727 1796 variatur
754 1766 899 1804 propter
929 1760 1014 1793 alias
1045 1761 1131 1793 duas

147 1827 266 1850 causas
282 1816 376 1848 varie
393 1821 657 1853 concurrentes,
685 1811 787 1845 citius
809 1811 927 1854 prodit
948 1812 984 1843 in
1008 1811 1130 1845 latitu-

147 1867 231 1899 dine
250 1865 535 1909 septentrionali,
561 1877 666 1909 quam
684 1862 899 1903 meridiana,
926 1862 1028 1895 citius
1046 1862 1130 1894 item

147 1917 264 1961 prodit
292 1917 432 1961 quando
460 1922 509 1948 est
534 1915 635 1947 velox
660 1919 770 1953 motu,
795 1925 900 1957 quam
918 1914 1059 1957 quando
1081 1919 1130 1946 est

149 1968 257 2000 tarda.

249 2015 312 2050 Est
333 2024 448 2050 autem
472 2023 588 2048 motus
616 2015 765 2048 diurnus
791 2012 913 2046 Lunae
937 2026 1048 2046 novae
1070 2021 1131 2047 aut

150 2070 271 2112 plenae
291 2068 379 2100 circa
399 2068 564 2111 perigeon
583 2066 727 2110 epicycli
745 2065 915 2107 graduum
931 2064 988 2103 14,
1009 2065 1129 2097 minu-

150 2128 265 2153 torum
291 2118 350 2151 24.
410 2117 458 2151 At
484 2118 574 2150 circa
596 2128 752 2160 apogeon
780 2114 926 2159 epicycli
957 2116 1128 2157 graduum

151 2171 211 2210 12,
244 2170 463 2202 minutorum
489 2168 521 2200 8.
576 2166 672 2200 Haec
695 2166 838 2200 tarditas
862 2165 995 2198 diutius
1017 2172 1131 2210 potest
1155 2159 1156 2194 Ῐ

147 2221 319 2254 occultare
336 2219 488 2254 Lunam.

248 2270 316 2303 Hic
333 2271 436 2303 etiam
455 2279 577 2302 causae
596 2274 815 2312 quaeruntur
830 2266 1043 2301 diversitatis
1067 2278 1128 2310 ap·
1154 2260 1155 2299 i

148 2322 386 2366 parentiarum
406 2328 439 2354 et
456 2321 659 2364 figurarum.

248 2370 324 2404 Etsi
358 2383 492 2415 semper
524 2369 691 2402 dimidius
716 2368 839 2411 globus
861 2368 984 2401 Lunae
1005 2380 1024 2401 a
1046 2366 1128 2401 Sole
1152 2361 1155 2375 ¹

148 2422 388 2461 illuminatur,
415 2429 530 2455 tamen
552 2432 624 2453 non
640 2431 776 2462 semper
794 2426 865 2452 tota
890 2431 968 2463 pars
993 2419 1128 2451 illumi-
1153 2407 1154 2446 l

146 2479 229 2505 nata
257 2472 489 2514 conspicitur,
529 2472 588 2503 sed
618 2483 657 2503 ea
687 2476 845 2509 tantum,
880 2482 969 2515 quae
999 2470 1128 2502 nostris
1153 2458 1154 2495 Ῐ

148 2523 258 2556 oculis
273 2522 418 2554 obversa
436 2528 496 2556 est.
540 2520 629 2553 Nam
645 2521 683 2553 in
699 2521 774 2564 ipsa
790 2521 1038 2555 coniunctione
1055 2532 1127 2553 non
1152 2501 1154 2550 l

149 2572 353 2607 intercurrit
367 2579 484 2605 noster
500 2571 607 2611 visus,
629 2583 688 2605 seu
707 2572 799 2604 oculi
817 2572 937 2605 radius
952 2572 1045 2605 inter
1060 2570 1128 2605 So-
1151 2556 1154 2625 l

147 2624 216 2657 lem
236 2630 270 2657 et
284 2622 433 2657 Lunam.
478 2621 581 2654 Tunc
605 2621 711 2664 igitur
729 2634 801 2655 non
817 2623 1031 2667 conspicitur
1046 2634 1126 2666 pars
1150 2632 1153 2671 Δ1

146 2674 355 2708 illuminata.
410 2672 479 2707 Sed
504 2672 671 2716 paulatim
696 2684 774 2706 cum
792 2673 893 2708 Luna
909 2686 927 2707 a
946 2673 1029 2708 Sole
1052 2673 1125 2707 dis·
1150 2675 1154 2716 Ι

391 114 599 151 SCRIPTA
626 114 701 148 PH.
729 110 843 146 MEL.
869 109 936 145 AD
965 109 1091 147 HIST.
1119 108 1261 147 PROF.
1288 110 1353 146 ET
1381 109 1572 148 PHILOS.
1600 110 1918 148 SPECTANTIA.

1155 1999 1157 2007 Α
1184 1971 1370 2008 conspectu
1397 1964 1579 2007 eclipsium
1611 1962 1773 1996 homines
1804 1963 1892 1995 moti
1920 1969 2013 1998 sunt.

1155 2020 1156 2023 ’
1184 2027 1262 2047 cum
1288 2015 1365 2047 aliis
1389 2015 1498 2048 stellis
1521 2027 1593 2047 non
1618 2014 1751 2047 accidat
1774 2013 1852 2046 talis
1874 2013 2001 2055 caligo,
2027 2019 2164 2047 tantum

1155 2061 1156 2064 ¹
1183 2063 1268 2098 haec
1283 2065 1466 2108 praecipua
1484 2065 1618 2098 lumina
1636 2064 1892 2097 obscurantur?
1931 2063 2005 2097 Cur
2023 2070 2092 2097 tam
2112 2071 2163 2098 te-

1155 2122 1156 2129 *
1183 2123 1271 2149 tram
1296 2122 1328 2148 et
1353 2113 1561 2149 horribilem
1587 2115 1800 2158 ferruginem
1827 2115 1930 2147 terris
1952 2115 2166 2148 ostendunt?

2095 111 2170 150 248

1187 199 1305 239 cessit,
1333 197 1538 231 intercurrit
1554 203 1672 230 noster
1690 197 1784 230 visus
1802 197 1895 231 inter
1912 197 2030 232 Solem
2046 206 2079 233 et
2095 197 2170 233 Lu-

1187 261 1251 282 nae
1275 256 1409 293 partem
1434 249 1614 282 obversam
1640 247 1734 285 Soli,
1769 254 1801 280 et
1828 260 1896 292 quo
1921 249 2061 292 longius
2086 261 2169 293 pro-

1187 300 1344 342 greditur
1373 299 1493 339 Luna,
1534 311 1573 331 eo
1609 299 1777 331 maiorem
1810 305 1943 342 partem
1975 300 2169 333 illuminati

1187 350 1293 393 spacii
1317 348 1548 394 apprehendit
1573 356 1692 383 noster
1717 349 1851 384 oculus.
1902 347 1996 382 Hinc
2021 350 2170 384 diversi-

1187 407 1238 433 tas
1255 408 1304 433 est
1321 400 1616 443 apparentiarum.

1290 450 1440 484 Videtur
1463 458 1579 484 autem
1609 450 1840 491 corniculata,
1875 450 1957 495 quia
1985 449 2086 483 Luna
2120 456 2171 483 est

1188 512 1314 544 corpus
1334 499 1576 543 sphaericum,
1603 502 1639 534 fit
1662 502 1769 544 igitur
1791 513 1984 534 convexum
2012 500 2170 539 luminis,

1187 563 1309 584 arcus..
1355 550 1402 584 Et
1427 552 1508 596 quia
1536 559 1655 584 noster
1678 552 1800 585 oculus
1825 564 1864 584 ex
1882 552 2028 597 obliquo
2047 551 2170 595 aspicit

1187 602 1334 641 lineam,
1361 614 1449 645 quae
1471 602 1597 634 dividit
1617 602 1852 635 illuminatam
1873 609 2005 645 partem
2024 602 2068 635 ab
2084 614 2171 646 opa-

1188 665 1225 684 ca
1239 679 1247 692 ,
1276 652 1415 684 videtur
1432 649 1515 684 haec
1532 652 1625 684 linea
1642 653 1802 685 recedere
1819 654 1861 685 ad
1881 664 2068 686 convexam
2087 664 2171 696 pro-

1188 709 1265 746 pter
1280 702 1416 745 globosi
1434 703 1591 746 corporis
1614 703 1772 745 figuram.
1828 702 1885 737 Fit
1907 704 2015 746 igitur
2040 703 2171 748 species

1187 754 1339 798 primum
1356 753 1582 788 corniculata.

1286 802 1422 836 Deinde
1447 816 1529 836 vero
1547 810 1625 847 post
1643 802 1790 847 primam
1808 810 1966 847 quartam
1979 831 1987 844 ‚
2014 804 2095 849 quia
2115 815 2171 836 re-

1188 860 1240 886 cta
1265 855 1450 897 aspicimus
1477 855 1628 893 lineam,
1670 866 1758 898 quae
1781 854 1909 887 dividit
1935 854 2171 887 illuminatam

1187 910 1320 947 partem
1340 906 1383 938 ab
1402 917 1507 948 opaca
1520 932 1528 946 ,
1555 905 1695 937 videtur
1719 904 1817 949 quasi
1834 905 1941 937 secari
1957 916 2083 948 corpus
2098 903 2172 938 Lu-

1187 967 1265 987 nae.
1320 954 1400 988 Ideo
1427 963 1509 989 tunc
1534 968 1607 988 non
1634 955 1868 994 corniculata,
1895 956 1954 988 sed
1977 951 2172 1000 διχότομος

1187 1005 1413 1049 conspicitur.

1288 1054 1448 1101 Cumque
1466 1068 1546 1101 pars
1564 1057 1709 1090 obversa
1726 1055 1800 1090 Soli
1825 1056 2065 1097 illuminetur,
2091 1067 2172 1089 ver-

1187 1106 1228 1140 tit
1246 1118 1346 1139 arcus
1363 1119 1493 1140 cornua
1512 1119 1529 1140 a
1545 1107 1627 1140 Sole
1642 1118 1762 1140 versus
1779 1107 1963 1148 orientem,
1981 1106 2171 1140 cumLuna

1186 1169 1204 1189 a
1223 1157 1472 1191 coniunctione
1495 1158 1635 1191 recedit.
1688 1156 1843 1190 Econtra
1873 1170 1956 1191 vero
1982 1157 2090 1190 simili
2111 1169 2171 1190 ra-

1185 1208 1282 1241 tione
1306 1220 1437 1241 cornua
1461 1209 1505 1242 ad
1529 1220 1689 1242 occasum
1708 1208 1814 1242 vertit
1839 1209 2006 1242 accedens
2025 1209 2068 1242 ad
2085 1219 2170 1245 con-,-

1185 1258 1414 1293 iunctionem.

1526 1346 1585 1376 De
1612 1341 1830 1386 Eclipsibus.

1288 1406 1484 1441 Multarum
1509 1420 1627 1441 rerum
1660 1407 1893 1440 admiratione
1923 1414 1955 1441 et
1984 1409 2169 1443 manifesta

1185 1456 1337 1491 utilitate
1358 1466 1471 1492 motae
1497 1466 1578 1492 sunt
1601 1456 1775 1491 humanae
1791 1464 1946 1498 mentes,
1973 1465 2011 1491 ut
2029 1460 2168 1493 coelum

1185 1508 1390 1551 diligentius
1412 1511 1625 1553 aspicerent,
1653 1516 1687 1543 et
1703 1510 1746 1541 de
1773 1515 1887 1541 mente
1910 1506 2170 1543 architectatri-

1185 1571 1240 1599 ce,
1264 1566 1296 1592 et
1312 1560 1555 1602 gubernatrice
1583 1567 1728 1593 naturae
1752 1556 1937 1592 hominum
1961 1560 2166 1602 cogitarent.

1184 1607 1380 1643 Iucundum
1399 1611 1464 1644 fuit
1487 1612 1605 1644 videre
1629 1611 1774 1653 figuram
1800 1616 1832 1642 et
1856 1610 2017 1642 ordinem
2041 1623 2168 1654 corpo-

1184 1672 1283 1700 rum,
1312 1668 1343 1694 et
1363 1662 1489 1694 deinde
1505 1669 1614 1695 certas
1637 1668 1797 1694 motuum
1822 1660 1934 1702 leges,
1967 1668 2000 1694 et
2026 1661 2168 1705 conspi-

1185 1711 1275 1743 citur
1291 1711 1435 1746 utilitas.
1488 1711 1577 1745 Nam
1598 1713 1640 1744 ad
1659 1711 1861 1754 accipienda
1878 1718 1909 1744 et
1935 1712 2087 1745 fovenda
2112 1723 2168 1745 se-

1185 1761 1300 1802 mina,
1327 1768 1358 1794 et
1382 1763 1610 1795 maturanslas
1634 1762 1770 1804 fruges,
1802 1762 2006 1795 conducunt
2032 1759 2167 1807 hyemis

1184 1819 1215 1844 et
1234 1812 1373 1845 aestatis
1391 1813 1491 1847 vices.
1545 1812 1726 1846 Praeterea
1743 1811 1829 1844 utile
1846 1817 1895 1845 est
1914 1809 2087 1845 humanae
2113 1812 2166 1844 vi-

1184 1869 1237 1896 tae
1256 1869 1373 1895 tenere
1390 1875 1565 1896 annorum
1580 1870 1687 1896 metas
1704 1870 1736 1896 et
1754 1862 1889 1896 seriem.

1285 1913 1354 1946 Sed
1374 1914 1467 1946 inter
1482 1914 1549 1946 alia
1575 1913 1743 1946 miracula
1770 1912 1859 1945 coeli
1888 1912 2039 1945 multum
2061 1913 2164 1946 etiam

2081 1962 2165 2004 Cur,

1182 2165 1317 2199 Nocent
1335 2178 1377 2199 ne
1396 2166 1516 2207 terris,
1541 2167 1646 2199 rebus
1668 2165 1891 2198 nascentibus
1915 2171 1947 2198 et
1972 2165 2164 2199 animanti-

1183 2218 1248 2250 bus
1264 2215 1299 2250 hi
1318 2218 1472 2251 defectus
1498 2217 1650 2250 siderum
1665 2244 1673 2257 ‚
1701 2216 1783 2261 quia
1802 2216 1933 2249 interea
1951 2216 2045 2258 luce,
2073 2228 2163 2261 quae

1181 2269 1330 2301 calorem
1348 2275 1381 2301 et
1396 2266 1579 2301 humorem
1599 2268 1636 2300 in
1654 2267 1880 2300 inferioribus
1895 2267 2007 2307 fovet,
2033 2275 2163 2308 carent,

1181 2330 1227 2352 an
1253 2331 1334 2351 vero
1367 2319 1511 2351 timidae
1535 2325 1680 2352 naturae
1706 2319 1834 2351 frustra
1856 2315 1941 2350 haec
1967 2317 2161 2361 spectacula

1180 2369 1369 2402 metuunt?

1282 2418 1356 2452 Hae
1373 2420 1594 2464 quaestiones
1611 2430 1730 2453 curam
1748 2417 2044 2462 investigationis,
2071 2430 2161 2463 quo—

1180 2472 1285 2503 modo
1306 2477 1340 2503 et
1366 2472 1507 2514 quando
1534 2472 1619 2505 fiant
1643 2470 1804 2512 eclipses,
1838 2476 1871 2503 et
1892 2469 1979 2512 quid
2004 2468 2059 2501 vel
2084 2469 2159 2502 effi-

1180 2522 1291 2560 ciant,
1317 2521 1372 2553 vel
1390 2521 1604 2564 significent,
1632 2520 1840 2554 excitarunt.

1279 2569 1356 2604 Etsi
1380 2579 1494 2605 autem
1520 2585 1615 2605 nunc
1637 2573 1678 2605 de
1699 2571 1878 2604 effectibus
1899 2581 1960 2603 seu
1984 2569 2157 2614 significa-

1178 2622 1334 2656 tionibus
1352 2635 1424 2655 non
1441 2623 1575 2664 dicam,
1603 2630 1718 2656 tamen
1740 2621 1900 2653 omnium
1920 2627 2073 2654 aetatum
2097 2632 2156 2654 ex-

1178 2674 1292 2717 empla
1318 2679 1507 2716 testantur,
1534 2684 1674 2717 magnas
1699 2672 1911 2705 mutationes
1935 2682 2072 2712 rerum,
2098 2682 2155 2704 ae-
