2379 2948
229 105 321 143 1299

226 190 344 224 multis
362 187 475 221 modis
493 198 527 220 se
545 183 698 218 ostendit
712 182 864 220 mundo,
893 187 924 214 et
953 179 1111 224 patefecit
1140 190 1203 210 vo-

228 243 396 275 luntatem
415 250 521 272 suam.

330 289 410 323 Ideo
434 287 490 321 hie
514 287 672 320 l'salmus
697 284 760 318 ait:
795 283 980 317 scrutanda
1008 292 1080 314 esse
1102 290 1205 323 opera
1231 307 1233 316 ,

228 339 406 378 Domini,
441 340 532 371 iuxta
559 337 675 370 omnia
701 333 945 368 desiderabilia
969 344 1049 372 sua,
1084 331 1117 364 id
1148 336 1207 369 est,

229 392 441 439 ‹piercndam
464 400 534 421 esse
555 389 589 420 in
610 387 678 420 illis
696 384 786 419 lianc
804 385 1048 417 admirandam
1069 381 1207 426 sapien-

230 446 330 483 tiam,
359 441 572 485 agnitionem
592 437 672 478 Dei,
700 436 933 470 eruditionem
951 442 981 467 et
998 432 1209 467 consolatio-

232 506 309 527 nem
327 499 492 525 nostram.
544 489 624 522 *Non
644 488 736 521 enim
756 487 838 520 alibi
854 486 1057 531 sapientiam
1077 482 1141 516 Dei
1161 483 1207 515 ita
1234 479 1236 518 l

232 547 338 583 lucet,
368 544 455 575 sicut
482 543 517 574 in
544 539 597 573 liis
623 540 720 573 sactis
745 546 777 572 et
803 538 838 570 in
866 535 932 570 lioc
957 536 1085 574 verbo,
1113 533 1207 577 quod

232 595 360 640 populo
388 593 492 626 lsrael
520 591 676 625 tradidit.
738 588 1006 622 Meminerimus
1037 596 1116 628 ergo
1145 585 1210 616 hoc
1236 602 1237 615 t

230 652 471 691 praeceptum,
506 649 544 676 ut
569 654 673 686 opera
697 640 760 674 Dei
791 640 836 673 ita
862 639 1138 676 consideremus,
1173 641 1212 668 ut
1237 638 1238 652 ³

232 697 386 739 exempla
405 706 468 727 nos
490 699 672 732 moveant,
699 692 786 724 sicut
811 702 910 734 saepe
934 689 1017 721 alias
1041 685 1212 731 praecipi-
1238 708 1239 725 1

233 756 299 782 tur.
355 745 401 779 L‘t
419 745 578 778 psalmus
597 744 671 778 78.2
699 741 877 775 Attendite
897 739 1023 784 popule
1042 749 1140 770 mens
1165 737 1213 768 le-

234 811 307 841 gem
329 809 452 834 meam,
482 795 563 827 Filii
584 795 642 839 qui
662 799 848 825 nascentur
866 791 1061 824 narrabunt
1078 800 1114 821 ea
1130 786 1213 820 filiis

234 850 321 887 suis,
357 855 393 880 ut
420 852 551 890 ponant
575 846 610 876 in
638 843 712 877 Deo
740 854 834 886 spem
862 854 958 875 suam
984 848 1016 874 et
1034 851 1106 872 non
1124 838 1216 872 ohli-

236 900 413 932 visrantur
433 908 577 940 operum
595 895 674 928 Dei.

263 1008 324 1044 ΙΙΙ.
367 1009 570 1041 Gloriosum
601 1009 634 1038 e!
660 1001 899 1049 =1nc19nificmn
927 1005 985 1034 est
1008 1010 1098 1043 opus
1123 1000 1217 1040 eius,

338 1064 409 1094 e‘c.

338 1147 479 1192 Repetit
509 1145 725 1189 superiorem
761 1142 989 1181 sententiam,
1030 1140 1125 1185 quod
1159 1139 1216 1171 illa

237 1200 390 1244 ingentia
418 1199 505 1231 sacta
529 1196 594 1230 Dei
620 1197 655 1228 in
682 1195 836 1228 victoriis
868 1192 990 1236 populi
1014 1191 1122 1225 Israel
1148 1190 1219 1223 sint
1243 1206 1244 1209 =

237 1263 317 1286 vere
340 1249 509 1293 gloriosa,
538 1254 569 1280 et
599 1252 764 1290 superent
788 1244 947 1277 omnium
970 1253 1090 1285 regum
1115 1247 1218 1285 atque

237 1306 486 1346 imperatorum
507 1309 561 1331 res
576 1304 686 1340 gestas
703 1302 734 1328 et
750 1292 961 1339 triumphos.
1004 1292 1049 1326 Et
1065 1290 1131 1325 hoc
1146 1292 1218 1325 dis-

238 1354 368 1387 crimen
385 1350 663 1384 animadvertcre
679 1347 765 1380 utile
789 1353 848 1379 est.
901 1343 1113 1381 Alexandri,
1142 1342 1219 1376 Sci-

240 1404 355 1448 pionis
377 1409 409 1435 et
433 1400 601 1434 similium
628 1410 702 1438 res,
733 1398 808 1430 sine
833 1407 992 1439 expresso
1016 1393 1084 1426 Dei
1108 1394 1217 1426 verbo

239 1460 421 1498 geruntur.
480 1450 525 1483 Et
550 1460 751 1494 quanquam
774 1446 870 1480 Deus
896 1446 932 1478 in
958 1445 1029 1477 illis
1050 1443 1217 1487 exemplis

240 1506 343 1538 etiam
371 1501 524 1537 ostendit
551 1511 585 1532 se
611 1499 737 1543 punire
761 1497 956 1538 mundum,
992 1503 1108 1529 tamen
1140 1506 1217 1526 ver-

239 1557 324 1589 bum
343 1563 540 1597 expressum
559 1562 630 1583 non
649 1549 790 1582 accedit.
844 1545 890 1580 Et
905 1553 997 1580 certe
1012 1547 1158 1578 verbnm
1177 1546 1218 1577 de

240 1603 479 1639 misericordia
508 1613 580 1634 non
606 1600 765 1639 additur,
791 1598 971 1635 videlicet,
1005 1597 1098 1641 quod
1124 1594 1218 1628 Deus
1243 1599 1245 1633 ξ

241 1657 324 1689 velit
350 1654 524 1688 remittere
548 1657 703 1696 peccata,
737 1649 919 1686 exaudire,
956 1658 1093 1680 servare
1117 1646 1219 1678 adfli-

240 1715 331 1747 ctos,
362 1717 425 1739 nec
454 1704 597 1738 additur
621 1700 805 1745 promissio
831 1700 873 1731 de
898 1698 1138 1731 conservando
1165 1709 1219 1729 re-

241 1771 308 1801 gno
328 1758 476 1790 incoato.
530 1753 581 1786 Ne
597 1758 723 1795 gerunt
739 1750 941 1784 Alexander
954 1756 987 1782 et
1004 1748 1122 1791 Scipio
1141 1759 1219 1780 suas

242 1821 294 1842 res
312 1808 395 1841 iussi
413 1817 572 1848 expresso
591 1803 698 1836 verbo
717 1801 793 1835 Dei.
847 1800 927 1833 Non
947 1807 1028 1833 sunt
1044 1799 1152 1841 igitur
1171 1799 1218 1830 ibi

243 1858 397 1902 exempla
421 1854 699 1893 misericordiae,
723 1853 805 1885 item
829 1852 872 1884 de
897 1850 1121 1883 invocatione
1143 1848 1219 1887 Dei,

243 1912 284 1943 de
309 1909 400 1942 veris
425 1907 588 1940 cultibuS.
642 1903 702 1937 Est
728 1903 834 1945 igitur
859 1902 995 1935 infinita
1022 1900 1219 1933 differentia

819 94 941 131 PHlL.
971 92 1085 128 MEL.
1112 90 1319 127 SCRIPTA
1346 87 1642 125 EXEGETICA.

243 1963 334 1993 inter
361 1958 422 1991 lias
444 1956 609 1990 victorias
639 1961 671 1988 ct
698 1954 937 1986 defensionem
969 1951 1074 1985 huius
1097 1951 1220 1995 populi

241 2010 441 2046 israelitici,
468 2015 500 2041 et
517 2007 666 2039 aliorum
682 2016 801 2047 regum
818 2005 918 2036 sacta.

342 2061 453 2094 Porro
472 2059 531 2091 illa
550 2064 599 2090 cst
619 2068 698 2088 vera
718 2055 840 2097 gloria,
868 2055 928 2087 ubi
948 2054 983 2085 in
998 2052 1098 2086 factis
1114 2053 1219 2085 inno-

240 2112 339 2148 tescit
358 2119 389 2145 et
408 2110 621 2153 glorificatur
637 2106 748 2146 Dens,
776 2112 809 2139 et
826 2105 899 2138 veri
928 2105 1040 2137 cultus
1062 2104 1219 2147 exempla

241 2164 492 2202 ostenduntur,
528 2166 561 2193 et
586 2170 664 2191 cum
695 2156 827 2190 accedit
850 2167 1048 2200 expressum
1072 2155 1218 2187 verbum

241 2214 318 2249 Dei.
371 2212 465 2255 Ergo
496 2210 661 2243 victoriae
686 2207 897 2241 Israeliticae
932 2218 1012 2239 vere
1048 2206 1246 2248 gloriosae.

241 2272 333 2300 sunt.
386 2264 485 2298 Sicut
507 2260 598 2295 hanc
619 2261 728 2304 ipsam
754 2258 901 2301 gloriam
921 2269 1021 2300 saepe
1044 2257 1219 2300 praedicat
1243 2246 1246 2279 l

241 2317 419 2359 Scriptura
432 2342 440 2355 ,
465 2321 505 2347 nt
521 2312 650 2346 Psalm.
664 2310 761 2345 148.;
790 2308 870 2342 Non
888 2309 969 2341 fecit
987 2308 1104 2340 taliter
1122 2307 1218 2339 omni
1243 2282 1246 2359 l

241 2367 396 2405 nationi,
415 2373 446 2399 et
465 2363 593 2397 indicia
612 2374 672 2395 sua
691 2374 762 2394 non
782 2359 1015 2392 manifestavit
1034 2359 1093 2393 cis.
1133 2357 1218 2390 Item
1243 2363 1245 2394 4¹

241 2416 511 2450 Deuteronomii
536 2414 667 2458 primo:
696 2412 853 2445 Pol-tavit
872 2412 915 2443 de
933 2409 1109 2443 Dominus
1124 2407 1220 2441 Deus
1243 2395 1246 2441 l

242 2477 320 2500 tii-ts
335 2495 342 2507 ‚
369 2475 407 2500 ut
425 2467 513 2501 solet
531 2464 639 2498 homo
657 2470 790 2506 gestare
807 2462 994 2506 parvulum
1016 2461 1128 2493 filium
1154 2467 1219 2493 etc.
1244 2455 1246 2494 l

242 2518 283 2551 Et
309 2519 418 2560 capite
439 2523 582 2564 quarto:
612 2514 668 2548 En
691 2514 843 2558 populus
867 2513 1016 2557 sapiens.
1070 2510 1142 2544 Nec
1169 2517 1219 2544 est
1243 2499 1245 2543 l

241 2569 307 2602 alia
336 2568 452 2607 natio,
486 2580 573 2612 quae
604 2564 727 2598 habeat
758 2564 851 2597 Deos
883 2563 1219 2611 appropinquantes,

240 2620 327 2653 sicut
354 2618 446 2651 Deus
477 2625 595 2650 noster
625 2617 720 2649 adest
751 2616 885 2648 cunctis
915 2613 1244 2660 obsecrationibus¹

242 2670 380 2702 unsri-is.
423 2668 522 2710 Quae
540 2675 589 2701 est
606 2668 672 2700 alia
691 2678 776 2710 gens
791 2668 877 2700 adeo
900 2665 1029 2710 inclyta
1048 2671 1111 2700 etc.
1165 2663 1216 2697 Ita
1243 2664 1244 2667 ’

2142 90 2159 123 1
2166 88 2240 124 300

1256 176 1376 210 multis
1393 176 1509 209 verbis
1525 175 1712 220 amplificat
1728 174 1825 207 illam
1842 185 1958 207 veram
1978 174 2144 217 gloriam,
2172 174 2239 208 sci-

1258 227 1357 268 licet,
1385 228 1479 273 quod
1497 225 1592 260 Deus
1609 237 1690 259 vere
1709 226 1821 259 adfuit
1839 231 1942 270 atque
1958 224 2115 259 innotuit
2142 226 2179 258 in
2194 225 2239 257 il-

1258 279 1326 311 lius
1344 278 1465 323 populi
1484 277 1684 315 vocatione,
1703 276 1957 320 gubernatione
1973 282 2007 309 et
2025 275 2239 317 defensione,

1258 340 1320 373 per
1337 330 1484 363 verbum
1502 335 1534 362 et
1553 340 1614 372 per
1630 327 1797 371 exempla.
1850 325 1918 360 Hic
1942 326 2050 370 igitur
2065 326 2239 359 discamus

1259 392 1375 413 veram
1395 380 1542 423 gloriam
1561 390 1632 412 esse
1651 385 1683 412 et
1701 377 1916 423 superiorem
1941 377 2107 410 omnibus
2124 376 2240 420 regnis

1261 431 1404 472 mundi,
1430 431 1524 475 quod
1543 428 1734 463 Ecclesiam
1754 430 1926 472 gubernat
1943 439 2102 472 expresso
2121 427 2241 465 verbo,

1261 482 1354 527 quod
1373 492 1549 525 expressas
1567 481 1816 525 promissiones
1837 477 2026 521 hahemus,
2052 479 2147 524 quod
2162 487 2242 511 vere

1262 532 1344 566 velit
1362 530 1554 566 Ecclesiam
1573 532 1747 565 exaudire.

1313 612 1471 648 Iuslicia
1498 613 1573 647 eius
1599 617 1719 646 manet
1746 612 1784 646 in
1808 617 2011 655 aeternum,
2039 617 2099 647 etc.

1366 680 1558 725 Aptissime
1585 680 1745 725 sequitur
1769 681 1811 713 de
1838 681 2045 720 duratione,
2073 679 2171 724 quasi
2189 678 2246 712 di-

1265 739 1336 773 cat,
1361 732 1470 775 gloria
1490 731 1599 764 nostri
1622 731 1765 774 populi,
1791 730 1920 764 scilicet
1933 758 1941 771 ‚
1958 731 2051 776 quod
2069 729 2163 763 Deus
2181 740 2246 763 nos

1240 789 1241 814 i
1266 783 1421 824 vocavit,
1447 783 1542 827 quod
1559 782 1654 815 dedit
1670 782 1815 814 verbum
1831 793 1952 822 suurn,
1979 781 2073 826 quod
2097 792 2161 814 nos
2185 781 2246 813 de-

1266 835 1379 867 fendit
1396 834 1519 877 ingens
1535 839 1605 873 est,
1634 839 1673 866 ut
1690 832 1821 866 dictum
1840 838 1908 872 est,
1934 833 1993 865 sed
2011 829 2077 865 hoc
2101 831 2246 865 nomine

1242 904 1243 915 ι
1268 892 1418 929 praestat
1437 884 1580 917 caeteris
1598 883 1732 927 regnis,
1756 883 1850 928 quod
1869 890 1918 916 est
1934 883 2106 916 durabilis
2125 882 2248 925 gloria,

1241 978 1243 981 Ι
1268 936 1365 981 quasi
1378 936 1485 968 dicat:
1502 934 1652 978 Imperia
1664 934 1707 967 ab
1718 934 1891 967 aliislatae
1903 933 2031 966 eversis
2041 933 2111 966 suis
2126 933 2249 966 rebus—

1243 986 1244 997 *
1270 986 1420 1031 publicis
1439 986 1612 1019 delentur.
1648 984 1717 1019 Sed
1737 985 1873 1018 vocatio
1889 982 1996 1017 huius
2011 983 2145 1028 populi,
2159 984 2248 1017 facta

1243 1038 1245 1075 ζ
1271 1050 1332 1082 per
1351 1038 1496 1070 verbum
1514 1036 1599 1077 Dei,
1627 1036 1663 1068 in
1681 1048 1749 1081 quo
1768 1035 1930 1080 patefecit
1953 1033 2050 1068 Deus
2074 1034 2248 1068 iusticiam

1243 1089 1245 1099 '
1269 1101 1386 1129 suam,
1414 1094 1447 1121 et
1471 1099 1532 1131 per
1557 1087 1763 1120 admiranda
1787 1093 1821 1120 et
1844 1086 1933 1119 iusta
1952 1087 2128 1130 exempla,
2155 1096 2250 1119 nun-

1243 1149 1244 1155 *
1270 1151 1373 1185 quam
1399 1139 1465 1171 erit
1486 1138 1597 1172 irrita.

1651 1136 1692 1170 In
1715 1135 1780 1170 hoc
1798 1137 1930 1181 populo
1948 1148 2086 1180 semper
2101 1136 2167 1170 erit
2183 1135 2250 1169 Ec-

1270 1190 1393 1230 clesia,
1420 1190 1569 1223 verbum
1586 1188 1634 1222 eis
1652 1189 1791 1228 datum,
1816 1195 1849 1221 et
1874 1187 2052 1221 ordinatio
2079 1186 2251 1221 divinitus

1269 1242 1374 1275 sacta:
1403 1252 1477 1274 non
1493 1246 1659 1284 poterunt
1676 1239 1750 1272 ulla
1767 1236 1920 1272 humana
1937 1238 1972 1271 vi
1988 1238 2108 1271 deleri.

1372 1291 1499 1325 Tradit
1514 1290 1620 1333 igitur
1638 1288 1695 1323 hic
1712 1301 1832 1323 versus
1848 1290 1970 1323 utilem
1996 1289 2193 1322 doctrinam
2218 1294 2252 1321 et.

1270 1342 1567 1381 consolationem,
1594 1341 1775 1380 videlicet,
1802 1341 1896 1384 quod
1925 1337 2079 1372 humana
2104 1338 2252 1372 consilia

1269 1394 1343 1426 sine
1358 1393 1541 1425 vocatione
1557 1391 1677 1424 divina
1700 1402 1773 1423 non
1794 1387 1947 1424 habeant
1963 1389 2152 1423 diuturnos
2175 1401 2253 1423 suc-

1269 1455 1393 1479 cessus,
1437 1442 1535 1477 Sicut
1561 1448 1705 1486 apparet
1730 1442 1766 1473 in
1791 1441 1972 1481 omnibus,
2008 1440 2070 1485 qui
2096 1452 2150 1473 res
2176 1451 2254 1473 ma-

1270 1506 1354 1536 gnas
1376 1495 1451 1527 sine
1475 1494 1564 1526 iusta
1589 1492 1772 1525 vocatione
1798 1498 2045 1534 susceperunt,
2078 1497 2119 1524 ut
2136 1488 2252 1524 Absa—

1243 1554 1244 1563 ¹
1270 1546 1350 1582 lon,
1375 1544 1517 1577 Zambri
1538 1551 1571 1577 et
1588 1543 1747 1587 plerique
1763 1542 1824 1575 alii
1841 1542 1997 1575 seditiosi
2017 1552 2113 1585 reges
2138 1541 2176 1574 in
2201 1540 2254 1574 Is-

1271 1595 1354 1628 rael.
1408 1594 1492 1627 Item
1510 1593 1656 1634 Caesar,
1683 1592 1874 1631 Antonius,
1902 1591 2046 1631 Brutus,
2072 1592 2179 1626 etalii
2195 1591 2253 1624 in-

1270 1646 1518 1679 numerabiles.
1588 1644 1659 1678 Nec
1695 1644 1788 1677 ullae
1821 1643 2028 1677 traditiones
2065 1641 2254 1684 humanae,

1270 1703 1330 1730 aut
1345 1703 1456 1730 sectae
1479 1696 1645 1729 excitatae
1669 1701 1790 1728 contra
1809 1695 1955 1727 verbum
1973 1692 2057 1735 Dei,
2083 1701 2166 1728 sunt
2181 1694 2254 1728 du-

1270 1748 1410 1782 rabiles,
1461 1746 1560 1781 Sicut
1577 1745 1720 1779 extincti
1738 1752 1819 1779 sunt
1839 1744 2020 1779 Idolatrici
2039 1745 2165 1786 cultus,
2191 1745 2254 1790 qui

1271 1798 1356 1831 olim
1382 1799 1545 1837 suerunt,
1573 1798 1655 1830 item
1678 1803 1796 1841 postea
1818 1795 2004 1837 Haereses,
2033 1793 2254 1837 Manichaea‚

1271 1847 1424 1882 Arsiana
1454 1856 1487 1883 et
1515 1849 1620 1881 aliae:
1682 1848 1729 1880 sic
1753 1847 1951 1881 interibunt
1972 1844 2170 1881 Mahometi
2194 1857 2255 1880 se·-

1271 1907 1341 1941 cta,
1391 1907 1424 1934 et
1459 1900 1665 1943 pontificum
1700 1905 1733 1931 et
1758 1895 2014 1932 monachorum
2047 1897 2254 1931 traditiones

1270 1963 1340 1984 una
1359 1963 1436 1983 cum
1457 1951 1541 1994 ipsis
1556 1950 1839 1994 persecutoribus
1855 1947 2049 1991 Evangelii.
2082 1947 2182 1981 Sicut
2198 1947 2255 1980 in-

1271 2002 1348 2046 quit
1365 1999 1541 2035 Christus:
1571 1998 1700 2033 Omnis
1717 2000 1906 2044 plantatiO,
1933 2011 2036 2044 quam
2062 2010 2135 2031 non
2151 1998 2253 2042 plan-

1271 2053 1357 2086 tavit
1376 2060 1472 2096 pater
1489 2063 1604 2092 meus,
1633 2050 1879 2084 eradicabitur.
1933 2050 2001 2083 Sed
2022 2050 2168 2083 verbum
2185 2047 2254 2082 Dei

1270 2109 1322 2137 est
1357 2110 1587 2148 perpetuum,
1632 2114 1696 2135 nec
1731 2101 1804 2134 nlla
1838 2101 1873 2133 vi
1909 2098 2063 2133 humana
2098 2100 2254 2145 opprimi

1269 2161 1393 2199 potest.

1370 2204 1489 2247 Quare
1505 2201 1562 2237 hic
1585 2202 1777 2236 versiculus
1798 2202 1834 2234 in
1853 2200 1993 2235 Psalmo
2011 2203 2114 2236 docet
2127 2213 2192 2235 nos
2208 2202 2252 2234 de

1270 2269 1307 2289 re
1331 2267 1475 2298 magna,
1506 2255 1654 2294 scilicet,
1684 2266 1727 2285 ne
1756 2253 1831 2285 sine
1859 2253 2046 2286 vocatione
2071 2253 2161 2286 iusta
2187 2252 2254 2286 ali-

1269 2307 1353 2352 quid
1371 2306 1619 2350 suscipiamus,
1647 2311 1680 2338 et
1698 2316 1742 2336 ne
1759 2304 1966 2337 traditiones
1990 2301 2162 2337 humanas
2178 2315 2252 2336 am-

1270 2359 1463 2402 plectamur
1479 2364 1598 2390 contra
1618 2357 1762 2389 verbum
1782 2353 1875 2395 Dei,
1902 2367 1965 2388 nec
1989 2354 2179 2397 cogitemus
2196 2353 2252 2386 nl-

1270 2409 1320 2442 las
1337 2408 1542 2442 traditiones
1558 2405 1750 2445 humanas,
1780 2419 1859 2440 cum
1875 2406 1945 2439 sint
1963 2406 2150 2450 periturae,
2167 2416 2250 2448 pro-

1269 2461 1366 2492 desse
1382 2459 1426 2492 ad
1444 2459 1618 2492 iusticiam
1637 2465 1695 2492 aut
1713 2458 1821 2490 vitam
1839 2464 2014 2490 aeternam
2026 2483 2034 2497 ‚
2062 2462 2121 2489 aut
2137 2455 2251 2488 conti-

1270 2522 1353 2543 nere
1370 2522 1495 2554 opera,
1522 2521 1611 2554 quae
1631 2515 1712 2543 sunt
1738 2509 1881 2541 effectus
1904 2515 2066 2541 aeternae
2080 2505 2259 2545 iusticiae„

1269 2560 1365 2594 Haec
1383 2573 1460 2594 cum
1480 2561 1564 2593 alibi
1583 2561 1721 2604 copiose
1738 2559 1977 2599 declarentur,
2004 2569 2076 2590 non
2094 2556 2174 2589 volo
2192 2554 2252 2590 hic

1270 2612 1440 2656 prolixius
1456 2612 1638 2656 explicare.
1690 2610 1853 2644 Secundo
1869 2608 2061 2642 consolatio
2080 2607 2251 2651 proponi-

1268 2670 1336 2699 tur.
1389 2662 1463 2697 Etsi
1489 2663 1583 2696 enim
1609 2661 1788 2706 adfligitur
1808 2659 1983 2699 Ecclesia,
2011 2665 2044 2693 et
2068 2669 2254 2704 oppugna-
