2379 2948
99 79 173 114 933
511 75 556 110 V.

391 160 626 186 Ptolemaeus
648 157 796 192 λα’θουρος.

198 212 425 247 Ptolemaeus
448 209 656 258 λάθουρος,
683 212 733 245 sic
759 211 853 245 enim
877 222 895 244 a
912 209 1088 244 Strabone

97 264 327 306 nominatur,
355 265 484 309 opinor
507 265 605 304 ideo,
632 264 726 308 quod
753 260 833 295 exul
856 261 991 295 occulte
1010 267 1088 294 ten-

97 316 186 351 tavit
203 316 372 351 reditum.
424 314 513 349 Nam
540 322 651 347 mater
675 313 849 346 seditione
874 318 968 345 mota
992 309 1088 344 hunc

96 366 340 401 Ptolemaeum
377 364 537 411 Aegypto
575 364 725 408 expulit,
768 369 801 396 et
837 363 910 396 filio
953 363 1085 395 minori

97 417 314 459 Alexandro,
339 429 443 462 quem
460 415 527 449 sibi
545 415 654 457 magis
670 415 995 457 obtemperaturum
1014 425 1086 447 esse

98 469 279 513 sperabat,
314 479 460 511 regnum
501 465 658 500 tradidit.
719 463 812 498 Exul
853 471 969 498 autem
1001 462 1085 498 haec

96 520 241 564 gessisse
256 519 432 552 scribitur.
484 515 573 550 Cum
592 515 712 549 ludaei
731 516 893 549 viderent
913 528 949 548 se
964 523 1085 549 nactos

97 582 170 604 esse
185 570 401 604 occasionem
417 567 551 600 vicinas
567 568 671 600 urbes
698 567 914 611 occupandi,
941 573 1085 611 propter

96 621 303 655 domesticas
327 618 538 659 discordias,
574 630 652 651 cum
680 618 717 651 in
740 617 918 664 Aegypte,
945 625 1020 652 tum
1046 618 1082 650 in

96 672 199 718 Syria
223 679 334 712 ortas,
368 670 500 703 bellum
525 669 692 702 adversus
720 670 854 702 vicinos
886 676 1083 703 moverunt.

95 722 146 756 Hi
165 735 204 756 ex
223 722 338 768 Cypro
354 720 614 754 accersiverunt
636 719 878 755 Ptolemaeum
891 747 898 760 ,
926 721 986 765 qui
1006 732 1082 763 spe-

96 785 179 807 rans
201 784 236 806 se
261 784 322 816 per
345 783 420 805 eam
439 772 657 805 occasionem
677 772 712 804 in
731 769 930 817 Aegyptum
949 772 1083 804 reditu-

96 837 175 858 rum
193 835 282 864 esse,
309 823 504 856 mediocres
520 823 638 866 copias
653 823 689 855 in
705 821 907 856 Phoenicen
925 822 1083 862 adduxit,

94 886 134 908 ac
156 874 273 908 statim
297 874 335 906 in
352 873 514 907 Iudaeam
533 873 768 918 irruptionem
790 874 892 914 fecit,
921 874 1082 918 cepitque

93 926 131 958 in
150 924 306 959 Sabbato
330 926 509 970 quoddam
535 925 716 959 Galilaeae
738 925 930 969 oppidum,
964 931 1081 968 postea

92 976 264 1010 acerrimo
289 977 422 1020 praelio
448 988 527 1009 cum
550 975 688 1009 Iudaeis
716 976 757 1008 ad
787 975 974 1009 Iordanem
997 987 1082 1008 con-

92 1027 210 1061 flixit.·
249 1026 409 1072 Cumque
435 1039 561 1071 magna
586 1027 778 1060 multitudo
807 1026 1018 1060 ludaeorum
1045 1026 1082 1058 in

93 1079 166 1112 acie
183 1079 354 1113 trucidata
372 1086 477 1118 esset,
505 1079 617 1112 victor
645 1078 866 1112 Ptolemaeus
892 1078 928 1110 in
953 1077 1083 1110 finibus

93 1128 244 1163 Iudaeae
271 1130 458 1174 populatus
483 1136 531 1163 est
553 1130 672 1170 villas,
701 1136 733 1163 et
755 1130 855 1163 iussit
873 1129 985 1162 occidi
1006 1141 1083 1161 mn-

92 1181 197 1214 lieres
221 1187 255 1214 et
275 1181 447 1219 infantes,
476 1187 509 1213 et
527 1181 674 1214 dissecta
700 1193 820 1214 eorum
847 1181 1005 1214 membra
1025 1192 1082 1212 co-

93 1232 174 1277 qui,
202 1232 332 1277 quibus
350 1232 450 1264 elixis
467 1238 498 1265 et
514 1232 620 1265 coctis
639 1232 728 1265 vesci
747 1232 895 1265 ludaeos
913 1231 1035 1274 coegit.

196 1290 312 1325 Tanta
332 1291 531 1324 immanitas
550 1291 587 1324 in
605 1291 751 1325 victoria
767 1304 840 1324 non
859 1289 982 1324 habuit
1001 1291 1081 1324 diu—

93 1349 217 1377 turnos
235 1353 422 1376 successus.
470 1341 559 1375 Nam
581 1341 699 1375 ludaei
721 1356 739 1376 a
758 1342 954 1376 Ptolemaei
973 1349 1083 1374 matre

93 1393 224 1428 auxilia
240 1394 408 1426 adversus
425 1405 503 1426 eum
523 1393 742 1437 petiverunt,
770 1406 859 1438 quae
877 1393 973 1427 misit
988 1405 1082 1425 exer·

93 1445 201 1479 citum
226 1457 266 1478 eo
291 1444 458 1483 celerius,
494 1451 532 1478 ut
550 1444 661 1477 filium
686 1445 730 1478 ab
754 1443 915 1490 Aegypto
941 1450 1084 1478 arceret.

94 1496 188 1530 Cum
212 1495 321 1539 igitur
346 1496 475 1529 frustra
500 1502 649 1528 tentaret
674 1496 827 1529 reditum
852 1495 1085 1534 Ptolemaeus,

93 1559 158 1580 nec
175 1546 268 1580 tueri
286 1552 472 1590 occupatas
487 1547 593 1580 urbes
610 1547 646 1579 in
658 1544 835 1580 Phoenice
855 1553 983 1591 posset,
1005 1558 1086 1579 rur-

93 1610 151 1632 sus
166 1598 254 1642 fugit
273 1598 310 1630 in
329 1597 501 1643 Cyprum.

199 1655 396 1702 Aliquanto
423 1662 503 1700 post
524 1654 746 1697 Alexander,
780 1656 839 1701 qui
865 1656 901 1689 in
925 1655 1086 1700 Aegypto

94 1709 275 1752 regnabat,
303 1714 449 1740 matrem
467 1707 653 1741 interfecit.
692 1707 799 1740 Pulso
815 1707 1087 1750 igitnrAlexan-

95 1762 161 1793 dro
196 1765 380 1792 revocatus
410 1765 460 1792 est
491 1759 528 1791 in
552 1757 752 1804 Aegyptum
785 1756 841 1791 hic
865 1757 1089 1791 Ptolemaeus

96 1809 307 1856 λάθουρος,
335 1822 438 1854 quem
456 1809 505 1842 ibi
523 1822 636 1842 novae
658 1810 848 1843 seditiones
867 1815 1089 1851 exceperunt,
1114 1829 1117 1860 ἱ

94 1862 253 1895 fortassis
278 1860 359 1905 quia
387 1860 497 1905 aliqui
522 1861 688 1894 favebant
710 1861 822 1895 fratri.
875 1860 1016 1893 Dicitur
1034 1857 1089 1891 hic

96 1912 320 1946 Ptolemaeus
342 1911 504 1944 funditus
535 1911 706 1944 delevisse
732 1911 921 1944 maximam
944 1918 979 1944 et
1000 1910 1089 1943 cele-

96 1963 335 1998 bratissimam
355 1962 500 2003 urbem,
528 1960 673 1996 Thebas
694 1960 893 2008 Aegyptias.

403 2047 443 2072 Pt
454 2048 567 2071 olemn
577 2053 639 2071 eus
658 2047 784 2072 Auletes.

201 2097 422 2132 Ptolemaeus
459 2098 620 2137 Auletes,
657 2100 691 2132 id
734 2106 804 2140 est,
848 2098 1000 2139 tibicen,
1043 2098 1091 2131 sic

101 2151 235 2189 dictus,
269 2149 349 2194 quia
375 2150 514 2193 publice
544 2151 581 2183 in
607 2148 731 2184 habitu
764 2151 859 2194 regio
890 2150 987 2183 tibiis
1019 2161 1091 2182 cer-

100 2209 174 2235 tare
191 2211 270 2234 cum
288 2200 480 2234 artificibus
494 2202 641 2235 solebat.
687 2200 813 2245 Regno
832 2207 975 2245 propter
994 2201 1090 2244 igna-

101 2253 195 2285 viam
215 2257 248 2284 et
267 2251 507 2284 crudelitatem
526 2253 691 2296 expulsus
715 2253 815 2287 venit
831 2252 1002 2292 Romam,
1030 2252 1090 2284 ubi

100 2302 293 2346 Pompeius
317 2302 438 2334 reduci
463 2314 541 2335 eum
560 2304 678 2338 suasit.
730 2303 777 2338 Et
799 2315 1001 2349 quanquam
1031 2303 1091 2335 din

102 2367 140 2388 ea
166 2355 209 2386 de
235 2365 273 2386 re
296 2353 538 2386 contentiones
563 2362 733 2389 extractae
757 2362 859 2395 sunt,
890 2362 1008 2388 tamen
1034 2366 1095 2397 per

104 2404 301 2439 Gabinium
325 2404 467 2436 tandem
492 2406 654 2438 reductus
684 2413 750 2447 est,
782 2407 842 2451 qui
869 2403 1096 2444 Archelaum,

103 2457 165 2502 qui
188 2456 321 2489 interea
346 2462 568 2497 regnaverat,
604 2456 789 2490 interfecit.
850 2455 918 2489 Hic
938 2452 1096 2501 αὖλήτης

104 2507 248 2552 reliquit
271 2506 384 2539 filium
409 2504 649 2539 Ptolemaeum
671 2506 903 2554 Dionysium,
931 2507 993 2552 qui
1010 2508 1096 2540 ado-

104 2559 237 2592 lescens
257 2557 467 2602 Pompeium
492 2569 531 2590 ex
546 2554 746 2591 Pharsalica
770 2565 886 2601 ‘pugna
903 2559 1095 2602 fugientem

105 2610 145 2642 in
169 2610 369 2655 Aegyptum
402 2608 500 2642 iussit
532 2608 692 2641 interfici.

613 75 663 110 IN
693 71 955 110 DANlELEM
984 69 1300 108 PROPHETAM
1326 70 1745 110 COMMENTARIUS.

2068 75 2141 114 934

1144 169 1238 198 sare,
1276 158 1337 203 qui
1373 170 1519 202 regnum
1550 160 1646 193 dedit
1679 160 1754 193 eius
1783 160 1895 194 sorori
1918 159 2134 207 Cleopatrae.

1144 209 1329 252 (Ileopatra
1348 210 1390 241 ad
1409 217 1619 252 extremum,
1644 223 1723 244 cum
1736 211 1915 255 Augustus
1933 214 2082 248 venisset
2097 215 2133 248 in

1142 258 1341 305 Aegyptum
1355 285 1366 300 ‚
1393 260 1461 293 sibi
1479 268 1627 294 mortem
1645 263 1826 298 conscivit.

1243 335 1343 369 Haec
1374 342 1424 369 est
1455 336 1560 369 series
1590 349 1710 381 regum
1743 338 2057 385 Aegyptiacorum,
2093 342 2128 375 in

1140 399 1208 431 qna
1226 398 1298 419 non
1317 386 1430 419 solum
1446 384 1512 420 hoc
1529 388 1786 431 deplorandum
1805 397 1864 431 est,
1887 393 1980 436 quod
1999 393 2130 436 posteri

1140 438 1212 470 nati
1235 449 1274 470 ex
1301 435 1507 470 hominibus
1532 438 1660 471 virtute
1685 442 2009 483 praestantissimis,
2041 445 2129 477 adeo

1140 488 1292 532 turpiter
1319 489 1550 531 degenerant,
1579 491 1636 522 sed
1662 490 1749 524 illud
1775 492 1897 533 etiam,
1933 495 2026 537 qnod
2052 496 2130 527 dia-

1141 540 1241 572 bolus
1269 547 1338 573 tam
1360 539 1558 583 petulanter
1574 548 1751 582 grassatur
1769 541 1805 574 in
1831 539 1904 582 his,
1932 545 1992 588 qui
2017 545 2129 588 impe-

1138 591 1189 623 ria
1207 589 1340 625 tenent.
1394 589 1463 623 Sed
1490 589 1555 623 hae
1577 598 1659 625 sunt
1680 604 1814 635 poenae
1837 591 2127 639 εἶδωλομανίων,

1138 649 1175 675 nt
1201 644 1243 674 ad
1267 641 1374 676 Rom.
1403 643 1433 676 1.
1459 641 1636 675 scribitur.
1698 642 1880 688 Nusquam
1907 652 2022 678 autem
2050 647 2129 690 plus

1137 693 1202 726 fuit
1226 700 1450 736 portentosae
1474 692 1733 732 idolomaniae,
1768 707 1873 739 quam
1902 695 1939 728 in
1967 696 2128 742 Aegypto

1137 751 1168 777 et
1195 744 1231 776 in
1256 743 1369 789 Syria.
2047 743 2049 745 ’

1241 794 1282 827 ln
1303 793 1366 827 hac
1382 795 1719 828 commemoratione
1735 803 1767 829 et
1783 793 1849 829 hoc
1866 797 2127 832 observandum

1137 852 1204 886 est,
1232 847 1326 890 qnod
1353 844 1543 879 Ecclesiam
1569 845 1652 886 Dei,
1687 847 1786 880 cuius
1819 849 1917 881 sedes
1948 855 2032 882 tnnc
2057 858 2129 884 erat

1136 897 1228 930 inter
1248 897 1306 929 illa
1335 898 1406 929 dno
1430 909 1555 940 regna,
1587 898 1749 931 videmus
1773 895 1830 930 hic
1860 899 2018 942 exiguam
2044 912 2128 939 esse,

1137 956 1169 981 et
1186 948 1322 981 duriter
1339 948 1464 991 affligi,
1492 960 1556 981 nec
1571 945 1724 981 humana
1740 960 1817 992 ope,
1846 947 2009 984 humanis
2029 964 2130 994 prae-

1137 999 1234 1032 sidiis
1260 1000 1420 1040 defendi,
1454 1000 1513 1032 sed
1541 999 1754 1032 mirabiliter
1785 1001 1958 1034 divinitus
1992 1003 2063 1045 regi
2097 1010 2130 1037 et

1136 1050 1281 1083 servari.
1336 1050 1431 1082 Haec
1448 1050 1563 1093 imago
1580 1057 1629 1083 est
1646 1051 1792 1084 ultimae
1810 1059 1966 1085 senectae
1992 1055 2130 1095 mundi,

1136 1102 1172 1133 in
1197 1114 1264 1145 qua
1289 1099 1446 1134 Ecclesia
1471 1113 1552 1134 vera
1576 1100 1642 1134 Dei
1672 1102 1709 1134 in
1739 1102 1906 1136 servitute
1940 1111 2030 1142 erat,
2065 1117 2129 1149 op-

1137 1163 1252 1195 pressa
1293 1152 1483 1196 multiplici
1522 1152 1721 1197 tyrannide.
1782 1152 1973 1198 Postquam
2012 1162 2128 1188 autem

1138 1203 1300 1236 ordinem
1334 1200 1500 1236 historias
1537 1215 1656 1246 regum
1697 1204 1878 1245 recensui,
1920 1206 2128 1240 vaticinium

1138 1254 1266 1297 Angeli
1285 1255 1327 1287 ad
1354 1266 1429 1287 eam
1448 1255 1603 1287 breviter
1619 1257 1904 1290 accommodabo.

1240 1328 1293 1363 Et
1311 1330 1589 1378 confortabitur
1607 1342 1673 1364 rex
1688 1328 1828 1372 Austri,
1852 1331 1918 1379 qui
1931 1338 1980 1366 est
1999 1344 2044 1366 ecc
2062 1331 2130 1367 du-

1138 1380 1239 1415 cibus
1263 1381 1358 1419 eius,
1396 1383 1431 1415 id
1454 1389 1521 1422 est,
1556 1381 1777 1415 Ptolemaeus
1801 1384 1861 1427 qui
1884 1384 1951 1417 fuit
1975 1396 2067 1418 unns
2090 1397 2129 1418 ex

1138 1434 1288 1466 ducibus
1324 1433 1537 1473 Alexandri,
1570 1434 1756 1477 occupabit
1787 1434 2006 1479 Aegyptum,
2041 1448 2130 1480 quae

1139 1491 1188 1517 est
1212 1485 1357 1517 Iudaeae
1380 1486 1423 1517 ad
1446 1483 1630 1517 meridiem
1656 1485 1732 1517 sita.
1784 1482 1837 1516 Et
1857 1484 1959 1518 alius
1982 1485 2132 1531 confor-

1139 1534 1280 1568 tabitur
1297 1546 1312 1568 e
1331 1535 1493 1580 regione,
1522 1539 1552 1567 et
1572 1534 1637 1567 erit
1661 1534 1737 1568 cius
1754 1547 1894 1580 magna
1914 1534 2133 1578 dominatio,

1140 1587 1175 1619 id
1202 1593 1270 1624 est,
1299 1586 1466 1620 Seleucus
1495 1598 1512 1619 e
1536 1586 1677 1628 regione
1695 1586 1834 1631 Syriam
1851 1595 1884 1621 et
1900 1587 2134 1634 Babyloniam

1140 1637 1294 1678 tenebit,
1322 1638 1382 1682 qni
1406 1644 1482 1681 post
1505 1637 1728 1680 Antigonum
1752 1638 1883 1671 victum
1907 1652 1986 1672 cum
2012 1640 2134 1673 Asiam

1141 1694 1294 1728 teneret,
1321 1689 1526 1722 antecelluit
1545 1689 1688 1722 caeteris
1704 1689 1870 1722 omnibus
1887 1691 2056 1733 potentia.

1244 1737 1296 1771 Et
1315 1739 1351 1772 in
1363 1736 1445 1784 fine
1462 1736 1602 1772 dierum
1619 1738 1878 1778 sociabuntur,
1908 1741 1941 1773 id
1962 1748 2028 1782 est,
2056 1749 2135 1785 post

1143 1791 1288 1834 aliquod
1315 1798 1452 1835 tempus
1476 1790 1722 1823 devincientur
1743 1792 1836 1824 iuter
1865 1803 1901 1824 se
1932 1793 2135 1826 foederibus

1144 1849 1177 1875 et
1192 1841 1423 1875 affinitatibus
1440 1852 1536 1884 reges
1552 1841 1714 1887 Aegyptii
1732 1849 1764 1875 et
1777 1842 1924 1888 Syriaci.
1977 1840 2135 1888 Etfilia

1145 1891 1240 1937 regis
1264 1890 1412 1931 Austri,
1442 1891 1612 1925 Berenice
1636 1893 1706 1925 filia
1731 1892 1924 1927 Ptolemaei
1954 1892 2137 1928 Philadel-

1146 1942 1205 1988 phi
1231 1944 1322 1986 regis
1347 1943 1519 1989 Aegypti,
1555 1942 1666 1976 veniet
1700 1941 1753 1975 ad
1784 1956 1899 1990 regem
1923 1942 2135 1992 Aquilonis,

1145 1996 1177 2027 id
1199 2001 1267 2035 est,
1295 1996 1404 2028 nubet
1421 1992 1601 2027 Antiocho
1621 1992 1723 2027 Theo
1749 1996 1821 2039 regi
1846 1995 1986 2041 Syriae,
2016 1994 2137 2041 utfiat

1145 2044 1338 2088 amicicia,
1367 2046 1400 2078 id
1422 2052 1491 2087 est,
1520 2053 1559 2078 ut
1583 2043 1646 2077 hac
1664 2046 1833 2080 affinitate
1856 2047 1948 2080 inter
1964 2059 2060 2090 reges
2078 2048 2138 2081 fiat

1144 2109 1227 2141 pax,
1255 2103 1288 2130 et
1311 2097 1486 2130 retineant
1511 2096 1676 2141 Aegyptii
1701 2099 1805 2130 nrbes
1828 2098 1864 2130 in
1883 2096 2060 2131 Phoenice
2078 2111 2137 2132 oc-

1144 2154 1286 2191 cupatas
1303 2162 1320 2180 a
1347 2148 1460 2192 primo
1480 2147 1695 2181 Ptolemaeo.

1248 2196 1300 2230 Et
1318 2211 1391 2232 non
1410 2197 1583 2231 obtinebit
1600 2199 1706 2232 robur
1730 2195 1893 2237 brachii,
1921 2204 1951 2232 et
1969 2211 2041 2232 non
2057 2204 2137 2233 sta-

1146 2249 1197 2283 bit
1223 2261 1341 2283 semen
1366 2249 1462 2289 eius,
1488 2254 1517 2282 et
1544 2247 1711 2282 tradetur
1735 2249 1817 2296 ipsa
1834 2254 1864 2283 et
1888 2251 2032 2283 comites
2050 2250 2137 2293 eius,

1147 2306 1176 2335 et
1198 2313 1293 2348 puer
1314 2300 1409 2342 eius,
1441 2301 1542 2341 etis,
1569 2299 1634 2347 qui
1663 2311 1741 2332 eam
1771 2300 2064 2348 confortaverat,
2099 2303 2136 2335 id

1147 2360 1214 2391 est,
1243 2353 1414 2385 Berenice
1439 2364 1511 2385 non
1538 2352 1704 2385 retinebit
1735 2364 1880 2395 regnum
1905 2351 2046 2397 Syriae,
2074 2365 2137 2386 nec

1147 2405 1221 2437 eius
1240 2404 1352 2445 filius,
1380 2410 1482 2436 natus
1500 2416 1539 2436 ex
1559 2401 1737 2435 Antiocho
1756 2401 1872 2436 Theo:
1902 2404 1961 2435 sed
1981 2403 2135 2447 privigni

1148 2455 1315 2489 Seleucus
1339 2453 1534 2488 Callinicus
1570 2463 1603 2486 et
1633 2451 1831 2486 Antiochus
1862 2452 1966 2499 ἱέραξ
2000 2454 2133 2487 interfi-

1149 2507 1241 2539 cient
1268 2518 1455 2539 novercam
1485 2512 1517 2537 et
1542 2504 1652 2535 filium
1678 2504 1763 2538 eius.
1815 2501 1928 2538 Pater
1946 2516 2043 2544 vero,
2071 2505 2138 2552 qui

1150 2556 1422 2604 confortaverat
1446 2553 1683 2600 Aegyptiam,
1712 2554 1747 2586 id
1772 2562 1840 2596 est,
1867 2557 1927 2602 qni
1953 2557 2052 2600 regni
2080 2569 2136 2590 50-

750 2608 875 2642 Postea
899 2622 978 2643 cum
1005 2608 1096 2642 Iulio
1121 2613 1123 2640 1
1151 2609 1240 2641 ciam
1263 2609 1390 2640 fecerat
1408 2603 1607 2638 Antiochus
1626 2602 1763 2645 Theos,
1792 2609 1977 2642 necabitur
2001 2619 2135 2641 veneno

109 2659 245 2695 Caesari
270 2659 451 2694 struxisset
475 2659 642 2701 insidias,
673 2659 877 2693 interfectus
901 2667 952 2693 est
974 2672 993 2694 a
1009 2659 1097 2694 Cae·
1121 2646 1123 2692 l
1151 2672 1168 2692 a
1193 2658 1374 2702 repudiata
1398 2657 1547 2700 coniuge
1561 2655 1726 2692 Laodice.

1581 2704 1663 2740 59*
