2379 2948
103 111 153 148 85
854 109 902 148 ΙΙ.

208 192 445 241 Empedocles
479 198 601 233 furens
633 195 760 232 insiliit
796 196 835 229 in
865 193 1002 231 Aetnae
1033 209 1098 231 vo-

109 257 257 291 ragmes.

207 304 395 351 Sophoclis
421 306 590 340 delirium
610 305 677 339 suit
701 306 812 339 multo
836 306 999 348 suavius,
1034 307 1096 352 qui

104 357 267 390 convivia
304 358 508 401 appetebat,
552 362 584 390 et
612 356 811 390 oblectabat
838 368 873 390 se
898 358 1095 391 scribendis

101 409 294 451 poematis,
337 407 518 451 negligens
558 407 906 442 administrationem
946 409 998 441 rei
1028 409 1094 442 do-

102 459 277 494 mesticae.

204 515 342 550 Marius
377 514 532 548 delirans
557 515 818 559 imaginabatur
851 515 1092 560 expeditiones

101 575 134 601 et
150 566 302 612 praelia,
330 566 417 599 adeo
437 573 476 600 ut
499 573 615 611 gestus
634 575 667 601 et
683 567 873 601 clamorem
897 567 1089 611 pugnantis

100 623 385 662 repraesentaret.

200 676 248 711 At
272 676 415 710 Luculli
449 676 602 710 amentia
631 677 698 711 suit
724 674 874 710 hilarior
897 689 936 710 ae
958 677 1090 710 mitior.

97 726 148 761 Ita
168 727 206 760 in
224 727 378 768 senibus,
405 740 485 761 cum
501 729 690 772 degenerat
709 725 956 767 melancholia,
984 728 1090 762 efficit

97 778 286 812 dissimiles
303 779 486 814 amentias.

199 837 268 871 Hie
287 838 443 872 breviter
467 838 656 881 adiungam
677 839 882 874 Aristotelis
908 839 1086 884 quaestio-

97 900 178 922 nem
203 890 246 922 de
271 896 343 922 atra
363 890 454 933 bile,
485 902 558 922 non
577 890 691 922 solum
710 897 749 924 ut
774 897 901 924 natura
928 888 1088 923 humoris

97 939 241 984 propius
256 941 466 984 aspiciatur,
495 941 554 973 sed
581 940 707 982 etiam,
733 948 772 975 ut
797 941 901 975 multi
928 941 1087 974 inviten—

97 997 154 1024 tur
185 991 229 1024 ad
266 991 344 1024 illas
377 992 469 1036 ipsas
496 991 699 1026 Aristotelis
736 992 881 1037 paginas
912 992 1088 1035 legendas,

96 1053 184 1087 quae
201 1042 400 1075 doctrinam
420 1042 664 1076 dulcissimam
683 1043 879 1076 continent.

200 1100 399 1145 Interrogat
425 1109 564 1143 autem,
598 1102 659 1147 qui
687 1103 764 1142 fiat,
792 1109 831 1136 ut
861 1102 963 1135 multi
988 1102 1086 1144 inge-

98 1152 292 1185 niosissimi
309 1150 482 1194 homines,
504 1153 564 1198 qui
582 1153 635 1185 vel
654 1153 690 1185 in
707 1153 853 1194 artibus,
882 1154 936 1185 vel
956 1154 992 1185 in
1013 1159 1087 1186 stu-

98 1203 156 1236 dio
173 1203 376 1247 sapientiae,
402 1204 455 1237 vel
475 1204 511 1236 in
530 1204 785 1246 gubernatione
802 1204 988 1243 excellunt,
1012 1215 1085 1236 me·-

98 1251 287 1287 lancholici
304 1254 400 1287 siut?
452 1252 500 1287 Ut
517 1252 766 1288 Archimedem
786 1252 1085 1287 melancholicum

96 1304 204 1337 fuisse
222 1316 294 1336 non
310 1305 460 1336 dubium
478 1311 539 1340 est,
568 1305 628 1347 qui
645 1306 732 1338 adeo
752 1305 909 1339 intentus
920 1305 987 1338 fuit
1004 1315 1085 1337 suae

96 1354 347 1398 speculationi,
374 1360 412 1387 ut
429 1365 502 1386 non
519 1353 665 1387 senserit
680 1357 871 1388 tumultum
890 1362 1009 1399 captae
1025 1367 1087 1387 ur-

96 1405 163 1439 bis.
218 1403 265 1438 Et
288 1411 390 1438 antea
417 1415 519 1447 saepe
547 1411 641 1437 stans
665 1416 744 1437 cum
778 1410 970 1447 ungeretur
997 1404 1086 1444 oleo,

96 1456 252 1501 pinxerit
273 1455 397 1489 tacitus
423 1454 652 1498 geometricas
671 1455 796 1498 figuras
815 1455 852 1487 in
870 1455 955 1499 ipsis
974 1455 1086 1487 semo·

97 1507 196 1540 ribus
219 1507 297 1539 oleo
324 1506 483 1550 perfusis.
545 1504 635 1539 Cum
669 1506 706 1538 in
738 1506 866 1539 balneo
894 1505 1087 1539 invenisset

98 1558 292 1599 rationem,
325 1570 404 1602 >qua
447 1554 667 1600 deprehendi
710 1569 809 1600 posse
853 1557 1085 1599 intelligebat,

96 1616 269 1654 quantum
288 1620 412 1642 aureae
430 1620 582 1641 coronae
607 1608 743 1649 argenti
770 1608 966 1640 admixtum
987 1613 1087 1647 esset,

97 1660 209 1694 exiliit
228 1672 265 1693 ac
276 1661 393 1693 nudus
408 1671 469 1703 per
488 1659 619 1704 plateas
635 1671 780 1692 currens
793 1659 1003 1692 vociferatus
1020 1664 1086 1691 est:

95 1709 254 1757 εὕρηκα,
281 1709 427 1755 εὕρηκα.

201 1768 270 1802 Hic
294 1769 476 1814 quaeritur
499 1769 542 1801 de
565 1774 638 1801 atra
664 1768 753 1801 bile:
782 1779 826 1801 an
854 1775 886 1801 et
906 1767 1086 1812 quomodo

98 1820 371 1865 praestantiores
395 1826 511 1852 motus
536 1819 573 1851 in
601 1819 754 1862 ingeniis
783 1819 932 1851 efficiat?
986 1817 1087 1862 Apo-

98 1871 219 1905 nensis
234 1883 307 1904 non
325 1877 416 1904 recte
433 1870 565 1903 iudicat
580 1897 588 1910 ,
616 1870 677 1914 qui
692 1868 864 1903 existimat
881 1866 945 1902 hos
971 1875 1087 1902 motus

99 1923 137 1956 in
153 1922 288 1965 magnis
307 1922 392 1954 viris
409 1922 453 1955 ab
471 1922 593 1954 adusta
624 1920 695 1953 bile
719 1931 813 1963 esse,
840 1931 913 1952 non
937 1931 956 1952 a
980 1925 1087 1952 natu-

99 1973 178 2009 rali.
205 1972 293 2007 Nam
310 1973 433 2007 adusta
450 1971 554 2006 efficit
571 1972 708 2005 furores
736 1977 768 2004 et
793 1969 984 2008 amentias,
1011 1981 1085 2003 non

99 2024 192 2070 parit
218 2030 355 2064 motus,
396 2024 459 2069 qui
484 2029 655 2066 reguntur
682 2021 844 2057 consilio.
911 2020 1086 2065 Deceptus

100 2074 374 2120 estAponensis,
402 2087 481 2108 cum
498 2073 872 2119 putavitAristotelem
887 2070 954 2106 hoc
975 2072 1087 2105 inter-

101 2138 242 2170 rogare,
268 2138 314 2159 an
335 2125 506 2171 paulatim
526 2131 636 2159 aetate
656 2121 791 2157 heroici
813 2124 882 2157 viri
903 2123 989 2157 fiant
1012 2135 1087 2156 me-

102 2175 319 2211 lancholici?
369 2176 410 2210 Id
440 2177 534 2210 enim
569 2187 642 2209 non
676 2174 845 2220 proponit
867 2172 1087 2214 Aristoteles,

102 2227 163 2262 sed
180 2227 272 2272 ipsas
295 2234 438 2262 naturas
468 2235 502 2263 et
530 2232 806 2271 temperamenta
835 2237 957 2259 eorum
982 2224 1088 2258 sentit

103 2290 176 2315 esse
200 2277 468 2313 melancholica.
519 2278 572 2312 Ac
589 2277 718 2311 deinde
744 2277 827 2311 satis
852 2276 1025 2315 ostendit,
1052 2287 1088 2309 se

102 2342 178 2364 non
202 2329 246 2362 de
269 2330 399 2364 vicioso
431 2328 581 2363 humore
609 2328 727 2373 loqui,
763 2329 822 2362 sed
852 2329 895 2361 de
924 2326 1088 2360 naturali.

104 2379 179 2422 Ait,
195 2379 370 2424 triplicem
387 2392 459 2414 esse
482 2387 592 2414 atram
615 2379 735 2415 bilem.
788 2379 976 2413 Asininam
994 2377 1089 2411 dilu-

104 2439 176 2466 tam
195 2431 309 2464 multo
329 2427 548 2475 phlegmate,
575 2442 665 2476 quae
682 2430 795 2464 adfert
821 2429 969 2473 frigidos
991 2439 1088 2461 mor-

105 2484 188 2526 bos,
222 2493 287 2515 nec
318 2482 461 2526 prodest
492 2481 654 2524 ingeniis.
723 2479 845 2515 Altera
872 2487 923 2514 est
953 2480 1089 2518 adusta,

108 2545 198 2578 quae
217 2533 354 2566 furores
379 2532 458 2565 ciet.
511 2530 633 2565 Tertia
659 2538 709 2566 est
732 2544 805 2565 non
823 2531 973 2569 vicima,
999 2541 1089 2575 quae

108 2596 189 2618 cum
207 2590 257 2617 est
273 2583 449 2628 copiosior
464 2588 498 2615 et
514 2582 678 2624 sanguini
701 2588 894 2627 temperato
919 2587 999 2626 apte
1021 2580 1090 2613 mi-

109 2641 242 2676 scetur,
275 2634 381 2670 efficit
403 2632 573 2671 acriores,
601 2633 818 2668 ardentiores
839 2639 873 2667 et
897 2632 1091 2667 tenaciores

111 2685 275 2730 impetus.

954 108 1106 147 LIBER
1141 109 1208 149 DE
1243 112 1419 155 ANIMA.

2102 131 2149 166 86

1177 247 1184 255 ·
1255 196 1308 233 Ac
1342 204 1589 239 venustissime
1620 207 1759 242 confert
1794 208 2001 246 Aristoteles
2031 220 2141 249 atram

1150 248 1258 306 bilem
1278 251 1319 282 ad
1340 252 1475 287 vinum.
1530 254 1576 291 Ut
1593 258 1687 290 enim
1704 258 1830 293 vinum
1854 261 2043 297 dissimiles
2061 278 2137 299 mo-

1149 305 1205 332 tus
1225 311 1262 332 1n
1294 301 1400 335 ebriis
1422 304 1546 345 efficit,
1571 308 1632 340 alii
1658 309 1746 343 fiunt
1773 308 1976 354 hilariores,
2003 315 2062 347 alii
2085 317 2136 349 fa-

1149 350 1250 382 cilius
1268 350 1507 386 incenduntur
1533 356 1602 395 ira,
1629 359 1689 391 alii
1712 360 1925 406 lacrymant,
1952 365 2034 408 quia
2054 377 2133 399 cum

1147 401 1192 433 sit
1209 401 1381 442 calidum,
1408 414 1612 446 spumosum
1631 415 1663 441 et
1679 407 1907 454 halituosum,
1934 415 2060 449 excitat
2077 429 2134 449 ca-

1147 451 1258 483 lorem
1279 453 1483 495 sanguinis,
1511 461 1542 487 et
1559 457 1752 498 gignuntur
1767 462 1911 504 spiritus
1928 476 1992 509 pro
2018 467 2134 511 quali-

1149 508 1217 535 tate
1237 504 1419 556 sanguinis
1444 505 1676 549 copiosiores,
1704 512 1798 543 unde
1823 513 1860 545 in
1884 525 2006 556 graeco
2031 528 2132 551 verso

1146 552 1294 586 dicitur:
1341 557 1439 593 οἰνος
1472 552 1622 601 τρόποις
1654 560 1731 592 τῶν
1762 562 1968 606 χρωμένων
2000 564 2132 613 κεράν-

1144 616 1264 638 νυται.
1317 603 1376 638 Sic
1393 613 1425 639 et
1442 612 1516 640 atra
1535 607 1630 648 bilis,
1657 620 1737 641 cum
1755 610 1800 643 sit
1828 609 2000 649 halituosa
2028 624 2061 651 et
2083 624 2134 652 te-

1145 655 1286 695 nacior,
1313 655 1416 690 efficit
1438 656 1474 689 in
1494 658 1665 701 sanguine
1692 659 1837 703 spiritus
1860 664 2071 706 copiosiores
2099 676 2133 702 et

1144 706 1382 747 ardentiores,
1410 707 1498 741 sicut
1519 708 1609 751 ignis
1627 709 1664 742 in
1683 710 1775 744 ferro
1793 712 1865 745 urit
1890 715 2000 749 multo
2028 715 2133 752 vehe-

1144 756 1299 790 mentius
1323 763 1430 802 quam
1448 758 1486 791 in
1511 760 1652 803 stipula.

1247 824 1358 858 Fiunt
1384 832 1500 859 autem
1525 824 1611 861 haec
1635 828 1721 862 alias
1744 830 1872 873 magis,
1898 832 1983 866 alias
2005 834 2134 877 minus,

1143 875 1229 908 alias
1246 875 1478 918 concinnius,
1506 878 1594 911 alias
1613 880 1732 914 minus
1748 881 1940 925 concinne,
1968 884 2062 919 iuxta
2079 887 2134 919 di-

1144 926 1343 959 versitatem
1369 928 1487 962 erasis.
1542 927 1775 974 Conspectior
1802 939 1918 966 autem
1944 942 1993 969 est
2017 936 2133 970 varie-

1143 983 1195 1010 tas
1220 974 1414 1010 humorum
1438 978 1475 1010 in
1502 981 1677 1014 morbosis
1698 983 1923 1027 corporibus,
1957 986 2020 1019 ubi
2045 987 2134 1020 insi-

1141 1027 1257 1070 gniter
1275 1028 1415 1062 turbata
1433 1036 1484 1062 est
1503 1027 1688 1065 harmonia
1709 1036 1998 1077 temperamenti,
2024 1044 2056 1071 et
2075 1049 2132 1070 ex-

1142 1089 1254 1111 cessus
1279 1079 1386 1112 unius
1416 1080 1596 1124 qualitatis
1620 1089 1680 1116 aut
1713 1080 1874 1117 humoris
1899 1097 2026 1129 magno
2052 1100 2132 1121 cum

1141 1129 1297 1162 cruciatu
1332 1130 1534 1173 percipitur.
1605 1130 1721 1174 Quam
1754 1134 1842 1167 mira
1875 1136 2129 1171 dissimilitudo

1141 1186 1190 1212 est
1221 1181 1365 1212 adustae
1391 1180 1474 1213 bilis
1499 1181 1536 1212 in
1565 1183 1745 1215 communi
1779 1185 1915 1226 scabie,
1949 1187 1987 1219 in
2020 1188 2129 1232 lepra,

1141 1230 1177 1262 in
1206 1231 1331 1263 morbo
1359 1230 1506 1273 gallico,
1540 1238 1578 1264 ut
1608 1233 1814 1275 nominant,
1848 1236 1885 1267 in
1918 1248 2064 1279 cancro,
2092 1239 2130 1271 in

1141 1277 1350 1324 phthiriasi,
1388 1281 1423 1313 in
1451 1279 1698 1325 phagedaena,
1733 1297 1821 1329 quae
1844 1287 2050 1322 nominatur
2074 1289 2130 1322 lu-

1142 1342 1206 1374 pus
1224 1330 1376 1364 vorans?

1242 1397 1442 1431 Discrimen
1467 1400 1503 1431 in
1531 1401 1619 1433 crasi
1643 1407 1835 1446 temperata
1860 1405 2045 1440 obscurius
2071 1414 2131 1442 est.

1141 1446 1187 1482 Et
1202 1455 1320 1482 tamen
1340 1449 1389 1482 ibi
1408 1462 1549 1495 quoque
1566 1451 1670 1485 multi
1687 1454 1816 1495 gradus
1835 1462 1927 1496 sunt,
1954 1463 1987 1489 et
2003 1469 2131 1501 magna

1142 1507 1191 1534 est
1213 1500 1372 1535 varietas,
1426 1500 1642 1536 Nominatur
1667 1511 1782 1537 autem
1803 1512 1993 1549 temperata
2015 1509 2131 1549 erasis,

1143 1550 1179 1583 in
1198 1562 1267 1595 qua
1286 1557 1467 1596 utcunque
1485 1553 1679 1597 aequalitas
1695 1561 1762 1595 est,
1791 1561 1822 1588 et
1841 1559 2022 1600 proportio
2041 1571 2130 1603 qua-

1141 1602 1298 1642 litatum,
1338 1602 1465 1646 speciei
1505 1604 1731 1640 conveniens.
1807 1605 1878 1640 Nec
1911 1608 2131 1651 intelligatur

1141 1659 1210 1685 tam
1238 1652 1388 1695 perfecta
1413 1651 1618 1695 harmonia,
1652 1662 1691 1689 ut
1722 1668 1793 1689 non
1819 1657 1862 1690 sit
1887 1658 2005 1703 aliqua
2031 1660 2129 1703 levis,

1142 1709 1181 1737 ut
1200 1703 1245 1735 ita
1264 1703 1397 1743 dicam,
1425 1704 1654 1740 dissonantia.
1707 1705 1854 1740 Recedit
1872 1708 1978 1751 igitur
1993 1721 2129 1754 semper

1140 1760 1332 1797 temperata
1349 1756 1391 1787 ad
1411 1755 1515 1786 aliam
1539 1756 1673 1796 crasin,
1700 1768 1760 1790 seu
1784 1758 1881 1800 plus,
1909 1770 1969 1792 seu
1995 1760 2125 1796 minus.

1143 1803 1186 1836 In
1206 1803 1374 1844 Platone,
1401 1804 1569 1848 Scipione
1595 1805 1796 1840 discedebat
1825 1814 2016 1852 temperata
2048 1823 2126 1844 cra-

1140 1855 1186 1887 sis
1202 1854 1311 1898 magis
1337 1856 1379 1887 ad
1403 1853 1707 1893 melancholicam.
1761 1856 1803 1890 Iu
1825 1856 2027 1893 Alexandro
2053 1873 2127 1895 ma-

1141 1905 1193 1948 gis
1210 1906 1252 1938 ad
1273 1905 1513 1948 sanguineam.

1244 1971 1334 2006 Cum
1358 1972 1467 2015 igitur
1488 1973 1694 2008 Aristoteles
1718 1976 1844 2011 tribuit
1868 1978 2001 2022 ingenii
2025 1992 2128 2025 prae-

1140 2023 1305 2058 stantiam
1323 2021 1608 2065 melancholicis,
1634 2025 1733 2072 loqui
1762 2039 1841 2061 eum
1866 2030 1910 2062 de
1934 2036 2125 2075 temperata

1141 2075 1229 2108 crasi
1247 2074 1415 2113 sciamus,
1442 2075 1643 2109 declinante
1659 2078 1703 2109 ad
1721 2077 2023 2115 melancholicam.
2050 2079 2123 2114 Ex-

1140 2125 1235 2159 cellit
1252 2126 1346 2158 enim
1363 2123 1449 2159 haec
1466 2132 1657 2170 temperata
1676 2129 1780 2161 erasis
1799 2130 1980 2163 declinans
1996 2132 2038 2164 ad
2052 2144 2124 2164 me-

1140 2173 1396 2217 lancholicam,
1429 2176 1511 2221 quia
1541 2177 1579 2209 in
1604 2178 1665 2211 tali
1690 2179 1860 2223 sanguine
1883 2181 2026 2224 spiritus
2049 2182 2124 2214 effi-

1141 2227 1241 2261 ciunt
1257 2226 1427 2268 acriores,
1453 2227 1652 2262 stabiliores
1680 2236 1713 2263 et
1741 2230 1958 2264 ardentiores
1996 2238 2125 2273 motus,

1141 2278 1204 2324 qui
1221 2285 1338 2311 tamen
1363 2284 1445 2312 sunt
1467 2279 1651 2322 concinni,
1687 2280 1768 2324 quia
1792 2277 1976 2315 harmonia
2002 2283 2123 2328 aliquo

1142 2330 1248 2362 modo
1265 2335 1455 2373 temperata
1472 2336 1541 2368 est,
1567 2336 1601 2363 et
1624 2330 1763 2371 sanguis
1789 2329 1955 2364 nonnihil
1980 2333 2124 2376 refrige-

1142 2387 1259 2420 ratur,
1286 2387 1318 2413 et
1335 2386 1386 2414 est
1404 2380 1573 2419 sedatior,
1600 2385 1742 2422 propter
1759 2379 2029 2417 melancholiam
2049 2396 2122 2417 non

1143 2431 1320 2464 viciosam.
1389 2429 1441 2464 lta
1472 2436 1504 2462 et
1526 2428 1734 2463 Aristoteles
1764 2430 1879 2476 inquit
1907 2432 1942 2465 in
1969 2436 2122 2468 secundo

1142 2482 1235 2514 libro
1251 2482 1294 2514 de
1311 2481 1469 2524 partibus
1487 2479 1704 2514 animalium.
1758 2481 1910 2525 Sanguis
1927 2485 2075 2518 crassior
2092 2492 2125 2518 et

1144 2532 1291 2566 calidior
1303 2532 1406 2564 efficit
1425 2529 1537 2562 maius
1555 2530 1679 2564 robur.
1730 2530 1797 2565 Sed
1818 2534 1959 2567 tenuior
1974 2542 2006 2568 et
2025 2536 2124 2577 frigi-

1144 2583 1224 2616 dior
1244 2589 1347 2624 auget
1371 2580 1441 2612 vim
1468 2580 1643 2614 sentiendi
1664 2587 1697 2614 et
1712 2581 1946 2627 intelligendi.
2006 2584 2124 2619 Verba

1143 2631 1343 2667 Aristotelis
1358 2628 1441 2663 haec
1456 2636 1554 2664 sunt:
1573 2628 1648 2665 ἐστὶ
1664 2629 1689 2666 δ’
1706 2629 1834 2678 ἰσχύος
1846 2631 1916 2677 μὲν
1931 2632 2124 2680 ποιητικώ-

1143 2694 1251 2730 τερον
1273 2679 1315 2716 rb
1338 2676 1547 2729 παχύτερον
1567 2679 1661 2727 αἷμα
1681 2676 1744 2717 καὶ
1769 2681 2008 2733 θερμότερον.
2059 2687 2127 2720 Αἲ-

1644 2733 1667 2767 6
1691 2736 1709 2755 η-
