2379 2948
219 105 311 141 1371

217 188 414 223 vocandum
427 213 435 224 ,
461 184 554 228 quod
575 192 653 213 vere
670 180 714 213 sit
730 178 959 211 exauditurus
978 190 1063 218 nos,
1090 185 1121 211 et
1139 178 1200 210 da-

219 249 319 275 turus
343 236 525 285 promissa.

320 289 378 323 Sic
398 286 555 319 Psalmus
572 281 798 314 concionatur
818 280 860 312 de
879 279 1076 323 praecipuis
1100 278 1201 312 culti-

220 344 286 374 bus
318 335 510 383 praeceptis
543 345 559 365 a
583 331 677 372 Deo,
706 332 747 363 de
773 330 918 370 timore,
945 329 1031 371 fide,
1059 330 1203 362 invoca-

220 393 317 426 tione
335 396 396 422 etc.
424 384 470 419 Et
487 385 528 417 ad
547 381 640 415 hunc
659 394 761 415 usum
772 382 872 413 docet
887 380 1203 413 accommodandas

220 453 292 475 esse
309 437 491 473 historias,
520 441 551 467 et
570 433 726 476 exempla
743 443 888 475 operum
906 430 983 466 Dei.
1024 430 1117 464 Haec
1131 430 1203 463 sere

219 500 269 525 est
285 500 419 524 summa
438 484 641 531 posterioris
657 482 806 521 Psalmi,
835 494 939 525 quam
965 482 1105 514 orditur
1129 480 1203 527 pri-

220 553 317 576 mum
338 552 355 572 a
373 537 588 583 precatione:
617 531 705 567 [Yon
724 531 828 565 nobis
841 530 1019 569 Domine,
1048 543 1120 563 non
1139 541 1204 563 no-

223 593 297 630 his,
325 595 386 624 etc.
438 587 530 620 Petit
554 592 592 618 ut
610 583 704 617 Deus
722 585 908 627 gubernet,
937 582 1114 626 respiciat,
1144 582 1205 614 de-

221 643 342 676 fendat
370 652 407 672 ac
433 639 540 670 salvet
566 635 754 679 populum,
781 642 811 668 et
835 634 960 676 allegat
987 644 1124 666 causam
1143 644 1205 664 cur

224 699 317 738 petat
335 688 513 726 exaudiri,
538 687 700 719 videlicet
718 684 965 729 promissiones
993 690 1024 716 et
1048 683 1206 722 verbum,

222 752 261 778 ut
278 741 491 786 glorificetur
509 749 636 770 nomen
652 736 772 777 ipsius,
789 741 826 767 ut
845 735 1039 767 innotescat
1052 740 1084 766 et
1105 745 1205 776 prae-

224 796 369 829 dicetur,
387 790 481 836 quod
500 800 578 821 vere
594 788 639 820 sit
653 785 764 825 Deus,
784 797 927 818 servans
944 785 1112 827 promissa
1124 811 1132 824 ,
1149 796 1206 816 ex-

224 846 372 879 audiens
390 849 452 875 etc.
477 840 572 872 iuxta
593 837 861 880 promissiones,
890 847 961 867 non
981 842 1125 879 propter
1142 845 1206 866 no-

225 904 295 930 stra
312 893 453 928 merita,
482 896 539 922 aut
560 887 762 929 dignitatem
783 892 956 918 nostram:
984 887 1041 918 sed
1068 892 1209 929 propter

223 941 501 980 misericordiam
522 938 645 982 gratis,
672 937 760 969 sicut
776 935 862 968 alibi
880 935 1010 969 dicitur
1026 935 1207 971 Psal.78.:

223 997 372 1040 Propter
397 991 543 1035 gloriam
571 987 724 1020 nominis
751 987 803 1020 tui
828 986 939 1019 libera
965 998 1049 1029 nos,
1077 993 1107 1019 et
1128 998 1207 1029 pro-

225 1047 336 1091 picius
361 1044 407 1076 sis
432 1040 579 1085 peccatis
604 1037 734 1070 nostris
761 1044 904 1080 propter
934 1049 1063 1069 nomen
1096 1044 1209 1070 tuum.

224 1098 313 1131 Item
332 1094 421 1128 Psal.
438 1089 515 1126 25.;
542 1090 693 1133 Propter
711 1099 839 1121 nomen
865 1094 965 1121 tuum
992 1087 1211 1131 propiciabe—

226 1150 274 1182 ris
293 1151 433 1191 peccato
449 1154 525 1175 meo
541 1148 605 1174 etc.

328 1195 466 1230 Deinde
488 1192 586 1225 addit
612 1191 783 1223 illustrem
808 1187 998 1223 antithesin
1024 1190 1066 1222 de
1087 1187 1209 1229 Idolis,

226 1249 320 1295 quod
348 1246 498 1279 aliorum
524 1242 646 1284 religio
672 1248 704 1274 et
721 1240 835 1273 cultus
852 1240 922 1273 sint
940 1240 1123 1280 idolatria,
1151 1239 1211 1283 qui

226 1312 299 1334 non
317 1298 364 1331 sic
381 1300 573 1339 agnoscunt
589 1291 703 1325 Deum
723 1292 818 1324 iuxta
835 1291 982 1323 verbum
1005 1297 1038 1323 et
1063 1290 1211 1334 promis-

227 1352 360 1389 siones,
387 1345 454 1379 hoc
479 1351 547 1384 est,
575 1343 635 1387 qui
659 1354 732 1374 non
751 1353 829 1374 vere
853 1342 1001 1375 creduut
1016 1343 1111 1386 quod
1138 1340 1213 1374 Deo

228 1412 330 1435 curae
348 1399 418 1431 siut
433 1408 486 1429 res
504 1392 698 1433 humanae,
716 1392 811 1437 quod
830 1398 922 1425 certo
942 1392 1027 1426 velit
1047 1390 1213 1424 exaudire

230 1460 263 1486 et
281 1452 402 1484 iuvare
429 1446 631 1483 credentes,
661 1443 722 1475 sed
746 1441 893 1475 haerent
918 1442 955 1474 in
975 1442 1213 1475 dubitatione:

230 1503 309 1535 ideo
332 1511 405 1532 non
437 1497 603 1529 invocant
626 1494 765 1531 Deum,
802 1504 874 1524 non
908 1498 1084 1535 praestant
1115 1503 1215 1524 veros

230 1553 363 1590 cultus,
382 1561 419 1581 ac
435 1558 555 1580 revera
572 1551 653 1577 sunt
667 1544 741 1576 sine
757 1542 834 1575 Deo
846 1569 854 1583 ‚
881 1543 962 1586 quia
981 1543 1104 1575 talium
1121 1540 1215 1575 Deus

230 1615 293 1636 nec
318 1599 458 1637 ocutos,
493 1608 557 1628 nec
582 1606 682 1627 aures
706 1591 823 1625 habet.
877 1591 1032 1625 Econtra
1058 1599 1215 1630 testatur,

230 1653 323 1699 quod
342 1649 381 1683 hi
397 1659 476 1681 vere
494 1645 645 1679 habeant
662 1643 794 1683 Deum,
822 1642 883 1686 qui
906 1649 1028 1676 tenent
1052 1643 1212 1682 verbum,

231 1712 263 1738 et
281 1703 460 1736 credentes
482 1698 647 1730 invocant
673 1701 706 1727 et
721 1699 902 1737 expectant
927 1693 1096 1726 auxilium
1121 1693 1215 1726 iuxta

230 1751 494 1799 promissiones.

333 1802 391 1837 Sic
413 1801 461 1834 ait
484 1800 520 1831 in
546 1794 614 1829 hoc
630 1796 761 1840 populo
779 1801 896 1828 extare
913 1807 1029 1828 veram
1050 1794 1215 1827 noticiam

232 1855 318 1895 Dei,
355 1860 388 1885 et
409 1850 522 1884 Deum
554 1848 592 1879 in
619 1847 703 1890 ipsis
734 1846 908 1890 conspici,
942 1846 1035 1890 quod
1066 1846 1111 1878 sit
1136 1856 1217 1877 vere

231 1906 327 1940 Deus
339 1929 348 1944 ,
378 1902 460 1947 quia
478 1898 606 1933 habeat
623 1898 727 1931 talem
744 1896 914 1940 populum
928 1923 936 1936 ,
965 1896 1025 1940 qui
1041 1897 1216 1938 guberne-

233 1965 292 1991 tur
315 1954 441 1991 verbo,
475 1950 535 1994 qui
560 1954 709 1992 praestet
732 1959 831 1980 veros
857 1947 991 1987 cultim,
1028 1954 1059 1979 et
1084 1947 1119 1978 in
1148 1958 1217 1990 quo

234 2011 350 2040 extent
366 2002 522 2045 exempla
539 1999 785 2032 beneficiorum
809 2004 843 2030 et
865 2009 1010 2041 operum
1028 1996 1111 2036 Dei,
1138 1996 1217 2041 quia

236 2056 372 2090 dederit
390 2053 559 2089 verbum,
587 2056 619 2081 et
638 2055 750 2081 servet
775 2047 962 2091 promissa,
991 2049 1163 2090 gubernet
1187 2054 1216 2079 et

237 2111 419 2141 conservet
444 2100 676 2135 sacerdotium
709 2105 742 2132 et
773 2097 932 2142 politiam
958 2095 1062 2131 huius
1087 2098 1220 2143 populi,

237 2156 399 2192 exaudiat
416 2161 448 2187 et
466 2152 606 2185 adiuvet
623 2150 712 2193 pios.

340 2206 381 2239 ln
399 2205 467 2238 fine
489 2201 614 2245 repetit
638 2199 827 2243 gratiarum
845 2198 1016 2231 actionem
1042 2210 1106 2241 pro
1131 2198 1220 2230 datis

237 2256 435 2293 beneficiis,
463 2255 552 2286 bene
568 2257 728 2295 precatur
746 2249 878 2293 populo
899 2256 930 2282 et
953 2248 1118 2281 omnibus
1142 2248 1220 2292 piis,

237 2318 276 2344 ut
300 2307 395 2342 Deus
420 2310 543 2347 augeat
572 2309 605 2335 et
630 2306 812 2334 conservet
840 2296 925 2332 haec
957 2299 1147 2338 beneficia,
1183 2306 1216 2331 ut

239 2363 449 2405 propagetur
467 2352 615 2387 verbum
641 2364 679 2385 ac
698 2363 779 2383 vera
803 2350 931 2383 noticia
950 2349 1035 2389 Dei,
1063 2356 1100 2382 ut
1116 2349 1219 2382 etiam

240 2412 363 2444 floreat
383 2405 502 2451 politia
519 2410 580 2436 etc.
633 2403 684 2435 Ac
710 2399 768 2434 hic
784 2402 883 2433 docet
901 2401 1004 2433 etiam
1025 2399 1219 2446 corporalia

240 2458 408 2493 beneficia
431 2467 503 2489 esse
524 2453 590 2487 Dei
612 2454 724 2492 dona,
760 2451 978 2493 magistratus
992 2478 999 2490 ‚
1036 2462 1220 2483 conserva-

242 2511 374 2544 tionem
391 2505 522 2551 publici
540 2511 648 2537 status
667 2510 728 2536 etc.
747 2514 825 2535 cum
845 2502 974 2546 inquit:
995 2501 1142 2534 Terram
1161 2502 1219 2534 de—

244 2561 296 2593 dit
313 2559 392 2592 filiis
411 2556 610 2589 hominum.
664 2554 720 2586 Ad
741 2559 932 2585 extremum
951 2552 1078 2586 iterum
1097 2552 1219 2594 allegat

242 2609 333 2643 hanc
351 2618 486 2641 causam
503 2604 696 2649 petitionis,
711 2610 749 2637 ut
762 2601 856 2636 Deus
872 2609 1015 2646 propter
1031 2614 1127 2635 suam
1146 2603 1221 2645 glo-

242 2662 331 2694 riam
349 2656 509 2692 exaudiat
526 2656 746 2695 invocantes,
773 2653 956 2694 videlicet,
973 2660 1012 2687 ut
1029 2653 1222 2687 innotescat

804 91 928 127 PHIL.
959 91 1072 129 MEL.
1099 90 1310 127 SCRIPTA
1338 90 1635 128 EXEGETICA.

2146 93 2242 128 1372

1255 179 1329 211 eius
1353 178 1611 218 misericordia,
1639 178 1733 222 quod
1761 178 1866 221 gratis
1891 178 2052 222 respiciat
2076 185 2109 212 et
2132 179 2241 212 salvet

1255 240 1333 262 nOS.
1386 227 1532 273 Alioqui
1553 229 1645 262 enim
1665 241 1736 261 uon
1755 235 1870 272 posset
1892 229 2085 273 praedicari
2110 236 2142 262 et
2164 230 2239 262 lau-

1255 280 1349 319 dari,
1372 279 1400 310 si
1419 291 1492 311 non
1511 279 1691 312 exaudiret
1710 280 1776 311 nisi
1801 291 1865 312 uos
1889 291 2040 312 essemus
2064 280 2145 313 satis
2168 292 2241 312 me-

1254 330 1333 370 riti,
1360 336 1392 362 et
1410 329 1613 362 afferremus
1632 337 1787 363 nostram
1811 329 2028 373 dignitatem.
2083 330 2166 363 ldeo
2186 330 2242 364 in—

1256 381 1346 426 quit:
1373 379 1452 414 Non
1475 381 1605 413 mortui
1625 381 1821 414 laudabunt
1838 387 1871 413 te
1889 379 2056 413 Domine.

1360 439 1411 474 lta
1448 447 1525 483 apte
1562 437 1724 472 cohaeret
1758 439 1932 483 posterior
1968 437 2130 472 Psalmus
2163 451 2242 472 cum

1258 490 1393 535 priore,
1419 491 1501 535 quia
1520 487 1703 524 historiam
1729 490 1949 522 liberationis
1966 489 2089 533 populi
2107 501 2244 523 accom-

1258 542 1379 574 modat
1394 542 1436 573 ad
1455 541 1649 574 doctrinam
1674 541 1755 573 fidei
1782 547 1813 574 et
1836 540 2092 580 invocationis,
2118 539 2245 573 videli-

1259 599 1333 631 cet,
1366 592 1458 636 quod
1486 591 1660 624 invocatio
1691 592 1814 624 debeat
1841 591 1914 624 fieri
1949 588 2013 623 hac
2037 590 2123 631 fide,
2157 602 2245 635 quae

1261 643 1390 675 nititur
1418 641 1568 684 gratuita
1595 641 1853 682 misericordia,
1889 653 1962 674 non
1986 648 2104 674 nostra
2128 641 2246 684 digni-

1259 700 1349 733 tate,
1377 699 1410 725 et
1427 693 1521 737 quod
1538 689 1623 725 haec
1641 691 1686 724 sit
1701 704 1781 725 vera
1802 693 1931 725 noticia
1949 690 2034 732 Dei,
2062 703 2150 736 quae
2175 698 2247 725 sta·

1262 744 1329 777 tuit
1352 742 1465 776 Deum
1490 754 1562 775 non
1590 754 1663 775 esse
1686 743 1860 783 ociosum,
1885 749 1945 776 aut
1968 754 2041 775 non
2065 748 2246 775 curantem

1260 792 1432 827 bumana:
1466 794 1524 826 sed
1549 793 1671 833 talem,
1698 793 1759 837 qui
1785 805 1864 825 vere
1888 793 2050 836 respiciat
2074 804 2157 832 nos,
2185 792 2247 837 qui

1261 845 1345 878 velit
1361 844 1539 883 invocari,
1567 851 1599 877 et
1615 856 1678 877 nos
1694 843 1858 876 exaudire
1881 855 1921 878 ac
1938 844 2059 877 iuvare
2071 871 2079 883 ,
2104 849 2261 887 propter.

1262 895 1541 928 misericordiam
1559 894 1778 938 promissam.

1366 953 1528 987 Breviter
1546 954 1747 997 complexus
1762 965 1837 986 sum
1857 959 2048 998 utrumque
2060 952 2249 993 psalmum,

1264 1006 1325 1051 qui
1344 1006 1446 1037 etiam
1464 1005 1728 1038 transferendus
1744 1011 1793 1037 est
1817 1004 1859 1036 ad
1883 1015 1956 1038 nos,
2009 1004 2060 1036 Ac
2077 1004 2250 1047 posterior

1265 1068 1344 1101 pars
1377 1063 1425 1089 est
1449 1055 1552 1098 plane
1577 1055 1749 1098 generalis
1781 1054 1943 1088 doctrina
1977 1054 2192 1087 conveniens
2217 1060 2250 1087 et

1265 1115 1342 1151 apta
1361 1106 1526 1139 omnibus
1543 1106 1713 1138 aetatibus
1737 1112 1771 1138 et
1786 1104 2015 1148 temporibus.
2068 1104 2136 1138 Sed
2154 1105 2252 1148 prior

1266 1170 1364 1202 pars,
1392 1169 1480 1201 quae
1497 1163 1546 1189 est
1563 1154 1746 1196 historica,
1774 1166 1878 1197 agens
1895 1155 2022 1198 gratias
2039 1167 2102 1199 pro
2121 1155 2252 1188 libera-

1267 1210 1362 1242 tione
1398 1214 1431 1240 et
1464 1207 1641 1240 beneficiis
1673 1204 1838 1239 exhibitis
1878 1206 2010 1250 populo
2048 1205 2253 1245 Isracelitico,

1268 1260 1373 1292 etiam
1398 1264 1489 1291 recte
1514 1264 1546 1291 et
1569 1257 1705 1291 utiliter
1723 1256 2047 1290 accommodabitur
2063 1257 2106 1289 ad
2127 1254 2252 1290 Eccle-

1267 1310 1351 1343 siam
1365 1336 1373 1349 ,
1402 1321 1490 1354 quae
1515 1308 1585 1351 agit
1607 1308 1734 1351 gratias
1757 1319 1820 1351 pro
1836 1307 1908 1340 illis
1923 1307 2127 1350 ingentibus
2144 1307 2252 1340 bene-

1269 1360 1376 1400 ficiis,
1413 1371 1502 1403 quae
1525 1360 1629 1392 nobis
1653 1359 1864 1400 contingunt
1889 1364 2034 1401 propter
2058 1355 2266 1397 Christum„

1269 1418 1301 1444 et
1316 1416 1566 1454 proponuntur
1588 1409 1626 1441 in
1643 1406 1856 1450 Evangelio,
1883 1409 1977 1452 quod
2003 1419 2065 1452 per
2089 1405 2185 1441 hunc
2209 1407 2254 1440 li—

1268 1462 1433 1494 beremur
1449 1472 1466 1492 a
1484 1466 1642 1503 peccato,
1669 1466 1800 1497 morte,
1831 1465 1863 1491 et
1882 1471 1900 1491 a
1918 1464 2089 1502 potestate
2105 1457 2253 1498 diaboli,

1269 1524 1308 1545 ac
1325 1510 1515 1553 recipimur
1532 1522 1549 1542 a
1568 1508 1660 1549 Deo,
1686 1515 1724 1542 ut
1742 1509 1851 1542 simus
1869 1508 1932 1541 filii
1957 1515 1990 1541 et
2010 1506 2176 1541 haeredes
2199 1508 2254 1540 vi-

1270 1569 1323 1595 tae
1348 1567 1518 1594 aeternae.
1573 1559 1666 1602 Quia
1691 1559 1751 1592 illa
1778 1559 1971 1603 corporalis
1993 1559 2157 1592 liberatio
2181 1567 2254 1592 ernt

1271 1612 1365 1644 velut
1390 1611 1514 1643 umbra
1540 1617 1574 1643 et
1597 1610 1821 1652 significatio,
1852 1610 2046 1643 admonens
2076 1610 2120 1643 de
2147 1610 2254 1657 spiri—

1271 1663 1425 1696 tualibus
1448 1668 1481 1694 et
1506 1661 1657 1694 aeternis
1676 1660 1875 1703 beneficiis,
1904 1673 1992 1705 quae
2018 1667 2099 1694 sunt
2122 1672 2255 1708 propo-

1271 1714 1334 1746 sita
1350 1713 1386 1744 in
1403 1711 1697 1760 promissionibus
1715 1710 1913 1755 Evangelii.

1372 1778 1429 1812 Sic
1448 1790 1528 1820 ergo
1547 1785 1580 1811 et
1597 1789 1661 1810 nos
1677 1783 1820 1810 utamur
1837 1776 1997 1822 Psalmo,
2017 1789 2160 1821 agamus
2177 1790 2257 1822 gra·

1272 1830 1337 1863 tias
1348 1827 1440 1869 Deo,
1465 1830 1559 1873 quod
1581 1826 1742 1861 exhibuit
1761 1826 1952 1869 Christum,
1969 1829 2030 1873 qui
2050 1829 2176 1863 liberat
2191 1841 2255 1863 nos

1273 1893 1289 1913 a
1307 1886 1446 1923 peccato
1463 1886 1495 1912 et
1513 1891 1531 1911 a
1549 1886 1680 1919 morte,
1707 1886 1739 1912 et
1756 1891 1820 1926 per
1835 1879 1950 1926 ipsum
1969 1880 2126 1927 impertit
2143 1887 2255 1913 aeter-

1272 1943 1316 1963 na
1337 1931 1428 1963 bona
1442 1957 1450 1969 ,
1478 1929 1652 1963 iusticiam
1671 1936 1703 1962 et
1722 1930 1828 1962 vitam
1845 1937 2042 1970 aeternam,
2072 1930 2168 1964 dedit
2189 1942 2256 1963 no-

1273 1981 1326 2014 bis
1350 1981 1496 2013 verbum
1509 2007 1518 2020 ,
1559 1993 1628 2025 quo
1662 1980 1778 2027 ipsum
1813 1991 2098 2022 agnosceremus,
2142 1987 2257 2014 servat

1274 2032 1444 2079 promissa
1458 2058 1467 2071 ‚
1502 2031 1662 2077 respicit,
1696 2031 1836 2063 exaudit
1869 2037 1902 2063 et
1935 2031 2077 2065 adiuvat
2113 2042 2178 2064 nos
2219 2031 2257 2063 in

1273 2082 1439 2115 omnibns
1454 2081 1621 2129 periculis
1633 2108 1642 2121 ,
1666 2081 1839 2124 gubernat
1855 2087 1887 2113 et
1904 2080 2094 2115 sanctificat
2111 2093 2177 2115 nos
2193 2082 2257 2115 da-

1274 2140 1308 2166 to
1342 2132 1479 2180 Spiritu
1509 2138 1646 2172 sancto,
1690 2131 1845 2164 defendit
1877 2132 2043 2165 adversus
2075 2132 2257 2166 saevitiam

1274 2184 1399 2216 mundi
1423 2189 1455 2216 et
1481 2182 1634 2222 diaboli,
1660 2182 1748 2215 sicut
1766 2181 1867 2215 illum
1883 2183 2056 2230 populum
2081 2183 2258 2216 mirabili-

1274 2241 1327 2267 ter
1342 2233 1500 2266 defendit
1517 2240 1548 2267 et
1564 2232 1726 2267 servavit.
1781 2231 1831 2265 Ita
1852 2233 2009 2280 proderit
2028 2233 2129 2266 nobis
2153 2233 2257 2267 lectio

1275 2283 1459 2322 historiae,
1494 2283 1524 2317 si
1548 2284 1737 2316 admoneat
1766 2295 1831 2316 nos
1866 2284 1908 2317 de
1935 2284 2133 2323 beneficiis,
2167 2296 2256 2329 quae

1245 2339 1247 2348 '
1274 2336 1378 2369 nobis
1394 2333 1488 2368 Deus
1503 2333 1689 2381 promittit.

1374 2400 1512 2435 Deinde
1537 2398 1621 2434 haec
1647 2402 1898 2435 transferamus
1919 2403 1961 2435 ad
1986 2414 2089 2437 usum
2112 2403 2148 2435 in
2175 2402 2256 2439 vita,

1275 2460 1308 2486 et
1337 2454 1380 2485 ad
1409 2451 1569 2485 exercitia
1599 2452 1680 2484 fidei
1710 2459 1743 2485 et
1774 2453 2030 2491 invocationis,
2064 2453 2153 2486 sicut
2181 2452 2256 2499 ipse

1275 2502 1434 2536 Psalmus
1450 2504 1565 2535 docet:
1601 2503 1775 2536 discamus
1799 2515 1985 2546 agnoscere
2001 2503 2114 2537 Deum
2129 2530 2138 2547 ,
2161 2504 2257 2548 quod

1275 2565 1355 2586 vere
1375 2560 1450 2596 agat
1468 2553 1671 2591 nobiscum,
1706 2554 1788 2586 velit
1806 2566 1878 2587 esse
1897 2555 1934 2586 in
1952 2554 2055 2587 nobis
2070 2554 2201 2593 efficax,
2224 2561 2258 2587 et

1275 2604 1456 2651 impertire
1471 2603 1581 2641 bona,
1610 2611 1642 2636 et
1658 2604 1812 2651 postulet
1837 2617 1856 2637 a
1879 2604 1981 2637 nobis
2004 2604 2173 2648 praestari
2198 2616 2258 2635 ve-

1276 2666 1334 2688 ros
1366 2654 1565 2702 spirituales
1603 2654 1735 2692 cultus,
1779 2655 1882 2688 fidem
1917 2661 1951 2688 et
1987 2655 2258 2690 invocationem.
