2379 2948
145 78 218 115 557
733 76 795 115 ΙΙΙ.

144 170 277 203 motus,
328 162 462 196 scilicet
499 162 642 206 agitatio
687 162 724 194 in
768 162 946 205 subiecto,
984 167 1017 194 et
1051 167 1135 194 tunc

146 213 289 259 quidem
316 225 394 246 cum
421 214 533 247 tendit
557 214 600 246 ad
624 213 783 246 formam.
838 212 933 245 Haec
955 222 1028 244 non
1054 217 1136 244 sunt

145 266 305 298 obscura.

249 314 317 349 Sed
338 315 508 348 illustrior
524 319 610 347 esset
630 313 755 352 oratio,
783 311 812 343 si
828 311 871 344 de
887 311 1001 356 specie
1017 310 1135 355 aliqua

146 372 264 398 motus
291 366 484 405 diceretur,
514 371 546 397 et
571 374 693 396 causae
715 361 922 403 efficientes,
958 362 1078 395 finales
1102 367 1135 394 et

145 417 379 449 instrumenta
403 415 651 453 recitarentur,
680 419 719 447 ut
744 412 772 446 si
790 413 1049 446 describeretur
1067 410 1135 447 Ira.

148 465 202 499 Ira
221 474 270 501 est
289 465 482 499 verberatio
496 464 611 497 cordis
627 469 703 497 orta
720 475 800 503 are,
830 475 918 508 quae
938 462 1136 497 ostenditur

147 524 186 550 ut
210 517 319 556 mala,
349 523 392 549 *et
417 526 521 559 quam
546 514 722 558 depellere
746 526 806 547 cor
830 514 978 554 nititur,
1005 514 1042 546 in
1066 525 1134 558 qua

149 567 355 611 depulsione
388 566 532 609 spiritus
562 565 679 598 cordis
707 564 904 598 effunditur
929 565 966 597 in
993 564 1135 607 sangui-

147 630 247 658 nem,
277 625 309 651 et
327 616 515 659 agitatione
534 616 606 659 ipsa
622 615 844 655 accenditur,
874 623 907 649 et
927 616 1134 658 sanguinem

147 669 320 708 calefacit,
358 675 390 701 et
414 666 520 700 bilem
543 667 687 699 rubram
714 666 832 706 inflat,
861 673 900 700 ut
917 665 1136 710 depulsionis

145 731 246 753 causa
263 719 404 761 sanguis
422 718 459 750 in
477 719 649 751 exteriora
666 723 868 760 spargatur,
893 717 1052 761 fiuntque
1070 713 1135 748 hae

147 770 364 813 agitationes,
391 769 473 813 quia
491 768 570 801 talis
590 774 639 801 est
656 767 772 800 cordis
791 773 936 810 natura,
963 774 1001 801 ut
1017 766 1135 810 gignat

147 821 312 864 spiritus,
346 827 378 853 et
404 819 590 863 spirituum
614 825 740 853 natura
764 818 843 851 talis
867 825 934 858 est,
968 824 1009 851 ut
1038 828 1135 861 spar-

146 877 275 913 gantur
293 871 329 903 in
347 877 460 904 totum
480 882 625 914 corpuS‚
654 877 686 903 et
705 876 803 903 motu
828 876 862 903 et
879 869 996 902 calore
1020 868 1135 901 cordis

147 922 376 960 incalescant,
405 927 436 954 et
455 927 645 965 properent
664 921 701 953 in
725 927 876 953 extrema
893 920 1069 958 membra,
1097 924 1136 951 ut

147 983 186 1005 ea
201 979 338 1005 arment
356 973 397 1004 ad
417 972 661 1015 depulsionem
680 971 821 1010 obiecti,
851 972 944 1016 quod
963 969 1122 1003 offendit.

249 1022 353 1055 Tales
371 1023 592 1055 definitiones
608 1023 651 1055 de
668 1022 779 1066 specie
806 1029 887 1055 sunt
912 1020 1135 1054 illustriores.

149 1073 342 1107 Incurrunt
360 1074 454 1105 enim
484 1073 520 1105 in
544 1084 664 1105 sensus
691 1084 813 1105 causae
838 1072 1044 1111 efficientes,
1081 1070 1137 1102 in-

148 1131 341 1157 strumenta
365 1131 397 1156 et
425 1124 597 1163 subiecta,
633 1130 672 1156 ut
700 1123 727 1155 si
761 1123 945 1156 eiaculatio
976 1121 1073 1166 globi
1097 1132 1137 1153 ex

151 1175 336 1207 tormentis
356 1174 491 1206 bellicis
507 1174 773 1206 describeretur.

252 1222 300 1258 At
318 1224 476 1257 definitio
500 1231 616 1258 motus
642 1224 678 1255 in
704 1235 829 1266 genere
853 1224 945 1267 apud
965 1221 1138 1256 Aristote-

150 1325 248 1359 nulla
265 1323 322 1357 hic
338 1324 471 1357 mentio
487 1324 523 1357 fit
540 1335 722 1356 causarum
738 1324 978 1363 efficientium,
1007 1329 1067 1356 aut
1084 1323 1140 1355 in-

151 1381 438 1408 strumentorum.
467 1373 563 1406 ³ldeo
581 1374 646 1406 sub
662 1374 810 1406 obscura
829 1374 979 1412 videtur,
1006 1385 1044 1406 ac
1062 1380 1140 1407 tan—

151 1433 227 1460 tum
253 1422 319 1458 hoc
344 1425 491 1458 dicitur:
527 1424 667 1458 Motum
700 1435 772 1456 esse
795 1423 1044 1466 agitationem,
1072 1435 1140 1468 qua

154 1526 313 1559 Galenus
336 1533 472 1559 motum
503 1525 673 1560 definivit.

152 1575 283 1610 habere
300 1588 404 1621 quam
423 1577 532 1620 prius,
553 1583 586 1610 et
602 1583 662 1609 aut
677 1575 857 1620 acquirere
873 1575 1020 1620 aliquid,
1047 1576 1141 1620 quod

155 1628 252 1672 prius
283 1628 443 1661 nondum
471 1629 610 1667 aderat,
652 1633 711 1659 aut
740 1626 890 1659 abiicere
923 1633 1141 1670 praesentem

155 1678 316 1713 formam.

259 1728 354 1761 Haec
372 1727 560 1771 descriptio
580 1727 761 1771 perspicua
779 1733 842 1767 est,
868 1727 929 1760 etsi
948 1732 1145 1770 propterea,

158 1780 239 1825 quia
258 1780 300 1812 de
315 1790 440 1822 genere
457 1778 635 1823 loquitur,
663 1790 736 1810 non
761 1777 809 1810 sic
827 1778 864 1809 in
880 1778 1001 1810 oculos
1026 1776 1145 1807 incur-

159 1831 224 1868 rit,
263 1835 301 1862 ut
325 1830 351 1862 si
379 1830 422 1862 de
450 1835 549 1862 motu
574 1829 722 1862 alicuius
750 1825 933 1860 machinae
957 1827 1145 1859 diceretur.

158 1880 293 1915 Eadem
327 1886 443 1912 autem
469 1890 613 1923 prorsus
647 1878 817 1911 sententia
853 1885 902 1911 est
929 1875 1147 1910 definitionis

161 1931 309 1971 Galeni,
337 1942 425 1975 quae
451 1936 501 1963 est
519 1927 775 1963 Aristotelicae.
828 1927 950 1962 Motus
972 1934 1023 1961 est
1041 1933 1149 1965 actus,

162 1984 199 2015 id
219 1989 286 2021 est,
315 1981 497 2026 acquisitio
516 1981 662 2022 formae,
691 1980 746 2013 vel
762 1979 928 2019 abiectio,
956 1980 993 2011 in
1011 1976 1150 2016 mobili,

162 2033 256 2077 quod
280 2031 358 2065 aliis
382 2031 496 2064 verbis
526 2031 573 2064 ita
602 2031 744 2064 dicitur.
801 2030 921 2064 Motus
952 2036 1001 2062 est
1029 2027 1150 2072 acqui-

165 2083 245 2117 sitio
273 2082 483 2121 successiva‚
519 2093 579 2115 seu
611 2082 759 2115 abiectio
785 2082 917 2114 formae
940 2080 1089 2114 alicuius
1113 2078 1149 2110 in

166 2133 332 2167 subiecto.

269 2182 383 2217 Multa
396 2195 539 2227 paterga
558 2183 594 2216 in
607 2180 663 2216 his
681 2182 848 2217 tenuibus
864 2179 1020 2214 materiis
1031 2180 1152 2223 dispu-

165 2242 235 2268 tata
259 2240 358 2275 sunt,
385 2246 472 2279 quae
491 2235 633 2275 omitto,
659 2241 698 2267 ut
715 2245 760 2266 an
784 2238 900 2265 motus
916 2230 1154 2273 distinguatur
1179 2250 1180 2255 =

169 2336 301 2369 similes
332 2335 577 2378 responsiones
609 2342 690 2368 sunt
719 2336 762 2367 de
800 2340 899 2367 motu
925 2280 1156 2366 loczililceihde
1180 2332 1182 2360 ἶ
1208 2316 1257 2342 Ε5Ῑ
1281 2319 1467 2345 sensum&
1493 2312 1553 2340 aut
1576 2306 1789 2343 intellectus,
1825 2303 1970 2346 pingens
1994 2301 2195 2344 imaginem,

506 2384 548 2418 In
577 2385 845 2419 alterationibus
879 2389 1156 2417 consentaneum
1181 2383 1183 2399 ²
1209 2368 1324 2394 tamen
1345 2358 1494 2403 qualltas
1512 2358 1653 2390 dmmr’

168 2298 184 2320 a
203 2284 329 2317 mobili
357 2292 390 2317 et
418 2296 436 2317 a
456 2285 581 2323 sorma,
616 2296 705 2330 quae
724 2283 932 2328 acquiritur.

168 2385 447 2420 alterationibus.

169 2445 237 2477 est,
262 2443 399 2469 motum
425 2447 496 2469 non
520 2436 688 2478 distingui
709 2435 850 2469 realiter
873 2446 890 2467 a
912 2435 1043 2473 forma,
1069 2445 1157 2477 quae

171 2487 384 2532 acquiritur,
411 2494 449 2519 ut
466 2486 642 2519 calefactio
659 2486 771 2528 reipsa
787 2492 838 2519 est
852 2485 1010 2518 caliditas
1034 2484 1158 2528 paula-

170 2539 234 2571 tim
250 2549 312 2581 per
328 2543 441 2580 partes
455 2535 636 2581 acquisita.
685 2534 779 2569 Hine
797 2536 901 2569 talem
917 2535 1158 2569 definitionem

172 2595 289 2622 motus
311 2588 420 2633 aliqui
447 2587 682 2621 tradiderunt:
720 2584 841 2619 Motus
864 2592 914 2619 est
938 2586 1013 2630 ipsa
1036 2585 1160 2624 forma,

176 2651 265 2684 quae
282 2639 473 2672 successive
489 2649 550 2682 per
564 2643 678 2681 partes
695 2636 900 2680 acquiritur.

850 74 1007 111 INITlA
1035 71 1328 111 DOCTRINAE
1355 71 1606 109 PHYSICAE.

2106 75 2180 110 358

1277 157 1348 191 Sed
1370 158 1408 190 in
1428 166 1526 192 motu
1544 159 1648 192 locali
1663 170 1735 192 non
1753 157 1947 204 acquiritur
1965 160 2074 194 forma
2092 158 2175 194 hae-

1188 219 1270 242 rens
1288 207 1325 240 in
1343 219 1508 252 corpore,
1535 211 1594 242 sed
1620 210 1735 254 ipsum
1759 221 1884 253 corpus
1903 211 2095 244 successive
2111 213 2174 245 ad-

1188 260 1341 303 plicatur
1357 258 1435 291 aliis
1459 260 1632 294 terminis.
1685 260 1746 294 Est
1769 260 1877 303 igitur
1902 267 2017 294 motus
2043 262 2174 300 localis,

1187 310 1303 354 ipsum
1326 320 1454 354 corpus
1478 309 1608 341 mobile
1633 311 1847 354 adplicatum
1877 312 2068 345 successive
2095 312 2173 345 aliis

1187 359 1359 395 terminis.
1414 358 1484 393 Sed
1504 356 1566 391 has
1581 361 1733 402 argutias
1749 361 1923 406 relinquo.

1420 461 1513 501 Quot
1531 462 1621 493 sunt
1637 462 1776 503 species
1793 460 1942 495 motus?

1290 523 1358 558 Sex
1384 525 1513 569 species
1534 524 1719 568 pueriliter
1741 532 1990 565 numerantur,
2019 526 2101 571 quia
2124 533 2175 560 tot

1188 580 1269 608 sunt
1294 576 1425 619 species
1450 582 1583 616 motus,
1609 581 1695 619 quot
1721 581 1803 608 sunt
1827 586 1951 618 genera
1973 588 2090 609 rerum
2114 588 2175 610 seu

1187 625 1442 666 terminorum,
1478 637 1568 670 quae
1598 626 1832 670 acquiruntur
1859 632 1918 658 aut
1949 626 2174 660 abiiciuntur.

1188 676 1281 709 Sunt
1306 684 1422 711 autem
1458 687 1584 719 genera
1611 687 1728 708 rerum
1755 682 1923 720 quatuor:
1961 675 2176 717 Substantia,

1189 726 1399 769 Quantitas,
1425 725 1585 769 Qualitas
1603 734 1635 760 et
1652 725 1785 765 Locus,
1813 738 1851 758 ac
1875 727 1965 759 duae
1990 726 2119 770 species
2139 727 2176 759 in

1189 778 1384 811 substantia
1399 777 1609 815 recitantur,
1638 778 1727 809 duae
1745 776 1781 809 in
1799 777 2005 821 quantitate.

1292 836 1486 870 Generatio
1504 843 1554 870 est
1577 842 1693 869 motus
1711 846 1770 869 seu
1786 835 1953 875 mutatio,
1976 846 2043 880 qua
2057 835 2178 880 acqui-

1190 888 1282 921 ritur
1312 888 1427 920 forma
1458 887 1717 924 substantialis,
1757 898 1817 919 seu
1844 887 1953 919 totius
1986 885 2176 925 individui,

1191 950 1251 971 seu
1283 938 1392 982 partis
1424 938 1460 970 in
1491 938 1698 972 substantia.
1760 937 1858 969 Sicut
1882 944 1914 970 et
1943 936 2178 969 nutritionem

1190 995 1280 1021 recte
1306 989 1429 1021 dicunt
1454 999 1526 1021 esse
1547 988 1828 1031 generationem,
1857 988 1914 1019 sed
1940 986 2068 1030 partis,
2095 986 2178 1030 quia

1190 1039 1450 1072 nutrimentum
1470 1039 1619 1071 vertitur
1637 1039 1673 1070 in
1694 1037 1925 1071 substantiam
1949 1037 2043 1077 aliti,
2070 1048 2178 1081 eaque

1190 1090 1385 1123 mutatione
1411 1089 1607 1134 acquiritur
1635 1089 1746 1122 forma
1769 1087 2025 1125 substantialis,
2054 1088 2113 1120 sed
2141 1093 2180 1120 ut.

1191 1141 1227 1173 in
1244 1147 1355 1184 parte.

1293 1189 1485 1233 Corruptio
1503 1195 1553 1222 est
1570 1196 1685 1224 motus
1703 1201 1763 1222 seu
1780 1188 1940 1227 mutatio,
1968 1198 2035 1232 qua
2055 1186 2179 1220 abiici-

451 1275 457 1282 .
736 1274 742 1280 .
957 1274 964 1281 ,
987 1274 993 1280 ,
1165 1252 1166 1272 1
1191 1249 1247 1275 tur
1263 1241 1375 1273 forma
1395 1240 1646 1275 substantialis.

151 1276 240 1314 lem,
275 1281 419 1318 propter
449 1285 558 1317 ipsam
590 1274 873 1317 generalitatem,
914 1274 1039 1306 exilior
1067 1279 1137 1311 est,
1166 1290 1167 1294 =

1294 1290 1545 1334 Augmentatio
1561 1297 1610 1323 est
1631 1296 1748 1323 motus
1766 1301 1826 1324 seu
1841 1290 1989 1324 mutatio
2002 1315 2011 1330 ‚
2038 1300 2106 1333 qua
2124 1299 2181 1321 ac-

1193 1342 1349 1387 quiritur
1367 1342 1479 1374 maior
1494 1340 1682 1384 quantitas.

1296 1391 1430 1425 Multas
1469 1389 1527 1423 hic
1562 1390 1818 1434 disputationes
1853 1391 1976 1423 omitto
1989 1415 1997 1428 ‚
2021 1388 2181 1432 {quando

153 1476 348 1509 subiectum
373 1475 476 1509 aliter
497 1487 532 1508 se
555 1473 680 1514 habet,
714 1486 818 1518 quam
846 1474 963 1517 prius,
994 1474 1083 1507 sicut
1110 1480 1142 1507 et
1195 1444 1432 1486 augmentatio
1451 1441 1494 1475 sit
1510 1441 1681 1482 nutritio,
1708 1442 1850 1485 quando
1869 1440 2012 1479 mixti0‚
2038 1439 2181 1483 quando

728 1523 868 1557 Moveri
894 1531 944 1558 est
976 1525 1078 1558 aliter
1106 1536 1140 1556 se
1168 1537 1169 1547 ¹

1195 1493 1428 1527 accumulatio
1442 1521 1450 1534 ,

1195 1551 1336 1577 vantur.

1297 1591 1498 1627 Diminutio
1515 1600 1565 1625 est
1583 1600 1698 1627 motus
1713 1603 1772 1625 seu
1789 1590 1956 1630 mutatio,
1986 1602 2052 1635 qua
2073 1589 2185 1622 maior

1197 1644 1374 1691 quantitas
1389 1644 1612 1677 diminuitur.

1300 1693 1473 1728 Alteratio
1495 1701 1546 1728 est
1562 1700 1696 1733 motus,
1722 1705 1791 1737 quo
1809 1691 2020 1736 acquiritur,
2046 1695 2105 1723 aut
2124 1689 2186 1722 ab-

1198 1746 1318 1779 iicitur
1343 1745 1458 1790 aliqua
1484 1745 1645 1788 qualitas.
1700 1741 1870 1786 Exempla
1894 1745 1937 1774 de
1958 1739 2186 1786 qualitatibus

1199 1807 1386 1840 corporum
1412 1795 1595 1827 manifesta
1616 1800 1718 1833 sunt,
1748 1800 1786 1826 ut
1809 1794 1844 1824 in
1862 1803 1953 1836 aqua
1969 1791 2118 1824 dicimus
2133 1789 2186 1823 fa-

1200 1854 1289 1880 ctam
1315 1857 1387 1878 esse
1403 1845 1644 1878 alterationem
1657 1870 1665 1882 ,
1690 1855 1769 1876 cum
1787 1843 1921 1876 abiecto
1945 1842 2075 1884 frigore
2092 1851 2187 1872 rece-

1201 1897 1251 1940 pit
1271 1896 1434 1929 calorem.
1492 1894 1532 1927 ln
1550 1895 1629 1927 ae're
1647 1893 1796 1926 dicimus
1820 1894 1945 1926 factam
1967 1903 2039 1925 esse
2061 1890 2189 1923 altera-

1202 1948 1353 1986 tionem,
1379 1957 1456 1978 cum
1477 1945 1585 1989 pulsis
1604 1944 1777 1986 tenebris,
1806 1943 1865 1976 lux
1881 1943 1996 1976 infusa
2014 1948 2075 1976 est.

1499 1498 1539 1525 ut
1571 1504 1649 1525 cum
1685 1492 1796 1524 multa
1832 1490 2010 1535 legumina
2046 1500 2184 1522 coacer-

1307 2003 1392 2036 lnde
1427 2003 1603 2037 iudicetur
1638 2008 1672 2035 et
1702 2002 1745 2035 de
1780 2001 1918 2034 animae
1952 1999 2190 2046 qualitatibus,

1203 2067 1291 2101 quae
1307 2061 1389 2088 sunt
1406 2054 1579 2098 duplices:
1609 2052 1712 2085 Aliae
1730 2059 1811 2085 sunt
1829 2052 2012 2096 qualitates
2030 2051 2066 2082 in
2086 2050 2190 2082 intel-

1176 2114 1178 2123 *
1204 2107 1295 2139 lectu
1319 2111 1358 2138 ut
1386 2104 1554 2144 noticiae,
1581 2104 1670 2136 aliae
1693 2103 1730 2135 in
1744 2103 1927 2136 voluntate
1949 2113 2009 2134 seu
2034 2099 2191 2143 potentia

1205 2159 1401 2201 adpetente.
1454 2155 1502 2190 Ut
1520 2155 1557 2187 in
1574 2160 1691 2187 mente
1706 2153 1872 2186 discentis
1887 2154 1975 2185 facta
1998 2157 2048 2183 est
2064 2150 2192 2182 altera-

1206 2208 1268 2247 tio,
1292 2218 1370 2240 cum
1387 2206 1519 2250 accepit
1537 2216 1665 2238 novam
1683 2204 1862 2243 noticiam,
1888 2209 1925 2236 ut
1942 2213 2020 2235 cum
2036 2199 2193 2244 primum

1209 2258 1302 2291 videt
1328 2257 1501 2302 quispiam
1521 2256 1670 2289 leonem.
1724 2253 1820 2287 Haec
1845 2252 1975 2285 noticia
1995 2258 2028 2284 et
2052 2251 2081 2283 si
2103 2250 2192 2282 actio

1313 2416 1371 2451 Sic
1395 2416 1552 2449 alteratio
1582 2421 1647 2452 est,
1675 2423 1754 2444 cum
1780 2408 1904 2443 Cicero
1933 2409 2103 2442 invitatus
2125 2409 2196 2441 cle-

1182 2480 1183 2486 *
1211 2468 1341 2502 mentia
1361 2466 1461 2506 Iulii,
1486 2476 1589 2510 quem
1607 2464 1747 2502 oderat,
1774 2461 1848 2494 vult
1865 2461 1934 2493 iam
1951 2460 1984 2493 ei
2006 2460 2096 2493 bene
2113 2470 2199 2498 esse,

1212 2527 1244 2553 et
1260 2518 1384 2561 incipit
1402 2529 1480 2549 eum
1497 2515 1652 2556 diligere.

1299 2577 1404 2611 Tales
1421 2573 1634 2607 mutationes
1650 2572 1868 2605 collocantur
1883 2571 1986 2604 etiam
2005 2570 2099 2603 inter
2116 2569 2201 2600 alte·

1214 2630 1379 2664 rationes.
1435 2623 1482 2658 Et
1505 2630 1596 2657 recte
1622 2623 1769 2656 dicitur:
1803 2621 1958 2655 Habitus
1975 2627 2008 2654 et
2033 2619 2202 2657 adfectus,

1640 2670 1721 2709 ⁶23*
