2379 2948
254 98 350 132 1003

253 187 280 215 et
299 178 508 214 adorabunt
522 177 725 211 Dominum
743 180 802 211 etc.
852 175 934 209 Non
949 176 1016 210 erit
1031 176 1123 209 salus
1140 182 1234 208 extra
1255 171 1261 191 Υ

252 231 463 267 Ecclesiam,
492 231 550 273 qui
577 241 648 260 nou
673 227 861 261 ascendent
887 234 926 260 ut
949 228 1097 260 adorent
1122 225 1233 259 Deum

253 280 428 320 zebaoth,
464 292 534 312 non
561 279 656 320 pluet
678 290 781 322 snper
802 289 859 310 eos
882 284 944 313 etc.
998 276 1049 311 Ac
1072 277 1235 309 nomina-

254 334 315 366 tim
335 333 370 364 fit
388 331 519 363 mentio
537 329 613 362 festi
632 329 959 369 tabernaculorum,
986 329 1046 373 qui
1062 327 1236 370 significa-

255 384 310 416 bat
325 394 413 414 nova
433 388 465 413 vt
485 387 624 413 aeterna
644 379 879 413 tabernacula.

359 456 398 488 ln
417 456 483 488 fine
501 455 701 487 dulcissime
719 455 863 487 dicitur:
886 451 975 488 lVon
993 453 1058 486 erit
1077 453 1115 485 in
1132 450 1237 484 domo

254 506 416 540 Domini
437 509 632 543 mer-calor,
658 506 693 537 id
717 513 786 545 est,
814 505 967 539 Ecclesia
986 517 1064 537 vera
1085 516 1156 536 non
1176 501 1238 535 lia-

255 559 352 591 bebit
376 557 556 600 pontifices
582 563 614 588 et
638 557 796 588 doctores
821 557 923 595 tales,
957 556 1017 599 qni
1047 554 1179 587 ventris
1206 560 1238 586 et

257 609 395 652 imperii
413 619 513 641 eausa
532 607 662 649 fingent
683 607 898 650 corruptelas
916 606 1106 640 doctrinae.

538 747 666 771 ORDO
720 747 954 771 CAPITUM.

310 809 350 843 ln
381 809 558 853 prioribus
592 820 650 840 sex
673 808 845 852 capitibus
868 806 964 839 addit
989 805 1241 848 praedicationi

259 862 301 894 de
330 859 545 904 poenitentia
576 859 832 891 consolationes
861 859 904 889 de
933 857 1186 890 instauratione
1210 863 1242 890 et
1262 885 1271 894 ἢ

259 911 461 944 defensione
480 907 584 942 huius
601 909 759 954 politiae:

360 968 617 1002 Convertimini
635 969 677 1000 ad
695 980 760 1007 me,
786 974 818 1000 et
835 978 898 1010 ego
914 974 1097 1000 convertar
1112 967 1154 999 ad
1171 978 1242 999 vos.
1265 946 1272 1007 l

363 1028 436 1071 Ego
452 1040 509 1060 ero
527 1039 647 1059 murus
667 1027 788 1069 ignens
806 1027 840 1058 in
860 1026 1007 1059 circuitu
1027 1038 1159 1061 eornm.

362 1086 441 1120 Non
463 1086 495 1118 in
516 1087 658 1125 robore,
685 1097 757 1117 non
776 1085 811 1117 in
830 1085 1000 1124 exercitu,
1029 1086 1086 1118 sed
1109 1085 1143 1117 in
1161 1083 1241 1129 Spi-

409 1137 478 1170 ritu
498 1149 592 1177 meo,
617 1136 701 1169 ‹licit
718 1135 902 1170 Dominus.

844 90 968 125 PHIL.
999 89 1112 125 MEL.
1139 86 1349 124 SCRIPTA
1377 85 1672 122 EXEGETICA.

2173 85 2269 121 1004

1339 173 1381 207 ln
1392 172 1538 216 septimo
1549 177 1581 205 et
1589 178 1710 205 octavo
1721 170 1951 204 concionatur
1959 171 2001 205 de
2010 173 2099 206 veris
2109 171 2270 206 cultibus:

1387 223 1468 257 Non
1489 223 1646 267 praecepi
1665 224 1708 255 de
1723 221 1856 255 ieiunio
1873 226 1935 255 etc.

1389 273 1534 316 Diligite
1553 274 1734 306 veritatem
1753 280 1787 306 et
1801 283 1931 315 pacem.

1342 323 1383 357 In
1415 324 1561 370 reliquis
1592 324 1763 366 capitibus
1788 323 1873 356 dicit
1897 322 1941 354 (le
1964 321 2108 354 interitu
2130 321 2272 364 politiae

1293 375 1474 418 Iudaicae,
1507 381 1583 419 post
1613 376 1803 408 adventum
1835 371 2004 412 Messiae,
2038 373 2081 404 de
2113 372 2272 414 passione

1290 425 1441 459 Messiae
1465 433 1497 458 et
1529 427 1572 458 de
1600 425 1778 458 beneficiis
1808 424 1900 463 eius,
1945 423 1988 455 de
2020 434 2121 455 cruce
2151 420 2273 455 Eccle-

1291 476 1361 509 siae
1376 484 1460 516 etc.‚
1488 477 1531 509 de
1547 477 1728 509 vocatione
1745 475 1917 518 gentium:

1393 525 1576 560 Adducam
1605 538 1744 560 servum
1775 537 1890 558 meum
1921 524 2164 569 pullulanten,
2197 533 2274 554 cae-

1445 577 1524 609 labo
1556 577 1769 621 sculpturam
1796 576 1888 617 eius,
1921 577 2076 609 auferam
2103 572 2274 618 iniquita-

1446 633 1514 659 tem
1532 634 1654 663 terrae.

1395 676 1532 710 Educes
1552 678 1589 709 in
1613 678 1781 721 sauguine
1797 676 2014 710 Testamenti
2040 675 2175 707 vinctos
2197 679 2276 706 tuos

1446 729 1489 760 de
1507 728 1595 760 lacu.

1395 776 1588 812 Effundam
1606 791 1709 822 super
1726 776 1997 823 domum-David
2010 776 2181 821 Spiritum
2199 785 2277 817 gra-

1449 829 1516 862 tiae
1534 836 1565 862 et
1581 841 1736 873 precum.

1398 879 1581 923 Aspicient
1605 892 1680 920 me,
1706 892 1809 922 quem
1837 879 2088 914 confoderunt,
2113 876 2279 921 plangent

1446 931 1611 964 familiae.

1398 980 1544 1014 Framea
1561 981 1728 1014 suscitare
1744 992 1848 1023 super
1865 986 2036 1023 pastorem
2056 988 2195 1020 meum,
2221 988 2280 1009 su-

1449 1044 1510 1075 per
1526 1033 1640 1064 virum
1662 1031 1858 1074 proximum
1881 1041 1994 1062 meum
2014 1035 2078 1061 etc.

1348 1082 1388 1115 ln
1421 1090 1597 1126 postremo
1629 1082 1740 1126 capite
1774 1081 1924 1125 plurima
1956 1079 2122 1113 dicuntur
2145 1078 2187 1110 de
2215 1088 2280 1109 no-

1296 1133 1437 1166 vissimo
1457 1133 1602 1166 indicio.
