2379 2948
236 100 332 136 1515

238 186 330 230 quod
357 184 532 228 reliquum
558 180 707 213 babebat
729 179 809 213 cibi,
864 178 903 211 In
923 177 989 212 hoc
1006 190 1110 222 opere
1130 180 1220 212 lucet

241 237 314 268 eius
339 235 439 267 tides:
470 234 546 265 ideo
572 231 679 264 crexit
705 231 741 262 in
766 241 803 262 ea
825 230 927 270 fides,
954 237 986 263 et
1003 228 1098 263 Deus
1125 230 1219 262 auxit

242 287 315 319 eius
340 284 536 329 spiritualia
558 283 660 315 bona.
721 280 858 314 Rursus
885 280 1000 323 ignavi
1026 282 1222 324 puniuntur

242 336 482 380 corporalibus
505 333 645 377 poenis,
673 332 761 364 sicut
780 331 827 364 ait
844 330 990 364 Paulus:
1021 331 1058 365 Si
1077 331 1222 374 nosipsi

244 388 497 424 indicaremus,
533 396 604 416 non
628 383 865 416 iudicaremur
888 394 906 414 a
930 382 1095 416 Domino.
1149 380 1223 414 lmo

245 438 383 470 irritant
407 436 493 468 iram
511 433 594 474 Dei,
622 441 660 467 ut
686 433 811 476 eripiat
834 433 926 465 dona
948 432 1163 476 spiritualia,
1192 438 1225 464 et

245 488 365 531 puniat
396 486 608 528 negligentes
633 484 813 523 caecitate,
848 484 1026 516 erroribus
1049 490 1081 516 et
1109 481 1226 515 horri-

242 539 374 571 bilibus
400 536 567 580 peccatis,
595 536 684 568 sicut
703 540 848 578 apparet
872 534 907 566 in
925 534 1020 568 Saul.
1075 532 1122 566 Et
1139 533 1225 566 scri-

244 596 341 632 ptum
380 594 429 620 est
460 588 501 619 de
533 586 680 626 talibus,
726 585 799 618 ficri
833 585 1023 628 posteriora
1055 584 1226 617 deteriora

245 639 431 682 prioribus.
493 636 568 669 Hae
596 643 711 670 tantae
736 647 858 669 causae
881 636 1072 668 exuscitent
1096 646 1160 667 nos
1184 635 1226 667 ad

243 691 331 723 bene
349 689 563 733 operandum
576 713 584 726 ‚
612 688 701 721 sicut
721 693 752 720 et
769 684 826 719 hic
842 685 1002 719 Psalmus
1021 686 1132 719 docet.

295 772 435 807 Beatus
452 771 517 819 qni
531 772 627 805 timet
645 770 864 806 Dominum.

345 840 561 873 Pronnnciat
586 839 686 872 illum
712 838 847 881 placere
870 836 964 877 Deo,
1006 844 1037 870 et
1062 838 1228 882 consequi

245 894 336 924 bona
367 903 384 923 a
407 890 501 929 Deo,
538 890 597 934 qui
631 889 729 922 timet
753 887 968 927 Dominum,
1001 889 1036 920 id
1064 895 1133 927 est,
1168 888 1228 933 qui

245 954 323 975 vere
347 953 426 974 eum
451 941 546 973 colit.
605 939 692 972 Nam
717 939 970 972 cousuetudine
994 939 1166 972 sermonis
1191 939 1228 971 in

245 993 349 1026 sacris
374 991 484 1025 literis
503 990 631 1024 Timor
655 990 826 1032 significat
848 996 960 1022 totum
977 990 1132 1030 cultum,
1157 1001 1228 1028 seu,

244 1050 280 1077 nt
297 1043 429 1087 alioqui
446 1043 594 1074 dicimus
611 1041 782 1074 iusticiam
799 1040 1046 1081 universalem,
1067 1052 1128 1073 seu
1145 1041 1229 1073 obe-

244 1094 426 1127 dientiam.
481 1090 527 1125 Et
550 1089 635 1124 haec
660 1091 739 1124 ideo
758 1090 884 1124 Timor
901 1098 1060 1129 vocatur,
1089 1098 1127 1124 ut
1143 1091 1229 1123 scia-

242 1157 319 1177 mus
337 1155 437 1176 veros
454 1143 567 1176 cultus
585 1154 674 1181 esse,
699 1154 772 1174 non
789 1148 927 1174 externa
945 1154 1049 1185 opera
1062 1169 1069 1182 ‚
1095 1143 1152 1174 sed
1173 1142 1229 1174 in—

243 1196 387 1228 teriores
417 1201 530 1227 motus
561 1193 723 1226 timorem
755 1199 789 1226 et
812 1192 936 1232 fidem,
970 1192 1099 1236 quibus
1125 1193 1228 1225 moti-

243 1247 307 1279 bus
337 1257 416 1278 vere
439 1244 660 1288 agnoscimus
684 1244 771 1275 iram
796 1250 827 1276 et
850 1243 1126 1276 misericordiam
1151 1242 1229 1281 Dei,

243 1303 273 1330 et
299 1297 328 1329 ei
356 1296 553 1329 obedimus.
624 1292 759 1327 Eodem
784 1294 888 1326 modo
915 1294 1116 1327 universam
1144 1294 1229 1327 obe-

242 1346 408 1380 dientiam
427 1346 598 1389 significat
615 1356 763 1390 sequens
781 1344 962 1388 particula.

294 1428 503 1465 illaudatis
521 1429 596 1463 eius
615 1426 720 1462 valde
738 1426 944 1463 delectatur.

346 1498 387 1532 ld
419 1505 487 1539 est,
521 1498 581 1542 qui
613 1498 761 1531 antefert
787 1497 951 1530 mandata
975 1494 1040 1529 Dei
1065 1497 1230 1530 omnibus

244 1550 386 1583 caeteris
410 1550 534 1589 rebus,
562 1555 593 1581 et
617 1546 722 1581 habet
746 1548 919 1580 incoatam
936 1547 1172 1580 obedientiam
1194 1548 1230 1579 in

244 1600 409 1633 omnibus
432 1598 634 1642 praeceptis.
688 1597 776 1630 Nam
802 1595 886 1629 haec
910 1597 1093 1631 delectatio
1118 1598 1228 1640 signi-

244 1652 321 1684 ficat
344 1650 547 1683 interiorem
572 1655 605 1681 et
626 1659 742 1681 veram
763 1647 1000 1681 obedientiam
1014 1675 1023 1688 ,
1051 1660 1139 1692 quae
1158 1660 1229 1680 non

242 1708 354 1746 potest
381 1701 525 1733 existere
550 1699 624 1732 sine
648 1711 730 1743 pace
755 1698 1006 1739 conscientiae,
1040 1711 1144 1743 quam
1169 1700 1231 1732 ad-

242 1754 308 1785 sert
323 1751 418 1785 fides.
474 1749 567 1793 Quia
586 1750 690 1783 corda
706 1749 781 1782 sine
799 1749 865 1781 fide
881 1755 939 1782 aut
956 1747 1232 1793 suntEpicurea,

242 1810 275 1836 et
300 1813 444 1847 prorsus
467 1808 595 1844 negant
612 1799 727 1833 Deum
755 1799 901 1843 punire,
928 1806 961 1832 et
987 1811 1144 1841 servare,
1172 1807 1231 1833 aut

243 1861 324 1887 sunt
342 1864 505 1896 oppressa
522 1851 738 1891 terroribus,
764 1862 801 1883 ac
819 1850 981 1883 dubitant
999 1862 1043 1883 an
1059 1849 1154 1883 Deus
1173 1863 1232 1884 ve-

243 1905 284 1937 lit
300 1904 386 1947 ipsis
405 1903 603 1946 ignoscere,
631 1907 760 1944 negant
777 1912 812 1934 se
827 1900 1005 1938 exaudiri,
1031 1901 1119 1935 sicut
1131 1899 1231 1942 Cain,

244 1954 348 1996 Saul,
378 1952 484 1986 Iudas
507 1959 539 1986 et
558 1964 678 1985 omnes
696 1951 795 1995 impii
813 1952 1050 1994 perterrefacti
1068 1952 1231 1995 cogitant.

245 2004 350 2037 Tales
374 2016 446 2036 non
472 2009 618 2047 possunt
636 2003 754 2035 Deum
779 2002 964 2044 invocare,
989 2014 1062 2035 non
1086 2010 1232 2046 possunt

245 2055 431 2089 interiores
460 2054 574 2087 cultus
601 2059 796 2095 praestare,
832 2053 889 2084 sed
914 2058 995 2084 sunt
1018 2053 1114 2096 pleni
1137 2053 1231 2086 indi-

244 2107 409 2149 gnatione
426 2105 592 2137 adversus
608 2102 740 2143 Deum,
768 2102 871 2142 odio,
898 2100 1135 2146 blasphemiis.
1191 2104 1231 2137 In

243 2155 298 2189 his
321 2156 474 2199 erumpit
491 2154 650 2188 abditum
667 2153 792 2186 vitium
810 2159 973 2194 naturae,
1000 2154 1043 2186 de
1059 2167 1128 2199 quo
1146 2155 1232 2188 dicit

243 2207 390 2241 Paulus:
434 2205 565 2239 Sensus
607 2204 720 2238 carnis
760 2203 950 2237 inimicicia
985 2211 1035 2237 est
1066 2206 1231 2239 adversus

242 2257 367 2291 Deum.

345 2308 416 2342 Sed
448 2314 632 2352 postquam
666 2307 769 2340 corda
796 2303 1069 2350 apprehendunt
1095 2307 1231 2340 miseri-

826 90 951 126 PHIL.
979 91 1093 129 MEL.
1123 90 1332 126 SCRIPTA
1360 90 1659 130 EXEGETICA.

245 2410 390 2442 sentiam
414 2416 448 2442 et
475 2410 668 2442 bonitatem
686 2407 769 2448 Dei,
799 2414 830 2440 et
856 2408 924 2439 iam
949 2420 1067 2451 pacem
1086 2406 1229 2449 hahent,

245 2471 316 2492 non
333 2458 617 2502 fugiuntDeum,
645 2460 704 2492 sed
733 2458 909 2502 incipiunt
935 2458 1117 2503 invocare,
1145 2471 1230 2492 con-

243 2510 331 2542 fiteri
349 2517 381 2542 et
399 2511 591 2552 glorificare
600 2509 713 2543 Deum
726 2536 733 2550 ,
763 2516 795 2542 et
809 2521 890 2541 vere
905 2509 1068 2552 diligere,
1097 2517 1129 2543 et
1147 2511 1230 2543 sub-

242 2560 367 2593 iiciunt
383 2571 418 2592 se
437 2561 467 2592 ei
485 2561 520 2593 in
539 2561 706 2594 omnibus
723 2560 889 2604 operibus
908 2566 939 2592 et
957 2561 1229 2601 adflictionibus,

241 2612 417 2644 intuentes
449 2622 520 2642 non
551 2611 786 2653 praesentium
814 2622 1062 2644 aerumnarum
1089 2612 1229 2653 molem,

237 2662 297 2694 sed
316 2661 532 2695 voluntatem
549 2659 616 2694 Dei
635 2669 666 2695 et
684 2669 822 2696 aeterna
841 2661 948 2696 bona.

1255 2512 1257 2540 l

1254 2569 1256 2583 l

1254 2607 1255 2624 t

1255 2587 1256 2592 ,
1282 2561 1325 2592 de
1348 2560 1590 2603 praesentibus
1617 2560 1719 2592 bonis
1745 2560 1779 2592 in
1805 2557 1869 2592 hac
1895 2560 1976 2594 vita.

1256 1594 1258 1599 ,
1283 1562 1451 1608 phibolia.

2156 93 2253 128 1316

1373 178 1426 212 De
1450 179 1510 213 tali
1536 179 1754 220 obedientia,
1782 186 1947 224 sequente
1966 180 2070 213 fidem
2086 179 2255 225 loquitur,

1274 230 1410 275 quoties
1443 230 1710 263 delectationem
1736 230 1773 262 in
1798 231 1871 273 lege
1895 231 2075 270 nominat,
2111 231 2200 264 sicut
2223 237 2256 264 et

1274 281 1405 314 Paulus
1430 281 1494 321 ait,
1522 280 1676 314 delector
1698 281 1770 324 lege
1787 279 1864 315 Dei.
1918 281 1989 314 Nec
2003 292 2067 314 nos
2085 281 2256 314 assuimus

1276 332 1349 364 sine
1376 331 1578 364 testimonio
1602 329 1692 364 hanc
1715 332 1991 365 admonitionem
2019 332 2061 364 de
2087 331 2173 372 fide,
2198 332 2257 365 sed

1275 382 1507 424 Evangelium
1534 382 1660 425 passim
1687 383 1803 422 docet,
1832 383 1985 426 primum
2009 389 2169 426 oportere
2193 393 2258 414 nos

1277 433 1343 466 fide
1359 433 1596 473 reconciliari,
1624 433 1712 467 sicut
1728 440 1759 466 et
1772 432 1903 467 Paulus
1920 433 2050 478 inquit:
2079 431 2259 466 Iustificati

1278 484 1344 516 fide
1372 495 1489 526 pacem
1514 481 1701 525 habemus,
1731 491 1793 520 etc.
1819 491 1852 518 et
1874 495 2047 517 accessum
2070 484 2113 516 ad
2131 483 2259 524 Deum,

1278 532 1324 567 Et
1339 533 1498 567 Psalmus
1522 546 1678 577 expresse
1702 534 1758 567 hic
1777 536 1937 568 nominat
1953 535 2073 567 fidem:
2098 533 2259 567 Firmum

1280 592 1328 618 est
1359 596 1418 617 cor
1442 585 1515 617 eius
1539 586 1581 617 ad
1605 585 1852 618 confidendum
1877 584 2045 620 Domino,
2113 583 2186 617 Nec
2209 590 2260 617 est

1279 633 1496 679 amphibolia
1522 635 1557 667 in
1583 636 1727 668 nomine
1751 636 1840 670 fidei.
1906 635 2046 681 Ubique
2070 636 2108 668 in
2131 635 2260 668 descri-

1253 725 1255 732 .
1281 686 1461 730 ptionibus
1499 686 1638 730 piorum
1666 685 1837 729 significat
1867 687 2029 719 fiduciam
2063 686 2260 719 misericor-

1279 737 1376 777 diae,
1403 749 1470 781 qua
1489 743 1646 770 statuunt
1663 737 1710 780 pii
1728 736 1842 769 Deum
1861 738 1944 781 ipsis
1961 737 2158 782 propicium
2178 747 2261 777 esse,

1281 789 1372 831 ipsos
1390 788 1480 820 tueri
1495 794 1526 820 et
1543 788 1706 820 exaudire
1721 799 1783 831 per
1797 788 2090 826 misericordiam,
2119 793 2263 832 propter

1281 839 1570 882 promissionem,
1597 838 1733 871 etiamsi
1751 850 1815 872 nos
1834 838 1942 877 simus
1961 839 2110 882 indigni.

1382 896 1503 942 Itaque
1535 905 1568 931 et
1591 895 1648 930 hic
1671 897 1831 931 Psalmus
1855 898 2084 931 concionatur
2105 897 2196 930 clare
2219 898 2263 930 de

1281 948 1538 986 misericordia,
1567 960 1644 981 cum
1662 948 1729 989 ait,
1757 960 1774 981 a
1790 949 2035 989 misericorde,
2060 947 2263 982 miseratore

1281 1005 1315 1032 et
1332 999 1433 1034 iusto,
1462 998 1616 1031 Proinde
1632 999 1766 1032 etiamsi
1783 999 1841 1031 alii
1856 1000 1892 1032 in
1906 1000 1983 1032 aliis
1996 998 2148 1042 negociis
2159 998 2263 1032 fidem

1282 1057 1458 1090 exercent,
1493 1056 1610 1082 tamen
1634 1047 1718 1082 haec
1740 1050 1867 1083 fiducia
1890 1049 2151 1083 misericordiae
2173 1060 2264 1083 sem-

1282 1113 1343 1144 per
1360 1102 1472 1145 praeit
1487 1112 1525 1133 ac
1542 1101 1734 1144 praelucet,
1762 1100 1851 1134 sicut
1870 1101 1948 1133 ideo
1965 1106 2120 1144 expectat
2132 1098 2266 1133 Moises

1281 1151 1528 1184 liberationem
1560 1152 1601 1184 ad
1633 1150 1735 1183 Mare
1766 1152 1930 1192 rubrum,
1967 1152 2048 1196 quia
2079 1151 2200 1185 statuit
2230 1162 2266 1183 se

1282 1200 1410 1235 habere
1433 1201 1548 1234 Deum
1582 1202 1779 1245 propicium
1811 1209 1954 1246 propter
1985 1201 2267 1246 promissionem,

1281 1250 1449 1286 Ezechias
1480 1252 1566 1295 petit
1595 1260 1627 1286 et
1655 1259 1811 1296 expectat
1840 1253 2105 1293 liberationem,
2146 1264 2191 1285 ne
2222 1252 2266 1286 ab

1282 1303 1436 1348 Assyriis
1453 1303 1609 1337 deleatur
1624 1302 1825 1346 Ierusalem,
1854 1304 1935 1348 quia
1951 1303 2071 1337 statuit
2085 1315 2120 1336 se
2136 1301 2266 1336 habere

1281 1353 1394 1387 Deum
1422 1354 1619 1398 propicium
1644 1361 1786 1397 propter
1808 1354 2100 1397 promissionem,
2141 1354 2190 1386 sic
2216 1359 2267 1386 est

1282 1405 1375 1437 idem
1413 1405 1588 1437 obiectum
1620 1404 1815 1448 principale
1845 1404 1925 1437 fidei
1957 1417 2019 1438 seu
2049 1404 2195 1438 fiduciae
2227 1404 2265 1436 in

1281 1455 1447 1488 omnibus
1467 1455 1545 1498 piis.

1385 1512 1504 1555 Quare
1528 1521 1560 1547 et
1582 1511 1649 1546 hoc
1668 1514 1746 1546 loco
1766 1513 1984 1556 intelligatur
2001 1514 2085 1547 fides
2101 1513 2176 1547 sine
2193 1525 2266 1546 am-

1511 1562 1661 1608 Eritque
1698 1562 1755 1597 hic
1794 1565 1927 1607 primus
1965 1565 2157 1598 versiculus
2183 1576 2268 1608 pro·

1282 1615 1410 1659 positio
1434 1615 1606 1658 generalis
1631 1615 1866 1659 complectens
1888 1627 2060 1648 summam
2086 1615 2267 1649 doctrinae

1283 1666 1431 1709 pietatis.
1485 1664 1612 1698 Beatus
1632 1672 1699 1706 est,
1724 1665 1760 1698 id
1780 1672 1850 1706 est,
1874 1666 2015 1710 placens
2031 1664 2127 1707 Deo,
2155 1673 2188 1700 et
2201 1663 2268 1699 ha-

1282 1717 1421 1749 biturus
1439 1715 1595 1759 ingentia
1612 1717 1705 1749 bona
1723 1728 1740 1748 a
1757 1714 1852 1754 Deo,
1880 1717 1939 1761 qui
1960 1717 2058 1750 timet
2073 1716 2206 1757 Deum,
2234 1724 2268 1750 et

1282 1767 1393 1800 credit
1415 1767 1445 1799 ei
1464 1773 1496 1800 et
1511 1767 1635 1810 incipit
1651 1767 1681 1799 ei
1697 1767 1841 1800 obedire
1859 1767 1953 1800 iuxta
1972 1768 2120 1801 verbum
2137 1779 2267 1812 propo-

1283 1818 1435 1862 positum
1460 1817 1639 1851 divinitus.
1692 1815 1772 1851 Non
1795 1817 1889 1850 enim
1907 1819 2020 1851 ociose
2035 1816 2092 1851 hic
2107 1819 2268 1852 nominat

1283 1869 1444 1901 mandata
1476 1868 1568 1909 eius,
1612 1869 1671 1901 sed
1703 1868 1833 1902 diserte
1862 1869 2012 1913 requirit
2042 1869 2175 1902 cultum
2206 1880 2266 1902 seu

1283 1931 1389 1963 opera
1414 1919 1585 1952 divinitus
1609 1920 1790 1960 mandata,
1819 1926 1851 1953 et
1874 1919 2035 1964 repudiat
2060 1919 2267 1954 traditiones

1283 1968 1468 2004 humanas.

1385 2028 1456 2061 Nec
1486 2029 1567 2062 volo
1598 2029 1823 2072 prolixiorem
1854 2029 2180 2072 interpretationem
2204 2031 2268 2064 ad-

1283 2081 1364 2113 dere
1380 2080 1417 2111 in
1434 2077 1501 2112 hoc
1519 2080 1705 2119 versiculo,
1733 2080 1795 2113 etsi
1812 2080 1962 2122 cogitare
1978 2081 2146 2113 debemus
2161 2092 2267 2125 quam

1283 2131 1391 2164 multa
1417 2131 1668 2175 complectatur
1691 2128 1747 2163 hic
1769 2131 1981 2171 versiculus,
2014 2137 2151 2164 tantum
2178 2131 2268 2166 illud

1283 2193 1428 2221 moneo,
1464 2188 1501 2214 ut
1532 2182 1641 2214 lector
1671 2181 1867 2214 consideret
1892 2192 2065 2214 summam
2090 2182 2267 2226 quandam

1283 2232 1464 2266 doctrinae
1482 2232 1616 2275 pietatis
1633 2232 1786 2265 breviter
1803 2232 2015 2275 propositam
2033 2244 2116 2266 esse.
2163 2233 2267 2267 Hanc

1283 2284 1442 2329 sequitur
1481 2282 1645 2326 expolitio
1684 2282 1722 2314 in
1759 2282 1986 2327 sequentibus
2018 2283 2195 2325 versibus,
2234 2290 2266 2317 et

245 2359 413 2399 cordiam,
437 2359 615 2402 agnitione
625 2355 756 2392 Christi
775 2365 806 2390 et
822 2357 899 2395 fide,
921 2366 1115 2400 agnoscunt
1131 2370 1230 2402 prae·
1283 2335 1454 2379 qu‘ffldam
1471 2346 1574 2378 Opem
1594 2339 1802 2366 ”mmmmm
1824 2341 2059 2369 recensemur‘

1333 2433 1466 2469 Potens
1484 2435 1521 2468 in
1541 2440 1637 2468 terra
1656 2435 1721 2469 eri!
1739 2447 1857 2469 semen
1875 2435 1961 2471 eius.

1384 2508 1534 2552 Aliquae
1555 2509 1804 2552 promissiones
1824 2506 1881 2542 hic
1898 2520 2054 2552 expresse
2068 2508 2266 2552 loquuntur

2034 2556 2123 2591 Cum
2149 2565 2264 2592 autem

1254 2635 1255 2642 t
1281 2617 1413 2643 constet
1439 2607 1627 2643 Ecclesiam
1655 2611 1820 2642 omnibns
1845 2609 2023 2643 aerumnis
2050 2609 2201 2652 opprimi
2227 2609 2265 2641 in

1252 2651 1255 2671 ¹
1280 2659 1344 2694 hac
1363 2661 1451 2701 vita,
1480 2661 1567 2694 sicut
1584 2661 1686 2695 etiam
1704 2659 1761 2694 hic
1779 2660 1935 2694 Psalmus
1952 2660 2041 2692 infra
2059 2660 2176 2700 docet,
2203 2671 2268 2693 cur
