2379 2948
192 89 264 122 887

294 171 316 205 7
339 172 441 205 annis
465 171 622 215 regnavit
640 169 839 205 Alexander
857 179 934 217 post
951 173 1172 207 intersectum
1199 178 1203 211 Ῑ

193 222 349 255 D:rium.

298 281 368 315 146
400 289 472 325 post
500 281 694 314 Alexandri
724 289 873 315 mortem
904 285 1077 328 usquead
1107 284 1175 315 iui-
1201 290 1202 322 ζ

195 333 280 365 tium
307 333 404 365 ducis
432 331 538 364 iudae
565 331 766 371 Matthaei,
802 339 840 366 ut
863 333 954 366 clare
980 341 1112 368 constat
1136 346 1174 366 ex
1201 338 1202 367 ἶ

195 384 285 415 libro
302 381 585 418 Macaliaeorum.

298 441 368 473 127
393 443 436 473 ab
460 442 562 475 initio
584 440 691 474 Iudae
707 441 890 475 Macabaei
914 454 1024 488 usque
1043 443 1084 476 ad
1102 441 1176 474 He-

194 492 289 524 rodis
305 492 457 526 initium.

295 550 343 583 30
367 551 452 583 anni
476 551 519 583 ab
544 550 646 583 initio
675 550 828 584 Herodis
851 563 962 597 usque
986 554 1027 585 ad
1054 559 1175 586 natum

193 599 386 636 Christum.

296 659 334 693 In
361 658 425 692 bac
447 660 694 703 supputatione
713 667 791 704 post
807 658 1049 695 Alexandrum
1068 663 1177 696 secuti
1202 671 1203 678 ¹

194 723 313 744 sumus
337 712 467 743 librum
488 710 778 752 Maccahaeorum,
806 711 868 756 qui
884 720 1047 747 numerat
1064 725 1177 747 annos

194 763 238 794 ab
256 760 455 794 Alexandro
472 772 581 805 usque
597 762 637 793 ad
654 760 873 797 Mammeos.
925 762 995 796 Nec
1011 776 1092 797 vero
1109 765 1177 797 du-

193 813 290 844 bium
308 819 377 851 est,
406 812 619 854 singularem
636 811 742 844 fuisse
758 813 975 856 diligentiam
992 815 1026 847 in
1044 816 1176 859 populo
1202 813 1204 840 l

195 861 356 901 Iudaico,
399 862 434 894 in
475 863 677 895 annotanda
715 864 803 896 serie
833 876 1028 906 annorum,
1069 878 1177 910 quare
1202 884 1204 911 ,1

194 913 327 945 etiamsi
359 911 446 944 haec
468 913 573 944 series
597 913 777 957 aliquanto
803 914 945 947 brevior
971 923 1036 954 est,
1071 929 1176 961 quam

193 963 301 996 altera
335 975 438 1006 supra
470 964 615 1003 tradita,
651 976 690 996 ex
720 962 976 1009 Olympiadum
1010 968 1178 1010 catalogo,

193 1020 309 1046 tamen
334 1011 423 1046 hanc
447 1020 590 1057 propter
615 1015 836 1049 autoritatem
862 1016 946 1049 libri
966 1016 1177 1051 Macabaeo-

192 1076 269 1097 rum
288 1076 359 1097 non
379 1066 633 1108 aspernandam
650 1066 754 1099 duco.

294 1131 364 1165 Sed
383 1144 554 1165 summam
572 1133 789 1176 colligamus.

294 1199 369 1231 310
402 1200 445 1231 ab
475 1199 579 1232 initio
611 1200 802 1233 Alexandri
837 1214 946 1247 usque
979 1205 1018 1236 ad
1055 1212 1175 1239 natum

193 1247 384 1283 Clu-istum.
430 1249 532 1283 Adde
564 1262 676 1283 annos
707 1263 724 1283 a
749 1251 971 1294 Longiinauo
998 1268 1108 1300 usque
1133 1258 1175 1289 ad
1203 1246 1205 1282 ⁴,

193 1301 434 1333 Alexandrum
456 1298 537 1335 145.
584 1299 630 1333 Et
647 1314 759 1334 3111105
776 1315 793 1335 3
812 1311 892 1335 nato
909 1303 1050 1338 Christo
1067 1320 1177 1352 usque

193 1352 237 1383 ad
257 1351 330 1383 eius
347 1351 560 1394 baptismum
579 1352 639 1386 30.
692 1352 757 1385 His
775 1354 878 1386 annis
896 1355 1051 1389 collectis
1070 1356 1177 1391 babe-

193 1401 248 1434 bis
262 1413 281 1433 a
299 1402 452 1434 secundo
467 1400 682 1445 Longimani
700 1415 793 1436 anno
810 1416 920 1448 usque
935 1407 976 1438 ad
995 1405 1176 1441 Christum

193 1452 453 1495 praedicantem
478 1463 590 1485 annos
606 1451 691 1487 485.
752 1452 824 1486 Iam
850 1456 1025 1499 sexaginta
1049 1470 1175 1491 novem

194 1500 432 1535 hebdomades
450 1503 632 1536 continent
650 1516 761 1536 annos
778 1504 862 1538 483.

295 1567 432 1601 Diserte
448 1575 562 1600 autem
577 1568 692 1612 inquit
706 1569 876 1612 Angelus:
898 1583 1006 1616 usque
1019 1575 1058 1604 ad
1074 1572 1175 1606 shri-

195 1625 284 1650 stum
313 1620 457 1660 ducem,
492 1620 526 1650 id
554 1626 620 1656 est,
657 1621 916 1662 praedicantem
943 1634 1015 1655 csse
1043 1622 1176 1657 hebdo-

194 1670 312 1701 mades
335 1669 521 1711 sexaginda
546 1681 683 1702 novem.
736 1670 788 1703 Ac
813 1671 940 1704 deinde
962 1674 1103 1707 subiicit
1121 1687 1175 1707 re-

193 1719 414 1763 petitionem,
440 1720 616 1764 inquiens:
645 1719 727 1753 Post
745 1722 920 1764 sexaginta
938 1724 1024 1756 duas
1043 1723 1177 1758 hebdo-

194 1771 312 1802 mades
334 1770 512 1803 occidetur
528 1768 707 1810 Christus,
736 1783 806 1816 quo
832 1773 908 1805 loco
935 1785 974 1806 ex
997 1777 1177 1818 superiore

194 1821 367 1853 versiculo
398 1821 501 1854 etiam
525 1822 733 1865 repetendae
759 1830 861 1856 erunt
887 1831 1015 1868 septem
1041 1824 1175 1859 hebdo—

195 1872 332 1913 mades,
364 1871 453 1904 sicut
481 1878 580 1903 antea
605 1873 753 1905 dixerat:
789 1881 919 1917 septem
943 1882 976 1908 et
1000 1878 1175 1919 sexaginta

195 1933 334 1955 novem.
368 1921 455 1953 Nam
475 1929 647 1964 postrema
667 1920 907 1963 hebdomade,
936 1938 1022 1970 quae
1040 1934 1174 1961 tantum

196 1978 245 2004 est
265 1971 464 2010 dimidiata,
493 1970 653 2005 Christus
671 1985 733 2006 suo
749 1974 945 2009 ministerio
963 1979 1176 2019 perfunctus,

196 2023 378 2054 crucifixus
402 2029 434 2055 et
457 2023 680 2055 resuscitatus
698 2031 765 2060 est,
794 2026 887 2058 misit
905 2026 1075 2070 Spiritum
1097 2041 1176 2062 san-

195 2079 288 2104 ctum
300 2097 308 2109 ,
337 2085 375 2104 36
392 2073 529 2116 publice
545 2074 656 2106 edidit
671 2075 966 2117 praedicationem
982 2077 1177 2123 Evangelii,

195 2123 309 2155 missis
327 2123 505 2166 Apostolis
525 2125 564 2156 ad
584 2123 726 2158 Gentes.

298 2190 379 2222 ldeo
398 2190 512 2233 inquit
533 2188 687 2233 Angelus
707 2192 745 2223 ad
766 2190 947 2226 Danielem
965 2196 1006 2228 de
1018 2194 1175 2232 Christo:
1202 2157 1205 2233 i

194 2239 424 2273 Confirmabit
443 2247 687 2274 testamentum
709 2242 846 2282 multis,
872 2244 906 2276 id
926 2252 993 2285 est,
1020 2247 1176 2283 incoabit
1203 2243 1204 2278 i

194 2302 294 2323 suum
312 2302 476 2333 regnum,
503 2291 977 2336 praedicabitEvangelium,
1002 2297 1058 2330 fiet
1075 2299 1175 2333 victi-

193 2354 248 2374 ma
272 2354 333 2385 pro
357 2353 481 2384 genere
505 2340 679 2382 humano,
708 2344 932 2378 resuscitatus
947 2347 1044 2380 dabit
1061 2348 1174 2392 Spiri-

192 2398 267 2423 tum
296 2399 472 2431 sanctum,
505 2393 612 2426 mittit
638 2393 848 2436 Apostolos,
881 2402 919 2428 111
940 2394 1172 2437 Evangelium
1201 2391 1203 2439 ς’

194 2443 358 2479 doceant,
390 2444 520 2475 multos
549 2444 585 2476 in
614 2444 671 2476 illa
694 2444 839 2477 dimidia
867 2443 1085 2481 hebdomade
1111 2452 1174 2483 do-
1200 2444 1202 2489 i

193 2492 291 2524 nabit
324 2500 460 2525 aeterna
486 2495 608 2528 salute.
675 2493 762 2527 Nam
788 2505 973 2541 antequam
999 2507 1170 2541 postrema
1199 2502 1202 2535 Ι

191 2539 383 2574 hebdomas
408 2550 475 2575 tota
493 2551 570 2586 post
587 2545 798 2588 baptismum
820 2555 954 2590 peracta
973 2556 1038 2589 est,
1067 2549 1172 2584 Chri-

191 2599 264 2625 stus
282 2604 394 2629 anno,
422 2594 549 2627 scilicet
565 2603 641 2638 post
658 2596 869 2639 baptismum
889 2610 1007 2641 suum,
1035 2609 1171 2646 quarto,
1197 2628 1199 2642 ‚

191 2642 374 2676 crucifixus
392 2649 423 2675 et
441 2646 662 2679 resuscitatus
679 2653 739 2680 est.
1194 2661 1199 2695 1

783 86 908 123 PHIL.
936 86 1052 123 MEL.
1077 87 1285 124 SCRIPTA
1313 87 1611 125 EXEGETIC-A.

1204 1299 1205 1302 ’
1231 1296 1323 1323 511111.

2137 93 2208 128 888

1330 174 1370 207 111
1412 174 1476 208 1136
1513 176 1762 221 supputatione
1797 188 1870 209 non
1901 177 2211 221 interrumpuntur

1226 223 1465 259 hebdomades
1489 238 1599 272 usque
1624 228 1666 260 ad
1694 227 1955 270 praedicantem
1980 233 2013 260 et
2029 229 2212 261 resuscita-

1228 284 1302 310 tum
1321 274 1514 311 Christum.
1575 276 1622 311 Et
1639 278 1849 320 significasse
1866 277 2070 311 continuam
2087 278 2210 311 seriem

1229 325 1386 370 Angelus
1406 329 1513 371 magis
1533 329 1684 364 videtur.

1330 376 1402 410 Nee
1433 377 1804 422 comprehendendum
1836 385 1886 412 est
1916 385 2055 423 tempus
2087 378 2214 411 excidii

1201 426 1528 473 vlerosolymorum
1566 430 1603 462 in
1640 430 1716 474 ipso
1754 428 2015 463 hebdomadum
2054 441 2214 466 numero,

1230 479 1310 522 quia
1328 486 1403 522 post
1419 478 1550 522 Christi
1570 481 1861 513 resurrectionem
1880 488 1912 513 et
1929 478 2112 522 Evangelii
2132 491 2214 522 pro—

1228 529 1482 572 mulgationem
1507 531 1608 563 misso
1628 531 1764 575 Spiritu
1789 538 1930 570 sancto,
1958 543 2036 563 cum
2064 531 2132 562 iam
2151 542 2214 574 po-

1229 579 1305 612 litia
1332 579 1472 613 Iudaica
1493 582 1738 615 adversaretur
1758 579 1970 624 Evangelio,
2002 581 2129 614 reiecta
2154 587 2216 621 est,

1202 663 1203 666 ,
1230 630 1318 663 sicut
1336 630 1373 662 in
1391 637 1486 664 textu
1500 631 1646 665 dicitur:
1675 631 1721 666 Et
1738 645 1811 666 non
1827 633 1893 666 erit
1909 634 1938 666 ei
1955 632 2125 677 populus,
2148 631 2213 663 sci-

1202 702 1203 705 =
1229 681 1310 714 licet
1328 681 1388 724 qui
1403 682 1480 716 suit.

1333 730 1516 765 Praeterea
1530 730 1686 774 Angelus
1701 732 1872 775 significat
1889 739 2062 776 postrema
2078 729 2216 764 hebdo-

1203 803 1204 812 ,
1229 782 1330 814 103116
1364 782 1542 823 futurum,
1578 790 1617 816 ut
1648 790 1787 826 pactum
1814 784 2057 823 confirmetur,
2092 782 2127 814 id
2155 788 2216 820 est,

1229 839 1267 865 ut
1298 829 1460 866 Christus
1490 835 1548 867 fiat
1581 834 1740 872 victima,
1780 841 1813 868 et
1843 834 2066 867 resuscitatus
2098 833 2216 865 incoet

1230 895 1362 916 novum
1395 896 1556 928 regnum.
1616 883 1711 917 Haec
1743 897 1820 918 cum
1852 891 2049 928 postremae
2078 881 2215 915 hebdo-

1229 933 1325 966 madi
1350 935 1572 973 tribuantur,
1598 935 1822 968 manisestum
1849 942 1917 975 est,
1945 934 2122 977 Angelum
2142 945 2216 965 non

1230 985 1415 1028 complecti
1438 993 1576 1029 tempus
1598 986 1774 1030 reliquum
1794 997 1904 1030 usque
1923 986 1965 1018 ad
1986 984 2128 1024 Titum,
2155 994 2216 1015 seu

1231 1035 1405 1068 excidium
1441 1036 1748 1082 Ierosolymorum.
1829 1035 1901 1069 lam
1935 1042 2036 1069 311163
2065 1033 2216 1067 desierat

1231 1082 1315 1118 haec
1340 1087 1462 1130 politia
1487 1099 1559 1121 esse
1583 1087 1704 1131 politia
1728 1086 1812 1126 Dei,
1840 1099 1919 1121 cum
1943 1085 2069 1120 abiecit
2083 1083 2216 1118 Filium

1230 1135 1306 1169 Dei.

1331 1185 1467 1228 Habes,
1495 1188 1623 1229 lector,
1651 1201 1725 1222 non
1742 1188 1921 1222 intricatas
1938 1186 2216 1231 supputatione5‚

1231 1250 1319 1282 quae
1357 1250 1397 1270 ex
1435 1239 1645 1272 testimoniis
1678 1252 1751 1272 non
1784 1239 2051 1273 contemnendis
2082 1243 2216 1271 sumtae

1385 1288 1452 1322 Sed
1483 1290 1638 1323 fortassis
1669 1288 1832 1323 homines
1865 1288 2077 1323 contentiosi
2109 1288 2215 1321 talem

1231 1339 1500 1372 subductionem
1525 1341 1722 1384 postulant,
1748 1341 1786 1373 in
1810 1351 1878 1384 qua
1893 1346 2004 1372 metae
2020 1337 2217 1371 hebdoma-

1231 1391 1314 1422 dum
1339 1397 1531 1432 congruant
1555 1403 1632 1422 curn
1653 1391 1736 1434 ipsis
1754 1397 1951 1434 temporum
1969 1389 2143 1429 articulis,
2170 1388 2216 1421 ad

1229 1440 1380 1472 natalem
1403 1440 1494 1471 diem
1520 1438 1671 1480 Christi,
1707 1448 1766 1474 3111
1790 1441 1883 1473 diem
1907 1439 2086 1484 baptismi.
2137 1436 2216 1471 Etsi

1229 1491 1381 1523 arbitror
1404 1488 1624 1533 prophetiam
1651 1498 1766 1524 exacte
1783 1502 1994 1534 congruere,
2018 1497 2137 1524 tamen
2154 1489 2217 1533 qui

1230 1538 1320 1572 banc
1337 1541 1576 1583 scrupulosam
1594 1541 1811 1584 diligentiam
1830 1541 2034 1586 requirunt,
2061 1551 2135 1572 non
2148 1537 2216 1572 hoc

1230 1598 1355 1632 agunt,
1383 1597 1421 1623 ut
1445 1604 1516 1623 rem
1541 1591 1730 1634 explicent,
1758 1593 1815 1624 sed
1835 1599 1945 1630 11163,
1972 1602 2061 1635 quae
2079 1589 2215 1623 medio-

1230 1641 1336 1674 criter
1359 1648 1439 1674 sunt
1465 1641 1653 1685 explicata,
1687 1643 1841 1675 eludant.
1906 1640 2026 1683 Quare
2049 1647 2109 1674 aut
2130 1652 2216 1684 pro-

1230 1691 1328 1734 piora
1349 1692 1507 1731 tradant,
1533 1699 1592 1725 3111
1607 1689 1690 1726 11366
1709 1692 1866 1725 cavillari
1883 1692 2056 1730 desinant,
2083 1691 2112 1724 si
2128 1691 2214 1736 quid

1230 1740 1363 1774 habent
1380 1742 1553 1775 candoris,

1331 1791 1409 1825 Hoc
1432 1805 1514 1826 vero
1538 1793 1602 1836 piIs
1622 1793 1767 1832 sufficit,
1796 1794 1889 1839 quod
1908 1793 2029 1828 vident
2047 1793 2215 1837 praefini-

1229 1850 1304 1876 tum
1328 1855 1399 1876 esse
1418 1850 1554 1885 tempus
1573 1845 1743 1877 adventus
1760 1844 1929 1883 Messiae‚
1956 1844 2119 1878 videlicet
2135 1851 2214 1888 post

1229 1894 1383 1927 reditum
1421 1906 1460 1927 ex
1489 1893 1673 1940 Babylone
1711 1895 1848 1928 circiter
1879 1906 1991 1928 annos
2013 1894 2099 1930 490,
2167 1893 2214 1927 Et

1229 1945 1424 1988 oportuisse
1454 1945 1549 1977 nasci
1573 1945 1737 1978 Messiam
1771 1943 1886 1979 adhuc
1916 1947 2066 1979 durante
2087 1945 2213 1989 politia

1231 1995 1382 2030 Iudaica.
1448 1995 1543 2028 Haec
1574 1996 1774 2029 testimonia
1807 1996 1910 2029 nobis
1941 1994 1998 2029 bic
2028 1996 2214 2040 praecipue

1231 2047 1447 2078 observanda
1475 2052 1567 2080 sunt.
1638 2044 1682 2080 Et
1708 2059 1908 2091 quanquam
1935 2047 2101 2080 articulos
2124 2054 2213 2080 tem-

1230 2109 1354 2140 porum
1374 2097 1516 2129 difficile
1533 2104 1580 2129 est
1598 2098 1826 2135 constituere,
1855 2104 1969 2130 tamen
1988 2095 2055 2130 hoc
2069 2104 2215 2141 apparet

1231 2159 1424 2190 congruere
1447 2145 1511 2180 bos
1533 2159 1644 2179 annos
1659 2147 1745 2186 490,
1771 2149 1824 2180 vel
1846 2160 1863 2180 a
1880 2147 1972 2193 Cyro
1997 2149 2038 2181 ad
2064 2160 2212 2181 nascen-

1230 2206 1297 2231 tem
1323 2195 1519 2237 Christum,
1560 2198 1614 2229 vel
1642 2210 1660 2230 a
1682 2197 1903 2241 Longimano
1930 2200 1972 2231 ad
1999 2199 2212 2242 baptismum

1229 2247 1372 2282 Christi.
1424 2247 1514 2281 Nam
1538 2248 1644 2280 series
1666 2261 1839 2281 annorum
1867 2256 1943 2292 post
1968 2249 2210 2283 Alexandrum

1229 2300 1347 2332 notior
1377 2306 1439 2334 est.
1505 2298 1562 2331 Ab
1587 2299 1789 2331 Alexandro
1821 2300 1847 2332 si
1879 2307 1972 2333 retro
1997 2307 2212 2344 quaerantur

1228 2351 1312 2382 anui
1332 2350 1426 2383 iuxta
1446 2349 1602 2382 Graecos
1619 2351 1660 2382 ad
1677 2350 1954 2393 Longimanum,
1981 2351 2090 2393 magis
2107 2350 2209 2383 etiam

1228 2400 1414 2445 quadrabit
1432 2401 1656 2440 computatio.
1711 2399 1855 2434 Constat
1871 2401 2111 2434 Alexandrum
2130 2413 2209 2433 coe-

1227 2452 1317 2495 pisse
1336 2462 1477 2493 regnare
1492 2447 1706 2495 Olympiade
1730 2452 1809 2486 111.

1330 2501 1401 2533 lam
1425 2501 1453 2532 si
1477 2507 1571 2533 retro
1593 2514 1754 2535 numeres
1779 2513 1908 2540 annos,
1936 2507 2067 2533 certum
2095 2507 2143 2533 est
2167 2513 2206 2534 ex

1226 2551 1372 2596 Polybio
1406 2551 1675 2594 diligentissimo
1706 2559 1737 2585 et
1768 2553 1861 2585 fideli
1894 2551 2063 2594 scriptore
2091 2558 2207 2595 captas

1225 2614 1296 2634 esse
1319 2599 1476 2634 Athenas
1501 2615 1517 2633 a
1544 2601 1726 2647 Lysandro
1745 2601 1956 2647 Olympiade
1973 2600 2032 2635 92.
2086 2600 2207 2634 Habe—

1224 2654 1275 2686 bis
1300 2664 1379 2696 ergo
1404 2664 1514 2686 annos
1533 2652 1592 2691 76,
1616 2661 1676 2688 3111
1699 2654 1846 2688 circiter.
1904 2651 1993 2685 Nam
2018 2651 2204 2686 articulum
