2379 2948
180 95 255 132 453
817 95 878 132 lv.

180 193 270 225 opus
287 181 354 215 erit
368 181 518 226 perfecta
536 192 658 215 eorum
676 181 887 224 cognitione.
936 181 1068 213 Verum
1087 180 1168 224 quia

179 232 217 264 in
237 232 402 266 civilibus
429 233 585 276 negociis
612 243 713 275 saepe
737 232 891 265 existunt
912 231 1169 275 disputationes

180 284 224 316 de
244 283 456 324 virtutibus,
486 286 528 317 de
552 282 667 321 vitiis,
696 283 738 314 de
760 282 925 322 fortuna,
953 282 996 314 de
1020 282 1168 325 legibus,

181 335 224 367 de
242 335 512 370 consuetudine.
566 333 650 365 Ideo
671 329 831 366 rhetores
855 330 982 366 horum
1008 333 1167 365 locorum

181 386 348 430 precipue
368 385 583 418 mentionem
608 383 761 423 faciunt,
802 383 863 428 qui
900 391 1016 417 tamen
1051 395 1166 428 neque

181 436 331 479 perfecte
350 435 518 477 intelligi,
546 445 660 478 neque
676 434 816 477 copiose
841 446 878 467 ac
904 435 999 467 varie
1025 435 1165 467 tractari

180 494 337 531 possunt,
364 486 433 519 nisi
453 484 601 527 cognitis
618 484 689 517 illis
706 485 859 526 artibus,
885 485 922 518 in
943 486 1072 530 quibus
1088 497 1166 518 ver-

180 545 312 572 santur.
367 536 486 578 Quare
502 546 641 568 necesse
660 541 711 568 est
727 536 771 569 ad
786 537 875 570 bene
892 537 1082 570 dicendum
1103 537 1164 569 ad-

178 589 261 622 dere
285 587 440 621 studium
463 586 623 619 omnium
649 587 881 620 maximarum
907 588 1057 628 artium,
1084 585 1163 631 phi-

177 636 380 682 losophiae,
415 637 598 670 doctrinae
627 637 828 681 religionis,
870 635 957 672 iuris
984 645 1015 672 et
1051 636 1164 671 histo-

176 690 319 723 riarum.

280 738 424 772 Interim
448 745 563 771 tamen
588 736 655 771 hoc
679 740 835 772 studium
858 739 1046 782 colligendi
1071 739 1162 772 dicta

175 789 407 833 scriptorum,
436 786 543 823 habet
562 790 715 834 aliquam
733 791 932 831 utilitatem,
959 790 1162 834 praesertim

174 842 213 874 in
229 840 475 874 adolescentia.
529 839 672 874 Habent
689 842 783 874 enim
802 842 911 874 multa
933 842 1066 874 lumina
1084 853 1163 873 ver-

174 892 302 925 borum
329 898 362 925 et
394 891 523 924 multas
548 892 693 934 figuras,
732 900 769 926 nt
793 892 932 935 elegans
956 890 1161 936 metaphora

172 949 223 976 est
242 943 279 975 in
299 954 401 975 versu
419 942 461 975 de
486 943 712 986 experientia.
765 942 970 987 Discipnlus
993 950 1043 976 est
1068 944 1162 987 prio—

172 995 222 1028 ris
242 993 416 1038 posterior
434 993 520 1026 dies.
563 993 685 1038 *Neque
703 994 818 1026 solum
836 1002 980 1038 propter
998 1001 1162 1027 venusta-

173 1052 244 1078 tem
263 1045 439 1084 citantur,
463 1046 520 1077 scd
540 1047 644 1077 etiam
665 1052 810 1089 propter
828 1046 1070 1085 autoritatem,
1099 1042 1163 1077 lia-
1186 1083 1187 1092 ἶ

173 1097 259 1129 bent
275 1095 370 1128 enim
389 1096 485 1129 velut
503 1097 642 1139 pondus
659 1096 863 1136 testimonii,
888 1097 968 1141 quia
986 1108 1004 1129 a
1026 1096 1162 1139 magnis

173 1147 260 1179 viris
277 1146 437 1190 proditae
453 1154 553 1185 sunt,
582 1147 671 1180 sicut
690 1146 862 1189 Virgilius
879 1146 1064 1180 Ennianos
1084 1159 1162 1179 ver-

173 1209 231 1231 sus
257 1209 319 1230 suo
341 1197 493 1241 poemati
519 1204 662 1241 propter
678 1198 883 1241 gravitatem
903 1199 1063 1232 inseruit.
1116 1196 1162 1230 Et

171 1248 296 1282 Cicero
321 1248 430 1280 multa
455 1247 556 1289 citat,
590 1255 629 1281 ut
661 1250 893 1294 quomobrem
926 1246 1163 1293 ἐπιχαριιείον

172 1300 262 1332 illud
294 1305 412 1331 teneto
435 1310 564 1331 nervos
592 1306 696 1343 atque
723 1307 818 1333 artus
853 1312 925 1333 esse
960 1300 1162 1343 sapientiae,

172 1362 246 1383 non
271 1355 402 1382 temere
431 1350 582 1382 credere.
609 1382 612 1385 ,
644 1351 701 1383 Ad
735 1347 819 1383 haec
851 1351 1039 1395 plaeraque
1071 1351 1161 1382 dicta

171 1399 354 1434 continent
376 1400 579 1442 gravissima
602 1408 803 1444 praecepta,
831 1414 939 1446 quare
955 1413 1027 1434 non
1046 1401 1160 1433 solum

172 1452 213 1485 ad
241 1451 462 1491 ornandum,
501 1451 560 1483 sed
584 1452 682 1483 velut
703 1452 795 1493 leges
820 1459 925 1496 atque
950 1452 1091 1485 oracula
1117 1452 1158 1483 ad

171 1501 453 1536 confirmandum
473 1501 724 1545 proferuntur,
751 1502 854 1546 quale
878 1503 965 1535 illud
994 1509 1044 1535 est
1068 1502 1159 1546 apud

170 1553 332 1592 Livium,
359 1552 402 1584 de
425 1564 497 1584 non
524 1553 693 1586 mutanda
720 1553 831 1585 forma
859 1554 1093 1598 reipublicae,
1128 1559 1161 1585 et

170 1604 267 1650 quod
300 1603 496 1646 praesentia
534 1603 758 1637 incommoda
791 1604 1047 1637 dissimulanda
1080 1604 1160 1643 sint,

170 1655 253 1700 quia
272 1654 420 1687 mutatio
436 1653 569 1687 maiora
590 1655 680 1687 mala
697 1654 852 1699 paritura
871 1656 926 1690 sit.
960 1655 1051 1689 Nota
1071 1655 1160 1687 mala

171 1705 289 1750 inquit
313 1704 466 1749 optima,
501 1706 595 1749 quod
621 1717 639 1738 a
663 1705 790 1738 Plauto
815 1713 993 1750 sumptum
1022 1713 1090 1745 est,
1127 1712 1161 1738 et

172 1756 302 1790 Graeci
320 1753 372 1800 μὴ
397 1757 512 1789 κινεῖν
538 1754 655 1790 κακὸν
679 1752 718 1789 εὖ
742 1753 923 1800 κείμενον.
977 1756 1159 1789 Interdum

169 1809 275 1841 etiam
294 1808 400 1840 breve
423 1807 567 1851 aliquod
595 1807 749 1847 dictum,
776 1808 823 1841 ita
848 1820 922 1840 rem
951 1808 1095 1847 definit,
1123 1814 1161 1839 nt

169 1859 280 1902 magis
299 1858 459 1891 ostendat
487 1870 582 1898 earn,
612 1870 716 1903 quam
747 1859 881 1901 prolixe
905 1858 1161 1902 disputationes

168 1907 492 1953 Philosophorum,
528 1916 569 1942 ut
599 1909 757 1942 definitio
794 1910 880 1952 legis
909 1910 999 1952 apud
1027 1907 1159 1941 Demo-

169 1958 343 2001 sthenem,
371 1959 491 2002 Quare
509 1958 594 1993 haec
611 1960 794 2002 diligentia
810 1960 999 2002 colligendi
1019 1966 1160 1992 senten-

170 2012 255 2051 tias,
283 2023 356 2044 non
372 2011 487 2044 solum
509 2011 698 2044 verborum
718 2012 854 2055 copiam
881 2012 962 2054 alit,
990 2012 1048 2044 sed
1068 2022 1159 2043 non-

170 2060 262 2095 nihil
280 2063 383 2096 etiam
403 2063 444 2094 ad
465 2075 583 2096 rerum
600 2062 839 2105 cognitionem
857 2063 1035 2096 conducit.

171 2119 288 2146 tamen
308 2120 346 2146 ut
366 2113 504 2157 copiose
523 2126 561 2147 ac
577 2114 673 2146 varie
696 2115 837 2147 tractari
863 2114 928 2147 loci
955 2125 1159 2146 communes

173 2164 326 2208 possint,
360 2167 522 2198 accedere
546 2171 684 2209 oportet
707 2177 747 2198 ex
775 2166 860 2208 ipsis
884 2165 1019 2199 artibus
1046 2165 1159 2208 perfe-

173 2222 263 2248 ctam
290 2215 495 2251 doctrinam.
557 2215 743 2250 Caeterum
769 2217 810 2249 ad
837 2216 1052 2260 colligendas
1079 2227 1158 2247 sen-

172 2266 300 2299 tentias
317 2265 420 2298 etiam
439 2265 640 2300 adhibenda
657 2274 707 2300 est
722 2268 810 2301 ratio
829 2270 1014 2312 quaedam.
1068 2266 1156 2299 Nam

173 2324 206 2351 et
222 2316 390 2350 memoria
408 2317 650 2361 adiuvabitur,
678 2331 756 2351 cum
781 2319 908 2352 ordine
933 2317 1158 2352 distribueri-

172 2380 252 2402 mus
277 2380 331 2400 eas
355 2368 392 2399 in
418 2375 527 2401 certas
554 2369 695 2409 classes»,
719 2377 751 2403 et
776 2368 860 2403 hacc
878 2369 1084 2403 distributio
1102 2380 1157 2401 re—

172 2431 251 2453 rum
279 2419 372 2452 inter
401 2430 436 2451 se
466 2419 627 2451 ordinem
655 2422 826 2457 ostendet.
885 2420 950 2455 Est
981 2427 1097 2454 autem
1125 2427 1158 2453 et

172 2468 258 2503 haec
279 2470 451 2515 quaedam
473 2480 553 2513 pars
578 2471 806 2513 eruditionis,
838 2484 956 2505 rerum
982 2472 1157 2512 ordinem,

171 2521 273 2555 initia
291 2529 324 2556 et
339 2521 600 2565 progressiones
622 2521 754 2555 videre.
807 2521 952 2567 Optima
976 2530 1092 2556 autem
1120 2523 1155 2554 in

172 2572 421 2606 distribuendo
439 2571 642 2604 oeconomia
659 2571 742 2612 erit,
768 2573 797 2605 si
819 2585 1006 2619 sequemur
1026 2573 1155 2607 artium

173 2624 388 2657 discrimina.
439 2622 645 2656 Cavendum
665 2628 714 2655 est
728 2623 840 2664 enim,
868 2637 912 2657 ne
933 2625 1155 2658 confundan-

171 2681 230 2708 tur
244 2681 352 2716 artes,
378 2674 438 2708 sed
456 2673 715 2708 observandum
728 2700 736 2714 ‚
763 2673 823 2719 qui
840 2675 907 2708 loci
931 2676 1001 2709 sint
1017 2673 1156 2708 theolo-

921 93 1195 131 ELEMENTA
1248 93 1581 134 RHETORICES.

1090 2061 1157 2095 Sed
1183 2063 1184 2068 ¹

2133 107 2206 144 454

1193 182 1196 223 ξ
1218 179 1306 222 gici‚
1333 181 1393 225 qui
1410 182 1480 215 sint
1496 180 1746 228 philosophici.
1798 183 1850 220 Ac
1867 185 2103 233 philosophici
2119 205 2201 237 pos-

1217 238 1299 264 sunt
1316 232 1384 274 peti
1401 243 1442 264 ex
1465 234 1623 276 partibus
1646 233 1817 276 hominis,
1843 238 1952 280 ratio,
1978 247 2086 279 artes,
2114 256 2200 286 pru-

1216 281 1353 319 dentia,
1399 282 1529 323 virtus,
1575 284 1737 327 affectus,
1782 291 2020 331 consuetudo,
2062 304 2200 337 corpus,

1216 331 1348 372 forma,
1375 338 1479 372 aetas,
1508 334 1659 375 fortuna,
1687 337 1842 377 divitiae,
1871 342 2088 383 oeconomia,
2113 356 2200 377 con-

1216 382 1370 425 iugium,
1405 384 1564 416 educatio
1592 385 1806 427 liberorum,
1839 390 1980 432 politia,
2015 394 2199 436 magistra-

1217 440 1288 470 tus,
1316 433 1390 476 lcx,
1420 433 1571 477 bellum,
1596 446 1669 478 pax.
1725 436 1841 471 Facile
1855 448 1905 473 est
1929 449 2044 475 autem
2072 456 2198 487 genera

1215 483 1356 527 partiri,
1382 491 1414 516 et
1438 485 1582 525 videre,
1615 497 1704 529 quae
1726 490 1939 531 sentcntiae,
1967 505 2056 536 quae
2082 508 2198 528 exem.-

1216 535 1292 578 pla,
1320 547 1409 579 quae
1426 535 1699 576 similitudines,
1727 537 1764 569 in
1781 540 1936 583 qnalibet
1955 544 2065 584 specie
2088 546 2199 579 collo-

1215 586 1287 618 cari
1311 587 1474 620 debeant.
1534 586 1587 619 De
1613 584 1678 620 hac
1701 588 1838 621 ratione
1861 595 2073 635 annotandi,
2107 604 2199 630 extat

1213 634 1396 680 Rodolphi
1416 636 1601 680 Agricolae
1618 635 1797 681 Epistola,
1824 652 1929 684 quain
1949 643 2052 675 velim
2078 649 2199 680 adole-

1213 688 1390 721 scentibus
1407 688 1559 732 proponi
1575 690 1618 721 ad
1637 690 1783 722 verbum
1802 691 2041 728 ediscendum.

1552 775 1611 807 De
1641 771 1858 820 affectibus.

1315 839 1363 873 Ut
1378 840 1444 873 loci
1462 852 1668 874 communes
1695 849 1910 885 sparguntur
1932 843 1968 876 in
1992 845 2200 889 orationem,

1213 891 1257 923 ita
1276 891 1419 924 affectus
1435 898 1574 935 oportet
1591 904 1629 924 ac
1645 899 1762 925 motus
1777 895 1946 937 quosdam
1965 897 2118 930 orationi
2137 900 2199 931 ad-

1212 943 1304 975 dere.
1363 942 1520 975 Affectus
1543 949 1658 975 autem
1683 943 1849 977 oriuntur
1870 957 1909 977 ex
1933 945 2018 979 locis
2036 956 2196 992 expeten-

1212 994 1337 1025 dorum
1358 1005 1395 1026 ac
1419 994 1689 1036 fugiendorum,
1717 1006 1804 1039 quos
1831 995 1867 1027 in
1892 1007 2016 1038 genere
2039 1000 2197 1033 suasorio

1212 1050 1242 1076 et
1261 1044 1537 1077 demonstrativo
1558 1045 1815 1085 recensuimus,
1842 1046 2005 1080 videlicet
2022 1061 2060 1081 ex
2085 1046 2198 1084 hone-

1211 1101 1282 1134 sto,
1315 1095 1430 1138 turpi,
1462 1095 1542 1127 utili
1566 1101 1598 1127 et
1622 1095 1761 1135 inutili,
1796 1096 1885 1129 Nam
1918 1095 2063 1132 honesta
2094 1108 2199 1146 atque

1210 1145 1308 1178 utilia
1337 1152 1518 1178 merentur
1545 1155 1713 1180 amorem.
1780 1146 1934 1190 Turpia,
1969 1147 2198 1185 abhorrentia

1210 1202 1348 1236 natura,
1375 1196 1520 1236 iniusta,
1550 1197 1731 1236 damnosa,
1757 1196 2098 1233 oderunthon'iines.
2125 1201 2198 1234 Mi-

1210 1247 1435 1279 sericordiam
1454 1253 1570 1279 movet
1585 1246 1764 1279 calamitas
1790 1259 1849 1281 seu
1875 1249 2015 1282 fortuna
2039 1251 2198 1295 indigna,

1210 1304 1338 1337 aetate,
1365 1309 1508 1340 genere,
1536 1297 1676 1330 virtute.
1730 1296 1990 1342 Hincintelligi
2009 1309 2132 1344 potest,
2160 1303 2197 1336 in

1210 1348 1367 1392 qualibet
1384 1349 1542 1382 oratione
1557 1348 1700 1381 affectus
1723 1348 1759 1380 in
1787 1349 1828 1381 iis
1853 1351 2012 1392 partibus
2037 1353 2197 1393 existere,

1210 1400 1245 1431 in
1266 1399 1396 1443 quibus
1412 1405 1608 1431 tractantur
1627 1398 1695 1431 loci
1713 1410 1917 1432 communes
1937 1402 1980 1433 de
2008 1401 2198 1437 virtutibus

1210 1456 1243 1482 et
1268 1449 1373 1484 vitiis.
1415 1448 1484 1482 Sed
1510 1455 1628 1481 tamen
1653 1448 1707 1481 illi
1732 1449 1799 1493 ipsi
1822 1450 1907 1490 loci,
1937 1458 2068 1485 certum
2088 1464 2197 1496 genus

1210 1500 1399 1532 verborum
1422 1500 1621 1544 requirunt.
1675 1498 1764 1532 Nam
1789 1500 1848 1532 alii
1874 1501 2017 1535 affectus
2041 1511 2122 1537 sunt
2146 1505 2197 1538 le—

1210 1551 1351 1593 niores,
1378 1551 1438 1595 qui
1457 1557 1628 1583 vocantur
1649 1548 1749 1595 ἤθη,
1779 1552 1838 1596 qui
1856 1552 1996 1585 blandis
2015 1555 2130 1588 verbis
2148 1557 2198 1589 ef-

1210 1604 1389 1642 feruntur,
1418 1613 1507 1646 quae
1526 1601 1817 1643 significationem
1839 1600 2068 1637 humanitatis
2091 1612 2197 1651 atque

1209 1654 1314 1685 officii
1340 1654 1527 1696 praebent,
1567 1652 1669 1696 quale
1696 1649 1762 1685 hoc
1794 1660 1844 1686 est
1867 1655 1959 1697 apud
1989 1654 2196 1698 Virgilium:

1209 1702 1340 1737 Omnis
1360 1704 1395 1736 in
1414 1702 1567 1736 Ascanio
1585 1703 1654 1735 cari
1678 1710 1743 1736 stat
1763 1716 1843 1736 cura
1861 1705 2025 1748 parentis.
2079 1706 2197 1740 Fami-

1209 1756 1305 1787 liaris
1324 1762 1375 1788 est
1390 1755 1542 1787 exordiis
1561 1754 1790 1797 epistolarum
1810 1762 1843 1787 et
1862 1755 2075 1797 orationum,
2101 1769 2198 1790 com-

1209 1806 1417 1838 memoratio
1435 1805 1553 1844 officii,
1569 1804 1604 1836 in
1624 1815 1691 1848 qua
1706 1806 1802 1837 decet
1817 1816 1881 1837 nos
1897 1806 2097 1840 animorum
2117 1820 2196 1841 sen-

1209 1869 1267 1889 sus
1291 1863 1395 1900 atque
1421 1855 1690 1894 inclinationes,
1717 1867 1805 1899 quae
1822 1853 1899 1900 ’ἤθη
1918 1864 2110 1901 vocantur,
2136 1871 2195 1891 ex-

1211 1919 1358 1951 ponere,
1385 1913 1423 1939 ut
1440 1906 1482 1938 ad
1499 1905 1711 1939 Lentulum:
1741 1904 1985 1939 periucundae
2006 1905 2094 1940 mihi
2120 1910 2196 1943 sue-

1183 1951 1185 1961 '
1210 1965 1292 1991 runt
1309 1958 1430 1990 literae
1447 1964 1544 1994 tuae,
1572 1969 1611 1988 ex
1629 1956 1757 2001 quibus
1774 1955 1928 1989 intellexi
1948 1964 1979 1990 te
2000 1960 2195 2003 perspicere

1209 2021 1321 2041 meam
1339 2010 1374 2040 in
1395 2015 1427 2040 te
1446 2008 1620 2050 pietatem.
1648 2007 1722 2039 Alii
1741 2014 1825 2040 sunt
1840 2008 1985 2041 affectus
2005 2008 2195 2044 veliemen-

1209 2061 1337 2099 tiores,
1365 2059 1424 2104 qui
1447 2060 1615 2091 dicuntur
1630 2054 1744 2102 πάθη.
1801 2057 1841 2090 ln
1867 2056 1921 2091 his
1947 2060 2118 2093 utendum
2144 2069 2195 2096 est

1209 2112 1387 2145 atrocibus
1404 2117 1433 2143 et
1454 2109 1596 2152 tragicis
1618 2108 1747 2142 verbis.
1802 2107 1992 2142 Ducuntur
2012 2117 2126 2143 autem
2154 2124 2194 2145 ex

1209 2162 1375 2195 omnibus
1398 2161 1483 2194 locis
1509 2159 1698 2192 dialecticis
1722 2160 2028 2203 amplificationes,
2057 2163 2098 2193 ad
2126 2162 2194 2194 im-

1209 2214 1391 2258 pellendos
1415 2212 1568 2250 animos,
1605 2217 1805 2253 exaggerata
1832 2211 1885 2243 vel
1913 2211 2101 2253 dignitate,
2136 2214 2192 2246 vel

1209 2265 1429 2309 turpitudine
1448 2263 1517 2303 rei,
1542 2268 1580 2295 ut
1603 2262 1646 2293 ab
1665 2261 1821 2304 exemplo
1849 2260 1972 2294 Livius
1997 2262 2031 2293 in
2059 2262 2193 2295 Ptemi-

1208 2317 1317 2349 nium.
1353 2315 1424 2348 Nec
1444 2312 1599 2347 hominis
1618 2313 1809 2356 quidquam
1829 2318 1877 2344 est
1894 2319 2028 2355 praeter
2044 2313 2191 2356 figuram

1208 2374 1239 2400 et
1258 2367 1428 2411 speciem,
1457 2377 1570 2409 neque
1588 2362 1744 2396 Romani
1762 2362 1847 2394 civis
1870 2368 2006 2405 praeter
2029 2361 2189 2398 habitum

1208 2419 1462 2462 vestitumque,
1489 2423 1521 2448 et
1538 2425 1664 2447 sonum
1684 2412 1814 2445 latinae
1831 2412 1989 2456 linguae,
2024 2415 2129 2457 pestis
2152 2427 2191 2450 ac

1209 2470 1325 2502 bellua
1352 2466 1534 2505 immanis,
1568 2464 1707 2509 qualem
1732 2463 1860 2495 fretum
1886 2465 2085 2508 quondam,
2119 2478 2190 2510 quo

1207 2522 1250 2554 ab
1271 2519 1391 2554 Sicilia
1414 2517 1628 2554 dividimur,
1661 2514 1702 2546 ad
1728 2514 1918 2557 perniciem
1947 2515 2190 2558 navigantium

1207 2569 1488 2607 circumsedisse,
1508 2566 1646 2599 fabulae
1663 2565 1793 2598 ferunt.
1848 2565 1917 2599 Sed
1934 2566 1971 2598 in
1990 2566 2115 2610 primis
2131 2579 2191 2599 va-

1181 2612 1183 2639 3
1206 2623 1280 2655 lent
1297 2619 1551 2666 hypotyposes,
1574 2628 1651 2649 cum
1668 2616 1765 2658 signa
1783 2622 1815 2649 et
1838 2624 1953 2659 gestus
1977 2628 2192 2650 commemo-

1207 2679 1351 2711 rantur,
1379 2680 1527 2714 cumque
1551 2668 1665 2710 imago
1689 2668 1806 2713 aliqua
1833 2669 1870 2700 in
1893 2668 2004 2702 oculis
2030 2667 2190 2709 incurrit,

1509 2715 1588 2752 29*
