2379 2948
264 81 338 116 979

267 165 449 201 Christum
472 173 504 199 et
522 164 731 209 Apostolos,
758 163 795 197 in
817 176 885 209 qua
901 162 998 197 Deus
1014 171 1176 198 aeternus
1195 175 1258 208 pa-

270 218 386 251 tefecit
409 217 625 249 voluntatem
649 227 765 255 suam,
793 222 825 249 et
848 215 909 260 qui
935 215 1010 248 sine
1032 227 1071 248 ea
1096 214 1257 248 doctrina

270 268 383 302 Deum
403 274 594 311 quaerunt,
621 268 789 300 aberrant
805 266 849 299 ab
869 278 921 299 eo.

374 320 428 351 Ad
459 316 548 350 hanc
578 317 684 359 igitur
714 329 777 350 nos
802 324 921 357 vocat,
952 324 985 351 et
1007 316 1182 361 promittit
1207 314 1257 348 ibi

272 376 407 404 tantum
431 368 506 401 sore
524 367 715 400 Ecclesiam
740 379 856 407 suam,
881 367 931 401 ibi
956 379 991 401 se
1009 368 1257 400 exauditurum

273 431 361 459 esse,
388 419 450 452 ubi
475 425 575 451 sonat
600 431 666 451 vox
681 418 884 462 Evangelii,
911 426 947 452 ut
971 418 1065 452 Ioan.
1088 419 1144 453 15.
1168 416 1259 450 dici-

272 478 344 504 tur:
373 469 411 503 Si
430 469 627 503 manseritis
642 470 679 502 iu
698 483 771 510 ine,
800 477 833 503 et
851 471 955 502 verba
973 482 1047 502 mea
1066 467 1260 501 manserint

274 521 311 553 in
336 521 451 561 vobis,
479 521 645 566 quicquid
666 521 867 561 volueritis,
898 521 1040 564 petetiS,
1070 526 1102 552 et
1120 520 1178 552 fiet
1195 531 1260 551 vo-

274 572 337 605 bis.
402 571 502 604 Hanc
528 572 636 615 igitur
659 572 857 604 doctrinam
884 579 1085 604 constanter
1107 570 1260 603 retinea-

275 635 370 663 muS,
398 630 429 656 et
455 635 491 655 ea
517 623 738 667 praelucente
755 621 868 655 Deum
892 622 1112 662 invocemus,
1139 633 1177 654 ac
1198 632 1260 665 pe-

275 681 388 708 tamus
401 701 408 713 ,
434 681 471 707 ut
489 686 553 707 nos
570 681 664 716 regat
683 681 714 705 et
731 680 855 707 servet.

376 750 479 783 Nunc
511 751 552 783 ad
587 747 752 783 historica
785 751 901 785 redeo.
964 748 1161 787 Numerus,
1196 747 1261 780 etsi

276 813 437 834 arcanam
464 801 753 843 significationem
779 798 904 839 habet,
931 807 1046 833 tamen
1072 800 1113 832 ad
1140 798 1261 832 Maca-

274 853 441 885 baeorum
459 850 642 885 historiam
658 851 839 894 congruit,
864 857 902 884 nt
919 862 1022 895 supra
1041 851 1153 894 capite
1168 856 1261 882 octa-

275 916 317 935 vo
348 903 432 936 belli
463 909 600 946 tempus
631 902 822 945 praedixit,
856 902 1020 935 videlicet
1051 913 1108 933 sex
1139 911 1262 940 annos,

275 961 344 987 tres
367 965 502 986 menses
525 961 557 987 et
580 953 704 996 viginti
729 953 814 986 dies.
870 952 920 986 lta
946 951 1012 986 hoc
1034 952 1111 984 loco
1135 963 1260 984 nume-

274 1016 351 1037 rum
372 1005 471 1037 illum
488 1004 689 1047 distinguit,
716 1004 917 1047 significans
934 1005 1069 1036 diversa
1086 1003 1168 1035 belli
1185 1014 1261 1034 mo-

275 1063 410 1093 menta,
447 1062 478 1088 et
500 1063 637 1098 tempus
661 1055 837 1099 profanati
865 1055 988 1098 templi
1011 1054 1216 1087 discernens
1241 1065 1260 1085 a

274 1107 433 1151 sequenti
457 1113 631 1149 tempore,
660 1118 729 1151 quo
753 1117 897 1150 prorsus
919 1106 1019 1150 pulsa
1036 1112 1117 1138 sunt
1134 1117 1174 1137 ex
1190 1110 1260 1136 tota

275 1156 403 1190 Iudaea
427 1157 600 1201 praesidia
625 1156 781 1202 Syriaca.

275 1256 461 1297 ducentos,
491 1258 715 1304 nonaginta,
744 1258 809 1292 hoc
825 1266 892 1301 est,
921 1271 1033 1293 annos
1049 1265 1136 1298 tres,
1163 1269 1262 1290 men--

273 1321 325 1342 ses
340 1321 397 1342 sex
414 1316 447 1342 et
466 1310 539 1342 dies
557 1310 771 1353 quindecim.

376 1359 479 1393 Hanc
511 1360 661 1403 primam
694 1359 779 1392 belli
810 1360 959 1402 epitasin
989 1360 1161 1400 significat
1187 1359 1262 1390 fore

275 1411 507 1444 difficiliorem
529 1411 611 1454 piis:
637 1422 718 1443 nam
735 1407 802 1442 hoc
819 1408 974 1443 triennio
990 1408 1038 1451 pii
1057 1408 1092 1440 in
1111 1407 1261 1440 maxima
1287 1446 1289 1455 4

274 1462 469 1495 calamitate
503 1462 656 1495 suerunt.
711 1460 897 1494 Tenebant
925 1459 1061 1503 Syriaci
1091 1458 1261 1491 exercitus

274 1524 368 1546 arces
389 1524 525 1553 omnes,
554 1512 779 1545 trucidabant
800 1513 837 1544 in
855 1510 994 1554 oppidis
1011 1517 1043 1543 et
1060 1509 1150 1551 agris
1166 1509 1261 1540 iner-

273 1576 363 1596 mem
386 1563 670 1602 multitudinem,
700 1562 883 1605 rapiebant
906 1562 949 1594 ad
975 1560 1145 1604 supplicia
1163 1570 1261 1592 senes

275 1621 306 1647 et
330 1615 513 1657 mulieres,
542 1620 573 1647 et
599 1613 807 1658 aliquandiu
831 1625 894 1645 nec
920 1607 1090 1644 exercitus
1113 1610 1178 1643 ulli
1198 1621 1261 1642 nec

274 1667 378 1698 duces
415 1672 533 1704 erant,
575 1664 636 1708 qui
678 1662 768 1696 hanc
806 1662 985 1696 saevitiam
1019 1661 1261 1704 reprimerent.

273 1716 397 1749 Postea
414 1713 607 1748 Matathias
624 1722 655 1748 et
675 1713 778 1747 Iudas
795 1714 1054 1759 aliquantulum
1073 1712 1262 1756 reprimere

274 1765 363 1799 hanc
379 1767 618 1800 crudelitatem
638 1772 844 1809 coeperunt,
869 1764 917 1798 ibi
934 1764 1101 1797 inclinata
1120 1764 1261 1795 fortuna

274 1818 365 1861 pulsi
388 1817 482 1862 Syn-ii
506 1829 578 1850 non
604 1823 767 1859 poterant
785 1816 932 1860 grassari
953 1823 989 1848 ut
1007 1822 1119 1848 antea.
1173 1812 1261 1846 Nam

274 1868 453 1901 acerrimis
486 1867 627 1911 praeliis
657 1867 809 1910 primum
843 1874 918 1908 post
942 1865 1135 1899 triennium
1162 1876 1263 1896 recn-

276 1926 434 1963 peratum
459 1925 508 1951 est
532 1918 712 1960 templum.
767 1915 941 1961 Reliquae
967 1929 1020 1948 res
1041 1917 1185 1948 fuerunt
1209 1915 1263 1947 sa-

276 1970 423 2003 ciliores.

381 2020 461 2052 ldeo
486 2021 528 2052 de
553 2018 637 2051 belli
664 2018 756 2051 exitu
782 2018 914 2062 inquit:
942 2015 1085 2049 Beatus
1111 2015 1176 2062 qui
1200 2026 1262 2047 ex-

275 2075 392 2117 pectat
421 2075 449 2103 et
477 2068 627 2114 attingi!
654 2067 729 2101 (lies
749 2067 869 2105 mille,
909 2071 1079 2100 trecentos
1105 2065 1261 2111 triginta

277 2121 453 2169 quinque,
496 2122 531 2154 id
570 2128 638 2157 est,
681 2127 749 2152 tres
784 2132 896 2152 annos
923 2126 956 2152 et
995 2126 1072 2151 octo
1114 2128 1261 2150 menses.

277 2174 559 2217 Complectemur
575 2182 655 2212 ergo
671 2183 783 2204 annos
798 2178 928 2214 septem
946 2176 979 2202 et
993 2170 1063 2201 fere
1079 2176 1147 2202 tres
1162 2180 1260 2201 men-

279 2236 339 2257 ses.
393 2223 482 2256 Nam
500 2235 593 2256 anno
613 2220 694 2255 145.
711 2228 788 2265 post
804 2228 952 2254 mortem
973 2219 1166 2253 Alexandri
1186 2220 1260 2251 ido-

278 2275 351 2308 lum
375 2275 411 2307 in
435 2275 566 2317 templo
590 2273 798 2306 collocatum
823 2279 891 2313 est,
918 2283 1038 2305 mense
1058 2269 1263 2308 Novembri,

859 76 985 113 PHIL.
1012 76 1128 113 MEL.
1158 75 1369 112 SCRIPTA
1397 74 1698 112 EXEGETICA.

834 1157 896 1190 Ait
921 1169 1021 1200 ergo:
1051 1155 1084 1188 Α
1108 1160 1262 1201 [empore
1288 1176 1289 1200 1

274 1206 397 1240 ablati
414 1205 592 1252 sacrificii
609 1212 638 1240 et
657 1206 828 1241 collocati
846 1205 1035 1256 z'dolifore
1055 1204 1131 1239 dies
1147 1203 1261 1243 mille,
1288 1212 1289 1215 ’

2218 80 2293 115 980

1311 175 1390 197 cum
1410 162 1515 207 paulo
1533 169 1613 196 ante
1632 159 1830 196 Antiochus
1848 164 2087 199 crudelitatem
2104 166 2220 200 omnis
2237 177 2296 210 ge-

1311 215 1405 247 neris
1423 225 1580 246 exercere
1596 215 1762 247 adversus
1781 213 1927 247 ludaeos
1944 216 2120 259 coepisset.
2170 217 2296 251 Postea

1310 277 1405 298 anno
1432 262 1516 299 151.
1544 276 1663 297 mense
1694 264 1885 298 Februario
1907 264 2063 299 Nicanor
2093 267 2204 301 victus
2234 275 2295 307 est,

1311 316 1373 361 qui
1397 315 1647 360 superbissime
1670 315 1853 349 minitatus
1875 316 1988 350 fuerat
2004 317 2146 361 templo.
2200 317 2297 352 Haec

1311 367 1378 400 suit
1401 373 1574 410 postrema
1598 366 1745 400 victoria
1767 366 1875 399 Iudae
1897 366 2100 408 Macabaei,
2142 380 2229 412 quae
2249 369 2296 402 ita

1312 417 1421 451 erexit
1445 416 1630 458 Iudaeam,
1661 424 1700 451 ut
1729 429 1929 462 quanquam
1955 417 2050 463 Syrii
2074 419 2208 452 bellum
2233 419 2299 451 ali-

1313 470 1450 512 quoties
1472 468 1727 509 instaurarent,
1767 475 1885 502 tamen
1910 469 2012 502 facile
2033 469 2300 513 repellerentur.

1313 518 1483 564 Sequenti
1515 531 1626 560 anno,
1660 519 1721 564 qui
1750 519 1817 553 fuit
1848 520 2037 564 septimuS‚
2071 518 2236 553 Ionathas
2266 526 2300 553 et

1313 568 1438 603 Simon
1476 575 1585 602 totam
1626 569 1789 603 Iudaeam
1827 578 2052 614 receperunt,
2094 577 2127 604 et
2157 570 2300 616 Syriaca

1313 620 1487 664 praesidia
1513 620 1671 665 undique
1695 633 1735 653 ex
1753 622 1891 664 oppidis
1910 621 2062 655 Iudaicis
2076 621 2301 666 expulerunt.

1314 670 1487 714 Congruit
1505 671 1611 713 igItur
1627 673 1669 704 ad
1688 672 1772 704 belli
1790 679 1925 716 tempus
1941 672 2133 716 praedictio
2149 671 2301 712 numeri,

1314 722 1350 755 id
1377 721 1528 755 arbitror
1549 722 1646 765 prius
1669 719 1727 755 hic
1749 723 2044 756 considerandum
2063 735 2154 764 esse,
2179 729 2300 770 postea

1315 779 1529 818 quaerantur
1546 773 1738 805 concinnae
1756 774 2037 817 significationes,

1418 847 1551 882 Ultima
1567 849 1735 892 particula
1753 849 1790 882 in
1805 857 1898 883 textu
1911 851 2097 894 diligenter
2109 851 2302 884 observan-

1315 901 1356 933 da
1374 906 1441 937 est,
1471 901 1565 944 quod
1584 901 1712 933 diserte
1727 900 1814 934 dicit
1833 901 2008 944 Angelus,
2035 899 2119 934 haec
2136 900 2301 934 vaticinia

1315 952 1491 995 pertinere
1517 952 1560 983 ad
1583 952 1743 984 ultimam
1766 958 1911 985 aetatem
1938 952 2080 985 mundi:
2116 948 2301 997 Quiesces‚

1317 1006 1346 1035 el
1371 1000 1486 1034 stabis
1510 1003 1549 1034 in
1567 1006 1661 1035 sorte
1679 1006 1742 1034 lua
1761 999 1886 1047 infine
1905 1000 2056 1037 dierum.
2110 1001 2207 1035 Haec
2224 1014 2302 1035 ver-

1316 1054 1380 1096 ba,
1409 1053 1473 1086 etsi
1496 1053 1556 1085 alii
1579 1054 1647 1085 alio
1672 1053 1912 1092 detorserunt,
1941 1060 2059 1086 tamen
2083 1053 2176 1086 clare
2191 1053 2302 1096 signi-

1287 1116 1289 1151 ζ
1315 1104 1430 1143 fleant,
1457 1102 1616 1136 Danielis
1632 1104 1829 1137 doctrinam
1847 1104 2029 1147 complecti
2045 1104 2163 1137 omnia
2177 1104 2303 1137 mundi

1316 1162 1494 1198 tempora,
1532 1165 1641 1199 usque
1673 1156 1715 1187 ad
1747 1155 2038 1189 resurrectionem
2062 1163 2302 1188 mortuorum:

1288 1223 1289 1252 ᾗ
1316 1205 1398 1250 qnia
1425 1205 1635 1239 vaticinatur
1658 1206 1784 1238 ordine
1806 1207 1849 1238 de
1874 1204 2090 1239 monarchiis
2113 1213 2145 1239 et
2168 1205 2302 1238 ultimis

1288 1269 1289 1278 ³
1316 1257 1451 1300 regnis,
1488 1264 1521 1290 et
1548 1257 1590 1288 de
1623 1257 1801 1290 aerumnis
1824 1256 2000 1290 Ecclesiae
2023 1256 2191 1301 postremi
2214 1264 2304 1290 tem-

1287 1283 1290 1352 Ι
1316 1308 1422 1352 poris.
1476 1306 1559 1340 Ideo
1584 1307 1715 1352 inquit:
1746 1307 1863 1341 Stabis
1879 1308 1917 1340 in
1935 1314 2028 1340 sorte
2047 1315 2124 1348 tua,
2151 1306 2302 1340 Docebis

1288 1361 1289 1366 ’
1315 1365 1348 1391 et
1365 1358 1589 1401 confirmaqis
1608 1357 1800 1391 Ecclesiam
1816 1358 1941 1391 ultimo
1959 1366 2115 1401 tempore
2130 1357 2267 1391 mundi.

1287 1384 1289 1443 l
1418 1407 1514 1439 Haec
1545 1407 1715 1449 particula
1750 1408 1860 1440 bonas
1885 1415 2018 1440 mentes
2042 1409 2085 1440 ad
2112 1406 2301 1440 lectionem

1315 1456 1475 1490 Danielis
1493 1454 1628 1490 hortari
1645 1459 1759 1490 debet.
1814 1457 1885 1490 Nec
1901 1456 1992 1490 nihil
2010 1464 2060 1491 est
2077 1469 2212 1497 causae,
2240 1469 2303 1490 cur

1314 1507 1409 1541 Deus
1425 1509 1645 1552 praemoneri
1657 1506 1849 1541 Ecclesiam
1866 1509 1909 1540 de
1924 1509 1995 1540 suis
2013 1508 2192 1541 aerumnis
2207 1508 2304 1548 velit,

1316 1558 1514 1592 Multorum
1532 1559 1640 1590 animi
1660 1566 1846 1592 moventur
1860 1559 2089 1593 multitudine
2102 1558 2304 1602 impiorum,

1286 1615 1291 1657 1
1315 1616 1504 1642 moventur
1527 1616 1559 1642 et
1583 1610 1725 1643 fortuna
1741 1621 1779 1642 ac
1796 1609 1926 1653 gloria,
1954 1617 1986 1643 et
2002 1610 2203 1652 disputant,
2233 1609 2304 1642 Tot

1289 1661 1290 1672 ³
1314 1667 1432 1703 gentes
1457 1660 1543 1692 alias
1565 1661 1703 1703 ignaras
1720 1658 1925 1702 Evangelii,
1955 1667 1988 1693 et
2011 1660 2154 1703 quidem
2171 1659 2303 1692 floren-

1288 1713 1290 1734 *
1314 1718 1365 1744 tes
1385 1711 1543 1753 imperiis
1563 1718 1594 1743 et
1615 1710 1725 1756 gloria
1746 1722 1819 1743 non
1838 1710 1967 1752 negligi
1984 1723 2001 1743 a
2019 1709 2114 1744 Deo.
2143 1722 2304 1757 praeser-
2345 1704 2350 1708 ’

1289 1800 1290 1805 ¹
1314 1762 1376 1795 tim
1403 1774 1481 1794 cum
1506 1762 1543 1793 in
1567 1762 1637 1794 illis
1660 1761 1762 1794 etiam
1784 1761 1882 1794 multi
1902 1761 1989 1802 sint,
2018 1761 2078 1806 qui
2095 1761 2226 1794 virtute
2244 1773 2304 1793 ex-

1288 1810 1290 1855 ]
1314 1813 1467 1852 cellunt,
1495 1810 1743 1845 Offenduntur
1766 1812 1876 1845 animi
1900 1820 1933 1846 et
1955 1813 2034 1845 aliis
2055 1812 2175 1845 multis
2199 1822 2302 1854 argu-

1288 1859 1291 1909 }
1314 1863 1453 1897 mentis.

1288 1918 1291 1951 1
1419 1913 1502 1948 Ideo
1522 1920 1726 1958 praemonet
1741 1926 1805 1946 nos
1820 1912 1914 1946 Deus
1926 1939 1934 1951 ‚
1961 1919 2000 1945 ut
2017 1913 2165 1946 sciamus
2181 1912 2303 1947 Eccle-

1289 1974 1292 2020 ἰ
1315 1966 1401 1998 siam
1418 1966 1493 1998 sore
1511 1966 1681 2007 exiguam,
1705 1972 1737 1998 et
1754 1971 1847 1997 certo
1863 1971 2067 2002 statuarum,
2088 1962 2177 1996 hanc
2194 1976 2302 1996 unam

1289 2027 1291 2039 ¹
1316 2016 1534 2054 doctrinam,
1562 2015 1725 2049 traditam
1752 2027 1813 2059 per
1830 2012 2040 2058 Prophetas,
2067 2012 2248 2048 Christum
2269 2021 2302 2048 et

1315 2065 1517 2109 Apostolos,
1543 2077 1614 2098 esse
1631 2066 1828 2104 salutarem,
1851 2078 1913 2097 nec
1928 2065 2012 2098 alibi
2030 2063 2302 2099 esseEcclesiam

1314 2115 1399 2156 Dei,
1428 2117 1495 2149 nisi
1514 2117 1550 2149 in
1568 2129 1607 2149 eo
1624 2123 1741 2156 coetu,
1769 2116 1828 2160 qui
1846 2113 1937 2148 hanc
1954 2117 2152 2149 doctrinam
2170 2116 2303 2160 ample-

1316 2167 1434 2201 ctitur.
1488 2167 1563 2201 Hac
1583 2179 1647 2200 nos
1664 2167 1904 2200 consolatione
1920 2167 2186 2207 confirmemus,
2213 2178 2302 2211 quae

1315 2218 1503 2261 diligenter
1519 2219 1666 2262 cogitata
1685 2218 1756 2260 pias
1775 2225 1909 2250 mentes
1927 2218 2119 2261 plurimum
2137 2218 2243 2252 iuvat.

1643 2267 1761 2306 Τέλος.
1791 2265 1880 2308 δόξα
1901 2268 1981 2315 θεῷ
