2379 2948
214 85 286 119 733
806 73 930 108 P111L.
963 72 1077 108 MEL.
1108 70 1317 107 SCRIPTA
1345 69 1643 106 EXEGETlCA.
2158 71 2231 107 784

214 167 417 206 aedificant,
443 177 548 210 quam
574 164 610 195 in
633 158 1122 204 huiusmodiquaestionibus
1137 169 1198 191 cu·
1223 157 1226 196 Ι
1251 158 1357 191 verba
1387 163 1486 198 sunt,
1521 157 1586 190 sub
1619 163 1652 190 te
1685 156 1768 198 erit,
1800 155 1973 190 Hebraica
2003 155 2140 202 phrasis
2171 165 2234 198 est,

214 218 317 252 riosis
334 216 441 260 magIs
457 226 559 260 quam
578 212 733 246 utilibus.

318 276 461 309 Certum
486 279 535 305 est
558 277 673 304 autem
700 267 784 302 baec
803 268 881 302 ideo
897 269 1024 313 scripta
1042 279 1135 308 esse,
1161 273 1200 300 ut

216 329 364 362 sciamus
387 326 429 357 ad
456 324 564 357 vitam
590 321 698 354 nullis
722 317 888 353 humanis
911 320 1046 354 viribus
1064 330 1128 352 nos
1145 329 1200 351 re-

216 380 290 413 dire
320 387 439 421 posse,
473 374 569 406 iuxta
599 372 707 405 illud:
742 370 855 405 Nemo
878 371 1033 404 ascendit
1058 371 1096 403 in
1121 381 1200 403 coe-

216 431 308 468 lum,
339 426 407 459 nisi
426 425 487 470 qui
504 423 684 457 descendit
703 423 745 455 de
764 422 872 458 coelo.

318 487 435 530 Atque
466 483 523 518 hic
551 484 697 516 observa
725 482 848 514 miram
874 480 1200 520 contradictionem,

215 546 315 572 autea
347 537 478 569 dictum
504 541 573 575 est,
608 534 766 577 futurum
792 539 829 565 ut
855 544 972 565 semen
996 530 1091 565 Evae
1116 543 1201 563 con-

215 595 303 622 terat
328 594 432 631 caput
451 585 638 629 serpentis:
666 582 724 616 hic
742 590 843 627 negat
861 584 903 616 ad
923 584 1031 616 vitam
1048 582 1200 615 reditum

216 651 288 673 esse
314 637 537 671 hominibus:
566 647 647 678 ergo
672 646 811 667 necesse
830 641 901 677 est,
931 646 948 665 e
965 634 1062 666 coelo
1080 632 1201 665 venire

218 691 277 735 qui
296 690 387 722 viam
404 688 531 720 faceret
546 687 586 719 ad
606 686 725 719 vitam.
777 683 962 717 Caeterum
980 685 1007 716 si
1024 684 1103 728 quis
1115 683 1202 716 alle-

218 740 351 785 goriam
380 738 555 783 requirat,
588 736 731 779 angelus
764 742 917 768 armatus
947 734 1063 777 gladio
1093 735 1203 776 legem

217 791 409 834 significat,
438 801 525 833 quae
550 788 824 820 instrumentum
848 786 970 818 mortis
991 793 1059 826 est,
1085 792 1201 818 custo-

217 843 268 875 dit
289 841 395 884 igitur
413 840 504 872 viam
524 839 565 871 ad
584 838 719 880 lignum
739 836 837 870 vitae.

584 954 721 1008 Caput
746 954 821 994 IV.

320 1042 409 1074 Vide
428 1041 506 1074 fidei
524 1039 842 1079 conflictationem,
869 1039 974 1071 unico
992 1039 1099 1071 verbo
1117 1038 1200 1071 sub-

217 1096 351 1128 levatus
371 1098 419 1125 est
439 1090 571 1131 Adam,
602 1090 719 1134 Ipsum
735 1101 851 1122 semen
871 1096 945 1126 etc.‚
976 1101 993 1121 e
1010 1101 1079 1134 quo
1095 1089 1202 1122 verbo

218 1156 294 1188 spes
318 1142 440 1176 salutis
464 1148 630 1185 concepta
652 1147 720 1178 est,
749 1147 867 1184 postea
893 1139 1032 1173 eiicitur
1054 1152 1072 1173 e
1097 1139 1203 1172 Para-

217 1196 313 1234 diso,
356 1194 421 1227 iter
449 1193 491 1224 ad
523 1192 629 1225 vitam
663 1191 915 1224 intercluditur
946 1203 1007 1234 per
1029 1191 1204 1233 angelum,

218 1247 312 1279 inter
334 1242 399 1278 hos
418 1243 570 1276 insultus
588 1249 705 1275 tamen
724 1241 876 1284 concipit
894 1241 1009 1275 fidem.
1063 1240 1202 1274 Confir—

217 1303 307 1329 mata
325 1302 374 1328 est
388 1295 471 1327 fides
488 1294 605 1336 genito
623 1292 730 1332 Cain,
759 1293 853 1336 quod
872 1292 939 1325 iam
957 1299 1113 1325 cerneret
1130 1304 1202 1324 non

218 1359 253 1380 se
273 1354 410 1379 tantum
429 1344 601 1383 victuros,
628 1344 685 1375 sed
705 1350 736 1376 et
753 1343 992 1386 posteritatem
1012 1343 1104 1381 fore,
1132 1343 1203 1376 imo

219 1397 313 1442 quod
332 1396 459 1428 scirent
480 1395 686 1438 promissam
705 1394 747 1426 de
764 1393 896 1425 semine
915 1393 1080 1433 salutem,
1105 1393 1203 1437 quasi

221 1449 269 1480 sic
288 1447 467 1485 dicerent,
494 1444 582 1477 Ecce
598 1443 868 1488 promissionem
886 1444 928 1475 de
946 1443 1076 1475 semine
1096 1440 1204 1476 habe-

219 1509 316 1538 mus,
348 1496 443 1541 quod
468 1501 625 1528 conteret
647 1500 751 1538 caput
774 1493 963 1537 serpentis,
991 1494 1204 1536 gaudeamus

220 1549 328 1592 igitur
354 1547 457 1580 nobis
477 1546 633 1579 sobolem
658 1557 746 1584 esse,
789 1557 806 1577 e
829 1556 896 1588 qua
920 1551 1083 1577 nascatur
1107 1544 1204 1585 olim,

220 1600 281 1644 qui
313 1604 511 1641 serpentem
543 1602 715 1629 conterat:
754 1593 849 1627 bunc
879 1595 1054 1627 adfectum
1081 1601 1205 1628 testata

220 1656 271 1683 est
307 1648 452 1686 mulier,
495 1658 573 1680 cum
607 1646 675 1685 ait,
717 1644 900 1689 Aequisivi
932 1642 1111 1676 hominem
1144 1656 1205 1688 per

219 1698 333 1733 Deum
362 1705 423 1732 etc.
492 1696 560 1730 Sed
587 1697 714 1730 iterum
741 1706 907 1728 concussa
929 1701 978 1728 est
1004 1694 1107 1735 fides,
1142 1695 1204 1728 ubi

221 1751 385 1782 viderunt
405 1747 495 1781 Abel
514 1747 666 1780 occisum
678 1761 698 1787 ,ι
714 1745 804 1779 Cain
822 1757 839 1778 a
858 1744 934 1778 Deo
952 1745 1131 1779 reiectum.

323 1808 493 1853 Sequenti
515 1807 671 1850 exemplo
689 1804 901 1839 exhibentur
918 1805 1021 1837 nobis
1039 1805 1204 1849 primum,

222 1873 302 1895 cura
319 1859 387 1893 Dei
411 1870 474 1902 pro
498 1857 621 1897 nobis,
649 1857 814 1890 donantis
834 1856 1000 1896 verbum,
1026 1856 1127 1888 docet
1143 1867 1205 1889 au-

222 1920 291 1946 tem
310 1908 377 1943 hoc
395 1909 502 1942 verbo
521 1919 583 1941 suo
600 1908 703 1940 fidem
721 1914 753 1941 et
769 1907 957 1940 caritatem.

323 1968 478 2002 Docetur
505 1967 627 1999 caritas
651 1979 729 1999 cum
755 1963 983 2010 reprehendit
1007 1965 1103 1998 Deus
1124 1963 1206 1998 Cai-

223 2033 307 2055 num
324 2020 453 2052 iratum
470 2017 582 2051 fratri,

324 2078 429 2111 Fides
446 2078 591 2110 docetur
606 2081 639 2108 et
654 2075 842 2108 discrimen
858 2087 1002 2118 operum
1016 2100 1024 2113 ‚
1052 2086 1130 2107 cum
1147 2073 1207 2114 ait,

222 2130 350 2164 Nonne
368 2129 397 2162 si
430 2128 546 2161 bonus
572 2126 698 2166 fueris,
734 2132 894 2168 acceptus
920 2137 953 2158 es
973 2133 1054 2165 etc.,
1082 2125 1115 2158 id
1143 2131 1206 2164 est,

223 2181 353 2214 valebit
384 2178 527 2224 quidem
558 2188 667 2220 opus,
702 2176 730 2208 si
762 2188 821 2208 cor
847 2176 980 2208 bonum
1007 2183 1074 2213 est,
1111 2176 1206 2220 quod

223 2232 308 2277 quid
333 2230 429 2263 aliud
455 2235 523 2268 est,
552 2239 655 2272 quam
679 2227 773 2271 quod
800 2227 971 2269 scriptura
994 2227 1125 2271 ubique
1143 2227 1207 2259 do-

226 2290 296 2322 cet,
325 2293 364 2314 ex
382 2279 547 2324 operibus
567 2278 651 2321 legis
670 2290 742 2310 non
762 2289 832 2310 esse
850 2277 1035 2312 iusticiam.

325 2338 512 2383 Proposito
537 2337 742 2370 discrimine
768 2348 913 2380 operum
938 2342 970 2369 et
996 2336 1077 2369 fidei
1096 2337 1206 2379 legem

225 2391 384 2432 subiicit,
411 2390 479 2423 nisi
505 2389 598 2421 enim
625 2388 814 2421 discrimen
839 2399 984 2430 operum
1006 2393 1038 2420 et
1057 2387 1137 2420 fidei
1157 2394 1207 2420 te-
1232 2409 1233 2429 ἢ

227 2449 348 2481 netur,
383 2441 511 2474 frustra
537 2440 683 2472 docetur
709 2439 778 2471 lex:
816 2437 891 2471 Sub
923 2445 955 2471 te
977 2438 1042 2471 erit
1066 2438 1206 2481 cupidi-

227 2499 278 2525 tas
302 2492 393 2532 eius,
422 2491 551 2524 scilicet
571 2489 719 2533 peccati,
746 2488 781 2521 id
801 2496 861 2529 est,
889 2487 945 2521 Ira
961 2495 1125 2532 concepta
1144 2489 1206 2521 ad-

226 2553 346 2575 versus
370 2542 512 2574 fratrem
531 2541 596 2574 sub
615 2547 647 2573 te
664 2546 736 2573 esto
749 2566 757 2581 ‚
782 2547 814 2573 et
831 2546 868 2573 tu
887 2540 1081 2573 domineris
1101 2539 1206 2579 illius,

225 2593 262 2626 id
281 2599 349 2632 est,
377 2603 420 2624 ne
436 2592 652 2624 obsecundes
671 2591 758 2631 irae,
786 2603 830 2624 ne
848 2590 987 2634 subigat
1005 2597 1037 2624 te
1054 2591 1116 2631 ira,
1145 2591 1204 2623 sed
1231 2611 1232 2634 ᾗ

578 2641 666 2675 Nam
692 2642 786 2685 quod
814 2642 931 2676 sutura
957 2649 989 2676 et
1015 2641 1205 2675 indicativa
1230 2635 1232 2649 ³

225 2651 262 2677 tu
288 2643 341 2676 illi
367 2643 525 2686 imperes.

1252 220 1341 252 quae
1365 220 1428 253 pro
1452 207 1670 252 imperativis
1694 207 1781 240 solet
1804 207 2004 240 indicativis
2028 208 2099 250 uti,
2131 215 2171 242 ut
2196 208 2233 241 in

1251 259 1329 292 aliis
1344 259 1480 304 legibus
1495 265 1545 292 est
1558 269 1716 292 cernere:
1745 257 1824 291 Non
1842 257 2074 301 concupisces.
2120 258 2233 292 Porro

1252 309 1375 343 iisdem
1394 310 1510 343 verbis
1529 321 1633 353 supra
1651 309 1784 342 dictum
1804 315 1872 349 est,
1899 309 1964 341 sub
1984 308 2051 340 viri
2068 315 2234 352 potestate

1254 360 1339 402 eris,
1367 367 1402 395 et
1424 361 1498 406 ipse
1524 360 1768 394 dominabitur
1790 360 1853 394 tui.
1910 357 2018 392 Vides
2041 366 2156 392 autem
2175 358 2234 393 hic

1255 419 1437 456 praecepta
1467 412 1651 456 utriusque
1679 410 1840 451 tabulae,
1874 410 2007 454 primae
2028 409 2169 443 tabulae
2193 411 2235 444 de

1255 462 1404 496 colendo
1424 461 1559 503 Deum,
1586 474 1659 495 non
1686 461 1869 506 operibus,
1893 461 1952 493 sed
1976 461 2063 499 fide,
2091 460 2153 493 ubi
2177 472 2236 493 ne·-

1254 520 1312 556 gat
1327 514 1545 547 oblationem
1562 525 1634 546 esse
1646 540 1655 554 ,
1681 513 1924 558 qualecunque
1942 523 2039 556 opus.
2099 510 2238 545 Deinde

1255 565 1427 597 secundae
1448 564 1587 599 tabulae
1604 571 1846 608 praeceptum,
1874 575 1952 596 cum
1973 569 2064 596 vetat
2080 562 2238 596 occidere

1254 615 1415 655 fratrem,
1443 626 1556 659 neque
1574 614 1610 647 id
1627 615 1740 647 solum
1754 641 1764 655 ,
1790 615 1848 648 sed
1867 620 1899 647 et
1916 614 2017 647 irasci
2035 619 2144 654 vetat,
2172 610 2239 646 hoc

1255 672 1323 706 est,
1352 666 1673 710 quomodocunque
1690 665 1833 699 alterius
1847 666 1970 703 famae,
1994 665 2110 705 rebus,
2135 664 2239 703 vitae,

1254 717 1345 749 male
1370 717 1469 751 velle.
1524 714 1621 758 Quid
1647 722 1760 749 autem
1787 716 1911 749 efficiat
1934 716 1988 748 lex
2013 716 2088 749 sine
2113 714 2240 758 spiritu

1258 768 1359 808 vide,
1391 767 1531 801 animus
1554 765 1644 800 Cain
1674 766 1782 809 magis
1807 767 2003 805 insolescit,
2037 777 2239 812 quanquam

1256 818 1398 852 interim
1416 817 1615 852 dissimulet
1630 817 1737 858 iram,
1764 817 1850 851 dicit
1867 817 1960 850 enim
1976 817 2166 861 scriptura:
2195 815 2240 849 Et

1256 869 1394 903 locutus
1412 877 1461 902 est
1481 867 1570 902 Cain
1590 880 1666 901 cum
1682 868 1774 901 Abel
1790 869 1895 902 fratre
1912 879 1992 908 suo,
2020 868 2056 901 id
2075 874 2142 907 est,
2169 867 2239 900 iam

1256 920 1351 953 velut
1374 920 1483 964 posita
1508 920 1578 957 ira,
1606 920 1642 952 in
1669 919 1818 963 speciem
1841 918 1993 961 benigne
2018 917 2241 962 compellavit

1257 977 1289 1004 et
1314 970 1475 1005 tractavit
1501 970 1664 1010 fratrem,
1692 967 1784 1002 nihil
1807 969 1925 1003 minus
1951 981 2032 1013 prae
2055 980 2090 1002 se
2114 969 2241 1008 ferens,

1256 1033 1361 1066 quam
1381 1022 1474 1066 quod
1493 1021 1634 1064 gerebat
1652 1021 1688 1053 in
1709 1027 1856 1065 pectore.

1537 1129 1601 1165 Ubi
1629 1134 1685 1164 est
1711 1127 1839 1175 frater
1866 1134 1966 1164 tuus.

1358 1197 1473 1231 Multa
1491 1204 1574 1231 sunt
1591 1198 1627 1230 in
1646 1195 1710 1230 hac
1726 1195 1874 1230 historia
1892 1197 2122 1231 observanda.
2163 1195 2243 1230 Pri-

1256 1261 1373 1289 mum,
1405 1246 1473 1282 Dei
1504 1260 1587 1282 cura
1617 1260 1682 1292 pro
1713 1248 1894 1289 fidelibus,
1927 1248 2001 1281 sive
2024 1248 2147 1281 vivant
2171 1247 2244 1280 sive

1256 1299 1473 1340 moriantur,
1500 1299 1595 1333 iuxta
1621 1299 1729 1332 illud:
1756 1298 1905 1331 Domini
1925 1311 2046 1332 sumus
2065 1298 2136 1331 sive
2152 1298 2244 1331 vivi-

1255 1362 1334 1384 mus
1356 1350 1429 1383 sive
1452 1349 1636 1383 morimur.
1704 1349 1906 1383 Secundum
1933 1361 2012 1382 cum
2037 1355 2133 1382 tanta
2161 1360 2244 1381 cura

1257 1401 1318 1440 sit,
1346 1412 1408 1433 cur
1432 1411 1505 1432 non
1530 1400 1647 1443 potius
1672 1399 1847 1432 viventem
1875 1399 2044 1439 servavit,
2072 1411 2135 1432 cur
2158 1411 2244 1432 con-

1257 1451 1401 1484 nivebat
1443 1461 1521 1482 cum
1565 1449 1785 1483 occideretur
1825 1449 1941 1482 Abel?
2009 1448 2241 1494 Respondeo:

1256 1500 1352 1534 Haec
1380 1500 1540 1533 doctrina
1570 1500 1682 1533 crucis
1710 1507 1778 1537 est,
1812 1507 1852 1533 ut
1878 1500 2052 1533 discamus
2075 1512 2149 1534 non
2172 1510 2244 1533 esse

1257 1553 1432 1591 desertos,
1471 1558 1573 1589 tunc,
1616 1563 1695 1583 cum
1732 1550 1882 1583 maxime
1914 1551 2042 1584 deserti
2072 1550 2245 1584 videmur.

1258 1603 1360 1636 Item:
1384 1601 1628 1634 postmortem
1648 1599 2003 1642 vindicatDominus,
2030 1608 2069 1635 ut
2084 1602 2245 1635 ostendat

1258 1653 1311 1685 illi
1326 1652 1507 1685 meliorem
1527 1664 1622 1696 spem
1641 1652 1830 1696 repositam
1850 1663 1920 1685 esse
1938 1659 2017 1696 post
2032 1659 2194 1690 mortem,

1361 1711 1526 1753 Figurata
1546 1718 1595 1744 est
1612 1709 1786 1744 Ecclesia:
1815 1723 1897 1743 nam
1912 1717 1950 1744 ut
1966 1708 2106 1745 Christo
2125 1711 2244 1744 subla—

1257 1769 1293 1795 to
1306 1789 1313 1801 ,
1340 1761 1512 1805 putabant
1536 1761 1604 1794 iam
1624 1760 1743 1794 ludaei
1761 1773 1795 1794 se
1811 1773 1976 1805 regnare,
2004 1768 2078 1795 tum
2097 1763 2244 1805 resurgit

1258 1811 1439 1853 Christus,
1468 1819 1501 1845 et
1518 1812 1597 1845 illos
1614 1812 1785 1857 disperdit
1803 1819 1868 1846 etc.

1362 1871 1466 1904 Fides
1497 1878 1547 1904 est
1573 1877 1666 1904 certo
1694 1872 1823 1905 sentire
1847 1870 1921 1905 Deo
1948 1883 2011 1904 nos
2038 1883 2140 1904 curae
2162 1883 2244 1913 esse,

1258 1921 1372 1956 Deum
1393 1929 1529 1966 praesto
1555 1933 1646 1962 esse,
1674 1934 1775 1966 opem
1794 1923 1883 1955 ferre
1900 1929 1975 1960 etc„
2000 1922 2244 1967 qualecunque

1259 1980 1309 2006 est
1334 1973 1427 2018 quod
1453 1973 1617 2016 patimur.
1671 1972 1740 2006 Sed
1760 1973 1852 2018 quod
1870 1970 1926 2005 hic
1946 1984 2018 2006 non
2038 1973 2190 2006 ostendit
2209 1985 2244 2006 se

1262 2023 1374 2064 Deus,
1411 2035 1473 2056 nec
1503 2023 1644 2056 adiuvat
1669 2023 1766 2067 prius
1791 2035 1895 2068 quam
1924 2021 2016 2056 Abel
2041 2023 2244 2058 interfectus

1259 2075 1321 2114 sit,
1350 2086 1421 2107 non
1447 2074 1560 2107 solum
1584 2074 1737 2107 ostendit
1760 2085 1849 2118 quae
1874 2085 1951 2118 spes
1974 2074 2125 2119 supersit
2146 2086 2244 2108 mor-

1261 2126 1347 2164 tuis,
1375 2125 1434 2157 sed
1454 2131 1486 2158 et
1502 2125 1601 2157 docet
1619 2125 1770 2168 primum
1789 2125 1918 2157 bonam
1937 2125 2155 2158 voluntatem
2172 2137 2244 2159 esse

1259 2188 1356 2209 suam
1383 2175 1494 2209 occidi
1522 2186 1602 2215 nos,
1630 2182 1661 2208 et
1686 2187 1729 2208 ne
1751 2182 1824 2208 tum
1842 2175 1983 2219 quidem
2001 2177 2138 2216 abesse,
2165 2188 2243 2209 cum

1259 2226 1406 2259 minime
1432 2227 1551 2259 adesse
1577 2226 1732 2259 videtur:
1761 2227 1918 2259 desertus
1945 2227 2084 2260 videtur
2107 2225 2200 2260 Abel
2225 2239 2243 2260 a

1259 2278 1357 2316 Deo,
1385 2289 1464 2311 cum
1489 2277 1556 2309 iam
1581 2288 1599 2309 a
1626 2277 1732 2310 fratre
1754 2288 1938 2320 oppressus
1957 2285 2063 2317 esset,
2091 2278 2150 2310 sed
2166 2284 2243 2321 post

1260 2328 1356 2361 illius
1381 2334 1529 2361 mortem
1559 2327 1672 2371 palam
1704 2333 1870 2368 testatur,
1901 2339 1936 2361 se
1959 2329 2118 2361 nondum
2145 2328 2242 2360 dese-

1260 2379 1371 2412 ruisse
1389 2390 1480 2419 eum,
1498 2390 1600 2423 quem
1622 2384 1720 2422 putat
1740 2389 1811 2411 esse
1829 2379 2023 2412 desertum:
2052 2389 2152 2411 curae
2169 2385 2242 2411 erat

1260 2428 1352 2464 Abel
1381 2427 1475 2470 Deo,
1518 2440 1581 2461 nec
1613 2435 1728 2462 tamen
1762 2429 1898 2463 adiuvit
1933 2429 2014 2468 ille,
2056 2434 2130 2461 tum
2163 2440 2243 2462 cum

1260 2480 1456 2525 oportuisse
1490 2479 1648 2519 videtur,
1681 2491 1763 2524 ergo
1797 2480 1888 2513 bona
1914 2479 2076 2513 voluntas
2100 2476 2166 2512 Dei
2193 2486 2243 2513 est

1231 2532 1233 2541 ¹
1259 2531 1378 2574 adfligi
1396 2537 1427 2564 et
1445 2530 1557 2563 occidi
1574 2537 1723 2566 sanctos.

1364 2590 1456 2623 Caro
1482 2589 1557 2623 vult
1580 2589 1762 2623 iustificari
1786 2588 1904 2622 omnia
1926 2599 2005 2626 sua,
2033 2589 2176 2632 spiritus
2193 2595 2243 2622 est

1259 2639 1404 2687 quiDeo
1424 2640 1570 2683 gloriam
1589 2640 1743 2674 veritatis
1759 2647 1790 2673 et
1807 2639 1962 2673 iusticiae
1980 2639 2123 2680 tribuit,
2148 2640 2242 2674 iuxta

2356 1052 2368 1100 ἰ

2363 1126 2369 1195 ὲ

2363 1206 2369 1242 τ
