2379 2948
149 123 221 157 529
746 123 812 162 111.

151 213 260 240 artem
305 214 415 249 amat,
459 215 492 241 et
528 219 585 241 ars
624 209 823 251 fortunam,
872 206 980 252 τέχνη
1023 203 1140 253 τύχην

150 255 291 304 ἔστερξε
316 256 379 293 καὶ
403 254 544 305 τύχνην
569 255 666 303 1fo-

538 361 598 394 De
634 360 739 393 Fato.

250 435 408 470 Primum
439 434 623 479 explicatio
654 433 819 468 vocabuli
850 435 1043 468 necessaria
1075 442 1136 476 est,

147 486 229 530 quia
266 487 490 519 manifestum
525 492 592 525 est,
635 485 720 518 alias
750 485 852 518 aliter
882 482 974 518 hanc
1012 497 1134 520 vocem

145 537 321 579 usurpari.
359 534 477 568 Prima
496 536 671 569 enarratio
690 533 774 568 haec
794 542 858 568 est:
888 534 1013 570 Fatum
1033 547 1134 581 saepe

146 586 316 629 siguificat
336 586 513 619 decretum
531 586 713 624 divinum,
739 587 781 619 de
798 598 834 619 re
848 612 857 626 ‚
882 598 987 631 quam
1004 587 1132 629 guber-

144 644 207 671 nat
224 637 384 670 voluntas
399 634 486 677 Dei,
513 644 552 671 ut
568 636 728 681 proxima
746 648 866 676 causa,
894 643 928 669 et
951 649 1024 670 non
1048 649 1131 670 cau-

146 698 203 720 sae
226 687 407 719 secundae.
477 685 525 721 Ut
550 685 729 721 Israelitae
752 686 790 721 in
817 687 922 720 undis
945 694 1132 720 servantur

145 738 236 774 fato,
263 734 402 769 Pharao
431 743 463 770 et
490 738 666 782 principes
683 735 848 782 Aegyptii
876 743 1024 780 pereunt
1047 738 1131 778 fato,

144 787 178 819 id
197 793 264 827 est,
290 785 356 819 Dei
376 787 570 822 voluntate.
626 787 686 822 Sic
710 799 812 831 saepe
837 788 988 828 dicitur,
1017 787 1127 832 impe-

141 837 192 870 ria
212 838 282 870 fato
302 838 448 878 mutari,
475 838 556 882 quia
575 850 648 871 non
665 847 812 882 possunt
839 838 1029 871 monstrari
1055 839 1129 871 suf—

137 938 236 980 perio
253 939 350 972 orbis
366 945 540 973 terrarum
557 939 667 983 potita
693 939 735 972 sit
748 966 757 976 ,
784 950 888 983 quam
905 937 1096 982 Carthago.

241 996 400 1031 Secunda
418 999 593 1031 enarratio
617 1005 685 1032 est:
738 997 864 1030 Fatum
883 997 1053 1040 significat
1072 1009 1127 1031 se-

137 1047 224 1080 riem
245 1059 427 1081 causarum
450 1049 686 1087 naturalium,
714 1048 750 1081 id
773 1055 838 1087 est,
865 1048 1124 1092 copulationem
1151 1074 1152 1078 ,

138 1099 321 1132 stellarum
349 1111 427 1133 cum
452 1099 736 1143 temperamentis
759 1105 791 1131 et
819 1099 1124 1134 inclinationibus,
1150 1118 1152 1137 z
1326 1131 1334 1138 ,
1390 1132 1396 1138 ,
1512 1132 1519 1138 ,
1740 1132 1747 1139 ,

138 1146 180 1180 ld
197 1149 307 1182 satum
326 1156 427 1183 vocat
446 1149 668 1183 Ptolemaeus
688 1146 889 1194 physicum:
921 1156 959 1182 ut
982 1149 1010 1181 si
1028 1149 1124 1182 dica-
1150 1147 1151 1151 ¹
1180 1132 1466 1166 enarrflnmnbus
1484 1133 1674 1166 d¹ce¹¹d¹¹m
1699 1139 1776 1168 emt·

136 1205 210 1238 tur,
239 1197 401 1232 Marciiio
426 1197 602 1232 lohannes
619 1200 787 1232 Albertus
812 1198 883 1232 fato
909 1211 1034 1242 corpus
1058 1200 1123 1232 ob-

651 1248 729 1283 Etsi
750 1255 864 1282 autem
887 1256 1003 1292 postea
1029 1250 1123 1282 dice·
1147 1275 1149 1279 .

135 1249 282 1282 noxium
306 1250 439 1282 morbis
462 1248 601 1283 hahere.

135 1311 234 1342 mus,
262 1311 351 1344 quae
368 1301 439 1333 sint
462 1300 657 1339 mutabilia,
685 1311 774 1344 quae
790 1299 860 1332 sint
875 1300 1122 1340 immutabilia,

134 1356 252 1382 tamen
270 1361 365 1382 nunc
383 1350 536 1383 breviter
552 1349 703 1382 inseram
721 1346 1029 1392 reprehensionem
1043 1362 1122 1383 ver-

133 1411 191 1433 sus
210 1399 370 1433 Manilii:

236 1454 307 1483 Fata
329 1461 435 1493 regunt
457 1454 612 1490 homines,
640 1460 717 1483 certa
732 1460 809 1483 stant
827 1455 925 1483 omnia
941 1456 1017 1494 lege.

132 1509 311 1556 Loquitur
333 1509 506 1543 Manilius
528 1511 570 1544 de
598 1510 668 1544 fato
700 1507 863 1554 physico,
904 1512 962 1544 sed
989 1509 1117 1557 hyper-

133 1562 215 1594 bole
244 1561 329 1594 falsa
365 1568 434 1595 est:
475 1560 579 1594 Certa
605 1567 697 1594 stant
721 1561 838 1594 omnia
870 1561 955 1605 lege.
1035 1561 1117 1595 Non

131 1612 226 1644 enim
243 1622 364 1644 omnes
382 1619 527 1645 eventus
541 1611 708 1645 oriuntur
723 1624 741 1644 a
760 1611 888 1652 stellis,
928 1619 962 1645 et
979 1613 1021 1645 de
1043 1623 1117 1645 sce-

129 1713 328 1746 voluntates
356 1720 389 1746 et
411 1712 554 1746 Diaboli
577 1713 821 1756 impulsiones.

129 1770 180 1796 est
198 1775 319 1796 omnes
336 1769 479 1796 eventus
493 1762 687 1795 necessario
708 1763 877 1803 accidere,
905 1769 942 1795 ut
960 1769 993 1796 et
1009 1775 1113 1808 supra

127 1814 261 1847 dictum
279 1820 349 1853 est,
377 1820 409 1846 et
425 1824 546 1846 rursus
564 1813 754 1845 dicendum
772 1813 850 1846 erit.

127 1927 205 1950 cum
230 1914 393 1948 secundis
426 1913 647 1948 naturalibus
681 1920 714 1946 et
751 1914 980 1953 voluntariis,
1021 1915 1111 1954 talis,

125 1973 165 2000 ut
182 1978 245 1999 nec
263 1965 374 2008 prima
393 1976 495 1997 causa
519 1964 620 1997 aliter
646 1964 737 1996 ciere
762 1975 862 2007 posse
882 1964 1110 2004 existimetur,

126 2028 232 2062 quam
256 2022 295 2049 ut
320 2016 492 2048 secundae
513 2015 694 2055 seruntur,
728 2026 792 2047 nec
818 2015 981 2048 voluntas
1005 2016 1108 2049 aliter

125 2078 226 2110 agere
262 2077 362 2110 posse
406 2066 642 2103 existimetur,

122 2131 142 2152 a
161 2117 447 2161 praecedentibus
466 2115 594 2156 causis,
622 2116 844 2149 naturalibus
863 2116 1108 2150 inclinationi-

123 2170 190 2203 bus
208 2173 241 2200 et
258 2167 357 2208 visis,
384 2167 420 2200 id
441 2174 509 2207 est,
536 2166 790 2210 imaginatione
811 2167 1043 2203 obiectorum.

224 2223 395 2257 Dissentit
421 2230 537 2258 autem
570 2223 677 2257 stoica
702 2230 794 2258 secta
818 2236 892 2257 non
924 2225 1038 2258 solum
1062 2226 1106 2259 ab

121 2273 279 2310 Ecclesia
298 2274 342 2306 de
358 2274 598 2316 providentia,
624 2275 684 2308 sed
701 2274 804 2308 etiam
822 2286 840 2308 a
859 2276 1003 2309 caeteris
1019 2274 1105 2309 Phi-

121 2322 292 2369 losophis.
345 2323 434 2356 Nam
461 2325 628 2359 miracula
654 2325 837 2359 manifesta
863 2325 1037 2369 plurima,
1065 2334 1104 2360 nt

122 2376 255 2411 divisae
280 2374 396 2408 undae
421 2373 459 2406 in
480 2375 568 2408 mari
590 2375 718 2414 rubro,
752 2382 785 2409 et
808 2377 958 2419 repressi
982 2389 1104 2411 cursus
1129 2417 1131 2423 Ι

120 2427 233 2467 Solis,
260 2431 293 2458 et
308 2431 530 2458 mortuorum
546 2426 762 2460 resuscitatio
778 2433 960 2466 testantur,
988 2426 1103 2461 Deum
1128 2426 1130 2463 ¹:
1155 2435 1193 2461 ut
1209 2427 1310 2460 Plato
1333 2427 1369 2459 in
1394 2434 1518 2472 quarto
1542 2428 1634 2460 libro
1658 2428 1700 2458 de
1725 2426 1876 2469 Legibus
1901 2427 2140 2462 eruditissime

121 2489 195 2511 non
211 2476 391 2519 alligatum
409 2487 481 2508 esse
497 2476 540 2507 ad
557 2487 675 2509 causas
698 2478 866 2510 secundas
878 2505 886 2517 ,
912 2479 972 2511 sed
993 2478 1102 2511 liber·

120 2629 157 2661 in
176 2627 351 2672 imperiis,
379 2634 412 2661 et
436 2625 658 2660 heroicorum
677 2626 833 2660 virorum
850 2628 1005 2671 insignes
1021 2641 1098 2663 suc--

120 2690 251 2720 cessus,
277 2685 337 2712 aut
359 2678 543 2720 interitus,
570 2684 609 2711 ut
626 2677 832 2718 faterentur,
859 2678 972 2712 Deum
991 2692 1098 2725 quae·
1123 2712 1124 2715 ,

863 121 1019 159 ΙΝΙΤῙΑ
1045 118 1340 158 DOCTRINAE
1366 121 1621 159 PHYSICAE.

691 2077 797 2109 quam
837 2072 876 2098 ut
914 2065 1135 2109 impellitur*

2113 122 2187 158 550

1193 206 1274 239 dam
1291 207 1433 250 proprie
1449 219 1569 250 agere,
1597 218 1747 253 quorum
1764 208 1801 241 in
1818 208 1962 242 caeteris
1978 208 2082 242 rebus
2100 220 2180 242 cau-

1194 267 1252 290 sae
1268 268 1343 290 non
1360 259 1661 301 conspicerentur.

1289 323 1380 358 Cum
1400 337 1482 358 vero
1519 337 1620 369 saepe
1644 327 1713 360 iam
1745 329 1893 362 refutata
1919 329 1963 362 sit
1985 327 2092 363 stoica
2118 338 2179 360 ne-

1189 374 1346 415 cessitas,
1374 376 1456 409 satis
1471 382 1521 409 est
1543 376 1721 410 monuisse
1741 378 1928 421 lectorem,
1956 379 2042 424 quid
2067 379 2178 411 fatum

1188 425 1411 460 nominarint
1433 425 1565 464 Stoici,
1593 432 1625 459 et
1653 429 1832 471 quomodo
1857 442 1979 464 eorum
2006 429 2177 472 imagina-

1187 475 1236 509 tio
1254 476 1427 521 discrepet
1443 477 1487 510 ab
1505 475 1684 511 Ecclesiae
1707 477 1867 512 doctrina
1887 482 1929 512 de
1945 479 2178 524 providentia.

1288 551 1414 586 Fatum
1431 553 1698 586 Aristotelicum
1724 560 1773 586 est
1798 555 1884 587 ordo
1911 567 2092 588 causarum
2112 567 2176 588 na-

1156 621 1159 652 3
1186 603 1372 644 turanum,
1420 610 1460 636 ut
1501 604 1571 636 sato
1613 602 1840 637 Aristotelico
1884 616 1993 649 equus
2034 613 2175 647 generat

1157 664 1159 679 ι
1185 665 1327 697 equum.

1156 728 1157 733 ,
1184 703 1301 747 inquit
1333 704 1535 737 Alexander
1555 702 1857 748 Aphrodisiensis.

1182 751 1367 787 Aristoteli
1385 754 1582 796 significant
1599 753 1724 788 Fatum
1743 761 1776 788 et
1800 754 1946 790 Natura.

1155 797 1156 817 ³
1182 810 1252 837 scet
1272 805 1382 838 fatum
1403 803 1612 839 Aristoteles
1637 805 1849 838 voluntariis
1872 805 2088 843 actionibus,
2114 807 2172 837 sed

187 888 193 894 ι
993 889 1000 895 ,
1063 889 1070 895 ,
1154 863 1155 890 1
1182 851 1237 886 his
1262 865 1363 888 suum
1393 855 1509 888 locum
1537 855 1717 895 attribuit,

140 887 293 921 ficientes
312 899 434 921 causae
451 889 643 929 secundae,
671 900 778 934 quare
796 887 910 922 Roma
928 895 1044 931 potius
1062 901 1128 921 lm-
1153 901 1155 926 ρ

1151 935 1154 947 l

1380 652 1482 686 Hanc
1501 654 1544 686 de
1562 654 1633 687 fato
1652 654 1861 688 sententiam
1877 667 1950 688 esse
1964 655 2173 696 Aristotelis,

1933 704 2030 737 ldem
2068 705 2174 747 igitur

2010 754 2081 787 Nec
2106 755 2172 786 mi-

1766 863 1799 889 et
1826 856 2020 889 libertatem
2047 854 2172 888 huma-

1181 915 1245 937 nae
1268 905 1464 942 voluntatis
1494 912 1527 939 et
1559 906 1838 949 contingentiam
1860 918 1932 940 esse
1950 908 2087 940 fatetur.

1281 978 1461 1024 Expositis
1483 988 1599 1015 autem
1620 981 1972 1025 interpretationibus
1996 981 2171 1019 vocabuli,

1179 1029 1387 1064 diiudicatio
1411 1032 1525 1065 facilis
1550 1038 1616 1072 est,
1662 1044 1752 1075 quae
1780 1033 1850 1065 sata
1883 1033 1953 1066 sint
1986 1032 2171 1066 mutabilia

1178 1086 1236 1113 aut
1255 1080 1511 1121 immutabilia,
1536 1094 1575 1115 ac
1598 1089 1737 1117 tantum
1763 1083 1806 1116 de
1828 1084 1966 1117 duabus
1990 1083 2169 1127 prioribus

1277 1196 1331 1231 De
1350 1197 1578 1231 Aristotelico
1595 1198 1666 1232 fato
1683 1198 1780 1231 nulla
1806 1198 1963 1242 quaestio
1988 1206 2058 1238 est,
2087 1211 2164 1231 cum

1176 1244 1268 1279 nihil
1285 1249 1327 1280 asl
1348 1249 1541 1282 voluntatis
1558 1249 1712 1281 actiones
1735 1249 1925 1292 pertineat,
1953 1256 1984 1282 et
2006 1250 2098 1281 idem
2122 1249 2166 1282 sit

1176 1298 1271 1341 quod
1291 1296 1451 1343 Physicis
1474 1306 1524 1332 est
1544 1297 1690 1332 Natura.
1752 1298 1910 1332 Stoicum
1939 1311 2021 1331 vero
2055 1300 2164 1333 satum

1177 1359 1321 1391 prorsus
1338 1349 1478 1386 reiicio,
1508 1355 1545 1382 ut
1562 1360 1663 1393 saepe
1682 1350 1751 1381 iam
1770 1349 1902 1382 dictum
1922 1356 1983 1383 est.

1251 1468 1308 1502 De
1334 1470 1427 1503 Fato
1456 1479 1540 1502 cum
1565 1467 1847 1513 providentiam
1874 1466 2081 1515 significat.

1272 1550 1433 1584 Primum
1452 1552 1560 1595 igitur
1576 1553 1768 1586 videndum
1787 1560 1847 1593 est,
1871 1553 1933 1586 uhi
1951 1554 2060 1586 fatum
2078 1563 2159 1596 pro-

1142 1623 1143 1628 =
1169 1601 1244 1646 prie
1263 1602 1421 1635 divinam
1440 1602 1709 1647 providentiam·
1725 1603 1894 1646 significet
1908 1630 1916 1644 ‚
1940 1611 1974 1638 et
1997 1604 2174 1642 conside-⁴

131 1662 263 1695 leribus
281 1662 505 1695 manifestum
530 1669 579 1695 est
603 1662 745 1705 proprie
768 1673 887 1695 causas
912 1674 983 1695 esse
1008 1663 1117 1696 malas
1141 1662 1143 1700 J
1169 1653 1343 1693 randssffls
1380 1665 1489 1698 quae,
1524 1655 1706 1698 q¹¹0m0d0
1743 1655 1812 1688 ⁵5¹¹!
1846 1654 2060 1694 necessaria,
2096 1665 2157 1686 ⁵⁹¹¹

889 1712 960 1745 Nec
993 1725 1114 1746 verum
1140 1740 1142 1744 ,

1169 1703 1426 1744 immutabilia,
1459 1716 1547 1748 quae
1570 1704 1742 1738 divinitus
1766 1706 1904 1738 decreta
1931 1711 2023 1737 sunt.
2073 1702 2155 1737 Non

1168 1753 1261 1786 enim
1279 1754 1405 1787 similis
1423 1754 1514 1787 ratio
1532 1762 1581 1789 est
1603 1755 1777 1788 omnium.
1830 1752 1880 1787 Ac
1899 1761 2036 1787 tantum
2054 1754 2155 1794 iusta,

1138 1805 1141 1834 J
1167 1816 1256 1848 quae
1275 1805 1330 1836 vel
1355 1804 1521 1837 oriuntur
1545 1817 1562 1836 a
1586 1805 1766 1838 voluntate
1788 1803 1871 1844 Dei,
1901 1805 1955 1837 vel
1977 1804 2153 1837 adiuvan-

229 1863 355 1898 Fatum
381 1864 529 1896 stoicum
565 1869 615 1896 est
637 1863 808 1896 connexio
833 1863 965 1906 primae
991 1875 1113 1898 causae
1138 1873 1140 1887 ι
1167 1853 1368 1894 turaDeo‚
1394 1855 1464 1887 fato
1488 1854 1563 1886 fieri
1591 1855 1777 1888 dicuntur:
1814 1861 1852 1888 ut
1886 1855 1957 1888 fato
1983 1854 2152 1887 dicuntur

1137 1903 1312 1947 'imperia
1348 1905 1533 1945 constitui,
1573 1904 1608 1937 id
1649 1912 1716 1942 est,
1757 1905 1979 1949 providentia
2019 1904 2150 1938 divina.

1163 1953 1251 1987 Nam
1271 1955 1501 1998 imperiorum
1527 1956 1734 1989 constitutIO
1756 1967 1818 1988 nec
1842 1956 1884 1988 ad
1913 1956 2050 1995 stellas,
2086 1967 2150 1988 nec

1163 2005 1206 2037 ad
1233 2005 1319 2037 alias
1348 2017 1467 2038 causas
1497 2007 1668 2040 secundas
1691 2006 1936 2050 principaliter
1966 2006 2149 2039 reserenda

1162 2062 1222 2090 est.
1276 2054 1333 2089 Sic
1350 2056 1398 2088 ait
1417 2055 1604 2099 Virgilius:

1238 2114 1356 2147 Italiam
1374 2118 1436 2147 fato
1457 2118 1622 2157 profugus,
1651 2120 1808 2159 lavinaque
1833 2121 1913 2148 venit
1930 2120 2036 2156 litora,

1163 2174 1200 2206 id
1219 2180 1289 2212 est,
1314 2174 1434 2207 divina
1452 2175 1686 2217 providentia.
1739 2172 1816 2208 Etsi
1833 2175 1928 2208 enim
1944 2182 2143 2217 temporum

1159 2231 1356 2265 momenta,
1387 2225 1441 2258 vel
1469 2225 1610 2268 ingenia
1637 2223 1839 2265 hominurn,
1879 2236 2001 2257 causae
2024 2225 2144 2257 minus

1160 2275 1370 2319 principales
1390 2275 1459 2309 dici
1481 2282 1644 2320 possunt,
1672 2283 1786 2309 tamen
1813 2275 2018 2318 principalis
2040 2286 2143 2308 causa

1157 2325 1252 2360 Deus
1276 2332 1346 2364 est,
1381 2333 1533 2359 caeteras
1557 2338 1676 2359 causas
1700 2325 1854 2358 mirabili
1878 2325 2026 2358 consilio
2050 2326 2142 2360 exci—

1157 2384 1254 2417 tans,
1281 2383 1314 2410 et
1332 2377 1374 2410 ad
1392 2389 1503 2410 unum
1521 2377 1624 2409 finem
1642 2377 1847 2409 universum
1871 2387 1959 2419 opus
1973 2376 2143 2421 dirigens,

1154 2478 1308 2521 scripsit:
1352 2477 1462 2512 Recte
1492 2477 1593 2516 (licit,
1635 2477 1694 2521 qui
1724 2474 1836 2509 Deum
1879 2483 1910 2509 et
1950 2491 2028 2512 cum
2060 2478 2138 2513 Deo

120 2528 209 2561 rime
227 2538 344 2570 agere,
366 2532 400 2559 et
416 2525 525 2559 multa
544 2525 579 2558 in
599 2526 710 2558 causis
729 2528 891 2561 secundis
911 2530 1101 2563 moderari.
1126 2530 1128 2542 ¹
1154 2536 1352 2573 temporum
1378 2534 1554 2560 momenta
1583 2527 1619 2559 in
1638 2527 1740 2560 rebus
1767 2525 1932 2561 humanis
1953 2531 2138 2564 universas

119 2576 167 2612 Et
185 2583 338 2611 caeteros
356 2573 592 2620 Philosophos
616 2585 804 2611 moverunt
827 2579 930 2612 multi
954 2587 1100 2614 eventus
1123 2577 1127 2625 J
1153 2579 1261 2617 vitae,
1288 2585 1349 2612 aut
1367 2578 1548 2610 civitatum
1567 2578 1777 2612 mutationes
1797 2580 1994 2622 gnbernare
2012 2581 2140 2627 inquit,

1151 2630 1323 2673 placidius
1351 2635 1467 2662 tamen
1493 2634 1543 2661 est
1567 2630 1775 2670 concedere,
1808 2630 1972 2664 comitem
1999 2629 2053 2665 his
2075 2634 2138 2665 ad—

1151 2680 1365 2723 iungendam
1391 2689 1463 2713 esse
1488 2685 1612 2715 artem.
1663 2679 1734 2714 Sed
1759 2681 1943 2716 redeamus
1960 2683 2002 2715 ad
2020 2694 2135 2716 exem-2
