2379 2948
140 123 212 159 581

139 209 176 242 id
201 215 268 249 est,
305 207 420 242 Filius
445 207 514 244 Dei
545 215 619 243 erat
650 208 688 241 in
716 208 906 252 principio.

139 308 209 344 hoc
240 311 318 343 loco
351 311 547 344 subiectum
575 316 635 343 est.
669 308 821 352 Reliqua
850 320 946 351 pars:
981 306 1067 342 Erat
1094 311 1130 342 in

139 361 337 406 principio,
379 362 617 406 praedicatum
649 365 715 399 est,
751 365 783 392 et
807 360 932 403 copula
962 359 997 391 iu
1023 361 1130 394 verbo

759 123 801 157 V.
852 119 1173 157 EROTEMATA
1208 118 1542 158 DlALECTICES.

1157 297 1160 327 l

138 410 226 446 Erat
243 412 377 445 inclusa
395 419 462 450 est,
492 410 651 443 Verbum
679 416 728 443 est
754 421 920 453 persona,
946 422 1018 442 non
1045 424 1130 443 con·
1156 441 1158 451 Ἰ,

139 464 211 496 dita
228 475 268 496 ex
286 460 423 502 nihilo,
450 462 509 494 sed
528 473 617 505 quae
637 460 706 493 fuit
731 460 834 493 initio
858 461 973 504 imago
997 463 1131 495 aeterni

140 512 273 553 Patris,
301 512 513 557 cogitatione
531 511 647 554 genita
665 512 707 544 de
724 511 920 545 substantia
937 511 1060 546 Patris.

322 599 381 631 De
409 596 713 642 aequipollentiis
738 599 947 643 signorum.

240 663 330 699 Usus
350 663 604 708 particularum
625 675 643 695 a
662 661 914 697 Grammaticis
940 663 1129 697 discendus

139 723 201 751 est.

139 765 296 800 ticularis
312 765 475 808 negativa
493 772 556 806 est,
581 765 617 797 id
636 772 698 803 est,
726 767 897 810 quaedam
917 766 1037 799 stellae
1055 778 1128 798 non

137 823 219 851 sunt
233 816 382 849 maiores
400 822 512 856 terra,
539 823 578 849 ut
596 816 718 857 Luna,
751 815 887 856 venus,
915 815 1128 851 Mercurius,

136 867 319 901 Nonnulla
338 868 432 900 bona
458 867 598 910 ingenia
625 874 903 911 corrumpuntur
929 867 1047 911 pravis
1071 879 1127 900 so·

136 918 282 958 dalitiis,
310 917 533 962 particularis
548 918 759 951 affirmativa
777 925 839 958 est,
867 918 903 950 id
920 925 980 956 est,
1009 918 1126 963 aliqua

136 969 231 1002 hona
255 969 398 1012 ingenia
425 975 703 1012 corrumpuntur
732 970 991 1002 consuetudine
1015 969 1127 1001 malo-

133 1032 224 1054 rum.
278 1019 391 1053 Nemo
411 1031 484 1052 non
500 1026 597 1064 optat
613 1019 680 1052 sibi
698 1019 842 1053 divitias
857 1027 890 1053 et
908 1021 1038 1052 bonam
1066 1032 1126 1052 va-

133 1070 349 1111 letudinem,
390 1070 601 1103 universalis
631 1070 840 1103 affirmativa
874 1078 945 1111 est,
988 1071 1024 1103 id
1054 1078 1126 1109 est,

134 1133 257 1156 omnes
279 1128 421 1165 optant,
449 1129 513 1155 etc.
566 1122 669 1154 Duae
697 1122 902 1164 negationes
918 1121 1055 1155 Latinis
1074 1122 1125 1154 fa-

134 1173 234 1207 ciunt
253 1173 543 1212 affirmationem,
570 1173 630 1204 sed
656 1172 790 1216 positus
807 1173 1012 1206 discrimina
1031 1172 1125 1207 facit.

134 1222 180 1258 Et
204 1224 273 1256 alia
297 1221 434 1268 phrasis
458 1230 507 1257 est
532 1223 681 1255 aliarum
706 1224 920 1266 linguarum.
974 1221 1125 1256 Ebraica

135 1273 272 1320 phrasis
303 1282 368 1308 est:
403 1273 484 1306 Non
509 1273 759 1307 iustificabitur
787 1275 823 1306 in
847 1281 1036 1318 conspectu
1063 1281 1124 1308 tuo

135 1325 252 1360 omnis
272 1325 405 1364 vivens,
427 1325 462 1357 id
485 1330 545 1364 est,
572 1324 694 1357 nullus
709 1325 832 1357 vivens
845 1325 957 1358 iustus
976 1332 1026 1358 est
1041 1336 1124 1368 pro-

133 1376 211 1421 pria
237 1375 435 1415 mundicie‚
463 1380 496 1407 et
519 1374 595 1406 sine
618 1382 757 1417 peccato
783 1387 900 1408 coram
923 1374 1019 1416 Deo,
1052 1374 1124 1408 Cu-

134 1426 264 1461 stodiat
287 1424 462 1459 Dominus
488 1424 606 1457 omnia
629 1436 704 1457 ossa
725 1437 866 1466 eorum,
896 1432 930 1459 et
951 1438 1062 1459 unum
1084 1438 1122 1458 ex
1148 1443 1150 1456 i

134 1479 183 1512 eis
208 1489 282 1510 non
308 1483 529 1516 conteretur,
567 1475 603 1508 id
630 1482 699 1514 est,
734 1477 874 1509 nullum
911 1484 1122 1510 conteretur.
1148 1473 1150 1498 5

132 1529 229 1562 Haec
245 1535 317 1562 tota
333 1527 531 1560 observatio
545 1525 785 1560 Grammatica
803 1533 864 1565 θεῖ,
891 1534 924 1560 et
942 1528 977 1560 in
991 1526 1122 1561 Gram-
1148 1524 1149 1528 ¹

713 1577 795 1611 Ideo
814 1590 887 1611 non
911 1579 1039 1611 addam
1066 1576 1123 1611 hic
1147 1611 1149 1617 ,

133 1579 272 1613 maticis
289 1578 461 1612 exercitiis
479 1578 656 1611 discenda.

133 1632 236 1676 plura
255 1629 423 1674 exempla.
452 1628 544 1662 Satis
561 1635 610 1662 est
625 1629 720 1661 enim
738 1630 1033 1664 commonefactos
1050 1641 1123 1662 esse

135 1683 330 1721 discentes,
359 1687 397 1713 ut
422 1677 514 1712 hanc
537 1679 741 1713 varietatem
765 1680 963 1715 observent.
1015 1678 1120 1725 Apud

136 1733 293 1767 Graecos
311 1731 422 1774 magis
438 1731 556 1763 varius
572 1738 623 1764 est
639 1742 723 1764 usus
740 1731 981 1773 negationum.
1010 1731 1122 1765 Sunt-

136 1796 204 1830 que
220 1782 387 1816 studiosis
406 1782 481 1815 eius
506 1781 646 1824 linguae
668 1781 802 1826 ubique
828 1782 930 1814 obvia
955 1783 1122 1825 exempla.

134 1834 199 1869 Est
222 1841 254 1867 et
278 1831 362 1866 haec
386 1832 583 1865 admonitio
605 1833 647 1865 de
672 1832 781 1875 signis
796 1832 1003 1866 necessaria.
1057 1832 1121 1865 Vi-

134 1886 290 1920 dendum
322 1890 390 1922 est,
424 1884 568 1929 quando
600 1883 812 1916 universalis
840 1895 921 1916 vere
951 1883 1122 1927 significet

132 1935 403 1973 universaliter,
447 1935 589 1979 quando
615 1946 676 1977 per
702 1932 947 1979 synecdochen
981 1941 1122 1968 contra—

133 1987 249 2022 henda
267 1987 321 2027 sit,
346 1992 401 2020 ut:
431 1984 562 2019 Omnis
580 1984 708 2018 Iudaea
727 1985 843 2018 exibat
859 1986 902 2018 ad
912 1983 1119 2019 Iohannem.
1146 2001 1148 2007 ι

134 2038 188 2072 De
204 2036 269 2071 hac
285 2037 451 2071 varietate
469 2037 505 2069 in
526 2036 594 2069 fine
612 2035 821 2069 Dialectices
839 2036 986 2070 dicetur.

392 2128 483 2168 Quae
505 2131 552 2160 est
575 2130 696 2171 quarta
719 2126 862 2159 ‹liz-isio?

238 2190 525 2236 propositionum
544 2191 613 2224 alia
629 2201 710 2222 vera
727 2196 788 2230 est,
814 2191 881 2224 alia
896 2190 992 2223 falsa.
1031 2188 1121 2221 Vera

139 2250 188 2278 est
214 2242 422 2276 asseveratio
447 2254 525 2275 cum
551 2254 588 2275 re
615 2241 859 2283 consentiens,
893 2249 946 2275 ut:
974 2240 1121 2274 Coelum

139 2305 275 2339 semper
297 2299 468 2327 movetur.
529 2292 630 2326 Falsa
652 2299 703 2326 est
728 2293 840 2326 oratio
868 2292 1080 2326 dissentiens
1103 2302 1122 2323 a

138 2358 194 2386 re,
220 2351 274 2379 ut:
303 2342 427 2376 Plures
441 2350 522 2376 sunt
537 2343 682 2381 mundi,
704 2350 737 2376 et
754 2345 906 2378 subinde
923 2343 984 2376 alii
1012 2344 1124 2376 inter-

139 2404 243 2437 eunt,
271 2402 305 2428 et
321 2394 381 2427 alii
397 2405 435 2426 ex
453 2394 577 2427 atomis
593 2394 735 2428 conflati
752 2396 979 2436 exoriuntur,
1006 2401 1044 2428 ut
1067 2394 1124 2427 su—

140 2454 257 2482 tenter
272 2446 362 2479 dixit
378 2444 567 2488 Epicurus

402 2535 492 2574 Quae
515 2536 563 2564 est
586 2533 701 2576 quinia
724 2533 865 2567 divisio?

242 2598 531 2644 Propositionum
557 2596 646 2630 aliae
671 2605 753 2631 sunt
779 2600 1011 2639 necessariae,
1037 2599 1126 2632 aliae

252 714 332 748 Non
350 726 472 747 omnes
489 714 611 747 stellae
630 722 712 748 sunt
729 715 880 747 maiores
908 723 1019 753 terra,
1048 727 1129 759 par-
1154 751 1155 754 Ἰ

1154 772 1155 775 ’
1181 765 1367 809 praeterita
1387 765 1516 798 mutari
1539 776 1611 797 non
1632 771 1791 807 possunt.

143 2652 404 2695 contingentes,
419 2650 507 2682 aliae
524 2648 771 2693 impossibiles.
796 2647 1016 2683 Necessariae
1032 2658 1125 2691 sunt,
1150 2664 1152 2666 ·

1151 2700 1152 2706 ¹
1179 2698 1400 2733 communius
1417 2704 1477 2738 est,
1504 2703 1620 2730 teneat
1636 2695 1827 2740 praedicati
1844 2695 1972 2735 locum,
1997 2694 2159 2728 videlicet

143 2703 181 2736 in
204 2702 332 2747 quibus
359 2702 402 2735 de
426 2700 559 2745 specie,
594 2707 653 2734 aut
678 2709 807 2742 genuS,
833 2707 893 2734 aut
916 2701 1126 2742 differentia,

2097 123 2172 161 582

965 207 1132 252 Syntaxis
1158 218 1161 234 ¹
1185 214 1245 241 aut
1262 206 1466 250 proprium,
1489 214 1549 241 aut
1567 213 1638 241 tota
1660 208 1820 242 definitio
1849 210 2090 253 praedicatur,
2117 219 2170 246 ut:

141 259 298 293 ostendit
322 260 540 299 subiectum,
566 258 745 298 Verbum,
772 259 807 291 id
829 265 898 298 est,
924 257 1038 291 Filius
1054 258 1132 300 Dei,
1158 265 1160 294 ζ
1184 257 1303 290 Homo
1327 264 1376 290 est
1400 258 1534 290 animal
1556 258 1745 300 rationale,
1775 266 1838 293 etc.

1891 259 2029 294 Harum
2053 269 2170 296 autem

1185 307 1470 352 propositionum
1495 308 1639 342 materia
1667 317 1813 344 vocatur
1837 312 2022 347 naturalis.
2075 311 2171 345 Con-

1184 360 1358 402 tingentes
1382 364 1484 398 sunt,
1520 358 1557 390 in
1583 360 1713 403 quibus
1741 362 1936 395 accidentia
1967 363 2169 396 communia

1184 410 1226 442 de
1260 408 1425 441 subiectis
1458 409 1726 452 praedicantur,
1761 420 1815 444 ut:
1852 412 1957 457 Lapis
1984 419 2035 447 est
2059 413 2171 452 albus,

1183 459 1286 505 Aqua
1314 466 1364 492 est
1380 459 1565 499 calefacta,
1592 459 1730 493 Aeneas
1748 462 1831 494 vicit
1849 463 2026 499 Turnum.
2080 463 2170 497 Nam

1154 549 1157 561 ff
1183 518 1216 544 et
1233 509 1298 543 hae
1316 510 1588 554 propositiones,
1617 510 1653 542 in
1672 510 1802 555 quibus
1823 516 2008 555 praeterita
2028 515 2070 547 de
2087 516 2170 548 suh-

1183 563 1272 595 iecto
1290 561 1477 601 dicuntur,
1504 573 1592 606 quae
1613 562 1742 594 mutari
1760 563 1828 594 iant
1848 571 1926 606 post
1941 566 2069 598 factum
2096 577 2170 598 non

1182 619 1348 656 possunt,
1382 620 1554 646 vocantur
1582 612 1845 655 contingentes,
1881 615 1962 658 quia
1991 616 2170 657 praedica—

1182 671 1256 697 tum
1275 669 1327 696 est
1343 669 1438 695 extra
1466 663 1720 703 substantiam,
1746 674 1807 696 seu
1835 670 1927 697 extra
1954 666 2169 699 substantia-

1182 715 1250 747 lem
1267 713 1509 747 definitionem
1527 714 1686 747 subiecti.
1721 713 1793 746 Nec
1812 714 1900 747 illud
1920 715 2045 752 obstat,
2075 718 2169 761 quod

1846 764 1914 798 Sed
1939 766 2028 798 illud
2055 768 2170 799 consi-

1181 817 1341 856 deratur,
1370 816 1455 860 quid
1476 816 1671 849 necessario
1689 815 1773 849 insit
1791 817 2020 851 substantiae.
2074 816 2169 850 Con-

1180 874 1248 900 stat
1266 873 1382 899 autem
1399 873 1493 900 extra
1504 867 1886 900 substantiamAeneae
1900 879 1971 900 esse
1988 864 2050 900 has
2060 868 2170 901 actio-

1181 930 1241 950 nes
1260 924 1293 951 et
1311 924 1470 957 eventus,
1498 917 1663 961 praeliari
1680 924 1712 950 et
1731 918 1882 950 vincere.
1912 917 2036 951 Postea
2053 925 2170 952 autem

1180 980 1258 1001 cum
1284 969 1327 1001 de
1348 968 1551 1001 modalibus
1568 969 1743 1008 dicemus,
1771 968 1873 1011 plura
1900 969 1942 1001 de
1967 969 2170 1004 necessitate

1180 1026 1213 1052 et
1235 1019 1478 1062 contingentia
1504 1019 1678 1053 dicentur.
1733 1018 2027 1062 Contingentium
2052 1027 2168 1053 autem

1180 1070 1463 1113 propositionum
1486 1071 1631 1103 materia
1654 1076 1799 1103 vocatur
1825 1071 2042 1114 contingens.
2099 1070 2169 1103 lm-

1180 1121 1364 1164 possibiles
1388 1128 1491 1160 sunt,
1525 1120 1562 1153 in
1590 1120 1720 1165 quibus
1743 1122 1936 1163 pugnantia
1961 1122 2170 1165 iunguntur,

1178 1178 1238 1205 aut
1255 1171 1385 1216 species
1404 1171 1614 1216 disparatae,
1641 1178 1694 1204 ut:
1711 1170 1867 1205 Caecitas
1879 1179 1928 1205 est
1942 1172 2048 1213 visus,
2071 1173 2169 1216 Aper

1179 1230 1228 1256 est
1245 1233 1379 1257 cervus.
1432 1221 1568 1255 Harum
1587 1222 1731 1255 materia
1750 1229 1883 1255 remota
1903 1223 2042 1256 dicitur.
2095 1222 2168 1257 Re-

1178 1274 1291 1306 citatis
1321 1271 1375 1306 his
1412 1273 1713 1305 commuuissimis
1746 1273 2001 1314 divisionibus,
2040 1274 2168 1306 addam

1178 1324 1334 1368 exempla
1352 1323 1520 1364 exercitii,
1549 1335 1619 1367 quo
1634 1324 1796 1356 rudiores
1815 1324 2069 1357 assuefaciendi
2087 1331 2169 1358 sunt

1149 1372 1151 1384 '
1177 1375 1219 1406 ad
1238 1375 1530 1407 considerandam
1550 1373 1726 1418 syntaxim,
1754 1375 1846 1406 etad
1867 1374 2073 1407 iudicandas
2086 1387 2168 1418 pro-

1178 1425 1392 1469 positiones,
1420 1430 1459 1457 ut
1475 1431 1567 1458 recte
1585 1431 1617 1458 et
1635 1425 1754 1457 dextre
1773 1423 1973 1467 intelligant
1992 1436 2060 1460 eas.
2109 1424 2167 1459 Fit

1176 1482 1292 1509 autem
1324 1476 1555 1518 interrogatio
1588 1475 1751 1519 puerilis,
1794 1472 1860 1508 hoc
1892 1476 2012 1508 modo:
2057 1475 2168 1518 Quae,

1177 1527 1311 1572 qualis,
1337 1527 1494 1571 quanta?
1545 1525 1664 1559 Prima
1683 1525 1856 1570 particula
1880 1526 2094 1570 interrogat,
2122 1539 2166 1560 an

1178 1578 1373 1622 propositio
1397 1578 1440 1611 sit
1466 1578 1671 1620 categorica.
1725 1576 1907 1618 Secunda,
1935 1589 1980 1610 an
2005 1579 2048 1611 sit
2072 1578 2167 1611 affir-

1176 1629 1306 1662 mativa
1327 1636 1386 1662 aut
1413 1628 1587 1672 negativa.
1638 1627 1779 1668 Tertia,
1808 1640 1852 1661 an
1876 1628 1921 1662 sit
1945 1628 2166 1670 universalis,

1175 1687 1235 1713 aut
1254 1680 1494 1723 particularis,
1522 1685 1582 1712 aut
1599 1678 1802 1720 indefinita,
1831 1686 1890 1713 aut
1908 1679 2105 1723 singularis¹

1207 1768 1251 1799 Ιη
1275 1767 1463 1809 principio
1492 1769 1578 1799 erat
1604 1762 1768 1797 verbum.

1584 1813 1759 1860 quanta?

1822 1766 1926 1805 Quae
1935 1790 1948 1806 ,
1983 1766 2108 1809 qualis
2117 1790 2127 1808 ,

1278 1883 1503 1926 Categorica,
1530 1882 1758 1921 affirmativa,
1787 1888 1819 1914 et
1835 1881 2034 1925 singularis.
2074 1882 2163 1916 Nam

1178 1932 1333 1966 Verbum
1352 1931 1416 1966 hoc
1433 1934 1509 1966 loco
1528 1933 1700 1975 significat
1714 1932 1851 1965 Filium
1869 1931 1947 1973 Dei,
1968 1939 2001 1966 et
2016 1941 2064 1967 est
2081 1935 2163 1967 sub-

1176 1984 1303 2017 iectum
1324 1981 1430 2017 liuius
1447 1984 1720 2028 propositionis,
1748 1983 1847 2017 cuius
1866 1984 2023 2017 membra
2039 1986 2086 2018 sic
2103 1997 2162 2018 or—

1176 2036 1332 2068 dinanda
1350 2042 1446 2069 sunt:
1479 2034 1637 2068 Verbum
1656 2041 1729 2068 erat
1748 2034 1785 2067 in
1805 2034 1993 2078 principio.

1146 2124 1148 2150 ἰ
1175 2125 1221 2156 Et
1244 2123 1350 2156 Deus
1376 2126 1457 2156 erat
1480 2121 1642 2156 verbum.
1680 2124 1806 2165 Quae,
1832 2121 1968 2166 qualis,
1995 2119 2161 2165 quanta?

1277 2189 1496 2232 Categorica,
1523 2188 1753 2229 affirmativa,
1782 2195 1814 2222 et
1830 2187 2029 2230 singularis,
2070 2186 2158 2220 Nam

1176 2249 1207 2276 et
1232 2242 1269 2274 in
1299 2238 1363 2274 hac
1394 2241 1554 2274 oratione
1583 2239 1737 2273 Verbum
1772 2238 1943 2281 significat
1972 2249 2158 2281 personam

1148 2281 1149 2298 ἶ
1176 2293 1307 2326 Filium
1326 2290 1410 2331 Dei,
1437 2298 1470 2325 et
1487 2292 1683 2324 subiectum
1705 2297 1754 2323 est
1773 2287 1877 2321 huius
1896 2289 2159 2332 propositionis,

1148 2342 1150 2348 ⁴
1176 2345 1276 2378 cuius
1305 2344 1463 2375 membra
1496 2343 1544 2375 sic
1570 2341 1768 2375 ordinanda
1793 2345 1893 2372 sunt:

1939 2337 1985 2373 Et
2008 2341 2155 2372 verbum

1177 2402 1250 2429 erat
1267 2395 1376 2429 Deus.
1419 2392 1573 2426 Articuli
1591 2392 1684 2425 enim
1703 2391 1829 2423 usitate
1849 2390 2031 2423 adduntur
2048 2391 2157 2434 priori

1177 2447 1356 2485 membro,
1382 2445 1546 2477 videlicet
1568 2441 1749 2485 supposito
1775 2452 1836 2473 seu
1860 2441 2034 2481 subiecto,
2068 2448 2106 2475 ut
2127 2448 2160 2474 et

1179 2497 1413 2531 Germanicae
1429 2496 1569 2538 linguae
1587 2492 1803 2526 consuetudo
1823 2498 1882 2526 est.
1934 2489 1980 2525 Et
1999 2489 2081 2524 huic
2104 2493 2158 2524 di-

1150 2563 1151 2568 *
1177 2547 1360 2582 stinctioni
1378 2543 1484 2592 λόγος
1503 2545 1642 2577 additus
1661 2550 1712 2576 est
1729 2542 1915 2582 articulus,
1942 2554 2050 2587 quare
2075 2543 2159 2576 sub-

1178 2599 1258 2633 iecti
1276 2599 1392 2630 locum
1410 2602 1516 2630 tenet.
1558 2594 1743 2627 Praeterea
1760 2605 1837 2626 cum
1854 2593 2024 2626 vocabula
2047 2604 2157 2636 angu-

1179 2650 1286 2683 stiora
1302 2647 1511 2680 declaranda
1535 2645 1606 2679 sint
1626 2657 1687 2689 per
1710 2644 1975 2684 communiora,
2002 2644 2037 2676 id
2063 2645 2157 2688 quod

1656 2746 1738 2780 37*
