2379 2948
140 93 236 129 1441

241 179 311 214 Sed
329 180 518 225 descriptio
536 181 573 215 fit
592 181 765 215 illustrior
784 183 820 215 in
839 184 999 226 sequenti
1012 195 1132 217 versu:

136 228 322 275 Lapidem
345 243 454 278 quem
480 231 761 277 reprobaverunt
785 230 1038 277 aedificante5‚
1073 231 1133 268 hic

129 281 263 329 factus
282 287 331 316 est
348 282 387 315 in
410 287 518 329 caput
539 283 688 329 anguli.
743 283 840 318 Haec
858 293 956 329 porta
983 298 1043 318 seu
1063 284 1130 319 Ec·-

136 334 241 367 clesia
260 333 448 374 iustorum,
467 335 654 368 confitetur
670 341 804 369 certum
816 337 962 369 verbum
975 362 983 375 ‚
1010 337 1131 381 quod'?

136 391 315 428 acceptum
334 385 378 417 ab
403 385 465 418 illo
483 386 589 426 duce,
619 386 679 430 qui
705 386 815 419 vincit
840 394 989 420 mortem
1018 394 1050 420 et
1075 400 1131 420 re-

136 435 250 469 stituit
275 435 404 476 vitam,
440 435 501 480 qui
528 436 676 469 reiectus
704 446 753 470 est
779 438 822 470 ab
849 438 1128 483 aedificantibus,

136 486 173 519 id
198 493 267 526 est,
294 486 501 519 doctoribus
520 494 551 520 et
569 487 728 529 regibus,
756 495 790 521 et
814 495 931 521 tamen
950 489 1061 522 factus
1081 496 1130 523 est

137 541 243 583 caput
277 535 430 582 anguli,
473 537 508 569 id
542 545 613 580 est,
648 538 919 572 fundamentum
953 539 1128 573 Ecclesiae

134 586 212 629 Dei,
229 589 394 622 collectae
413 600 453 620 ex
470 587 608 622 Iudaeis
628 596 659 622 et
677 587 865 631 Gentibus,
891 602 980 635 quae
998 598 1048 624 est
1065 603 1130 635 po-

135 640 241 683 pulus
261 641 331 673 vita
348 646 490 673 aeterna
509 641 716 682 donandus,
735 649 767 675 et
786 649 955 686 perpetuo
972 643 1129 676 celebra-

135 697 236 724 turus
251 690 376 724 Deum.

237 741 374 776 Deinde
391 744 551 777 additur:
581 739 616 774 A
631 740 799 776 Domino
817 740 884 776 hoc
901 742 1050 791 saelum
1067 747 1128 778 est.

135 791 215 825 Hoc
240 800 307 833 est,
334 790 391 826 hic
417 792 579 829 Christus
604 805 663 826 rex
686 806 759 827 non
791 792 946 827 humano
979 795 1127 827 consilio

137 844 264 878 missus
281 851 349 884 est,
374 852 434 879 aut
454 845 556 883 vicit,
584 846 644 878 sed
663 843 764 878 aDeo
782 846 908 878 missus
927 853 995 883 est,
1023 853 1055 878 et
1073 846 1128 877 di-

137 894 218 928 vina
236 896 393 939 potentia
413 896 569 929 abolevit
590 903 769 939 peccatum
796 903 828 929 et
851 904 1013 931 mortem.
1065 894 1128 929 Est

136 957 217 989 ergo
235 945 391 980 Ecclesia
408 955 525 992 porta,
552 958 611 980 seu
632 954 751 980 coetus
770 947 962 988 iustorum,
982 945 1047 980 hoc
1065 954 1127 985 est,

135 998 284 1039 talium,
315 998 394 1042 qui,
423 1000 638 1032 confitentur
653 1010 688 1031 se
711 999 863 1032 salvatos
883 1010 954 1031 esse
973 1010 1035 1042 per
1053 996 1125 1030 Do-

137 1049 274 1082 minum
308 1049 454 1082 missum
481 1063 499 1084 a
522 1047 617 1089 Deo,
647 1049 709 1094 qui
733 1050 895 1094 quamvis
920 1050 1127 1093 reprobatus

135 1106 186 1133 cst
211 1112 229 1132 a
255 1100 396 1142 regibus
422 1108 452 1133 et
476 1101 702 1140 doctoribus,
729 1107 849 1133 tamen
872 1113 946 1133 non
965 1101 1128 1140 moritur,

135 1151 196 1183 sed
222 1151 331 1188 vivit,
361 1158 393 1183 et
422 1158 540 1184 narrat
567 1163 671 1194 opera
696 1149 865 1190 Domini,
893 1160 925 1185 et
950 1158 1000 1184 est
1024 1158 1128 1195 caput

134 1202 275 1244 anguli,
303 1199 370 1234 hoc
386 1209 436 1235 est
453 1203 561 1236 totius
578 1201 766 1235 Ecclesiae.

237 1252 296 1287 Sic
321 1264 422 1296 saepe
450 1253 626 1286 definiunt
648 1252 842 1286 Ecclesiam
871 1251 1070 1296 Prophetae
1093 1260 1127 1287 et

134 1304 318 1347 Apostoli,
363 1304 527 1338 videlicet
559 1310 696 1337 coetum
729 1304 923 1344 iustorum,
963 1301 1030 1336 hoc
1067 1311 1128 1344 est,

134 1367 216 1387 vere
233 1355 453 1388 credentium
476 1354 671 1396 Evangelio
688 1355 775 1387 Filii
796 1354 881 1394 Dei,
910 1361 942 1387 et
961 1361 1053 1387 recte
1069 1354 1126 1386 in—

133 1405 338 1439 vocantium
362 1404 500 1443 Deum,
529 1405 590 1450 qui
614 1405 754 1438 liberati
780 1411 863 1437 sunt
886 1416 904 1437 a
928 1412 1069 1447 peccato
1094 1412 1125 1438 et

133 1464 273 1490 aeterna
291 1463 415 1489 morte.
471 1455 522 1489 Ita
545 1455 715 1490 definitur
736 1453 911 1496 Ecclesia,
935 1453 1067 1499 Ephes.
1091 1457 1125 1490 2.

134 1507 197 1541 ubi
213 1507 261 1540 ait
277 1519 348 1540 esse
374 1507 547 1550 templum
573 1514 752 1546 sanctum,
776 1507 997 1540 aedificatum
1021 1519 1126 1550 super

132 1559 287 1602 lapidem
321 1558 546 1601 angularem,
592 1556 706 1590 Iesum
738 1554 940 1595 Christum,
985 1558 1045 1602 qui
1076 1564 1127 1590 est

132 1610 407 1643 fundamentum
427 1608 681 1652 Apostolorum
705 1615 737 1641 et
756 1606 1027 1651 Prophetarum.
1080 1606 1126 1642 Et

133 1658 309 1705 Ephes.5.
322 1661 369 1693 ait
385 1671 457 1693 esse
468 1667 619 1700 coetum,
637 1660 846 1692 mundatum
866 1660 1005 1693 lavacro
1018 1672 1126 1704 aquae

133 1724 198 1756 per
215 1712 362 1744 verbum
374 1737 382 1750 ,
412 1724 475 1744 nec
494 1708 625 1744 habere
642 1722 784 1753 rugam,
812 1717 872 1743 aut
889 1711 1075 1744 maculam.

236 1761 409 1806 Magnum
435 1762 543 1805 igitur
565 1762 755 1795 discrimen
788 1768 840 1794 est
870 1761 963 1795 inter
988 1762 1127 1806 politias

134 1812 308 1848 humanas
327 1821 359 1847 et
375 1812 568 1847 Ecclesiam
584 1813 660 1847 Dei.
715 1812 784 1846 Sed
804 1810 966 1846 homines
992 1813 1126 1857 politici

134 1878 271 1909 semper
294 1863 380 1898 haec
407 1865 576 1906 miscent,
609 1871 641 1897 et
668 1861 824 1897 humano
848 1876 945 1897 more
970 1865 1129 1898 iudicant

134 1918 177 1950 de
201 1915 376 1954 Ecclesia,
410 1917 506 1948 unde
538 1922 736 1960 sequuntur
766 1915 957 1958 perniciosi
982 1927 1128 1955 errores,

133 1967 387 2012 promissiones
421 1967 532 2000 factae
561 1965 738 2000 Ecclesiae
772 1967 1047 2010 detorquentur,
1085 1968 1127 1999 ad

134 2019 262 2063 impios
279 2018 511 2051 stabiliuntur
533 2018 618 2050 falsa
646 2018 803 2054 decreta,
831 2017 1001 2050 tribuitur
1028 2024 1128 2050 auto-

134 2070 219 2103 ritas
237 2069 464 2113 pontificibus
486 2076 518 2102 et
535 2069 700 2114 synodis,
731 2079 821 2113 quae
848 2068 959 2102 tribui
987 2068 1034 2102 eis
1056 2081 1129 2101 non

133 2122 247 2157 debet.

244 2171 404 2215 Fingunt
421 2171 516 2204 enim
533 2169 697 2204 homines
717 2170 852 2214 politici
874 2167 1032 2203 humano
1051 2183 1127 2204 mo-

136 2236 193 2264 re,
219 2222 414 2257 Ecclesiam
434 2235 506 2256 esse
523 2234 692 2266 regnum,
720 2223 756 2254 in
776 2234 847 2266 quo
872 2233 964 2255 unus
981 2222 1026 2255 sit
1050 2235 1127 2255 mo-

134 2272 266 2308 narcha
290 2273 476 2308 Romanus
493 2275 670 2318 pontifex,
704 2273 766 2318 qui
789 2273 922 2306 tribuat
957 2273 1130 2318 episcopis

136 2334 170 2366 et
190 2325 432 2359 sacerdotibus
452 2338 513 2369 per
529 2327 657 2368 gradus
676 2325 903 2358 autoritatem
922 2324 1075 2357 docendi
1098 2332 1130 2359 et

142 2377 417 2410 administrandi
444 2376 681 2410 Sacramenta.
738 2375 874 2409 Deinde
910 2375 1057 2418 alligant
1081 2376 1129 2410 ita

136 2427 332 2462 Ecclesiam
350 2429 393 2460 ad
415 2426 510 2461 hunc
530 2435 669 2461 coetum
688 2428 934 2472 episcoporum
962 2434 994 2460 et
1017 2438 1130 2460 sacer-

137 2480 281 2520 dotum,
317 2486 357 2513 ut
381 2479 539 2513 tribuant
565 2480 614 2512 eis
638 2485 844 2523 potestatem
869 2478 1128 2522 interpretandi
1161 2518 1163 2521 ι

138 2531 239 2564 verbi
256 2531 343 2572 Dei,
369 2531 547 2564 condendi
567 2531 676 2573 leges,
705 2530 919 2563 instituendi
936 2530 1070 2570 cultus,
1097 2537 1130 2563 et

138 2582 323 2615 iudicandi
359 2584 402 2615 de
432 2583 638 2625 dogmatum
665 2581 935 2622 controversiis,
968 2588 1002 2614 et
1025 2581 1131 2614 adfir-

139 2641 238 2667 ment
273 2634 418 2667 maioris
452 2633 562 2677 partis
599 2632 775 2675 suffragiis
811 2633 1129 2676 obtemperandum

732 95 794 130 lx.
847 94 1213 134 COMMENTARH
1241 99 1290 133 IN
1317 98 1558 137 PSALMOS.

2082 116 2177 153 1442

1290 184 1386 219 Haec
1411 194 1481 220 tota
1513 189 1648 232 pictura
1673 199 1721 225 est
1749 193 1864 238 imago
1893 193 2038 231 humani
2064 205 2175 247 regni,

1185 242 1219 269 et
1244 248 1465 282 nequaquam
1491 246 1540 272 est
1564 253 1664 275 verae
1687 241 1865 279 Ecclesiae
1884 248 2063 291 definitio,
2092 255 2173 298 quia

1188 299 1266 320 vera
1290 286 1445 322 Ecclesia
1473 302 1545 323 non
1565 299 1614 326 est
1632 301 1723 327 certa
1743 297 1935 330 multitudo
1953 311 2011 333 seu
2031 306 2174 344 pontisi-

1185 350 1263 371 cum
1281 349 1341 372 seu
1366 340 1631 384 episcoporum,
1661 341 1816 380 humano
1843 349 1991 383 consilio
2019 353 2173 396 collecta,

1185 387 1308 423 Iohan.
1329 391 1377 424 1.:
1396 388 1442 424 Et
1461 393 1597 436 proprii
1616 407 1694 428 eum
1714 408 1786 430 non
1803 409 2020 443 receperunt.
2057 404 2173 446 Quot—

1184 447 1269 496 quot
1286 449 1402 473 autem
1424 453 1631 487 receperunt
1647 458 1726 479 eum
1740 475 1748 488 ‚
1776 450 1872 483 dedit
1888 451 1935 484 eis
1954 460 2171 497 potestatem,

1183 492 1272 524 filios
1298 490 1364 524 Dei
1391 492 1485 533 fieri,
1514 497 1738 531 credentibus
1762 500 1798 532 i'n
1824 502 1968 536 nomine
1993 505 2082 547 eius,
2111 509 2171 552 qui

1183 554 1253 574 non
1272 555 1311 575 ex
1330 544 1580 587 sanguinibus,
1608 559 1672 580 nec
1689 561 1728 581 ex
1748 551 1927 586 voluntate
1946 557 2078 598 carnis,
2107 570 2171 592 nec

1183 605 1222 625 ex
1239 594 1421 626 voluntate
1438 595 1526 635 viri,
1555 599 1613 630 sed
1632 611 1671 631 ex
1686 598 1761 634 Deo
1780 604 1852 636 nati
1874 612 1967 640 sunt.

1284 651 1330 686 Et
1355 652 1589 688 certissimum
1614 665 1681 698 est,
1715 663 1967 703 promissiones
1994 678 2065 699 non
2092 681 2171 712 per-

1182 703 1294 737 tinere
1309 704 1350 736 ad
1369 715 1441 736 non
1459 707 1660 746 credentes,
1687 708 1761 742 Ioh.
1781 712 1834 746 3.:
1860 712 1931 756 Qui
1956 723 2070 750 autem
2097 732 2169 752 non

1182 754 1311 787 credit:
1338 754 1407 787 iam
1427 755 1602 790 iudicatus
1621 766 1682 793 est.
1725 759 1771 794 Et
1787 762 1940 800 Roman.
1958 767 2007 799 8.;
2037 768 2073 801 Si
2092 772 2170 814 quis

1182 804 1356 848 Spiritum
1373 803 1507 839 Christi
1525 819 1598 840 non
1615 806 1731 850 habet,
1752 809 1809 845 hic
1828 826 1901 847 non
1919 824 1968 850 est
1987 820 2071 854 eius.
2100 820 2169 854 Sed

1182 867 1261 888 cum
1278 862 1350 888 tota
1368 856 1471 889 turba
1487 857 1715 904 pontificum,
1743 863 1987 909 episcoporum
2013 875 2045 902 et
2061 882 2174 905 sacer-

1182 907 1304 950 dotum
1324 907 1432 949 possit
1451 919 1523 940 esse
1541 909 1666 953 impia,
1694 924 1768 945 non
1787 921 1837 947 est
1855 917 1898 948 ad
1919 915 2014 951 hunc
2034 929 2171 955 coetum

1181 957 1358 999 alliganda
1376 956 1545 992 Ecclesia.
1598 960 1666 994 Sed
1686 963 1883 999 retineatur
1900 968 2033 1002 dictum
2052 971 2171 1007 Pauli:

1182 1007 1254 1050 Qui
1271 1007 1408 1052 Spiritu
1425 1008 1492 1042 Dei
1513 1020 1684 1053 aguntur,
1713 1011 1749 1046 hi
1767 1024 1850 1050 sunt
1868 1018 1933 1050 filii
1948 1018 2027 1054 Dei.

1283 1066 1422 1100 Deinde
1440 1070 1601 1114 sequitur
1619 1073 1790 1115 particula
1807 1076 1942 1122 reliqua
1963 1092 2098 1114 versus:
2118 1081 2170 1116 Et

1181 1121 1231 1164 est
1244 1116 1418 1151 mirabile
1434 1118 1472 1152 in
1494 1119 1610 1154 oculis
1628 1123 1777 1163 nostris,
1797 1129 1896 1170 quasi
1914 1130 2018 1170 dicat,
2039 1130 2172 1168 Omnia

1181 1180 1287 1211 regna
1305 1167 1436 1203 habent
1456 1171 1605 1213 gloriam
1625 1174 1799 1219 aliquam,
1827 1190 1894 1222 qua
1912 1183 2067 1225 conspici
2092 1197 2173 1228 pos-

1181 1227 1279 1260 sunt,
1315 1217 1449 1254 habent
1475 1231 1692 1265 praestantes
1725 1228 1851 1269 duces,
1885 1239 2081 1275 senatores,
2111 1235 2174 1269 ha—

1180 1271 1267 1304 bent
1284 1271 1450 1304 victorias
1469 1280 1501 1306 et
1518 1273 1729 1318 triumphos.
1782 1278 1855 1312 lam
1875 1279 1910 1313 'si
1935 1284 2080 1327 pingitis
2106 1285 2174 1320 Ec—

1181 1322 1323 1354 clesiam
1342 1322 1467 1363 talem,
1496 1324 1533 1356 in
1553 1337 1621 1368 qua
1640 1339 1713 1359 non
1738 1328 1809 1362 sint
1835 1334 2017 1374 pontifices
2040 1344 2072 1370 et
2098 1339 2174 1382 epi-

1180 1372 1277 1415 scopi
1299 1373 1572 1416 gubernatores,
1601 1377 1639 1408 in
1673 1390 1742 1423 qua
1767 1392 1841 1413 non
1864 1384 1907 1416 sit
1937 1387 2023 1419 ordo
2049 1400 2175 1431 regen-

1180 1423 1291 1463 tium,
1315 1435 1403 1467 quae
1423 1436 1496 1457 non
1514 1423 1639 1460 habeat
1666 1436 1879 1471 potestatem
1901 1435 2054 1481 aliquam
2080 1440 2175 1473 iudi-

1180 1474 1283 1505 candi
1307 1481 1341 1507 et
1365 1475 1592 1511 decernendi.
1649 1477 1776 1520 Qualis
1794 1485 1955 1519 confusio
1980 1495 2013 1521 et
2040 1487 2173 1526 ἀταξία

1180 1523 1255 1556 est?
1977 1549 1980 1550 ⁷
2116 1526 2125 1530 -

1283 1572 1464 1609 Adversus
1482 1575 1549 1611 hoc
1565 1582 1769 1615 scandalum
1788 1584 1905 1628 inquit
1920 1585 2098 1624 Psalmus:
2121 1591 2175 1626 Et

1181 1630 1230 1657 est
1256 1624 1428 1659 mirabile
1454 1626 1493 1659 in
1517 1628 1632 1662 oculis
1656 1633 1806 1669 nostris.
1862 1635 1980 1672 Habet
2005 1638 2163 1678 Ecclesia

1181 1677 1317 1709 etiamsi
1343 1684 1393 1734 est
1412 1690 1576 1722 oppressa
1595 1688 1626 1714 et
1645 1683 1786 1726 exigua,
1815 1686 1993 1730 ingentem
2011 1673 2176 1735 gloriam,²

1181 1726 1276 1760 Deus
1294 1735 1420 1761 excitat
1441 1741 1503 1762 suo
1523 1732 1670 1766 arbitrio
1691 1737 1900 1770 excellentes
1910 1741 2164 1782 gubernatores

1181 1785 1220 1812 ut
1243 1776 1384 1820 Eliam,
1408 1778 1609 1823 Elisaeum,
1631 1782 1793 1827 Esaiam,
1818 1789 2021 1833 Ieremiam,
2041 1775 2176 1830 Danie:

1182 1830 1270 1868 lem,
1290 1828 1499 1873 ApostolOS,
1516 1840 1550 1866 et
1567 1834 1654 1867 alios
1674 1836 1876 1880 inferiores,
1905 1844 1963 1874 sed
1984 1851 2100 1879 tamen
2117 1860 2176 1881 ex-

1182 1881 1344 1913 cellentia
1362 1881 1510 1918 lumina.
1562 1883 1631 1918 Dat
1651 1886 1733 1919 item
1752 1890 1886 1923 donum
1907 1892 2174 1938 interpretatio-

1155 1963 1157 1968 ,
1182 1931 1258 1971 nis,
1283 1932 1320 1964 id
1346 1939 1412 1971 est,
1440 1934 1562 1966 lumen
1585 1936 1769 1980 spirituale
1791 1942 1963 1977 excellens
1985 1947 2174 1993 aliquibus.

1182 1981 1350 2016 Defendit
1368 1984 1471 2016 etiam
1489 1991 1521 2018 et
1536 1994 1650 2020 servat
1666 1988 1858 2025 Ecclesiam
1878 1995 2034 2030 mirabili
2058 2004 2163 2035 modo

1184 2034 1247 2067 etsi
1265 2035 1402 2067 duriter
1419 2043 1606 2080 quassatur
1631 2039 1724 2073 inter
1742 2042 1890 2087 imperia
1909 2050 2046 2082 mundi.
2101 2030 2176 2085 Ha:

1183 2085 1243 2118 bet
1261 2085 1369 2128 igitur
1389 2087 1633 2121 admirandam
1651 2091 1818 2133 gloriam,
1845 2107 1934 2140 quae
1950 2110 2022 2131 non
2048 2105 2177 2143 pendet

1184 2148 1224 2169 ex
1249 2133 1414 2170 humanis
1437 2139 1611 2180 consiliis,
1646 2143 1705 2173 sed
1737 2144 1781 2176 ab
1810 2147 2083 2185 admirabilibus
2107 2153 2175 2187 Dei

1183 2187 1361 2230 operibus.
1424 2188 1520 2222 Haec
1545 2198 1595 2223 est
1618 2191 1767 2235 insignis
1792 2193 1859 2230 hoc
1882 2198 1958 2232 loco
1985 2203 2174 2246 descriptio

1183 2236 1376 2280 Ecclesiae,
1394 2240 1609 2289 dignaequae
1628 2243 1816 2286 diligenter
1834 2249 2051 2289 observetur.
2086 2254 2175 2289 Cae-

1183 2297 1297 2324 terum
1325 2290 1440 2334 qualis
1458 2291 1502 2324 sit
1519 2293 1669 2335 species,
1696 2297 1756 2340 qui
1774 2298 1906 2340 cultus,
1933 2315 2021 2347 quae
2044 2305 2175 2339 libera-

1186 2341 1300 2374 tiones
1335 2339 1441 2374 huius
1477 2340 1674 2383 Ecclesiae,
1710 2347 1944 2391 significatum
1967 2362 2017 2388 est
2048 2357 2084 2389 in
2120 2356 2175 2392 his

1184 2392 1313 2426 verbis.

1235 2495 1444 2543 Confitebor
1461 2500 1547 2540 libi,
1566 2503 1656 2549 quia
1675 2502 1892 2543 hmniliasti
1906 2524 1977 2554 me,
2003 2518 2033 2546 el
2042 2515 2176 2562 sactus

1286 2562 1321 2584 es
1339 2548 1436 2584 mihi
1454 2553 1492 2585 in
1510 2552 1678 2589 salutem.

1288 2633 1482 2674 Confessio,
1500 2645 1538 2671 ut
1555 2649 1657 2683 saepe
1676 2641 1810 2675 dictum
1830 2650 1893 2685 est,
1908 2645 2080 2689 significat
2097 2662 2177 2692 gra-

140 2696 232 2724 esse,
260 2687 341 2730 quia
361 2697 500 2728 semper
516 2685 553 2716 in
574 2682 641 2717 hoc
659 2691 759 2717 coetu
780 2684 974 2717 retineatur
993 2684 1129 2717 veritas.
1155 2679 1158 2719 l
1185 2685 1316 2719 tiarum
1337 2687 1530 2731 actionem,
1557 2702 1645 2735 quae
1661 2694 1907 2738 complectitur
1924 2699 2032 2732 multa
2052 2701 2178 2743 officia,

193 2738 372 2770 Mummi.
394 2739 497 2770 Ormi.
527 2738 611 2770 VoL.
631 2736 724 2768 XIII.

1618 2741 1662 2776 91
