2379 2948
140 83 213 120 885
541 83 586 119 V.

185 166 395 202 Artaxerxes
411 167 655 214 Longimanus

185 218 316 253 Darius
329 218 470 254 Nothus
1065 220 1125 256 19.

184 268 395 306 Artaxerxes
420 271 594 305 Mnemon
1064 272 1124 306 40.

186 318 311 355 Ochus
1060 323 1122 359 26.

185 370 350 406 Arsames
1086 373 1120 407 3.

1088 423 1123 457 6.

237 490 332 525 Haec
360 490 464 523 series
487 496 571 523 nota
593 496 643 523 est
666 489 814 524 eruditis
838 489 1024 534 omnibus,
1060 491 1122 536 qui

135 538 287 575 Graecas
304 539 464 575 historias
483 540 653 583 legerunt.
692 540 736 575 Et
753 541 892 575 inscitia
907 540 1120 576 ludaeorum

133 593 327 626 recentium
347 592 578 635 vituperanda
598 598 667 632 est,
695 593 755 637 qui
779 593 917 636 fingunt
940 605 1014 626 non
1040 593 1122 638 plu-

132 654 188 676 res
209 644 314 676 fuisse
339 654 435 685 reges
451 641 626 683 Persicos,
654 655 759 688 quam
780 651 951 690 quatuor,
979 651 1012 678 et
1037 656 1120 688 pro—

132 700 211 738 pter
242 691 330 727 hanc
359 693 535 727 inscitiam
564 694 732 729 amittunt
764 707 804 728 ex
828 695 918 728 serie
941 707 1118 729 annorum

132 744 258 779 mundi
275 751 413 777 centum
437 756 560 778 annos.

235 793 338 828 Extat
362 802 477 828 autem
501 804 533 829 et
552 795 641 829 alius
667 796 845 839 catalogus
863 795 900 829 in
922 796 1119 840 fragmento

132 843 385 884 Metasthenis‚
421 846 460 879 in
492 859 561 892 quo
602 847 856 891 appellationes
895 848 1006 891 magis
1035 860 1121 881 con—

132 904 266 940 gruunt
295 909 373 930 cum
397 894 522 931 Esdra.
575 895 651 931 Etsi
683 905 799 932 autern
824 899 917 942 apud
948 899 1120 945 quosdam

131 948 220 981 levis
246 954 297 981 est
320 948 490 982 autoritas
511 946 763 990 Metasthenis,
793 956 909 983 tamen
928 950 1010 995 quia
1035 962 1121 983 con-

130 999 226 1043 gruit
241 1010 320 1032 cum
335 998 448 1032 Esdra
467 1006 500 1033 et
516 998 682 1039 Philone,
710 1012 783 1034 non
805 1012 992 1045 aspernor,
1019 1013 1122 1046 prae-

131 1049 252 1084 sertim
268 1061 348 1082 cum
365 1050 473 1095 primi
497 1058 565 1084 tres
582 1052 626 1084 de
649 1051 777 1096 quibus
800 1052 999 1097 discrepant
1028 1058 1122 1086 cata-

130 1101 222 1144 logi,
258 1101 381 1134 eodem
408 1102 513 1135 modo
538 1110 786 1137 recenseantur
811 1109 842 1136 et
870 1110 1123 1148 nuncupentur

132 1152 176 1185 ab
200 1149 314 1185 Esdra
339 1158 370 1185 et
394 1150 563 1193 Philone,
598 1154 640 1187 de
667 1154 811 1187 caeteris
843 1155 948 1188 ambo
973 1154 1122 1197 catalogi

132 1202 379 1244 consentiunt,
407 1210 440 1237 et
458 1203 495 1237 in
512 1204 690 1248 prioribus
707 1205 821 1238 facilis
837 1212 887 1239 est
910 1205 1122 1240 conciliatio,

181 420 312 458 Darius
341 423 497 457 ultimus.

157 1270 288 1306 Darius
297 1270 427 1305 Medus
445 1271 600 1318 etCyrus
617 1273 724 1306 simul
741 1281 933 1317 regnarunt
967 1285 1079 1308 annos
1089 1275 1123 1308 2.

156 1321 272 1368 Cyrus
286 1322 382 1355 solus
1062 1325 1124 1358 22.

157 1373 369 1407 Artaxerxes
387 1371 562 1407 Assverus
1061 1375 1124 1410 20.

157 1422 289 1458 Darius
306 1424 516 1458 Artaxerxes
531 1424 775 1469 Longimanus
1062 1425 1124 1461 37.

156 1473 288 1508 Darius
303 1473 442 1508 Nothus
1065 1476 1124 1512 19.

158 1524 370 1560 Artaxerxes
387 1526 562 1560 Mnemon
1062 1526 1124 1562 55.

158 1574 283 1611 Ochus
1062 1577 1125 1615 26.

156 1627 322 1662 Arsames
1089 1628 1125 1665 4.

155 1677 288 1713 Darius
1086 1680 1126 1717 6.

236 1744 384 1789 Ignotus
407 1753 456 1780 est
474 1744 620 1780 Graecis
638 1747 773 1792 primus
790 1745 937 1789 Darius,
964 1747 1027 1792 qui
1045 1746 1126 1781 Me-

134 1797 201 1831 dus
233 1797 380 1837 dicitur,
420 1804 454 1831 et
480 1804 608 1842 putant
635 1798 803 1831 nonnulli
829 1797 1012 1845 Cyaxaren
1040 1810 1124 1834 esse.

134 1847 280 1882 Certum
313 1855 364 1881 est
395 1854 511 1881 autem
550 1861 591 1882 ex
622 1847 792 1892 Daniele,
826 1860 989 1893 regnasse
1019 1850 1125 1884 initio

132 1896 231 1933 hunc
245 1897 394 1932 Darium
415 1898 564 1933 Medum
583 1912 662 1934 cum
679 1898 785 1945 Cyro.
827 1899 874 1934 Et
891 1900 1034 1946 quidem
1053 1899 1126 1934 Da-

135 1950 209 1983 niel
230 1950 304 1994 ipse
329 1950 496 1983 discernit
517 1948 614 1984 hunc
635 1949 786 1986 Darium
811 1963 830 1985 a
850 1950 961 1997 Cyro,
988 1952 1037 1986 ait
1054 1951 1127 1986 Da-

135 2001 228 2034 rium
260 2011 331 2034 esse
355 2000 524 2040 Medum,
559 2001 702 2035 Persam
729 2014 813 2036 vero
837 2001 983 2048 Cyrum.
1043 2002 1126 2036 Non

136 2051 244 2094 igitur
260 2059 417 2095 pugnant
432 2049 517 2086 haec
534 2065 612 2086 cum
633 2052 790 2097 Graecis,
818 2055 878 2100 qui
897 2054 1036 2088 omissis
1045 2053 1127 2088 Me-

137 2101 212 2142 dis,
237 2110 427 2136 numerant
447 2102 580 2137 Persas.

238 2150 436 2199 Cambysen
458 2156 623 2198 praeterit
640 2154 891 2196 Metasthenes,
915 2161 955 2189 ut
971 2167 1034 2199 ego
1052 2155 1126 2188 exi-

138 2204 253 2244 stimo,
283 2203 364 2247 quia
383 2216 455 2237 non
473 2207 630 2248 regnavit
647 2214 725 2251 post
742 2214 891 2240 mortem
909 2207 1034 2251 patris:
1064 2206 1126 2240 sed

139 2266 217 2288 cum
244 2259 343 2298 pater
357 2253 470 2300 Cyrus
489 2256 525 2288 in
543 2255 724 2303 Scythiam
754 2259 898 2292 duceret
923 2258 1127 2297 exercitum,
1151 2262 1154 2278 ²

138 2317 236 2339 more
255 2305 384 2339 usitato
401 2306 498 2349 prius
513 2309 607 2340 domi
626 2321 741 2352 regem
758 2310 898 2349 creavit,
919 2321 963 2341 ne
983 2309 1126 2342 absente

138 2357 215 2401 ipso
229 2383 237 2397 ,
265 2357 308 2389 de
322 2356 539 2390 successione
556 2360 747 2394 certamina
762 2361 953 2394 orirentur.

241 2405 307 2441 Est
333 2418 414 2450 ergo
439 2405 647 2443 Artaxerxes
662 2411 835 2445 Assverus
860 2412 906 2452 is,
935 2422 1039 2456 quem
1060 2423 1125 2444 no-

138 2459 277 2492 minant
299 2456 426 2491 Graeci
445 2456 593 2491 Darium
610 2459 783 2506 Histaspis
802 2463 912 2496 filium
925 2490 933 2502 ‚
961 2463 1055 2508 quod
1078 2462 1125 2495 ita

140 2521 211 2543 esse
237 2522 277 2543 ex
304 2506 452 2542 historia
478 2509 698 2553 intelligitur.
752 2512 845 2555 Quia
870 2511 976 2547 Philo
1005 2520 1126 2547 narrat

138 2559 234 2594 hune
255 2559 446 2594 Assverum
469 2572 690 2604 recuperasse
711 2560 888 2608 Assyriam
917 2572 947 2597 et
969 2563 1126 2609 Babylo-

140 2623 239 2649 nem,
268 2623 356 2656 quae
374 2612 582 2645 defecerant.

140 2669 238 2697 ratur
261 2663 303 2695 de
328 2661 437 2696 Dario
464 2662 536 2697 filio
554 2661 747 2709 Hystaspis.

641 83 691 120 IN
718 82 981 121 DANIELEM
1008 81 1326 119 PROPHETAM
1352 81 1772 122 COMMENTARIUS.

2096 91 2170 126 886

1064 168 1125 206 40.
1149 168 1156 214 l
1179 170 1303 208 dotus,
1332 168 1444 203 Dario
1466 170 1702 206 concubinam
1723 172 1829 206 fuisse
1844 173 2004 208 omnium
2029 177 2169 211 carissi-

1179 233 1272 254 mam
1300 218 1538 263 Artistonam‚
1571 235 1663 268 quae
1688 224 1877 269 appellatio
1900 227 2066 262 convenit
2087 240 2166 262 cum

1177 271 1414 316 appellatione
1431 270 1572 308 Esther.

1279 329 1333 364 Ex
1349 328 1463 365 Esdra
1485 331 1710 367 manifestum
1727 340 1777 368 est
1795 335 1997 369 successisse
2013 336 2165 371 Assvero

1175 380 1411 421 Artaxerxen,
1439 379 1524 415 huic
1541 383 1686 417 additur
1700 396 1894 428 cognomen
1913 399 1930 420 a
1942 385 2166 422 Metasthene

1175 438 1209 466 et
1224 430 1650 475 PhiloneLongimanus‚
1679 446 1740 469 seu
1756 434 1969 484 μακρόχειρ,
2010 437 2082 473 Nec
2098 440 2167 473 du-

1174 483 1274 517 bium
1292 490 1359 524 est,
1383 480 1479 516 hunc
1498 484 1648 518 eundem
1667 496 1740 519 esse
1752 485 2032 530 Longimanum‚
2059 502 2164 536 quem

1174 534 1223 568 sic
1240 534 1429 568 nominant
1447 533 1588 570 Graeci.

1277 593 1347 628 Sed
1370 605 1433 627 cur
1450 590 1507 626 hic
1524 593 1700 628 omittitur
1718 594 1875 629 Xerxes?
1928 596 1967 630 Id
1986 611 2107 634 rursus
2123 613 2164 635 eo

1175 644 1250 677 fieri
1275 644 1412 683 iudico,
1437 645 1519 690 quia
1543 644 1659 679 Xerxe
1683 646 1807 690 procul
1831 646 1867 679 in
1888 646 2071 693 Europam
2096 652 2165 686 du-

1174 702 1274 729 cente
1299 695 1508 736 exercitum,
1534 707 1674 729 necesse
1696 697 1764 730 suit
1781 699 1939 741 cooptari
1955 711 2070 743 regem
2090 703 2164 735 col-

1175 746 1284 790 legam
1311 747 1428 787 domi,
1456 758 1501 780 ne
1525 746 1563 779 in
1583 744 1735 780 Oriente
1759 748 1949 783 seditiones
1973 751 2165 794 orirentur,

1175 798 1201 830 si
1236 809 1341 831 nemo
1371 804 1546 842 praeesset
1567 798 1661 841 regia
1687 799 1893 840 autoritate,
1934 808 2012 845 post
2038 801 2163 837 Xerxis

1175 848 1379 882 discessum.
1423 847 1599 894 Deinceps
1614 849 1779 883 convenit
1796 850 1902 884 series
1918 863 1997 885 cum
2007 851 2165 892 Graecis.

1276 932 1379 968 Nunc
1403 934 1508 967 redeo
1533 935 1578 968 ad
1602 931 1855 972 hebdomadas,
1906 933 1996 970 Cum
2019 936 2106 984 Cyri
2131 947 2165 974 et

1174 983 1319 1018 Assveri
1351 992 1508 1029 tempore
1534 985 1657 1019 fuisset
1680 986 1849 1030 impedita
1873 988 2089 1029 aedificatio,
2125 998 2166 1025 ut

1176 1042 1313 1070 constat
1339 1048 1377 1069 ex
1394 1034 1526 1077 Esdra‚
1553 1044 1672 1081 postea
1692 1037 1758 1071 sub
1783 1038 1887 1071 tertio
1905 1050 2005 1082 rege,
2032 1040 2166 1076 scilicet

1174 1086 1410 1129 Longimano‚
1438 1099 1559 1121 rursus
1574 1088 1767 1122 aedificatio
1783 1089 1951 1132 permissa
1970 1098 2030 1124 est.
2074 1091 2166 1126 Nam

1175 1144 1214 1171 ut
1231 1136 1365 1183 Cyrus,
1393 1138 1440 1172 ita
1463 1136 1521 1171 hic
1537 1137 1779 1181 Longimanus
1796 1139 1985 1184 benignior
2000 1142 2068 1176 fuit
2086 1155 2167 1186 erga

1175 1188 1344 1231 Iudaeos,
1370 1201 1475 1234 quam
1493 1188 1684 1229 Assverus‚
1712 1190 1775 1223 etsi
1798 1188 1893 1224 hunc
1912 1204 2052 1237 quoque
2070 1194 2168 1228 flexit

1175 1237 1323 1279 Esther,
1351 1252 1440 1285 quae
1463 1240 1619 1273 fortassis
1641 1240 1828 1284 disciplina
1852 1242 2040 1277 domestica
2064 1245 2169 1279 Lon·

1176 1291 1356 1334 gimanum
1374 1292 1415 1324 ad
1435 1301 1552 1323 veram
1568 1290 1734 1335 pietatem
1751 1292 1945 1329 assuefecit.
1991 1293 2044 1328 Ac
2061 1295 2169 1330 fuisse

1177 1341 1376 1385 amplexum
1400 1341 1662 1384 Longimanum
1687 1342 1884 1376 doctrinam
1911 1345 2034 1388 populi
2060 1345 2169 1382 Israel

1177 1393 1220 1425 de
1239 1390 1314 1425 Deo
1340 1393 1423 1425 inde
1439 1398 1592 1433 constat,
1619 1392 1701 1437 quia
1719 1393 1899 1437 praecipui
1918 1395 2171 1437 gubernatores

1177 1444 1215 1476 in
1239 1443 1318 1476 aula
1344 1442 1489 1477 suerunt
1512 1444 1583 1476 duo
1609 1443 1677 1476 viri
1703 1455 1783 1477 vere
1809 1444 1963 1478 colentes
1977 1444 2111 1489 Deum,
2137 1456 2171 1483 et

1178 1495 1283 1528 duces
1302 1493 1543 1528 israelitarum
1555 1521 1564 1535 ,
1591 1492 1724 1529 Esdras
1741 1501 1774 1529 et
1790 1492 1990 1531 Nehemias.

1234 1576 1239 1581 ·
1282 1559 1392 1606 Saepe
1418 1568 1534 1595 autem
1558 1561 1626 1595 iam
1650 1561 1724 1594 dixi
1748 1562 1870 1596 eodem
1895 1569 2052 1608 tempore
2074 1563 2172 1609 Hag-

1178 1624 1303 1656 gaeum
1328 1619 1361 1646 et
1385 1610 1594 1646 Zachariam
1619 1612 1772 1656 coepisse
1796 1613 1982 1647 vaticinari
2007 1616 2050 1648 de
2074 1618 2172 1650 aedi-

1179 1663 1341 1697 ficatione
1373 1663 1497 1707 templi
1531 1674 1746 1707 processura.
1819 1661 1873 1697 De
1906 1662 1974 1699 hoc
2004 1667 2171 1702 vaticinio

1179 1714 1382 1748 existimant
1410 1713 1510 1759 loqui
1540 1712 1738 1758 Angelum,
1774 1726 1854 1748 cum
1887 1715 1951 1749 ait:
1988 1716 2046 1750 Ab
2074 1719 2173 1752 exitu

1178 1765 1370 1806 sermonis,
1421 1771 1459 1798 ut
1489 1765 1617 1798 iterum
1650 1764 1856 1798 aedificetur
1888 1764 2079 1802 Ierusalem
2106 1777 2170 1803 etc.

1179 1814 1444 1849 Constituamus
1476 1827 1558 1859 ergo
1589 1814 1733 1849 initium
1766 1812 2031 1851 hebdomadum
2065 1832 2082 1852 a
2116 1832 2172 1853 se-

1179 1867 1296 1900 cundo
1315 1878 1411 1900 anno
1427 1866 1656 1910 Longimani.

1280 1933 1376 1967 Huic
1404 1934 1648 1979 supputationi
1672 1945 1776 1977 grave
1802 1935 2047 1970 testimonium
2073 1939 2173 1974 addit

1180 1992 1326 2019 eventus
1343 1985 1427 2029 ipse.
1484 1985 1572 2019 Nam
1588 1991 1668 2018 ante
1684 1985 1903 2030 interruptae
1918 1995 2018 2021 erant
2034 2001 2173 2033 operae,

1179 2049 1276 2070 nunc
1299 2036 1454 2081 primum
1480 2042 1742 2080 processerunt,
1777 2043 1810 2070 et
1834 2048 1930 2071 anno
1953 2046 2048 2072 sexto
2075 2040 2172 2074 Lon-

1180 2087 1312 2131 gimani
1335 2087 1546 2121 instauratio
1570 2087 1693 2131 templi
1716 2087 1878 2121 absoluta
1898 2095 1958 2125 est.
2013 2088 2096 2123 Ideo
2114 2104 2172 2125 ar-

1179 2139 1359 2173 bitrantur
1382 2139 1527 2183 quidam
1553 2138 1622 2171 dici
1648 2138 1684 2170 in
1711 2136 1891 2179 Iohanne,
1925 2138 2171 2185 Quadraginta

1181 2202 1238 2223 sex
1263 2189 1367 2223 annis
1392 2189 1613 2223 aedificatum
1639 2201 1711 2222 esse
1729 2189 1912 2233 templum.
1966 2189 2056 2224 Sunt
2074 2194 2170 2226 enim

1180 2253 1198 2274 a
1227 2239 1322 2286 Cyro
1353 2252 1465 2285 usque
1496 2241 1538 2272 ad
1570 2241 1764 2273 secundnm
1796 2251 1930 2273 annum
1955 2241 2170 2284 Longimani

1152 2305 1153 2308 ¹
1179 2292 1264 2325 anni
1281 2290 1342 2332 44,
1369 2292 1498 2337 quibus
1516 2291 1683 2334 impedita
1702 2290 1769 2323 fuit
1786 2291 1982 2325 aedificatio
1995 2319 2003 2332 ‚
2032 2295 2170 2328 etiamsi

1151 2347 1153 2374 i
1179 2343 1357 2376 incoatum
1383 2349 1456 2376 erat
1480 2341 1663 2384 templum.

1727 2339 1850 2375 Postea
1874 2353 1957 2375 vero
1981 2344 2046 2377 sub
2070 2344 2170 2378 Lon—

1151 2402 1152 2420 1
1178 2394 1319 2437 gimano
1344 2404 1464 2427 rursus
1482 2404 1574 2425 novo
1590 2392 1729 2424 decreto
1748 2403 1908 2425 concessa
1926 2394 2171 2430 aedificatione

1150 2425 1153 2440 1

1151 2450 1152 2455 ’
1179 2445 1351 2489 templum
1376 2444 1575 2477 absolutum
1597 2448 1647 2475 est
1664 2442 1757 2475 intra
1776 2443 2062 2486 quadriennium.

1150 2547 1154 2569 l

2117 2446 2170 2481 Ita

1177 2495 1263 2530 fient
1281 2495 1366 2528 anni
1387 2507 1406 2528 a
1424 2495 1534 2539 prima
1556 2493 1757 2527 incoatione
1773 2491 1834 2529 46.

1281 2562 1373 2597 Sunt
1403 2568 1519 2594 antem
1554 2560 1650 2594 iuxta
1674 2557 1936 2595 Metasthenem
1970 2575 1988 2596 a
2012 2566 2167 2599 secundo

636 2611 674 2645 Id
691 2615 783 2656 apud
802 2613 1024 2648 Herodotum
1042 2627 1126 2648 nar-
1179 2625 1272 2647 anno
1309 2612 1523 2656 Longimani
1562 2623 1674 2656 usque
1712 2613 1754 2645 ad
1798 2612 1939 2648 initium
1974 2614 2168 2650 Alexandri

802 2663 846 2700 Et
871 2666 993 2700 scribit
1010 2665 1126 2700 Hero-
1150 2666 1154 2704 ἰ
1179 2664 1263 2699 anni
1287 2661 1370 2698 145.

1609 2710 1689 2747 56*
