2379 2948
0 602 9 691 3ssoe-
0 199 9 579 two—mssqmffl-
0 0 9 194 ῃ*

8 842 9 851 ⁴
5 768 10 810 .„„
0 696 9 737 *a-

10 1576 11 1580 „
2 1548 12 1566 ,1
0 981 12 1538 ‘lssQQfflxhs-L„

130 121 205 156 609
764 121 809 158 V.

333 255 493 302 pheticos
511 265 545 292 et
562 256 787 303 Apostolicos
798 283 808 297 ‚

128 321 148 342 o
254 306 349 353 Ergo
373 309 603 342 certissimum
639 315 706 348 est,
744 315 871 342 sectam
899 306 1115 343 Mabometi-

333 372 407 393 cam
426 372 499 393 non
515 371 587 392 esse
601 358 796 392 Ecclesiam
812 359 890 394 Dei.

230 410 347 455 Supra
364 411 454 450 dixi,
478 410 668 454 particulas
683 411 876 444 exclusivas
895 407 1027 443 habere
1044 411 1113 443 vim

128 461 399 496 universalium.
453 459 537 493 Ideo
555 467 588 494 et
605 472 754 506 sequens
778 461 1004 507 syllogismus
1029 474 1114 495 con-

128 513 224 555 gruit
238 513 282 546 ad
299 513 443 545 modum
459 509 673 545 Camestres:

233 562 388 596 Tantum
412 562 449 594 in
478 569 579 595 coetu
606 569 810 596 vocatorum
835 571 917 598 sunt
934 563 1049 604 electi,
1077 563 1113 596 id

128 620 195 654 est,
223 611 359 647 Omnes
383 612 444 657 qui
470 613 571 645 electi
595 619 695 653 sunt,
720 626 860 648 necesse
885 615 992 649 estin
1012 621 1113 648 coetu

126 671 332 698 vocatorum
355 674 447 704 esse,
474 663 511 696 id
535 671 604 704 est,
631 664 891 708 baptizatorum
915 673 948 699 et
977 667 1112 710 ample-

127 715 296 749 ctentium
319 713 569 757 Evangelium.
623 713 718 748 Hinc
751 717 925 750 extruitur
951 717 1112 763 syllogis-

125 777 215 804 mus,
233 765 294 810 qui
311 765 510 799 doctrinam
527 773 560 799 et
577 766 854 800 consolationem
873 768 1112 801 dulcissimam

126 816 296 851 continet.

125 865 210 900 Cam
253 866 410 900 Tantum
434 866 471 899 in
490 873 592 901 coetu
608 874 812 901 vocatorum
830 876 914 904 sunt
930 869 1048 910 electi,
1075 875 1114 902 ut

328 917 460 951 Paulus
475 918 609 964 inquit:
639 918 739 961 Quos
755 920 876 963 elegit,
904 918 969 953 hos
993 927 1026 954 et
1051 933 1114 953 vo—

333 969 444 1007 cavit,

125 1031 160 1054 es
248 1019 349 1054 Nulli
359 1016 633 1053 Mahometistae
643 1028 724 1055 sunt
737 1021 775 1054 in
787 1029 888 1056 coetu
899 1029 1114 1062 vocatorum,

124 1077 195 1105 tres
247 1069 343 1115 Ergo
375 1071 468 1103 nulli
503 1079 684 1106 manentes
722 1072 814 1107 inter
842 1071 1114 1107 Maliometistas

329 1128 413 1155 sunt
433 1121 546 1157 electi.

368 1214 465 1256 Quid
490 1220 547 1249 est
573 1218 688 1250 tertia
711 1215 866 1264 finqura?

227 1273 351 1308 Tertia
378 1274 488 1317 figura
517 1281 568 1308 est
594 1275 674 1308 talis
706 1278 793 1308 ordo
828 1275 1113 1319 propositionum

126 1325 339 1372 syllogismi,
366 1332 407 1358 ut
430 1325 568 1358 medius
590 1326 763 1359 terminus
788 1327 831 1360 sit
854 1326 1051 1359 subiectum
1076 1326 1113 1358 in

124 1376 258 1410 maiore
275 1382 308 1408 et
326 1375 364 1407 in
381 1375 539 1414 minore,
566 1376 663 1409 unde
685 1377 864 1410 conclusio
890 1377 1113 1420 particularis

124 1427 321 1461 necessario
345 1426 515 1471 sequitur.
550 1425 598 1460 Ut
617 1427 712 1460 enim
740 1428 852 1471 prima
880 1427 990 1470 figura
1014 1439 1032 1460 a
1054 1439 1113 1470 ge-

125 1490 209 1512 nere
225 1479 270 1511 ad
286 1477 437 1521 speciem
455 1478 633 1521 procedit,
658 1485 698 1512 ut
714 1479 799 1520 dixi,
826 1479 873 1511 ita
896 1476 981 1511 haec
998 1490 1016 1510 a
1036 1490 1113 1522 spe-

125 1529 177 1563 cie
199 1530 242 1562 ad
267 1540 376 1572 genus
397 1529 575 1572 procedit,
607 1531 667 1562 sed
691 1531 760 1571 ita,
795 1536 833 1563 ut
861 1529 1041 1563 conclusio
1068 1530 1113 1563 sit

124 1579 362 1624 particulari&
420 1577 467 1613 Et
504 1580 595 1612 ratio
621 1581 894 1626 consequentiae
928 1581 1113 1614 manifesta

124 1638 197 1672 est,
229 1631 311 1676 quia
338 1630 450 1674 posita
476 1631 609 1674 specie,
644 1643 782 1665 necesse
805 1638 855 1665 est
876 1643 986 1675 genus
1017 1632 1113 1676 poni,

88 1677 185 1715 ’sed
203 1681 479 1726 particulariter,
506 1688 560 1714 ut:

278 1732 402 1765 Lunae
429 1739 529 1765 motu
553 1739 585 1766 et
607 1732 743 1765 lumine
758 1733 848 1766 effici
866 1733 979 1765 varias
997 1739 1112 1766 muta-

330 1784 446 1817 tiones
463 1781 654 1816 humorum
671 1785 708 1816 in
724 1784 931 1827 corporibus
949 1784 1112 1816 animan-

328 1835 419 1868 tium
438 1841 469 1867 et
487 1835 637 1867 aliarum
653 1847 771 1868 rerum
791 1833 1021 1869 humidarum
1037 1847 1112 1868 ma-

328 1885 496 1918 nifestum
515 1892 587 1925 est,

276 1933 372 1980 Ergo
392 1936 511 1969 stellae
530 1937 666 1981 aliquas
691 1934 821 1970 habent
846 1936 1048 1970 effectiones
1075 1936 1110 1968 in

329 1988 538 2031 corporibus
555 1988 805 2023 animantium.

228 2034 305 2070 Etsi
322 2046 437 2072 autem
456 2038 558 2072 Valla
576 2039 691 2072 reiicit
709 2045 741 2072 et
760 2039 898 2072 deridet
914 2036 1005 2071 hanc
1021 2037 1112 2081 figu-

128 2100 225 2128 ram,
249 2095 291 2122 ut
314 2101 416 2134 saepe
439 2090 532 2123 rixas
557 2097 673 2123 movet
697 2090 773 2123 sine
794 2102 914 2128 causa,
942 2090 1112 2134 quemad-

126 2139 275 2172 modum
296 2141 443 2174 biliosae
466 2148 613 2175 naturae
637 2142 769 2175 solent:
806 2148 924 2175 tamen
959 2152 1014 2173 res
1038 2140 1111 2184 ipsa

127 2190 301 2231 ostendit,
321 2189 389 2225 hoc
405 2193 471 2226 iter
487 2192 523 2225 in
542 2193 754 2237 experientia
780 2193 949 2226 usitatum
974 2203 1065 2232 esse,
1093 2204 1112 2224 a

126 2241 365 2284 singularibus
382 2244 547 2286 progredi
565 2245 608 2277 ad
627 2244 788 2288 speciem,
817 2244 946 2277 deinde
962 2255 980 2275 a
998 2242 1112 2286 specie

126 2293 169 2326 ad
187 2304 314 2336 genus,
341 2300 380 2327 ut
397 2305 475 2326 cum
491 2295 591 2337 pueri
607 2295 714 2328 semel
738 2296 782 2328 ab
806 2296 887 2339 igne
909 2294 995 2328 laesi
1018 2301 1110 2335 sunt,

126 2343 210 2377 inde
226 2351 352 2377 natura
369 2345 457 2377 duce
473 2345 521 2377 sic
537 2346 810 2380 ratiocinantur:

280 2394 358 2428 Hoc
373 2395 447 2428 urit
458 2421 467 2435 ,

282 2445 329 2480 Et
342 2444 409 2479 hoc
424 2446 586 2490 est-ignis,

247 2508 249 2510 ·
280 2495 375 2540 Ergo
392 2497 484 2540 ignis
500 2497 584 2531 urit.

228 2547 470 2594 Consquentia
485 2546 685 2582 firmissima
703 2555 753 2582 est
769 2560 788 2582 a
804 2550 948 2583 definito
966 2550 1010 2583 ad
1027 2549 1113 2582 defi-

128 2599 314 2634 nitionem.
376 2599 466 2632 Nam
490 2598 661 2643 particula
694 2599 987 2642 demonstrativa,
1022 2599 1113 2642 Hoc,

129 2651 329 2694 significans
343 2662 417 2683 rem
434 2656 677 2689 monstratam,
703 2656 754 2683 est
770 2650 964 2686 definitum.
992 2651 1045 2684 Ac
1060 2657 1112 2684 ta-

129 2701 178 2734 les
199 2701 439 2746 syllogismos,
472 2713 490 2734 a
514 2700 754 2743 singularibus
776 2702 1025 2745 procedentes,
1051 2713 1113 2734 vo-

178 2753 355 2785 ΜειΑΝτιι.
385 2754 488 2786 Ormi.
518 2754 600 2784 von*
621 2752 717 2786 XIH.

850 120 1171 158 EROTEMATA
1202 121 1534 160 DIALECTICES.

128 218 188 240 roc
255 205 356 241 Secta
365 203 565 241 Mahometi
580 219 654 241 non
667 207 893 252 amplectitur
908 208 1019 242 libros
1029 208 1117 242 Pro-

2082 130 2156 164 610

1170 215 1250 242 cant
1271 206 1529 252 Expositorios.
1590 209 1680 246 Cum
1709 211 1818 256 igitur
1845 213 2071 247 manifestum
2100 216 2154 256 sit,

1169 259 1285 292 valere
1308 260 1530 304 syllogismos
1557 263 1807 306 expositorios,
1841 276 1980 298 necesse
2009 271 2059 298 est
2082 272 2152 298 ter-

1168 311 1252 344 tiam
1271 310 1418 353 figuram
1438 313 1672 354 comprobari.
1724 312 1788 347 Est
1805 321 1838 348 et
1861 316 1921 349 illa
1948 327 2050 349 causa
2072 317 2154 350 satis

1166 362 1282 394 firma:
1311 360 1429 394 Posita
1447 362 1579 405 specie,
1609 375 1747 397 necesse
1765 372 1813 399 est
1831 377 1940 409 genus
1957 367 2054 410 poni.

1310 448 1405 488 Quot
1432 450 1520 481 sunt
1546 446 1648 482 modi
1676 451 1817 483 tertiae
1840 449 2005 497 figurae?

1267 512 1336 547 Sex
1353 514 1451 546 modi
1466 514 1678 548 recitantur:
1706 515 1865 559 Darapti,
1887 517 2071 563 Felapton‚
2089 517 2154 552 Di-

1166 564 1291 605 samis,
1316 563 1449 606 Datisi,
1476 564 1658 606 Bocardo,
1687 565 1847 599 Ferison.

1553 632 1755 677 Darapti.

1164 690 1218 725 Da
1287 691 1425 725 Omnes
1451 690 1607 739 στοργαὶ
1632 692 1795 725 conditae
1818 704 1836 725 a
1863 691 1937 725 Deo
1968 693 2004 724 in
2030 701 2154 728 natura

1370 741 1546 784 hominis,
1575 750 1657 777 sunt
1674 754 1729 776 res
1746 755 1809 776 suo
1827 754 1955 785 genere
1971 743 2094 785 bonae,

1167 806 1228 838 rap
1289 792 1427 827 Omnes
1450 792 1604 842 στοργαὶ
1619 802 1702 828 sunt
1720 794 1884 835 affectus,

1166 845 1192 878 ti
1288 843 1384 888 Ergo
1410 845 1554 890 quidem
1582 846 1726 879 affectus
1755 852 1839 878 sunt
1862 856 1916 878 res
1939 856 2002 879 suo
2029 856 2155 889 genere

1374 897 1502 929 bonae.

1269 955 1401 989 Sensus
1427 954 1626 989 communis
1648 953 1780 987 iudicat
1805 951 1897 987 hanc
1924 956 2155 999 compositio-

1166 1018 1246 1039 nem
1267 1018 1341 1040 non
1361 1018 1433 1040 esse
1452 1004 1635 1039 horridam
1653 1012 1687 1039 et
1707 1005 1961 1048 confragosam.
2014 1005 2061 1040 Et
2086 1005 2155 1040 hoc

1166 1059 1242 1102 ipso
1261 1065 1470 1101 argumento
1489 1056 1599 1090 Stoici
1617 1062 1650 1089 et
1668 1054 1922 1100 Anabaptistae
1945 1058 2156 1098 refutantur,

1166 1121 1244 1142 cum
1262 1120 1385 1142 omnes
1401 1109 1546 1142 affectus
1564 1107 1786 1140 contendunt
1810 1119 1872 1140 suo
1900 1119 2026 1151 genere
2051 1108 2156 1142 vitio-

1165 1172 1220 1193 sos
1237 1171 1320 1194 esse.

1542 1216 1779 1260 Felapton.

1166 1278 1214 1312 Fe
1294 1277 1441 1311 Nullum
1459 1276 1591 1309 iustum
1608 1275 1800 1319 imperium
1818 1283 1869 1309 est
1893 1276 2154 1316 excutiendum,

1165 1330 1223 1374 lap
1292 1326 1426 1362 Omnia
1450 1327 1554 1360 etiam
1583 1326 1673 1360 iusta
1700 1326 1850 1369 imperia
1879 1325 2009 1362 habent
2038 1328 2155 1372 aliqua

1372 1388 1479 1411 onera
1495 1376 1661 1420 duriora,
1691 1382 1724 1410 et
1740 1376 1857 1421 aliqua
1876 1384 2001 1418 errata,

1291 1428 1387 1473 Ergo
1404 1428 1521 1473 aliqua
1538 1439 1645 1460 onera
1662 1427 1826 1468 duriora,
1854 1435 1887 1461 et
1906 1428 2025 1473 aliqua
2043 1435 2155 1462 errata

1371 1492 1445 1513 non
1463 1485 1544 1513 sunt
1562 1478 1783 1513 excutienda.

1164 1438 1227 1465 ton

1559 1544 1767 1580 Disamis.

1165 1609 1233 1643 Dis
1293 1607 1352 1641 Ius
1377 1605 1539 1639 naturale
1563 1604 1726 1639 concedit
1758 1603 2002 1638 defensionem
2035 1612 2155 1640 contra

1373 1658 1529 1690 latrones
1541 1683 1550 1695 ‚

1164 1724 1183 1746 a
1289 1709 1348 1743 Ius
1365 1707 1526 1742 naturale
1545 1712 1596 1739 est
1613 1705 1667 1738 ius
1684 1704 1869 1743 divinum,

1164 1763 1230 1796 mis
1289 1760 1384 1804 Ergo
1427 1760 1482 1792 ius
1518 1757 1683 1790 divinum
1717 1755 1878 1788 concedit
1913 1756 2153 1790 defensionem

1368 1815 1490 1843 contra
1508 1809 1677 1841 latrones.

1568 1872 1730 1908 Datisi.

1163 1937 1217 1972 Da
1288 1934 1421 1970 Omnis
1463 1932 1616 1975 cognitio
1662 1931 1836 1964 virtutum
1870 1931 2066 1964 necessaria
2104 1938 2155 1966 est

1371 1984 1538 2021 oratori,

1164 2041 1207 2074 tis
1286 2036 1451 2081 Cognitio
1472 2035 1643 2067 virtutum
1663 2039 1714 2066 est
1730 2028 1962 2075 Philosophia
1974 2057 1983 2074 ‚

1164 2092 1174 2124 i
1292 2087 1387 2132 Ergo
1404 2081 1638 2129 Philosophia
1657 2091 1707 2117 est
1722 2083 1914 2116 necessaria
1935 2079 2094 2116 Oratori.

1552 2151 1582 2184 B
1593 2164 1612 2184 o
1623 2164 1639 2184 c
1649 2163 1666 2184 a
1677 2162 1694 2184 r
1705 2151 1726 2184 d
1737 2163 1769 2183 o.

1163 2215 1236 2249 Boc
1290 2212 1499 2248 Provocatio
1529 2212 1573 2244 ad
1600 2210 1754 2244 iudicem
1788 2221 1860 2242 non
1895 2214 1946 2241 est
1971 2204 2151 2250 prohibita

1370 2261 1602 2302 Christianis,

1164 2330 1202 2351 ar
1291 2314 1422 2350 Omnis
1447 2312 1653 2359 provocatio
1680 2318 1731 2344 est
1757 2310 1876 2342 venire
1906 2309 1944 2341 in
1967 2307 2152 2350 iudicium,

1364 2379 1425 2400 seu
1442 2372 1574 2399 certare
1593 2364 1630 2396 in
1647 2361 1781 2395 iudicio
1800 2371 1878 2393 cum
1899 2359 2115 2400 adversario,

1164 2421 1209 2453 do
1295 2415 1391 2461 Ergo
1414 2424 1545 2450 certare
1563 2415 1600 2447 in
1618 2411 1750 2446 iudicio
1769 2423 1843 2443 non
1861 2417 1911 2444 est
1929 2407 2149 2455 prohibitum

1371 2466 1595 2502 Christianis.

1548 2531 1577 2564 F
1586 2542 1603 2563 e
1612 2529 1675 2562 ris
1686 2541 1706 2562 o
1717 2540 1751 2561 n.

1164 2597 1214 2630 Fe
1292 2594 1398 2628 Nulla
1415 2591 1586 2625 Habenus
1606 2595 1655 2622 est
1673 2588 1770 2627 alba,

1167 2649 1216 2681 ris
1290 2644 1459 2678 Hebenus
1475 2648 1525 2675 est
1539 2641 1676 2684 lignum
1693 2637 1891 2672 Guaiacum
1902 2661 1913 2677 ,

1169 2711 1215 2732 on
1291 2694 1386 2739 Ergo
1402 2693 1539 2737 lignum
1557 2690 1755 2725 Guaiacum
1770 2700 1844 2722 non
1862 2694 1912 2722 est
1927 2687 2059 2722 album.

1628 2741 1677 2775 39
