2379 2948
138 115 216 163 ⁷61⁷
759 116 802 151 v,

398 201 497 242 Quid
518 207 575 237 est
602 201 880 249 Enthymema?

245 265 483 313 Enthymema
496 275 546 302 est
560 269 784 313 imperfectus
800 268 1037 314 syllogismus,
1053 269 1135 313 quia
1159 300 1161 308 ⁴

144 320 183 353 fit
199 319 341 353 recitata
357 331 428 352 una
443 319 639 365 syllogismi
664 319 929 364 propositione,
957 325 991 352 et
1014 320 1133 354 addita

143 370 381 404 conclusione.
437 369 626 404 Omittitur
645 377 761 404 autem
790 370 898 403 altera
924 371 1133 413 propositio,

142 422 198 454 vel
225 421 407 455 brevitatis
432 432 554 461 causa,
583 422 664 466 quia
688 433 767 454 cum
789 428 873 455 nota
896 421 957 462 sit,
991 422 1132 455 videtur
1155 455 1157 457 ,

142 473 300 506 recitatio
317 473 451 515 ingrata
478 482 551 504 esse
563 499 572 512 ,
600 473 655 505 vel
667 472 749 517 qnia
766 484 839 505 non
855 473 938 505 satis
955 472 1053 505 firma
1070 481 1129 507 est.

141 522 240 557 Alias
257 531 371 557 autem
389 522 518 560 maior,
546 523 632 556 alias
647 524 767 557 minor
784 523 1020 563 desideratur,
1047 531 1103 557 ut:

292 573 438 608 Clodius
457 573 556 617 prior
573 574 743 618 impetum
761 574 843 607 fecit
860 575 897 606 in
915 573 1103 617 Milonem,

290 624 372 658 Fuit
389 623 499 666 igitur
516 624 606 658 iusta
627 625 778 658 Milonis
798 626 967 659 defensio.

239 683 307 717 Hic
323 684 418 716 deest
435 683 564 716 maior:

292 741 459 776 Defensio
484 743 574 777 iusta
592 750 642 777 est
660 744 827 779 adversus
845 757 923 778 eum
937 772 946 786 ,
974 746 1034 790 qui
1052 758 1125 778 non
1151 757 1153 765 ¹

341 793 521 827 lacessitus
539 795 611 828 vim
629 795 796 828 iniustam
817 796 936 831 infert.

235 851 383 886 Discant
400 853 558 887 iuniores
576 862 608 888 et
633 855 804 888 vocabula
831 856 969 888 usitata.
1022 855 1126 888 Prior

133 914 213 948 pars
231 903 268 935 in
287 902 548 949 enthymemate
574 913 721 939 vocatur
737 906 978 947 Antecedens,
1006 914 1123 950 poste—

132 955 206 987 rior
225 953 461 1000 Consequens.
497 955 543 990 Et
561 969 641 990 cum
661 956 891 1002 Consequens
908 970 981 990 non
997 965 1045 991 est
1065 970 1125 990 ve-

132 1017 228 1045 rum,
256 1018 397 1039 necesse
420 1014 469 1040 est
496 1008 623 1040 vitium
643 1015 703 1041 aut
730 1009 766 1040 in
784 1009 1026 1053 Antecedente
1042 1020 1124 1049 esse,

129 1063 190 1090 aut
211 1056 249 1089 in
273 1069 310 1090 ea
338 1065 452 1100 parte,
481 1071 569 1103 quae
593 1059 833 1100 desideratur,
861 1071 950 1104 quae
976 1066 1025 1092 est
1044 1060 1123 1092 vin-

129 1108 249 1141 culum
275 1109 518 1144 connexionis.

128 1170 209 1202 pars
227 1160 389 1202 neganda
407 1160 462 1194 sit.

228 1217 297 1251 Hic
312 1220 521 1253 antecedens
539 1221 741 1263 negandum
761 1227 826 1254 est:

282 1277 413 1312 Poetae
431 1280 561 1313 docent
579 1280 741 1319 inutilia,

277 1327 391 1371 Igitur
408 1329 509 1363 Plato
528 1331 617 1363 iuste
636 1330 735 1363 eiecit
757 1343 815 1364 eos
835 1343 873 1364 ex
893 1331 1044 1365 civitate.

226 1386 345 1420 Facile
361 1388 513 1432 intelligi
531 1395 665 1433 potest,
693 1389 828 1422 nullam
845 1401 917 1422 esse
933 1391 1119 1423 confirma-

125 1438 258 1472 tionem
277 1441 543 1484 consequentis,
571 1441 633 1473 ubi
659 1441 869 1473 antecedens
893 1441 1021 1474 salsum
1047 1454 1119 1474 esse

125 1486 417 1533 deprehenditur.
478 1490 547 1525 Sed
585 1491 771 1525 obscurior
807 1498 858 1525 est
894 1492 1116 1533 diiudicatio,

125 1552 204 1573 cum
222 1542 432 1574 antecedens
448 1555 572 1575 verum
599 1549 668 1581 est,
697 1549 730 1575 et
756 1550 875 1576 tamen
898 1555 1118 1589 consequens

122 1591 250 1625 falsum
270 1598 340 1631 est,
368 1599 408 1626 ut
423 1592 460 1624 in
481 1591 546 1627 hoc
565 1594 743 1637 exemplo:

277 1648 370 1684 Abel
390 1658 439 1684 est
459 1651 590 1692 iustus,
617 1659 649 1685 et
668 1653 746 1685 Deo
768 1652 899 1696 placet,

276 1700 390 1745 Igitur
411 1714 483 1735 non
503 1703 746 1737 interficietur.

225 1760 373 1795 Constat
405 1762 617 1794 antecedens
651 1774 774 1794 verum
808 1773 901 1804 esse,
938 1768 970 1795 et
993 1774 1116 1796 conse-

122 1823 234 1857 quens
262 1813 401 1847 falsum.
456 1811 557 1847 Latet
584 1813 693 1856 igitur
722 1824 822 1846 causa
851 1813 980 1845 erroris
1008 1813 1046 1845 in
1073 1826 1111 1847 ea

121 1870 219 1907 parte
236 1875 325 1908 quae
343 1863 583 1904 desideratur,
611 1864 775 1897 videlicet
793 1864 829 1896 in
849 1861 931 1904 hac,
959 1863 1040 1908 quia
1058 1865 1114 1897 iu-

121 1921 212 1948 stum
229 1921 280 1948 est
295 1921 334 1948 ut
349 1915 439 1948 bene
455 1914 500 1948 sit
517 1915 630 1949 iustis.
684 1914 780 1948 Haec
805 1915 979 1948 sententia
1008 1925 1113 1957 gene-

121 1965 205 1998 ralis
231 1966 336 2008 longa
367 1966 661 2009 interpretatione
692 1966 840 2009 indiget.
892 1965 999 1998 Iustis
1022 1967 1112 2000 bene

121 2015 208 2056 erit,
233 2018 375 2049 tandem
402 2017 440 2049 in
466 2024 605 2051 aeterna
632 2017 890 2050 consuetudine
916 2016 995 2051 Dei.
1050 2016 1111 2050 In-

122 2073 216 2100 terea
234 2079 296 2100 cur
305 2066 400 2101 Deus
417 2067 708 2102 velitEcclesiam
727 2068 919 2102 subiectam
939 2080 1012 2101 esse
1031 2081 1111 2101 cru-

120 2117 169 2155 ci,
197 2118 327 2151 multae
342 2131 465 2152 causae
479 2126 578 2159 sunt,
606 2131 715 2165 quare
736 2131 955 2164 consequens
980 2120 1016 2152 in
1043 2117 1110 2153 hoc

120 2165 379 2212 enthymemate
397 2170 532 2203 nullam
550 2168 655 2204 habet
672 2171 990 2206 confirmationem.
1019 2170 1108 2204 Nam

121 2219 185 2253 etsi
211 2219 310 2252 iustis
335 2220 424 2253 bene
446 2221 529 2261 erit,
563 2230 681 2255 tamen
705 2222 874 2266 possibile
899 2228 970 2263 est,
998 2222 1109 2255 iustos

119 2270 258 2315 aliquos
283 2270 451 2312 interfici,
479 2273 608 2316 quibus
633 2279 754 2318 postea
782 2273 936 2316 praemia
954 2274 1108 2306 redden-

117 2328 188 2355 tur.
241 2319 289 2354 Et
312 2318 439 2354 horum
465 2321 627 2358 interitus
652 2324 895 2358 testimonium
924 2331 976 2358 est
1008 2336 1108 2358 secu-

118 2372 191 2406 turi
205 2371 341 2405 iudicii.

167 2474 353 2518 Quomodo
381 2472 519 2522 definit
543 2475 783 2522 enthymema
802 2476 1054 2513 Aristoteles?

217 2540 457 2588 Enthymema
490 2549 540 2576 est
565 2542 788 2588 syllogismus
813 2545 1039 2589 imperfectus
1064 2559 1104 2579 ex

116 2593 270 2629 Icotibus
286 2601 319 2628 et
331 2593 454 2638 signis.
499 2592 558 2627 Sic
575 2593 668 2626 enim
685 2595 811 2628 usitate
828 2596 988 2632 recitant.
1023 2597 1103 2631 Ad-

114 2645 205 2679 didit
221 2652 338 2680 autem
355 2645 563 2679 Aristoteles
583 2642 674 2678 hanc
688 2642 1000 2691 fenthymematum
1028 2661 1103 2682 ma—

114 2696 258 2736 teriam,
285 2696 379 2731 Icota
395 2702 429 2730 et
446 2696 561 2740 signa,
587 2696 670 2742 quia
694 2693 759 2730 hac
782 2697 883 2731 brevi
906 2698 1019 2733 forma
1044 2711 1101 2733 ar-

856 114 1179 151 EROTEMATA
1206 113 1553 152 DIALECTICES.

581 1108 664 1142 Ideo
693 1111 901 1144 discendum
928 1117 996 1151 est,
1032 1122 1122 1155 quae
1146 1108 1147 1130 3

2102 123 2176 158 618

1161 203 1164 224 ¹
1187 201 1418 245 gumentandi
1438 202 1637 248 plerunque
1653 203 1805 246 utimur,
1833 216 1912 238 cum
1936 217 1954 239 a
1982 207 2090 250 signis
2116 221 2171 242 ar—

1159 238 1162 272 !
1185 257 1350 295 gumenta
1370 252 1549 295 ducimus,
1578 261 1631 288 ut:

1338 301 1518 343 Lucescit,

1335 350 1430 395 Ergo
1449 353 1510 387 Sol
1530 355 1655 391 oritur.

1285 400 1415 437 Ociosa
1434 406 1617 448 prolixitas
1637 415 1742 448 esset,
1769 409 1797 441 si
1820 410 1967 443 adderes
1987 411 2168 451 maiorem,

1156 462 1157 481 1
1180 467 1260 488 cum
1283 454 1418 499 alioqui
1435 457 1601 489 omnibus
1619 464 1701 491 nota
1720 459 1774 493 sit.
1820 460 1888 493 Sed
1907 473 2008 506 saepe
2025 469 2168 506 propter

1154 534 1155 546 2
1179 506 1420 540 infirmitatem
1437 507 1647 541 occultatur.

1399 594 1585 628 Discerne
1613 596 1716 628 loom
1746 599 1785 628 et
1811 597 1942 643 Signa.

1280 658 1375 694 Utile
1405 667 1455 694 est
1475 661 1608 706 ubique
1634 662 1822 695 observare
1851 663 2040 696 discrimen
2073 665 2164 698 inter

1177 712 1371 744 necessaria
1399 718 1431 745 et
1453 712 1670 747 verisimilia.
1706 714 1759 746 Ita
1783 714 1937 757 duplicia
1956 722 2039 748 suut
2055 715 2163 758 signa,

1151 771 1153 781 *
1176 763 1349 806 quaedam
1377 769 1461 796 sunt
1486 763 1712 804 verisimilia,
1756 777 1844 809 quae
1872 765 2090 810 plaerunque
2116 766 2163 798 si-

1175 813 1362 855 gnificant,
1388 814 1447 846 sed
1467 826 1539 847 non
1559 826 1714 858 semper,
1743 822 1796 848 ut:

1328 863 1395 897 Hic
1414 865 1553 898 iuvenis
1573 872 1622 899 est
1640 866 1813 909 pallidus,

1328 914 1440 957 igitur
1456 916 1593 949 laborat
1610 917 1795 952 cruditate.

1274 963 1352 999 Etsi
1369 966 1461 998 enim
1482 967 1699 1012 plaerunque
1716 969 1831 1012 pallor
1849 968 2020 1012 significat
2044 970 2163 1002 crudi-

1173 1023 1301 1057 tatem,
1329 1024 1447 1050 tamen
1471 1025 1503 1051 et
1528 1018 1616 1051 aliae
1641 1026 1787 1062 possunt
1812 1032 1884 1053 esse
1911 1020 2056 1065 palloris
2079 1032 2162 1054 cau—

1146 1091 1148 1105 4
1171 1079 1238 1100 sae.
1291 1066 1337 1101 Et
1355 1066 1421 1100 hoc
1439 1070 1544 1102 modo
1562 1070 1672 1102 multa
1698 1071 1784 1103 falsa
1810 1071 2070 1105 ratiocinantur
2095 1069 2161 1105 ho-

1170 1119 1282 1151 miues
1313 1131 1352 1151 ex
1380 1119 1563 1153 effectibus
1599 1121 1822 1165 impropriis,
1857 1129 1918 1156 aut
1947 1123 2059 1156 causis
2086 1134 2159 1156 non

1169 1169 1437 1202 sufficientibus.

1299 1220 1382 1252 Vidi
1395 1220 1654 1265 colloquentem
1671 1219 1767 1256 hunc
1782 1235 1860 1257 curn
1879 1236 1957 1258 meo
1976 1225 2134 1264 inimico,

1297 1269 1393 1314 Ergo
1412 1269 1550 1304 etmihi
1569 1272 1734 1306 inimicus
1753 1282 1812 1307 est.

1297 1320 1466 1366 Erumpit
1481 1334 1570 1366 aqua
1588 1335 1628 1355 ex
1647 1330 1737 1357 terra
1756 1332 1835 1368 post
1853 1333 2115 1365 terraemotum,

1298 1371 1393 1416 Ergo
1411 1384 1521 1418 aquae
1537 1380 1618 1407 sunt
1633 1386 1754 1407 causae
1773 1382 2015 1411 terraemotUS.

1142 1420 1145 1437 '
1270 1422 1365 1456 Haec
1383 1424 1507 1456 vitiosa
1524 1433 1728 1466 argumenta
1744 1433 1827 1460 sunt
1850 1427 2008 1460 fallaciae
2033 1439 2157 1461 conse-

1142 1476 1143 1485 *
1167 1475 1327 1520 quentis,
1362 1482 1400 1508 ut
1424 1487 1487 1507 suo
1514 1475 1591 1508 loco
1620 1476 1775 1517 dicetur,
1804 1485 1836 1512 et
1860 1479 2022 1513 sontibus
2053 1491 2156 1512 mon-

1167 1526 1302 1564 stratis,
1335 1526 1449 1558 facilis
1478 1532 1528 1559 est
1561 1527 1735 1561 refutatio.
1789 1528 1870 1563 Non
1902 1530 2020 1563 valent
2052 1541 2157 1573 argu-

1139 1488 1144 1668 )
1166 1584 1283 1610 menta
1304 1588 1344 1610 ex
1365 1577 1476 1610 causis
1499 1589 1573 1609 non
1598 1579 1855 1614 sufficientibus
1881 1582 2004 1623 ducta,
2030 1588 2090 1614 aut
2115 1593 2155 1614 ex

1165 1628 1348 1662 effectibus
1370 1627 1586 1672 impropriis.

1135 1669 1142 1989 1
1266 1677 1348 1712 Alia
1365 1686 1448 1712 sunt
1472 1679 1664 1712 necessaria
1685 1681 1802 1724 signa,
1830 1682 1993 1715 videlicet
2011 1682 2155 1716 effectus

1165 1730 1322 1774 proprii,
1350 1737 1410 1763 aut
1434 1741 1557 1763 causae
1583 1731 1814 1773 sufficientes,
1838 1740 1897 1766 aut
1922 1734 2154 1777 proprietates

1163 1781 1351 1814 adiunctae
1377 1782 1489 1814 causis
1515 1781 1570 1813 vel
1598 1781 1799 1824 effectibus,
1830 1791 1869 1817 ut
1891 1784 1983 1816 infra
2007 1784 2045 1816 in
2068 1785 2153 1817 locis

1163 1832 1343 1875 copiosius
1373 1832 1562 1864 dicendum
1586 1838 1646 1865 est.
1706 1833 1795 1867 Nam
1823 1832 1881 1867 hic
1905 1841 2043 1869 tantum
2072 1835 2152 1868 ideo

1163 1883 1355 1916 discrimen
1381 1879 1448 1915 hoc
1474 1882 1602 1923 recito,
1637 1890 1675 1916 ut
1699 1885 1954 1928 appellationes
1985 1898 2153 1919 enarren-

1162 1941 1239 1972 tur,
1268 1934 1352 1978 quid
1381 1929 1502 1967 εἰκότα
1527 1933 1726 1980 plerunque
1752 1937 1958 1976 nominent,
1996 1937 2081 1982 quid
2105 1938 2151 1970 si-

1296 1984 1539 2017 Necessarium
1561 1991 1628 2018 est:

1314 2035 1494 2073 Lucescit,

1314 2084 1408 2129 Ergo
1426 2086 1488 2120 Sol
1507 2086 1632 2121 oritur.

1262 2136 1356 2180 Quia
1390 2138 1564 2171 lucescere
1605 2145 1655 2172 est
1688 2138 1853 2183 proprius
1887 2140 2028 2174 effectus
2056 2140 2150 2175 Solis

1160 2189 1318 2223 orientis.
1353 2187 1407 2222 Ex
1425 2190 1555 2222 talibus
1572 2189 1660 2223 fiunt
1675 2189 1773 2223 firma
1789 2198 2040 2233 argumentata.
2074 2192 2150 2226 No-

1159 2241 1297 2273 minant
1321 2247 1439 2273 autem
1470 2237 1613 2283 εἰκότα,
1650 2242 1748 2286 quasi
1782 2242 1876 2274 dicas
1907 2243 2149 2285 congruentia,

1158 2303 1247 2337 quae
1280 2291 1478 2336 plerunque
1513 2292 1728 2334 significant,
1763 2292 1806 2325 ab
1828 2292 1961 2333 εἴκοτε,
1997 2294 2150 2335 videtur,

1157 2349 1435 2376 consentaneum
1462 2349 1528 2382 est,
1569 2343 1742 2385 congruit.
1802 2342 1889 2375 Inde
1920 2345 2148 2390 participium

1157 2401 1207 2427 est
1223 2389 1327 2432 εἰκός.
1382 2392 1627 2436 Quintilianus
1647 2393 1808 2427 nominat
1826 2394 1957 2430 εἰκαῖα.

1282 2443 1418 2479 Crebro
1443 2451 1475 2477 et
1500 2443 1722 2477 familiariter
1745 2456 1822 2477 cum
1841 2445 1957 2488 puella
1976 2446 2147 2492 loquitur,

1279 2493 1375 2539 Ergo
1396 2502 1488 2528 amat
1505 2507 1590 2528 eam.

1255 2546 1308 2581 De
1326 2545 1392 2579 hoc
1411 2557 1536 2588 genere
1554 2545 1838 2580 coniecturarum
1858 2546 1962 2581 etiam
1980 2549 2072 2592 apud
2087 2547 2146 2582 lu-

1153 2597 1384 2631 risconsultos
1400 2597 1591 2630 traduntur
1606 2596 1757 2639 regulae.
1812 2596 1896 2632 Ideo
1921 2611 2040 2632 earum
2065 2600 2147 2633 fon-

1155 2655 1205 2681 tes
1223 2648 1412 2691 diligenter
1431 2647 1683 2682 considerandi
1697 2655 1799 2690 sunt,
1827 2656 1868 2683 ut
1891 2658 2063 2695 quantum
2085 2663 2146 2684 va-

1151 2699 1246 2733 leant
1271 2698 1423 2732 iudicari
1448 2698 1568 2742 possit.
1627 2698 1718 2733 Nam
1743 2700 1810 2735 alia
1843 2700 1943 2745 sigan
1960 2701 2038 2734 aliis
2062 2713 2146 2746 pro-

1135 1993 1137 2006 ·
1161 1996 1241 2028 gua.
