2379 2948
242 116 336 153 1343

344 200 401 235 Ad
419 198 579 244 primam.
622 190 873 236 Requiruntur
889 198 1014 232 opera,
1037 198 1125 231 quae
1136 184 1232 218 Deus
1257 192 1259 213 ῑ

243 254 345 288 nobis
362 248 548 296 praecipit,
577 256 648 278 non
668 242 901 287 requiruntur
917 238 1032 272 cultus
1049 235 1232 279 excogitati
1258 262 1260 289 ,ι

243 305 398 339 bumana
416 298 614 334 autoritate.
656 293 735 327 Hoc
751 293 794 325 de
811 290 979 335 operibus
1002 288 1140 322 moneri
1158 287 1235 331 pios
1258 290 1260 307 ⁴

245 366 382 390 necesse
399 358 466 388 est,
495 360 540 381 ne
562 347 628 391 ipsi
646 344 712 378 sibi
728 344 864 385 fingant
881 341 1013 382 cultus,
1040 340 1129 372 sicut
1151 350 1235 382 pro-

244 408 350 440 clives
375 408 457 436 sunt
483 397 631 433 humani
654 395 764 429 animi
789 395 831 426 ad
856 404 960 437 opera
987 392 1094 425 electa
1112 396 1235 422 nostro

245 456 396 498 iudicio,
425 459 458 486 et
475 443 798 495 ἕθελοθρησκείας.
843 443 917 477 Imo
934 444 1047 476 sciant
1063 441 1111 486 pii
1130 441 1237 473 etiam

244 510 280 541 iu
304 505 492 551 operibus,
525 498 775 535 conscientiam
804 496 993 539 regendam
1028 504 1100 525 esse
1128 491 1236 524 verbo

244 559 324 591 Dei.
378 554 455 589 Etsi
473 553 566 586 enim
583 550 737 584 mundus
754 560 827 581 non
851 545 1036 588 intelligit,
1064 549 1236 588 quantum

246 614 426 654 peccatum
441 606 504 645 sit,
531 600 752 636 comminisci
771 610 882 632 novos
899 598 1032 635 cultus,
1050 602 1168 628 tamen
1189 592 1239 637 pii

246 661 357 693 sciant
375 669 447 690 nou
467 657 542 689 leve
561 659 714 687 erratum
741 662 832 691 esse,
867 649 926 681 sed
953 645 1137 680 idolatriae
1161 655 1239 688 spe-

246 711 345 745 ciem.
400 707 548 751 Semper
580 705 687 748 igitur
717 701 868 735 tenenda
905 705 955 732 est
983 698 1020 730 in
1047 702 1237 740 conspectu

247 760 332 795 haec
351 772 435 793 vox:
464 757 609 791 Frustra
629 754 752 788 colunt
775 763 829 784 me
845 749 1019 783 mandatis
1040 745 1240 781 hominum.

349 827 535 862 Caeterum
571 834 706 857 summa
737 821 914 853 bonorum
947 828 1114 861 operum,
1154 826 1241 859 quae

247 882 342 913 Deus
360 878 465 911 nobis
482 874 670 921 praecipit,
697 871 901 905 continetur
918 868 954 900 in
973 867 1138 909 decalogo
1157 867 1242 898 dex-

249 939 300 965 tre
317 929 508 967 intellecto,
536 926 625 959 sicut
643 936 721 956 eum
733 919 896 956 Christus
913 926 945 952 et
955 918 1119 963 Apostoli
1137 928 1241 950 euar-

250 987 342 1017 rant.
396 979 484 1012 lnde
501 977 676 1010 discamus
694 985 766 1006 non
788 972 903 1005 solum
930 977 1070 1003 externa
1096 966 1243 1001 honesta

250 1043 357 1077 opera
380 1029 533 1075 requiri,
568 1028 625 1060 sed
655 1024 842 1058 interiores
870 1022 984 1055 bonos
1015 1026 1132 1052 motus
1159 1030 1244 1052 con-

252 1085 444 1117 sentientes
473 1080 542 1123 legi
566 1077 651 1118 Dei,
687 1075 819 1108 scilicet
846 1073 1009 1106 timorem
1035 1070 1118 1110 Dei,
1153 1070 1244 1102 fidu-

250 1136 362 1173 ciam,
389 1130 672 1168 invocationem,
699 1124 925 1171 patieutiam,
962 1122 1075 1156 zelum
1100 1122 1142 1154 ad
1169 1121 1245 1163 glo-

252 1184 463 1219 rificandum
483 1188 516 1215 et
539 1179 741 1213 ornandum
759 1187 892 1209 nomen
909 1173 994 1215 Dei,
1024 1172 1244 1215 diligentiam

252 1238 289 1269 in
310 1235 464 1268 vitandis
484 1230 681 1270 scandalis,
709 1226 951 1261 obedientiam
979 1235 1059 1267 erga
1085 1222 1246 1266 superio-

253 1299 324 1326 res,
354 1285 582 1318 dilectionem
610 1279 782 1325 proximi,
810 1277 1022 1314 castitatem,
1052 1274 1247 1308 veritatem.

252 1339 293 1372 ln
309 1336 364 1371 his
381 1336 536 1369 motibus
551 1333 654 1366 debet
672 1341 824 1364 crescere
842 1328 877 1360 in
898 1327 1000 1360 nobis
1020 1325 1159 1359 novitas
1177 1324 1248 1368 spi-

252 1388 406 1427 ritualis,
440 1387 529 1420 sicut
543 1383 676 1417 Paulus
700 1380 818 1425 inquit
842 1382 877 1413 2.
897 1377 977 1413 Cor.
994 1377 1045 1412 5.:
1074 1375 1249 1420 Superin-

253 1442 424 1478 duemur,
452 1437 479 1469 si
499 1443 616 1469 tamen
632 1444 707 1466 non
725 1431 813 1464 nudi
832 1429 1062 1473 reperiemur.

355 1496 409 1531 De
427 1494 579 1529 secunda
604 1491 830 1538 quaestione,
859 1500 933 1520 non
955 1487 1069 1520 solum
1094 1485 1189 1519 docti
1212 1485 1249 1517 in

255 1549 356 1583 libris
373 1548 576 1591 disputant,
604 1543 663 1576 sed
682 1541 794 1574 multo
815 1536 1060 1572 vehementior
1086 1543 1137 1570 est
1159 1548 1250 1579 agon

254 1604 291 1634 iu
307 1596 554 1635 conscientiiS,
581 1606 660 1627 cum
679 1591 835 1635 cogitant
854 1602 888 1622 se
916 1601 991 1621 non
1009 1588 1145 1631 placere.
1164 1586 1251 1627 Deo,

255 1664 333 1685 cum
365 1647 480 1684 adhuc
510 1645 654 1680 haereat
678 1643 714 1676 in
747 1641 851 1675 nobis
878 1639 1123 1672 immundities
1147 1644 1251 1671 natu-

255 1704 348 1736 ralis.

360 1761 411 1794 Ac
427 1758 486 1792 alii
506 1755 572 1790 hac
582 1753 807 1788 dubitatione
825 1750 1074 1795 impelluntur,
1092 1754 1131 1781 ut
1148 1759 1251 1792 pror-

256 1826 313 1848 sus
338 1813 424 1844 fiant
451 1806 629 1853 Epicurei.
690 1803 783 1846 Quia
811 1801 906 1835 enim
932 1802 1119 1844 desperant
1144 1799 1252 1831 vitam

257 1876 357 1909 posse
382 1861 457 1895 Deo
481 1859 640 1904 placere,
676 1855 845 1888 desinunt
872 1853 1057 1892 invocare,
1091 1857 1123 1883 et
1149 1861 1252 1893 expe-

258 1924 349 1950 ctare
374 1912 563 1958 quicquam
584 1920 602 1941 a
620 1906 708 1947 Deo,
735 1905 889 1949 denique
914 1903 1073 1935 induunt
1092 1907 1251 1934 contem—

257 1976 332 2001 tum
353 1964 433 1996 Dei.

363 2022 437 2056 Alii
462 2023 650 2054 frementes
675 2017 727 2050 ira
755 2022 787 2048 et
812 2013 1059 2057 indignatione
1086 2012 1253 2044 adversus

258 2076 393 2114 Deum,
427 2084 532 2118 quam
559 2069 673 2103 adfert
698 2065 918 2110 desperatio,
955 2064 1059 2097 etiam
1093 2069 1253 2106 pereunt.

258 2127 342 2160 Ideo
361 2135 500 2158 necesse
519 2128 571 2155 est
597 2117 831 2153 conscientias
858 2115 993 2149 erudiri
1019 2115 1061 2147 de
1088 2111 1154 2146 hoc
1179 2125 1254 2146 cer-

259 2178 410 2217 tamine,
445 2187 488 2207 ne
518 2174 555 2206 in
579 2169 644 2205 hac
670 2169 777 2213 impia
799 2166 994 2200 diffidentia
1016 2166 1154 2203 vivant,
1191 2176 1254 2197 ne-

258 2242 299 2262 ve
327 2228 433 2262 etiam
458 2222 659 2267 arrogantia
685 2228 718 2254 et
741 2219 868 2252 fiducia
902 2217 1065 2262 propriae
1097 2216 1255 2249 iusticiae

260 2281 509 2313 intumescant.

362 2338 523 2371 Primum
557 2346 639 2377 ergo
672 2333 782 2366 sciant
821 2329 889 2374 pii,
932 2326 1254 2370 concupiscentiam

262 2403 321 2425 sua
340 2396 464 2422 natura
485 2393 664 2431 peccatum
682 2395 773 2423 esse,
800 2393 888 2426 quae
906 2379 1049 2425 quidem
1074 2384 1193 2410 manet
1219 2377 1256 2409 in

263 2441 409 2480 sanctis,
436 2447 468 2472 et
486 2438 598 2481 gignit
614 2436 765 2479 impetus
782 2433 950 2466 adversus
970 2429 1088 2463 omnia
1115 2440 1251 2472 praece-

265 2499 320 2534 pta
340 2491 423 2531 Dei,
452 2489 615 2522 videlicet
640 2485 862 2519 securitatem
888 2483 1057 2516 adversus
1083 2479 1254 2513 iudicium

264 2542 347 2584 Dei,
377 2553 543 2585 quaerere
567 2537 721 2572 humana
750 2534 924 2580 praesidia
952 2538 1074 2566 contra
1090 2530 1255 2563 volunta-

263 2600 332 2627 tem
343 2591 422 2631 Dei,
449 2592 607 2624 diffidere
627 2588 701 2622 Deo
714 2613 722 2625 ,
748 2599 821 2620 uon
839 2590 1019 2629 expectare
1037 2580 1140 2615 aDeo
1156 2581 1256 2614 auxi-

263 2644 368 2683 lium,
383 2643 482 2680 odia,
499 2642 657 2674 flammas
672 2638 883 2674 libidinum,
903 2643 935 2669 et
952 2635 1020 2668 alia
1039 2633 1136 2668 vitia.
1181 2631 1255 2665 lam

264 2707 341 2728 cum
358 2693 401 2727 sit
421 2698 596 2737 peccatum
617 2691 654 2723 in
673 2690 818 2729 sanctis,
847 2687 1019 2732 polluitur
1043 2691 1076 2718 et
1097 2684 1255 2717 retarda—
1277 2697 1281 2726 2

839 100 961 136 PHIL.
990 97 1105 136 MEL.
1134 97 1345 135 SCRIPTA
1373 97 1673 134 EXEGETICA.

2176 100 2273 135 1344

1284 194 1341 219 tur
1367 197 1458 218 nova
1485 184 1706 223 obedientia,
1743 196 1831 229 quae
1858 192 1974 218 tamen
2001 184 2115 219 adhuc
2138 193 2275 220 tantum

1284 238 1420 270 incoata
1441 243 1508 274 est,
1538 249 1577 269 ac
1594 236 1661 278 legi
1680 248 1903 281 nequaquam
1921 236 2100 272 satisfacit.

1386 295 1545 329 Primum
1565 296 1672 339 igitur
1691 307 1879 339 agnoscere
1897 296 2069 329 debemus
2097 294 2188 329 hanc
2212 309 2278 330 no-

1285 359 1363 380 vam
1391 347 1647 388 obedientiam,
1681 359 1754 379 non
1779 353 1923 390 propter
1948 359 2044 380 suam
2070 347 2276 390 dignitatem

1287 400 1423 442 placere
1441 397 1535 438 Deo,
1564 410 1627 431 nec
1643 410 1715 431 esse
1734 398 1889 441 precium
1918 410 1976 431 seu
2002 398 2168 430 meritum
2188 398 2279 431 vitae

1289 457 1469 489 aeternae,
1498 461 1561 482 nec
1586 456 1723 482 sanctos
1748 460 1821 482 esse
1847 449 1976 490 iustos,
2006 456 2038 483 et
2053 455 2212 492 acceptos
2235 449 2279 482 ad

1262 523 1264 526 ψ
1287 501 1396 533 vitam
1416 507 1592 534 aeternam
1613 507 1757 544 propter
1775 497 1866 533 hanc
1887 499 2138 546 obedientiam.
2181 498 2281 542 Qua-

1287 564 1323 585 re
1340 551 1458 596 inquit
1478 548 1673 595 Propheta:
1701 551 1782 584 Non
1809 551 1917 585 intres
1940 552 1976 584 in
2002 550 2174 584 iudicium
2199 561 2279 583 cum

1289 615 1391 636 servo
1417 609 1497 642 tuo,
1534 602 1615 647 quia
1644 614 1716 636 non
1750 602 1996 636 iustificabitur
2026 602 2063 634 in
2092 608 2281 646 conspectu

1290 661 1351 688 tuo
1374 654 1490 687 omnis
1508 653 1641 688 vivens.
1696 652 1792 686 Haec
1812 654 1971 688 doctrina
1997 650 2152 686 detrahit
2176 652 2282 686 nobis

1288 705 1526 747 arrogantiam
1543 711 1575 737 et
1592 704 1755 738 fiduciam
1774 711 1915 738 nostrae
1936 704 2115 744 iusticiae,
2141 710 2174 737 et
2195 701 2283 737 hor-

1290 763 1384 790 tatur
1402 768 1466 789 nos
1485 756 1525 788 ad
1547 762 1750 799 perpetuam
1769 756 2036 799 poenitentiam,
2065 755 2281 798 agnitionem

1290 814 1431 840 nostrae
1461 806 1693 844 infirmitatis,
1719 813 1752 839 et
1784 806 1856 839 irae
1878 806 1944 840 Dei
1969 807 2136 839 adversus
2160 816 2282 850 pecca-

1291 870 1378 893 tum.

1396 913 1472 948 Etsi
1494 922 1609 948 autem
1630 912 1793 948 homines
1814 922 2003 949 extenuant
2020 914 2111 948 hanc
2135 915 2286 948 infirmi-

1292 973 1397 1001 tatem
1431 972 1597 1007 naturae,
1631 968 1712 1011 quia
1751 967 1841 1000 ratio
1878 965 2032 999 humana
2069 978 2142 999 non
2177 966 2285 1005 videt,

1294 1024 1466 1064 quantum
1493 1018 1536 1050 sit
1562 1024 1761 1062 peccatum,
1789 1029 1854 1050 nec
1876 1017 1972 1051 videt
1997 1018 2085 1050 iram
2112 1016 2196 1051 Dei:
2233 1024 2287 1051 ta-

1294 1082 1374 1103 men
1400 1069 1447 1113 pii
1466 1069 1577 1102 sciant
1595 1067 1672 1102 Deo
1691 1069 1878 1113 displicere
1906 1069 2003 1102 illam
2029 1069 2205 1102 carnalem
2232 1080 2287 1102 se-

1294 1121 1478 1154 curitatem
1503 1127 1535 1153 et
1562 1117 1786 1165 hypocrisin,
1822 1133 1860 1153 ac
1886 1118 2000 1153 Deum
2025 1120 2222 1164 postulare,
2247 1127 2286 1153 ut

1295 1182 1525 1215 agnoscamus
1543 1171 1804 1211 infirmitatem,
1832 1178 1863 1204 et
1892 1183 2162 1214 expavescamus
2185 1183 2224 1204 ac
2241 1171 2287 1204 ti-

1296 1234 1452 1256 meamus
1469 1222 1556 1254 iram
1573 1229 1605 1255 et
1625 1223 1795 1255 iudicium
1816 1221 1882 1256 Dei
1900 1224 2068 1256 adversus
2083 1229 2276 1267 peccatum.

1399 1288 1449 1321 lta
1475 1296 1614 1322 maneat
1645 1296 1679 1323 et
1703 1296 1833 1322 crescat
1859 1290 1895 1322 in
1931 1290 2034 1322 nobis
2059 1288 2286 1333 poenitentia,

1298 1341 1387 1373 sicut
1402 1341 1564 1383 deplorat
1581 1340 1713 1373 Paulus
1732 1352 1830 1373 suam
1847 1340 2089 1374 infirmitatem
2114 1352 2186 1373 non
2216 1340 2287 1373 levi

1298 1391 1459 1436 querela,
1487 1403 1565 1424 curn
1592 1392 1656 1424 ait:
1687 1390 1799 1424 Miser
1822 1403 1883 1434 ego
1908 1389 2035 1431 homo,
2062 1391 2140 1436 quis
2163 1403 2219 1424 me
2244 1391 2288 1423 li-

1298 1442 1434 1475 berabit
1460 1454 1477 1474 a
1504 1454 1650 1484 corpore
1676 1439 1782 1475 huius
1798 1442 1946 1475 mortis?
1996 1441 2063 1474 His
2081 1442 2197 1474 verbis
2214 1453 2289 1475 ma-

1298 1493 1356 1535 gni
1376 1493 1518 1525 affectus
1536 1501 1568 1526 et
1585 1493 1657 1525 veri
1684 1504 1829 1536 pavores
1857 1493 2116 1536 significantur,
2144 1493 2232 1526 sicut
2256 1500 2290 1527 et

1297 1541 1467 1577 Ezechias
1492 1544 1628 1587 inquit,
1664 1544 1700 1575 in
1733 1556 1815 1576 vera
1846 1544 2063 1587 poenitentia
2098 1554 2290 1586 agnoscens

1299 1606 1396 1627 suam
1424 1594 1662 1628 infirmitatem
1688 1601 1717 1626 et
1743 1595 1829 1627 iram
1853 1594 1935 1628 Dei:
1965 1594 2065 1628 Sicut
2081 1594 2135 1627 leo
2155 1595 2289 1628 contri-

1299 1645 1349 1678 vit
1367 1645 1485 1677 omnia
1504 1657 1579 1678 ossa
1597 1658 1683 1678 mea.
1734 1644 1781 1679 Et
1796 1644 1941 1678 Daniel:
1970 1645 2049 1678 Non
2066 1646 2102 1677 iu
2124 1645 2291 1679 iustifica-

1300 1696 1459 1730 tionibus
1473 1696 1604 1729 uostris
1623 1697 1839 1737 invocanteS‚
1868 1697 1927 1730 sed
1947 1697 1982 1728 in
2003 1696 2292 1730 miserationibus

1300 1748 1368 1781 tuis
1394 1747 1526 1781 multis.
1582 1746 1685 1780 Item:
1715 1746 1800 1779 Tibi
1824 1746 1976 1780 Domine
2000 1748 2156 1789 iusticia,
2189 1748 2292 1781 nobis

1300 1805 1416 1831 autem
1437 1798 1597 1831 confusio
1618 1799 1731 1831 faciei.
1787 1798 1828 1832 Et
1847 1797 1987 1831 Psalmo
2006 1799 2081 1833 31.:
2109 1798 2192 1832 Dixi
2208 1810 2293 1832 con-

1301 1850 1427 1882 fitebor
1452 1850 1638 1882 adversum
1667 1861 1722 1881 me
1749 1849 1963 1882 iniusticiam
1987 1862 2098 1882 meam
2124 1849 2293 1885 Domino.

1302 1900 1350 1933 Hi
1378 1900 1447 1933 loci
1472 1912 1595 1933 omnes
1620 1900 1880 1934 concionantur
1903 1901 2046 1944 proprie
2072 1901 2221 1941 sanctis,
2250 1913 2294 1934 ne

1302 1964 1400 1985 suam
1433 1951 1674 1984 infirmitatem
1714 1958 1922 1991 extenuent,
1957 1963 2001 1983 ne
2036 1952 2147 1984 securi
2172 1959 2293 1985 conte-

1302 2009 1426 2036 mnant
1450 2002 1620 2035 iudicium
1646 2001 1732 2042 Dei,
1759 2014 1802 2034 ne
1826 2003 2004 2035 confidant
2031 2003 2174 2046 propria
2193 2002 2294 2036 iusti-

1304 2054 1354 2087 cia
1373 2061 1432 2087 aut
1450 2053 1633 2096 sapientia.

1407 2119 1477 2153 Sed
1508 2120 1543 2152 in
1577 2120 1765 2163 pavoribus
1796 2120 1957 2153 addenda
1984 2126 2033 2153 est
2058 2120 2161 2153 etiam
2187 2121 2294 2155 altera

1306 2171 1467 2205 doctrina
1495 2172 1536 2204 de
1558 2172 1644 2209 fide,
1674 2183 1718 2203 ne
1741 2170 1990 2215 relinquantur
2007 2171 2240 2205 conscientiae
2258 2173 2295 2205 in

1305 2222 1547 2262 dubitatione,
1575 2234 1662 2254 neve
1686 2229 1791 2255 ruant
1807 2222 1842 2254 in
1860 2223 2151 2265 desperationem.
2204 2221 2294 2257 Cum

1306 2274 1403 2307 adest
1435 2272 1672 2316 poenitentia,
1708 2285 1846 2305 necesse
1877 2280 1927 2306 est
1954 2274 2057 2306 etiam
2083 2274 2296 2308 consolatio-

1306 2337 1386 2358 nem
1407 2331 1545 2364 tenere,
1572 2324 1755 2362 videlicet,
1784 2325 1879 2368 quod
1896 2336 2099 2370 quanquam
2116 2325 2160 2358 sit
2177 2325 2213 2357 in
2231 2337 2296 2359 no-

1305 2376 1359 2409 his
1376 2376 1436 2408 illa
1460 2374 1663 2414 infirmitas,
1694 2382 1811 2408 tamen
1835 2387 1915 2408 vere
1934 2376 2067 2420 placeat
2083 2373 2157 2409 Deo
2175 2387 2296 2419 perso-

1306 2440 1370 2467 na,
1398 2433 1542 2470 propter
1566 2426 1796 2459 mediatorem
1821 2433 1852 2459 et
1874 2427 2075 2470 pontificem
2101 2424 2296 2471 Christum,

1305 2486 1339 2512 et
1358 2482 1606 2511 condonentur
1623 2477 1726 2510 nobis
1744 2477 1915 2522 reliquiae
1932 2477 2081 2522 peccati,
2109 2489 2147 2510 ac
2164 2477 2298 2521 placeat

1305 2528 1380 2563 Deo
1405 2529 1543 2561 incoata
1568 2528 1791 2569 obedientia,
1820 2535 1963 2573 propter
1980 2526 2179 2565 Christum,
2208 2528 2295 2562 sicut

1306 2580 1436 2613 Paulus
1461 2579 1574 2623 iuquit
1595 2578 1699 2613 Rom.
1721 2579 1769 2612 8.;
1798 2578 1904 2612 Nulla
1927 2591 2022 2612 nunc
2044 2579 2225 2612 danmatio
2247 2587 2296 2613 est

1306 2629 1360 2664 liis
1388 2630 1448 2675 qui
1481 2631 1664 2663 ambulant
1696 2630 1731 2662 in
1758 2628 1900 2664 Christo
1929 2630 2016 2664 Iesu.
2080 2628 2181 2662 item:
2216 2629 2295 2663 Non

1308 2682 1388 2715 estis
1407 2681 1471 2714 sub
1488 2681 1572 2724 lego,
1588 2681 1646 2714 sed
1657 2682 1722 2714 snb
1733 2682 1854 2724 gratia.
1881 2678 2135 2715 EtPetrusait:
2160 2678 2297 2715 offerte
