2379 2948
100 67 176 102 517
692 64 759 102 111.

104 146 247 191 scriptio
273 152 411 180 tantum
437 144 504 180 hoc
532 152 672 187 monet,
699 159 773 180 non
797 157 934 190 semper
951 156 1097 189 respon-

104 199 187 231 dere
209 197 352 231 effectus
378 197 491 230 causis
514 209 578 242 per
600 197 771 230 accidens.
824 196 895 230 Sed
918 195 1004 240 quid
1027 196 1098 230 sint

105 247 202 292 ipsae
228 259 369 286 causae,
407 260 480 281 non
511 247 692 290 significat.
744 245 792 280 Et
816 246 957 279 difficile
985 252 1036 279 est
1059 246 1097 278 in

104 304 203 332 tanta
226 299 393 332 varietate
426 309 569 338 eorum,
602 308 692 341 quae
722 297 810 329 fiunt
837 308 900 340 per
926 297 1097 337 accidens,

104 361 211 382 unam
228 349 470 382 definitionem
490 347 715 388 constituere,
737 359 827 391 quae
843 347 1097 391 complectatur

104 406 236 433 tantam
271 400 487 432 varietatem.
548 397 619 431 Sed
649 403 767 430 tamen
795 395 880 431 haec
907 398 1095 442 descriptio

105 462 178 483 non
195 450 348 483 absurda
365 449 523 488 videtur,
552 459 658 492 quam
676 448 847 481 recitabo:

206 515 316 551 Causa
335 527 396 560 per
412 514 575 548 accidens
594 521 645 548 est
661 521 721 548 aut
737 515 906 559 quiddam
931 516 1095 548 accidens

104 567 207 600 alteri
232 578 294 610 per
317 577 352 598 se
375 565 509 608 agenti,
533 566 627 610 quod
647 566 783 599 etiamsi
809 566 864 598 via
889 573 939 599 est
962 567 1095 609 agenti,

103 624 220 650 tamen
249 617 391 649 effectus
415 616 562 649 aliunde
592 616 725 657 oritur,
761 623 794 649 et
819 617 916 661 sequi
942 624 1095 661 poterat,

103 667 239 700 etiamsi
273 664 358 700 haec
394 667 571 710 appendix
604 679 678 700 non
710 667 923 706 accessisset,
958 674 1018 701 ant
1045 675 1096 701 est

101 729 205 760 agens
229 715 362 750 habens
385 724 525 760 praeter
550 717 711 751 effectum
730 718 924 759 intentum,
952 729 1012 751 seu
1037 730 1095 751 or-

101 768 274 808 dinatum,
301 768 410 801 alium
431 774 596 801 eventum
616 769 853 802 comitantem.
898 768 1023 802 Neutri
1043 775 1095 802 ta—

100 830 181 852 men
198 818 330 861 generi,
359 819 556 852 necessario
574 819 791 863 respondent
809 819 961 852 essectus.

204 876 301 911 Haec
318 878 510 921 descriptio
527 884 708 923 utcunque
725 877 930 912 varietatem
950 879 1094 919 iudicat,

101 939 207 973 quarn
221 928 377 972 exempla
391 929 580 962 declarant.
614 927 667 961 De
685 929 799 972 primo
815 940 955 971 genere:
985 928 1095 962 Tem-

96 979 278 1023 perantiae
294 990 396 1012 causa
415 991 476 1022 per
502 979 664 1012 accidens
693 980 871 1013 interdum
900 980 1007 1013 febris
1033 987 1095 1018 est,

97 1041 187 1074 quae
211 1029 343 1062 dicitur
363 1041 465 1063 causa
491 1041 553 1074 per
577 1030 756 1070 accidens,
788 1031 869 1075 quia
894 1030 1003 1063 febris
1028 1031 1096 1064 fuit

97 1079 260 1113 accidens
276 1077 434 1113 hominis
460 1080 746 1124 intemperantis,
770 1080 807 1112 in
826 1081 924 1114 cuius
941 1081 1094 1114 curatio—

97 1141 160 1171 ne,
197 1142 277 1164 cum
309 1131 474 1164 voluntas
509 1143 544 1164 se
568 1132 609 1163 ad
645 1132 911 1175 temperantiam
942 1132 1095 1165 flecteret

99 1188 244 1225 propter
271 1181 490 1224 periculum,
527 1181 636 1214 febris
659 1188 840 1226 utcunque
860 1182 914 1214 via
938 1182 1004 1215 suit
1029 1195 1093 1215 no-

100 1242 162 1264 vae
179 1231 445 1266 moderationis,
499 1231 567 1265 Sed
588 1238 705 1266 tamen
723 1233 887 1265 voluntas
902 1233 970 1266 suit
992 1245 1094 1266 causa

97 1293 159 1325 per
180 1293 216 1314 se
243 1281 318 1314 eius
347 1282 620 1325 temperantiae,
654 1289 687 1316 et
718 1289 856 1325 poterat
885 1290 986 1316 antea
1018 1284 1093 1316 siue

95 1332 187 1365 febri
210 1332 351 1364 frenum
376 1331 632 1374 cupiditatibus
647 1332 802 1365 iniicere.

197 1389 256 1425 Sic
282 1389 520 1433 generationis
550 1387 726 1423 humanae
753 1401 854 1423 causa
882 1397 931 1424 est
956 1398 1092 1426 natura.

94 1441 164 1475 Sed
188 1453 267 1474 cum
291 1441 422 1474 viciosa
450 1440 735 1484 concupiscentia
762 1441 892 1474 dicitur
912 1453 1091 1484 generare,

95 1491 227 1526 dieitur
243 1492 286 1524 de
304 1491 500 1533 accidente,
529 1492 623 1536 quod
642 1492 683 1524 ad
706 1503 768 1535 per
786 1503 820 1524 se
838 1503 976 1525 causam
996 1504 1091 1526 acce-

96 1542 159 1576 dit.
213 1541 332 1575 Fieret
355 1549 472 1576 autem
496 1542 676 1585 generatio
701 1550 733 1576 et
754 1543 897 1588 quidem
921 1543 1091 1583 foelicior‚

93 1594 170 1626 sine
202 1589 271 1626 hoc
312 1592 503 1626 accidente.
565 1591 661 1626 Haec
703 1594 862 1637 exempla
899 1595 1091 1628 ostendunt

93 1654 234 1677 causam
260 1654 323 1688 per
345 1643 507 1677 accidens
536 1654 638 1688 saepe
660 1643 731 1677 dici
759 1645 920 1678 accidens
945 1645 1088 1690 aliquod

94 1694 243 1738 agentis.

196 1751 264 1786 Sed
289 1763 368 1785 cum
394 1752 437 1784 de
462 1751 670 1786 inventione
693 1750 850 1787 thesauri
871 1753 967 1794 dico,
1002 1754 1088 1798 quid

95 1803 239 1837 accessit
257 1803 301 1836 ad
319 1802 536 1837 voluntatem
560 1803 709 1844 fossuri,
736 1810 795 1837 aut
815 1805 858 1836 ad
881 1804 992 1847 ipsam
1018 1804 1090 1837 fos-

95 1853 257 1888 sionem?
308 1851 447 1886 Deinde
464 1865 543 1886 cum
563 1853 639 1886 sine
657 1854 810 1887 fossione
828 1866 901 1887 non
920 1861 1008 1888 esset
1031 1855 1088 1887 in-

92 1912 218 1939 ventus
240 1901 446 1944 thesaurus,
482 1915 545 1936 cur
566 1904 698 1937 dicitur
721 1905 884 1938 voluntas
907 1904 1088 1946 fodientis,

94 1962 155 1990 aut
170 1955 277 1988 fossio
298 1965 399 1987 causa
418 1965 482 1998 per
499 1954 685 1988 accidens?
738 1954 834 1988 Haec
851 1955 1008 1999 exempla
1028 1967 1087 1989 su-

93 2006 294 2050 perioribus
312 2003 497 2038 dissimilia
511 2011 604 2038 sunt.
657 2005 741 2040 Non
763 2006 857 2039 enim
875 2006 1009 2040 accedit
1027 2018 1084 2040 ac-

93 2057 214 2090 cidens
236 2056 333 2089 aliud
359 2056 403 2088 ad
427 2054 646 2089 voluntatem
668 2057 818 2098 fossuri,
854 2058 914 2090 sed
940 2063 1084 2090 eventus

94 2107 185 2140 alius
209 2113 346 2149 praeter
369 2106 566 2147 intentum,
591 2113 652 2140 aut
676 2107 881 2141 ordinatum
901 2119 1017 2141 comes
1034 2114 1084 2141 est

94 2157 223 2191 intenti
238 2156 390 2191 effectus.
441 2155 519 2190 Hoc
542 2158 649 2191 modo
669 2158 833 2193 voluntas
851 2159 998 2199 fossuri,
1023 2170 1084 2192 seu

92 2207 200 2242 fossio
227 2206 358 2240 dicitur
379 2218 480 2240 causa
499 2219 562 2251 per
590 2208 768 2242 accidens:
799 2209 943 2243 Vinitor
959 2209 1081 2243 fodere

91 2258 252 2298 volebat,
276 2263 316 2290 ut
331 2257 417 2290 vites
434 2257 619 2302 plantaret.
670 2258 777 2293 Hunc
796 2260 959 2294 effectum
981 2271 1082 2293 mens

90 2309 316 2346 intuebatur,
343 2318 457 2352 neque
474 2308 511 2341 in
535 2306 681 2343 homine
699 2311 842 2345 accessit
866 2311 964 2345 aliud
990 2311 1081 2344 acci-

91 2361 188 2394 dens.
222 2358 291 2393 Sed
311 2357 487 2399 effectum,
509 2359 553 2392 de
573 2372 643 2405 quo
660 2361 841 2405 cogitarat,
868 2362 959 2395 alius
974 2373 1080 2396 even-

91 2418 148 2445 tus
163 2409 349 2444 comitatus
366 2414 427 2443 est.

190 2467 308 2502 Huius
330 2467 438 2501 unius
467 2469 619 2512 exempli
648 2470 805 2505 recitatio
833 2483 998 2515 magnum
1021 2472 1078 2505 lu-

89 2532 171 2554 men
190 2527 240 2553 est
256 2518 536 2562 disputationum
555 2520 597 2551 de
613 2520 764 2556 fortuna.
800 2520 984 2566 Expositio
1001 2521 1077 2556 Ro-

89 2570 179 2605 muli
195 2576 227 2604 et
244 2568 350 2604 Remi
367 2569 434 2603 fuit
452 2579 553 2602 causa
572 2580 635 2612 per
650 2571 811 2605 accidens
827 2573 1076 2607 nutricationis

88 2622 197 2656 factae
222 2632 240 2655 a
266 2620 361 2664 lupa.

810 64 967 99 INITIA
993 62 1291 102 DOCTRINAE
1318 69 1574 108 PHYSICAE.

414 2618 483 2654 Hic
502 2619 642 2654 nullum
658 2620 817 2655 accidens
832 2624 873 2656 ad
892 2624 1076 2667 cogitatio·
1094 2651 1098 2655 .

2064 74 2137 110 318

1151 158 1233 179 nem
1252 153 1461 192 exponentis
1478 155 1640 196 accessit,
1668 166 1729 189 seu
1745 157 1789 188 ad
1814 168 2004 200 puerorum
2030 166 2135 193 natu-

1149 208 1236 232 ram.
1290 199 1360 233 Sed
1376 203 1485 245 ipsam
1505 206 1761 249 expositionem
1780 207 1965 241 comitatus
1981 216 2030 242 est
2046 210 2136 243 alius

1149 254 1306 282 eventus.
1360 251 1474 295 Lupa,
1503 267 1591 298 quae
1610 258 1730 290 eodem
1747 264 1905 302 tempore
1922 257 1960 291 in
1976 259 2052 303 ripa
2072 272 2133 292 va-

1148 299 1313 340 gabatur,
1357 303 1399 333 ad
1436 303 1587 338 infantes
1610 308 1756 351 propius
1779 309 1943 350 accessit,
1977 322 2041 343 nec
2068 310 2134 342 fuit

1147 348 1317 385 famelica.
1372 351 1413 384 ld
1432 351 1539 386 Casus
1557 364 1712 391 vocatur.

1258 415 1347 450 Cum
1365 425 1481 452 autem
1498 432 1570 453 non
1588 423 1701 455 solum
1719 424 1756 456 in
1781 423 2008 470 philosophia
2021 453 2030 467 ,
2073 427 2133 459 sed

1148 467 1294 500 omnino
1313 468 1351 500 in
1368 474 1440 503 tota
1467 471 1537 504 vita
1563 472 1759 515 plurimum
1784 476 1911 510 referat
1935 477 2134 510 discernere

1148 528 1209 559 per
1224 529 1259 551 se
1278 530 1417 560 causas,
1446 527 1478 554 et
1493 533 1612 555 causas
1638 535 1700 567 per
1726 525 1907 566 accidens,
1945 525 2030 560 haec
2054 539 2134 572 pars

1147 568 1327 603 doctrinae
1338 569 1502 617 physicae
1516 585 1737 619 nequaquam
1752 575 1957 618 negligenda
1973 585 2033 613 est.

1250 636 1448 672 Discrimen
1481 639 1584 672 etiam
1618 641 1860 675 consideretur
1889 641 1982 675 inter
2013 655 2133 678 causas

1149 699 1209 731 per
1222 689 1394 729 accidens,
1423 697 1456 723 et
1474 690 1567 723 inter
1585 703 1704 724 causas
1730 692 1822 725 iusto
1840 693 1967 725 ordine
1984 705 2133 727 concur-

1148 745 1263 772 rentes
1279 741 1323 772 ad
1340 740 1495 784 aliquam
1514 753 1586 774 rem
1604 742 1841 775 efficiendam:
1877 750 1916 776 ut
1941 751 2023 778 sunt
2048 756 2132 777 cau—

1148 800 1203 821 sae
1219 798 1483 834 praeparantes,
1524 792 1778 831 instrumenta,
1813 804 1936 827 causae
1953 794 2028 827 sine
2054 796 2133 839 qui-

1150 841 1213 872 bus
1237 853 1322 875 non.
1376 840 1451 874 Hae
1484 854 1556 875 non
1590 844 1822 877 nominantur
1848 844 1990 888 proprie
2014 856 2135 878 causae

1149 903 1210 934 per
1225 892 1397 927 accidens.
1451 891 1497 926 Et
1512 894 1539 926 si
1558 894 1736 928 interdum
1761 895 1999 938 adpellatione
2023 896 2133 941 aliqui

1148 942 1361 975 abutuntur:
1399 949 1437 975 ut
1463 956 1563 976 causa
1584 957 1645 988 per
1661 957 1712 985 se,
1739 945 1828 978 lucis
1844 957 1983 989 sparsae
2006 947 2044 979 in
2072 959 2134 980 cu—

1149 993 1266 1025 biculo
1303 1000 1354 1027 est
1389 993 1462 1028 Sol.
1526 994 1675 1028 Causam
1716 1007 1776 1039 per
1810 997 1974 1029 accidens
2008 1003 2134 1030 vocant

1148 1043 1363 1086 aperientem
1390 1045 1519 1079 valvas.
1575 1045 1644 1079 Sed
1666 1047 1782 1079 verius
1802 1054 1851 1080 est
1868 1058 1969 1080 causa
1987 1059 2134 1091 praepa-

1148 1105 1247 1134 rans,
1276 1094 1332 1126 vel
1354 1106 1455 1128 causa
1473 1096 1548 1128 sine
1568 1109 1635 1140 qua
1658 1109 1747 1137 non,
1782 1097 1864 1142 quia
1888 1098 1980 1131 iusto
2007 1098 2133 1131 ordine

1147 1146 1347 1185 concurrit,
1374 1144 1437 1178 Sol
1454 1149 1547 1178 enim
1574 1159 1646 1179 uon
1671 1148 1802 1190 spargit
1823 1148 1942 1181 radios
1967 1160 2029 1192 per
2055 1161 2133 1182 cor-

1148 1207 1210 1237 pus
1227 1207 1385 1238 opacum.
1439 1195 1542 1230 Nunc
1568 1198 1610 1229 de
1633 1197 1810 1230 divisione
1827 1196 2052 1233 Aristotelica
2076 1199 2132 1234 di-

1146 1257 1277 1286 cemus,
1321 1246 1383 1291 qui
1414 1247 1500 1279 ‹luas
1527 1248 1687 1281 nominat
1719 1260 1838 1282 causas
1868 1261 1930 1293 per
1953 1250 2128 1284 accidens:

1146 1294 1342 1329 Fortunam
1359 1303 1392 1329 et
1409 1296 1549 1332 Casum.

1190 1414 1376 1455 Quomodo
1402 1414 1585 1451 discernit
1609 1419 1790 1453 Aristoles
1816 1421 2022 1453 Fortunam
2048 1424 2085 1453 et

1553 1476 1715 1511 Casum?

1243 1564 1424 1610 Principio
1445 1568 1643 1600 monendus
1659 1574 1708 1602 est
1725 1567 1879 1607 auditor,
1897 1566 2125 1604 Aristotelem

1142 1614 1198 1649 hic
1226 1617 1378 1660 primum
1405 1617 1494 1651 illud
1522 1629 1631 1660 genus
1652 1630 1835 1652 causarum
1862 1632 1925 1664 per
1953 1621 2128 1661 accidens,

1140 1668 1234 1712 quod
1256 1667 1424 1700 latissime
1442 1675 1598 1711 vagatur,
1625 1670 1838 1713 praeterire,
1866 1683 1944 1704 cum
1964 1671 2127 1705 videlicet

1141 1718 1300 1751 accidens
1317 1719 1355 1751 in
1372 1719 1481 1752 altero
1500 1731 1562 1762 per
1579 1731 1613 1752 se
1632 1727 1756 1762 agente
1781 1721 1935 1762 accedit,
1970 1728 2007 1755 ut
2032 1722 2125 1755 dixi-

1140 1780 1231 1810 mus,
1256 1769 1383 1802 febrim
1404 1781 1542 1802 causam
1562 1782 1623 1813 per
1640 1771 1802 1804 accidens
1828 1782 1900 1805 esse
1923 1778 2124 1814 temperan-

1139 1819 1219 1855 tiae.
1272 1818 1454 1853 Interdum
1473 1820 1588 1853 obiter
1611 1818 1716 1853 huius
1740 1821 1877 1864 generis
1904 1822 2122 1856 mentionem

1139 1869 1239 1910 facit,
1273 1876 1312 1903 ut
1329 1882 1407 1903 cum
1433 1870 1567 1914 inquit:
1602 1869 1761 1905 Musicus
1792 1878 1941 1906 statuam
1964 1872 2123 1906 fabricat.

1137 1919 1207 1953 Sed
1231 1920 1313 1953 talia
1339 1921 1496 1964 exempla
1515 1933 1579 1954 uec
1593 1922 1637 1954 ad
1654 1922 1846 1962 fortunam,
1873 1934 1937 1955 nec
1948 1924 1990 1956 ad
2003 1934 2121 1957 casum

1137 1971 1311 2004 concinne
1336 1972 1661 2005 accommodantur.
1720 1972 1790 2007 Sed
1806 1973 1950 2007 fortuna
1970 1980 2004 2007 et
2020 1986 2121 2007 casus

1136 2021 1323 2062 dicuntur,
1350 2034 1430 2055 curn
1446 2028 1592 2055 eventus
1608 2022 1669 2055 alii
1687 2024 1867 2065 accedunt,
1895 2030 2033 2069 praeter
2051 2036 2119 2065 eos,

1135 2072 1196 2117 qui
1213 2072 1355 2115 cogitati
1388 2078 1449 2106 aut
1465 2072 1623 2107 ordinati
1642 2079 1735 2108 sunt.

1233 2139 1407 2185 Priusque
1430 2146 1546 2174 autem
1572 2141 1797 2175 definitiones
1832 2141 1960 2183 recito,
1997 2153 2115 2185 gram-

1133 2190 1258 2225 matica
1274 2190 1471 2224 admonitio
1488 2190 1675 2224 inserenda
1691 2199 1753 2226 est.
1807 2191 1936 2225 Varius
1963 2199 2012 2225 est
2030 2205 2115 2226 usus

1133 2242 1297 2275 vocabuli
1322 2241 1504 2282 fortunae,
1538 2254 1685 2287 eamque
1702 2242 1906 2276 varietatem
1932 2242 1970 2275 in
2001 2243 2114 2288 expli-

1131 2293 1244 2326 cando
1276 2293 1464 2326 observare
1492 2292 1579 2326 utile
1605 2299 1667 2328 est.
1733 2291 1916 2326 Interdum
1943 2293 2115 2336 significat

1131 2343 1225 2387 ipsos
1250 2349 1415 2382 eventus,
1455 2349 1494 2376 ut
1510 2355 1589 2376 cum
1616 2343 1782 2376 dicimus:
1824 2343 2011 2377 florentem
2037 2345 2112 2378 sor—

1129 2400 1264 2429 tunam.
1317 2393 1376 2428 Sic
1396 2393 1520 2437 virgil.
1548 2405 1677 2427 nomen
1701 2401 1847 2436 usurpat
1863 2393 1901 2426 in
1920 2392 1986 2428 hoc
2010 2407 2111 2430 versu

1129 2446 1171 2478 de
1186 2445 1291 2478 rebus
1309 2445 1488 2478 secundis:

1179 2514 1356 2554 Hospitium
1375 2514 1532 2553 antiquum
1549 2510 1673 2550 Troiae,
1697 2514 1830 2554 sociique
1851 2520 1969 2552 penates
1982 2537 1990 2551 ,

1177 2564 1260 2595 Dum
1271 2566 1392 2594 fortuna
1409 2565 1467 2592 fuit
1478 2586 1486 2600 ,

1125 2621 1161 2655 id
1179 2629 1245 2663 est,
1272 2622 1383 2655 donec
1398 2630 1453 2653 res
1477 2619 1648 2653 secundae
1663 2619 1818 2655 suerunt.
