2379 2948
11 909 24 1289 -Μ,
11 743 18 908 ww...-
13 695 15 699 ,
14 635 15 638 „

22 1949 26 1955 ⁷
17 1598 32 1938 ,Vns—mm<
22 1578 26 1590 <=
16 1372 29 1554 »·-<-.“Ι”“”
20 1326 21 1331 ⁴

158 100 232 135 717
791 98 836 135 V.
878 98 1200 135 EROTEMATA
1230 99 1564 137 DtALECTICES.
2114 98 2187 134 718

155 196 235 218 men
257 194 349 223 esse,
378 184 447 218 cito
465 184 586 218 videre
609 192 843 220 monstrosam
872 185 1143 229 connexionem,
1169 189 1172 225 ᾖ
1199 186 1395 230 captiones,
1427 199 1516 232 quae
1547 193 1628 220 sunt
1661 192 1800 219 tantum
1829 196 1953 230 scopae
1980 185 2183 225 dissolutae,

155 247 214 269 seu
231 235 389 268 membra
410 247 483 268 non
500 234 745 277 cohaerentia,
770 243 804 270 et
821 232 1076 278 ἀνακόλουθα,
1103 244 1143 271 ut
1168 234 1171 264 ἔ
1197 239 1340 271 crebrae
1359 244 1440 270 sunt
1459 241 1497 271 iii
1515 238 1634 272 inultis
1654 237 1818 281 negociis,

153 285 254 320 Plato
277 293 450 321 nominat.
1628 319 1737 350 Aliud·

1351 380 1488 416 Omnes
1504 381 1661 413 scelerati
1680 381 1873 425 aliquando
1893 379 2106 423 affligentur,

1350 434 1412 465 Iob
1430 432 1610 473 affligitur,

559 368 731 409 Exempla.

306 430 347 465 In
364 431 530 465 omnibus
548 430 677 463 sanctis
698 430 737 463 in
754 427 818 464 hac
837 429 908 464 vita
926 437 1043 464 manet
1064 443 1141 475 pec-

357 490 485 522 catum,
1349 482 1445 526 Ergo
1464 482 1527 515 lob
1545 488 1595 514 est
1613 481 1809 514 sceleratus.

305 531 533 567 Adulterium
550 537 602 565 est
620 538 814 576 peccatum,
1296 534 1394 577 Nego
1421 532 1728 577 consequentiam,
1761 539 1795 565 et
1822 532 1910 564 ratio
1939 538 2009 572 est,
2038 531 2120 576 quia
2141 543 2180 564 ex

305 582 401 627 Ergo
419 583 455 616 in
471 582 604 616 sanctis
621 590 738 617 manet
757 583 986 617 adulterium.
1166 591 1168 619 1
1194 586 1292 631 puris
1308 584 1528 618 affirmativis
1547 584 1583 616 in
1601 583 1751 616 secunda
1770 582 1879 625 figura
1898 580 1989 615 nihil
2012 582 2181 627 sequitur.

255 642 487 688 Respondeo:
522 641 620 685 Nego
652 643 959 688 consequentiam,
994 649 1026 676 et
1050 642 1140 675 ratio
1163 643 1168 685 1¹
1296 635 1375 670 Hoc
1394 641 1642 679 argumentum
1664 645 1790 675 magna
1806 645 1885 676 pars
1905 639 1955 666 est
1971 632 2182 689 disputatiof

152 701 219 736 est,
246 694 284 726 iii
306 694 458 727 secunda
481 693 593 736 figura
615 705 655 726 ex
681 695 779 738 puris
803 694 1023 727 affirmativis
1047 691 1140 726 nihil
1165 690 1168 741 J
1193 688 1248 721 nis
1264 688 1300 722 in
1318 688 1411 720 libro
1430 686 1515 727 lob,
1544 686 1615 718 imo
1634 686 1677 718 de
1704 691 1775 717 tota
1792 682 1948 717 ECCleSia
1965 694 2013 715 ⁵¹0
2037 683 2181 726 Plurlffll

152 745 320 790 sequitur.
371 743 450 777 Etsi
469 751 585 777 autem
612 741 677 777 hae
702 745 824 778 breves
840 745 1020 789 captiones
1035 751 1067 778 et
1085 756 1138 777 re·
1193 739 1362 773 iudicant·

153 796 359 840 sponsiones
381 795 549 829 videntur
573 807 646 828 esse
670 796 746 829 ludi
770 796 940 840 piierile5‚
968 803 1085 830 tamen
1103 807 1140 828 re
1347 788 1515 824 Scelerati
1534 787 1746 833 puniuntffl',
1872 836 1879 843 Π
2040 836 2047 842 -

151 847 223 891 ipsa
242 847 285 879 de
302 858 430 890 magno
449 858 568 880 errore
584 847 779 880 multorum
796 847 994 882 disseritur.
1029 846 1138 880 Multi
1344 840 1530 880 Ieremias,
1557 838 1733 882 ΒᾶΡῘῘδῑὸ,
1764 844 1846 871 ὃῑΠῙῑ
1870 848 1907 869 ¹¹¹
1931 847 2066 879 magnIs
2091 836 2182 870 0³1³·

149 897 244 930 enim
275 897 343 930 sibi
371 897 613 938 blandientes,
649 909 729 930 cum
761 898 913 931 audiunt
938 898 977 932 in
1009 897 1166 936 sanctiss
1398 891 1593 931 munibus,

1164 937 1166 950 l

149 959 292 981 manere
308 956 459 992 peccata,
483 955 641 983 attexunt
658 948 743 981 salsa
760 946 828 982 hoc
843 950 966 982 modo:
990 947 1138 983 Etiamsi
1345 942 1456 986 Igitur
1471 949 1552 976 sunt
1570 940 1740 975 scelerati·

148 999 375 1043 indulgemus
408 1000 527 1044 pravis
559 999 832 1043 cupiditatibus,
868 1006 986 1033 tamen
1019 1012 1140 1033 sumus
1164 1043 1165 1047 Ἰ
1256 1001 1325 1036 Hic
1341 1014 1480 1036 necesse
1498 1009 1548 1035 est
1566 999 1798 1034 conscientias
1814 998 1903 1032 scire
1922 996 2029 1031 huius
2047 998 2181 1042 captio-

148 1050 271 1085 sancti.
325 1050 481 1084 Videant
504 1062 586 1095 ergo
609 1052 723 1084 honae
748 1057 902 1090 mentes,
928 1063 972 1084 ne
994 1048 1060 1084 hac
1080 1063 1139 1084 so—
1164 1051 1165 1088 ἦ
1191 1054 1246 1087 nis
1270 1066 1388 1087 veram
1413 1053 1647 1092 solutionem,
1682 1063 1787 1096 quam
1812 1050 1897 1083 dixi.
1949 1049 2034 1083 Ideo
2062 1056 2180 1083 autern

146 1098 297 1146 phistica
316 1102 548 1146 decipiantur.
592 1100 759 1135 Irenaeus
779 1102 914 1147 inquit,
943 1100 1138 1136 haereticos
1163 1100 1165 1140 f
1191 1105 1229 1138 in
1246 1105 1398 1138 secunda
1416 1105 1525 1148 figura
1543 1116 1584 1136 ex
1604 1102 1700 1146 puris
1717 1100 1937 1135 affirmativis
1954 1098 2046 1133 nihil
2062 1100 2181 1146 sequi-

146 1158 288 1186 nectere
317 1153 496 1187 funiculos
522 1166 563 1187 ex
592 1165 719 1194 arena,
755 1153 791 1186 id
823 1160 893 1193 est,
930 1162 1139 1187 connectere
1191 1164 1269 1197 tur,
1292 1156 1375 1201 quia
1394 1156 1506 1199 reipsa
1533 1154 1770 1199 proceditura
1798 1151 2003 1197 particulari
2019 1151 2063 1184 ad
2081 1151 2179 1185 aliud

146 1215 221 1236 non
253 1202 500 1244 cohaerentia,
536 1211 575 1238 ut
607 1204 646 1237 in
677 1204 800 1238 multis
833 1204 1003 1249 exemplis
1041 1205 1137 1238 cerni
1163 1217 1164 1221 ¹
1191 1207 1424 1251 particulare,
1447 1204 1514 1239 hoc
1534 1213 1605 1245 est,
1632 1205 1828 1237 subiectum
1854 1202 2002 1236 minoris
2026 1213 2100 1235 non
2123 1202 2180 1235 in-

145 1261 270 1299 Potest·
1162 1245 1165 1289 l
1191 1259 1348 1292 cluditur
1366 1258 1402 1290 in
1421 1258 1578 1290 subiecto
1597 1255 1762 1293 maioris,
1785 1262 1839 1287 ut:

249 1305 357 1349 Quod
375 1312 492 1340 autem
517 1306 554 1338 in
570 1306 723 1339 secunda
740 1306 850 1349 figura
868 1318 908 1339 ex
927 1305 1025 1350 puris
1042 1305 1137 1338 affir-
1345 1307 1477 1343 Omnis
1493 1308 1623 1351 gallina
1641 1313 1691 1340 est
1707 1306 1818 1349 bipes,

144 1356 287 1390 mativis
310 1354 404 1390 nihil
428 1357 606 1401 sequitur,
641 1357 731 1390 ratio
763 1363 832 1397 est,
866 1357 948 1401 quia
976 1368 1016 1389 ex
1041 1357 1138 1401 puris
1344 1358 1476 1393 Omnis
1494 1357 1601 1391 homo
1621 1364 1672 1390 est
1689 1357 1799 1401 bipes,

143 1408 419 1452 particularibus
443 1405 536 1440 nihil
560 1407 734 1452 sequitur.
789 1405 854 1440 Est
880 1407 975 1440 enim
998 1419 1139 1452 proces-
1344 1410 1439 1453 Ergo
1457 1406 1699 1443 omnishomo
1717 1414 1766 1440 est
1783 1406 1925 1450 gallina.

144 1470 202 1493 sus
218 1470 238 1493 a
253 1458 461 1504 particulari
483 1459 527 1492 ad
551 1458 781 1503 particulare,
807 1464 846 1492 ut
870 1469 977 1503 supra
1001 1459 1135 1493 dictum
1162 1474 1165 1506 ss
1631 1489 1733 1521 Aliud

144 1517 205 1544 εει.
587 1573 687 1606 Aliud
1162 1598 1165 1612 ¹
1296 1553 1335 1589 In
1354 1553 1505 1587 Antonii
1524 1552 1592 1585 vita
1610 1551 1702 1595 apud
1723 1547 1974 1591 Plutarchum,
2004 1549 2179 1595 quispiam

1162 1643 1164 1647 Ι
1190 1607 1313 1639 multis
1339 1604 1475 1648 poculis
1500 1603 1615 1636 aureis
1639 1609 1673 1635 et
1699 1602 1873 1644 argenteis
1894 1602 2067 1642 donatur,
2097 1612 2181 1645 pro-

1162 1656 1164 1661 ’
1190 1663 1327 1700 pterea,
1354 1656 1448 1700 quod
1467 1654 1575 1687 alium
1592 1651 1657 1686 hac
1676 1654 1838 1697 captione
1858 1652 2078 1695 exagitasset:

1343 1706 1476 1751 Aliquo
1493 1707 1598 1738 modo
1615 1704 1831 1738 febricitanti
1847 1704 1964 1737 danda
1985 1710 2034 1736 est
2053 1714 2154 1747 aqua,

587 1787 595 1793 .
827 1787 834 1794 .
1040 1787 1047 1794 .
1161 1788 1162 1791 ,
1345 1756 1476 1790 Omnis
1494 1756 1698 1789 febricitans
1715 1755 1836 1799 aliquo
1853 1755 1959 1787 modo
1979 1753 2166 1792 febricitat,

246 1788 343 1832 Nego
367 1793 674 1845 consequemianf’
709 1793 743 1820 et
768 1793 859 1844 iano
885 1794 953 1826 θεῖ’
979 1800 1068 1845 ,qma
1095 1800 1133 1820 ex
1159 1824 1162 1856 t
1344 1806 1439 1842 Eram
1469 1807 1636 1841 omnibus
1667 1805 1951 1839 febricitantibus
1981 1804 2097 1837 danda
2128 1809 2179 1836 est

143 1841 241 1886 puris
266 1839 541 1884 particularibus
566 1835 658 1870 nihil
681 1845 851 1883 sequitur.
914 1837 1032 1871 Maior
1056 1846 1134 1872 tan-
1160 1859 1161 1881 1
1394 1834 1414 1891 ἒ
1440 1870 1483 1891 ua

141 1899 217 1926 tum
243 1890 468 1935 particularis
498 1896 560 1923 est.
620 1888 668 1922 Et
698 1889 729 1922 si
752 1889 858 1922 facias
883 1889 1133 1927 universalem,
1290 1909 1386 1943 Nesto
1409 1871 1717 1953 gons'equenfiam'
1746 1908 1827 1952 quia
1852 1913 1933 1940 sum
1953 1916 2078 1949 scopae
2104 1905 2179 1938 dis·

142 1943 213 2001 erit.
234 1943 330 1999 ialffl'
381 1940 512 1975 Omnis
545 1940 775 1998 p.aedag⁰gi³'
811 1941 846 1998 ,id
873 1946 940 1979 θεῖ’
972 1940 1133 1973 omnium
1160 1944 1161 1962 ³
1188 1937 1389 2002 solutae,oa
1408 1972 1480 1993 non
1499 1959 1692 1993 distributo
1710 1960 1751 1992 ad
1771 1959 2003 1991 distributum
2023 1968 2097 1990 non
2116 1968 2178 1989 va-

143 1994 347 2038 p⁰l¹uarum
381 1993 615 2050 paed³g⁰.g¹ae
647 2002 861 2049 necessafffle
892 1998 986 2025 sum*
1038 1990 1134 2025 Haec
1159 2034 1161 2047 ι
1187 2014 1234 2047 let
1250 2012 1512 2057 consequentia.
1564 2010 1678 2054 Supra
1695 2010 1733 2043 in
1752 2009 1874 2053 figuris
1889 2007 2178 2054 syllogismorum

142 2044 229 2077 falsa
251 2053 320 2087 est,
354 2052 393 2079 ut
409 2044 584 2078 Laconica
608 2043 823 2087 paedagogia
845 2054 920 2075 non
945 2050 993 2076 est
1015 2054 1133 2076 neces·
1159 2056 1161 2060 ’
1188 2066 1289 2108 plum
1323 2063 1482 2107 exempla
1506 2063 1650 2096 recitata
1682 2068 1784 2102 sum,
1817 2061 1947 2106 quibus
1972 2070 2178 2092 commone·

296 1626 516 1669 Paedagogia
535 1627 733 1658 necessaria
752 1634 815 1666 est,

296 1676 528 1712 Ceremoniae
547 1675 657 1710 Moisi
676 1682 759 1709 sunt
777 1676 1002 1720 paedagogia,

296 1727 392 1772 Ergo
411 1727 632 1761 ceremoniae
649 1726 758 1761 Moisi
777 1734 859 1761 sunt
882 1727 1110 1761 necessariae.
1161 1726 1163 1743 ²

145 2106 246 2129 ⁵³¹¹&
1159 2129 1161 2157 1
1187 2117 1270 2149 facti
1296 2115 1453 2149 iuniores
1477 2114 1612 2147 discant
1645 2112 1779 2145 similes
1810 2111 1990 2156 captiones
2014 2109 2176 2144 refutare.

577 2158 689 2191 Aliud.
1187 2167 1275 2201 Nam
1295 2166 1502 2212 quotidiana
1519 2164 1621 2198 lectio
1641 2171 1673 2197 et
1690 2163 1762 2196 vita
1780 2161 2018 2207 suppeditabit
2036 2160 2175 2193 infinita

297 2209 433 2245 Omnes
450 2212 648 2246 calumniae
662 2218 744 2246 Sllsst
762 2213 961 2252 damnatae,
1159 2214 1161 2244 ἕ
1187 2219 1356 2262 exempla.
1406 2215 1619 2260 Complexus
1636 2221 1687 2248 est
1704 2222 1821 2248 autem
1840 2211 2051 2247 Aristoteles
2067 2211 2173 2245 vitio-

296 2261 339 2295 ln
358 2262 500 2296 iudiciis
517 2264 649 2297 multae
666 2271 750 2297 sunt
769 2264 978 2300 calumniae,
1187 2282 1240 2303 sas
1259 2267 1528 2314 consequentias
1546 2267 1582 2299 iii
1600 2266 1734 2300 fallacia
1751 2263 2010 2309 consequentis.

295 2311 391 2356 Ergo
409 2312 538 2347 iudicia
557 2322 640 2349 sunt
656 2316 834 2350 damnata.
1158 2329 1161 2364 q

246 2371 345 2416 Nego
367 2373 672 2417 consequentiam,
700 2381 733 2408 et
750 2374 841 2408 ratio
859 2380 926 2414 est,
954 2373 1036 2418 quia
1053 2372 1132 2416 plus
1446 2387 1513 2427 De
1546 2386 1663 2426 vitiis
1694 2384 1905 2424 materiae-

143 2432 193 2459 est
212 2424 251 2457 in
270 2423 517 2464 conclusione,
541 2436 645 2468 quam
666 2425 703 2458 in
721 2425 930 2469 praemissiS.
975 2423 1131 2458 Conclu-

142 2476 195 2510 sio
211 2482 329 2510 autem
348 2473 434 2508 haec
451 2474 600 2508 debebat
627 2487 718 2516 esse,
744 2488 826 2520 ergo
853 2474 921 2509 hae
937 2475 1134 2509 calumniae
1209 2496 1212 2500 ι
1289 2472 1379 2507 Cum
1400 2471 1524 2504 vitium
1545 2470 1581 2502 iii
1599 2469 1703 2502 rebus
1725 2473 1792 2507 est,
1819 2464 1886 2499 hoc
1903 2472 1953 2499 est
1966 2491 1974 2505 ,
2003 2475 2081 2497 cum
2098 2474 2174 2495 ma-

142 2527 181 2561 in
198 2527 339 2561 iudiciis
358 2527 543 2560 damnatae
560 2532 661 2564 sunt,
687 2538 760 2559 non
777 2527 851 2571 ipsa
867 2527 1019 2566 iudicia,
1046 2537 1134 2572 quae
1188 2525 1241 2558 ior
1259 2533 1319 2558 aut
1338 2525 1457 2556 minor
1482 2521 1566 2554 falsa
1586 2526 1645 2553 aut
1669 2519 1831 2561 ambigua
1850 2524 1921 2557 est,
1948 2515 2099 2574 solvitur
2117 2526 2174 2547 ar-

144 2590 217 2612 non
242 2585 293 2612 est
317 2589 456 2611 necesse
489 2577 669 2621 corrumpi
697 2577 897 2612 calumniis.
957 2576 1134 2612 Animad-
1186 2583 1394 2620 gumentuni
1421 2584 1483 2617 per
1505 2570 1778 2610 inficiationem,
1812 2575 1873 2602 aut
1897 2568 2174 2603 distinctionem,

143 2641 244 2663 verso
269 2629 379 2673 igitur
409 2628 496 2663 vitio
519 2628 793 2673 consequentiae
819 2628 973 2674 intelligi
1006 2635 1133 2674 potest,
1186 2634 1246 2661 aut
1278 2625 1494 2659 instantiam.
1553 2620 1622 2655 Sed
1654 2628 1694 2657 ut
1723 2619 1876 2663 intelligi
1907 2618 2032 2663 possit,
2067 2627 2175 2662 quare

145 2681 322 2725 quomodo
357 2679 614 2724 Anabaptistae
648 2678 880 2724 decipiantur.
961 2679 1014 2714 Ac
1047 2679 1133 2715 tales
1187 2675 1381 2723 propositio
1400 2675 1486 2708 falsa
1505 2673 1569 2713 sit,
1596 2672 1795 2707 revocanda
1810 2678 1861 2706 est
1878 2671 1922 2705 ad
1939 2670 2046 2704 locos.
2084 2666 2176 2700 Nam
