2379 2948
205 95 299 133 1267
789 88 913 123 PHIL.

204 179 384 217 Christum
395 205 404 219 ‚

945 87 1057 123 MEL.
1085 83 1296 122 SCRIPTA
1324 82 1621 121 EXEGETICA.

436 184 468 211 et
490 177 555 209 fide
579 174 707 218 accipi,
742 186 781 206 ac
803 172 917 207 Deum
942 174 1031 206 velle
1053 186 1092 207 ea
1116 173 1186 207 fide
1213 175 1216 208 ἶ

2127 88 2222 124 1268

1241 181 1324 203 esse.
1375 169 1448 204 Nec
1463 182 1547 204 vero
1570 177 1706 205 tantum
1723 178 1799 205 orat
1815 183 1878 215 pro
1895 173 1998 206 nobis
2019 171 2077 207 hic
2102 174 2223 219 ponti-

207 232 274 265 ΕΘΗ
292 238 324 264 et
342 228 516 266 invocari,
545 226 633 258 vesse
656 225 820 258 exaudire
844 232 938 258 certo
955 237 1026 257 non
1045 231 1188 269 propter
1215 250 1218 265 ι
1240 221 1316 261 fex,
1340 221 1401 254 sed
1427 221 1531 254 etiam
1557 228 1704 256 testatur
1727 234 1762 255 se
1785 234 1856 256 esse
1881 224 1985 256 talem
2014 223 2222 259 intercesso-

207 281 394 318 sacrfficia,
432 279 490 312 sed
516 282 660 321 propter
691 288 801 308 uuum
828 275 1061 309 Mediatorem
1084 287 1189 320 quem

208 332 430 378 promiserat,
457 336 489 361 et
504 328 593 360 velle
619 333 657 360 ut
677 327 839 359 fiduciam
864 324 968 359 huius
988 326 1190 359 mediatoris

208 384 404 417 adferamus
418 380 461 413 ad
479 378 750 418 invocationem,
775 384 805 410 et
823 384 1015 410 statuamus
1030 389 1094 409 nos
1110 389 1189 409 vere

209 432 352 476 respici,
388 431 490 464 nobis
514 429 663 471 ignosci,
698 440 762 460 nos
789 428 963 467 exaudiri,
998 436 1030 462 et
1052 428 1190 462 salvari.

211 484 269 518 Sic
286 482 459 516 docebant
476 481 644 522 agendam
662 490 733 511 esse
749 479 999 522 poenitentiam
1012 506 1020 517 ,
1047 485 1087 512 ut
1106 476 1190 511 haec

210 534 294 566 fides
313 533 500 566 accederet.
554 528 669 574 Atque
692 530 738 562 ita
764 529 934 563 illucescit
955 529 1082 561 animis
1110 541 1191 562 vera

210 584 340 618 noticia
364 581 450 623 Dei,
477 589 509 615 et
532 581 691 613 incoatur
713 592 803 612 nova
829 592 867 613 ac
894 580 1085 623 spiritualis
1108 581 1192 613 obe-

212 635 363 677 dientia,
390 645 469 666 cum
486 633 523 664 in
542 632 731 675 pavoribus
749 629 833 664 haec
850 631 933 663 fides
953 631 1161 675 concipitur.

312 684 371 718 Sic
387 690 419 717 et
436 682 556 717 Esaias
573 683 720 715 docebat
737 694 808 714 non
828 693 899 714 esse
921 681 1091 714 abolitum
1113 693 1193 725 pec-

212 742 325 770 catum
346 746 408 778 per
428 734 592 767 sacrificia
610 732 780 773 Levitica‚
807 745 884 765 cum
909 733 950 764 de
969 730 1111 765 Christo
1129 733 1193 765 do-

213 793 319 820 ceret:
347 784 458 818 Ponet
481 784 633 817 animam
659 795 755 816 snam
779 780 928 815 hostiam
955 795 1017 826 pro
1042 790 1193 826 peccato.

212 836 307 880 Ergo
331 835 508 869 Leviticae
531 832 665 867 hostiae
692 845 763 866 non
787 833 993 873 abolebant,
1019 834 1192 878 siquidem

212 888 316 930 longe
337 887 404 919 alia
435 883 547 919 hostia
571 896 659 927 opus
688 891 778 924 erat,
814 884 944 917 scilicet
969 891 1080 917 morte
1112 897 1193 928 pro-

212 937 308 970 missi
322 936 514 970 salvatoris.
567 934 661 968 Haec
679 934 819 968 collatio
840 935 1005 975 ostendit,
1032 935 1134 980 quale
1151 936 1195 969 sit

213 988 421 1021 sacrificium
445 984 597 1026 Christi,
626 993 657 1019 et
680 986 858 1030 quomodo
886 986 990 1018 nobis
1013 986 1196 1029 contingat

211 1037 318 1072 huius
346 1037 505 1071 sacrificii
540 1037 683 1070 sructuS.
743 1035 977 1069 Statuendum
1011 1044 1060 1070 est
1091 1037 1195 1078 enim,

211 1096 349 1123 tantum
373 1100 444 1121 esse
462 1085 529 1120 hoc
546 1087 690 1120 unicum
712 1086 937 1125 sacrificium,
964 1088 1058 1132 quod
1084 1100 1196 1120 mere-

213 1148 271 1174 tur
289 1139 368 1172 aliis
383 1138 625 1172 remissionem
647 1144 878 1181 peccatorum.
932 1136 1087 1183 Ideoque
1112 1139 1196 1171 fides

213 1190 442 1233 concipienda
458 1195 526 1227 est,
561 1189 654 1233 quod
674 1185 758 1220 haec
775 1186 890 1221 hostia
915 1189 986 1221 sola
1006 1189 1196 1233 placaverit

212 1241 300 1274 iram
318 1239 402 1281 Dei,
429 1246 461 1272 et
477 1240 582 1273 fuerit
595 1238 783 1272 satisfactio
799 1250 862 1282 pro
881 1239 1003 1279 nobis,
1030 1241 1196 1284 quodque

211 1297 355 1336 propter
375 1288 442 1324 hoc
458 1288 590 1324 Christi
607 1287 837 1329 sacrificium,
863 1301 936 1322 non
956 1297 1100 1333 propter
1123 1291 1196 1323 ulla

213 1349 333 1376 nostra
350 1353 472 1385 opera,
500 1348 559 1374 aut
574 1339 760 1379 sacrificia,
788 1338 884 1372 Deus
907 1341 1010 1373 nobis
1034 1347 1128 1374 certo
1152 1341 1197 1375 sit

212 1392 408 1436 propicius,
443 1398 536 1425 certo
561 1391 646 1424 velit
676 1390 862 1431 exaudire,
893 1397 925 1424 et
953 1392 1099 1426 salvare.
1154 1391 1196 1424 In

213 1440 306 1476 hanc
331 1440 481 1475 hostiam
507 1442 687 1475 intueatur
711 1441 812 1481 fides,
840 1441 877 1473 in
900 1442 1049 1484 petenda
1072 1442 1197 1475 remis-

214 1493 313 1527 sione
337 1498 578 1536 peccatorum,
612 1493 650 1524 in
672 1491 763 1524 veris
789 1492 997 1534 pavoribus,
1031 1492 1069 1525 in
1098 1493 1196 1526 omni

214 1544 451 1583 invocatione,
478 1554 516 1575 ac
530 1541 729 1575 meminerit
747 1542 850 1574 nobis
868 1539 934 1575 hoc
949 1543 1054 1575 modo
1072 1543 1197 1576 donari

216 1591 351 1628 Christi
371 1593 596 1632 sacrificium,
622 1603 756 1636 nosque
774 1592 849 1625 fieri
868 1594 1063 1626 sacerdotes
1082 1594 1196 1626 alieno

216 1644 404 1685 sacrificio,
429 1643 559 1677 scilicet
580 1641 722 1677 Christi.
778 1641 846 1675 Sed
872 1655 941 1687 quo
964 1645 1069 1676 modo
1094 1645 1197 1676 nobis

213 1695 393 1739 impertiat
414 1692 587 1727 honorem
611 1693 819 1734 sacerdotii,
852 1699 970 1737 postea
998 1705 1120 1728 rursus
1143 1695 1198 1727 di-

215 1758 302 1780 cam.

317 1793 496 1829 Convenit
529 1798 562 1826 et
595 1792 736 1826 tertium
772 1793 927 1827 officium
956 1794 1199 1838 principaliter

214 1845 376 1886 Christo,
405 1844 537 1878 scilicet
556 1855 656 1876 orare
674 1856 738 1887 pro
757 1844 854 1882 aliis,
882 1851 915 1878 et
938 1845 1126 1889 impetrare
1144 1858 1197 1878 re-

214 1897 418 1931 missionem
437 1900 675 1938 peccatorum,
701 1895 928 1928 donationem
947 1895 1100 1939 Spiritus
1118 1908 1196 1929 san-

216 1948 280 1988 cti,
308 1947 398 1980 vitae
418 1952 589 1984 aeternae,
615 1951 647 1977 et
665 1945 731 1977 alia
749 1946 841 1978 bona
860 1946 1054 1989 spiritualia
1071 1954 1104 1980 et
1121 1959 1198 1980 cor—

215 1997 363 2043 poralia.
415 1995 505 2029 Nam
535 1993 618 2027 huic
644 1992 783 2029 Christo
815 1997 893 2029 data
920 2004 971 2030 est
1001 1997 1198 2041 promissio,

218 2061 285 2094 qua
304 2053 400 2091 pater
416 2052 562 2079 testatur
577 2056 611 2077 se
629 2045 741 2089 ipsum
761 2047 1005 2080 exauditurum
1024 2060 1114 2086 esse,
1142 2046 1198 2081 hic

217 2106 269 2133 est
298 2097 472 2141 pontifex,
507 2096 568 2141 qui
591 2107 682 2128 unus
711 2097 842 2130 accedit
873 2099 914 2130 ad
940 2106 1090 2141 patrem,
1124 2099 1198 2132 sine

216 2149 409 2183 mediatore
434 2147 523 2187 alio,
558 2158 650 2179 unus
673 2144 731 2179 hic
760 2148 916 2190 pontifex
941 2149 1138 2191 ingreditur
1161 2150 1197 2182 in

217 2211 382 2233 arcanum
410 2198 498 2231 illud
529 2197 697 2231 Sanctum
731 2205 942 2233 sanctorum.
995 2198 1041 2233 Et
1066 2208 1198 2234 exercet

216 2249 284 2284 hoc
314 2249 467 2283 officium
499 2247 642 2281 Ioannis
675 2248 809 2282 decimo
842 2250 989 2293 septimo
1023 2263 1100 2283 cum
1134 2252 1196 2284 ait:

215 2300 318 2344 Rogo
335 2312 407 2333 non
427 2311 489 2343 pro
509 2299 556 2331 eis
578 2305 733 2339 tantum,
761 2301 818 2332 sed
837 2313 900 2343 pro
927 2301 1109 2341 omnibus,
1138 2302 1197 2346 qui

217 2351 385 2385 credituri
411 2357 493 2384 sunt
510 2361 570 2393 per
592 2350 737 2382 verbum
762 2363 893 2385 eorum.
948 2351 1087 2394 Quibus
1108 2353 1197 2385 votis

216 2401 344 2445 singuli
363 2413 428 2434 nos
447 2407 567 2444 optare
583 2400 769 2441 vellemus,
797 2409 834 2435 ut
853 2403 1019 2435 sciremus
1044 2415 1107 2446 pro
1132 2415 1198 2435 no-

215 2453 269 2485 bis
288 2452 502 2485 intercedere
520 2450 649 2483 Filium
675 2450 763 2484 Dei?
815 2450 862 2485 At
886 2451 942 2485 hic
958 2453 1059 2486 audis
1077 2465 1196 2486 vocem

216 2500 321 2535 huius
341 2502 524 2546 pontificis.

215 2552 352 2585 dituris.
404 2551 477 2585 Hac
494 2564 575 2584 voce
594 2559 762 2585 sustentes
781 2560 832 2593 te,
862 2561 895 2587 et
918 2555 1004 2587 scias
1029 2553 1090 2588 has
1116 2566 1221 2598 pre-

214 2614 268 2635 ces
285 2613 504 2647 nequaquam
526 2603 644 2636 irritas
669 2615 758 2642 esse,
786 2606 879 2648 quod
907 2606 967 2649 qui
988 2606 1107 2646 saciet,
1137 2606 1193 2638 in-

209 2653 340 2697 telliget
357 2649 414 2685 hic
435 2653 648 2687 uberrimam
672 2655 947 2689 consolationem
973 2657 1189 2701 propositam

1215 271 1218 298 l
1241 282 1334 312 rem,
1360 279 1505 316 propter
1528 285 1632 317 quem
1652 271 1747 306 Deus
1765 284 1830 306 nos
1853 274 2079 307 exauditurus
2102 276 2163 316 sit,
2189 282 2223 309 et

1242 329 1380 355 nostras
1411 334 1529 366 preces
1554 324 1684 368 perfert
1715 325 1758 357 ad
1790 331 1944 368 patrem,
1979 324 2068 358 sicut
2097 326 2224 360 docent

1243 373 1509 417 promissiones:
1537 373 1723 419 Quidquid
1747 375 1917 419 petieritis
1931 372 2079 408 Patrem
2106 375 2142 408 in
2160 388 2225 408 no-

1244 423 1339 456 mine
1362 436 1460 465 meo,
1486 425 1585 459 dabit
1606 426 1726 466 vobis,
1760 425 1872 468 Quasi
1898 426 2008 466 dicat,
2035 427 2225 470 petendum

1244 485 1317 507 esse
1332 486 1404 507 non
1424 483 1566 518 propter
1583 477 1789 519 dignitatem
1809 484 1982 518 nostram,
2009 477 2067 509 sed
2085 483 2227 521 propter

1245 525 1359 568 ipsum
1382 526 1595 569 pontificem.
1648 525 1766 572 Atque
1790 539 1829 561 eo
1849 528 1953 560 nobis
1978 527 2155 571 propicius
2177 534 2228 561 est

1245 583 1363 623 pater,
1396 588 1436 608 eo
1460 577 1601 610 exaudit
1625 577 1847 620 invocantes,
1887 578 1968 623 quia
1990 575 2048 611 hic
2071 578 2228 622 pontifex

1245 626 1383 659 assidue
1412 638 1475 670 pro
1505 628 1608 661 nobis
1638 628 1849 673 interpellat.
1912 627 1986 663 Cur
2016 628 2122 672 igitur
2153 640 2228 662 non

1246 677 1430 710 irascimur
1447 678 1664 712 diffidentiae
1680 687 1830 720 nostrae,
1858 692 1920 713 cur
1935 691 2008 712 non
2024 680 2228 713 invocamus

1247 728 1384 768 Deum,
1417 740 1480 761 cur
1503 729 1739 773 opprimimur
1762 731 1982 764 dubitatione
2005 742 2043 763 ac
2066 731 2229 775 despera-

1247 780 1360 820 tione,
1389 791 1452 811 cur
1474 780 1586 812 deseri
1611 787 1670 813 aut
1695 781 1823 824 negligi
1848 794 1912 815 nos
1937 794 1954 814 a
1974 780 2050 815 Deo
2074 780 2231 826 suspica-

1247 842 1338 869 mur,
1363 841 1426 862 cur
1443 837 1667 873 praeeuntem
1687 828 1782 865 hunc
1805 833 2004 876 pontificem
2020 844 2092 865 non
2110 831 2230 877 sequi-

1248 878 1351 913 mur?
1404 879 1503 923 Quin
1520 882 1637 925 potius
1660 883 1823 916 audimus
1839 883 2045 917 concionem
2069 883 2166 915 illam
2191 882 2230 914 in

1248 930 1406 975 Epistola
1429 933 1473 964 ad
1491 931 1662 966 Ebraeos:
1691 932 1869 967 Habentes
1893 934 1997 968 talem
2014 933 2231 978 pontificem,

1248 982 1452 1015 accedamus
1468 995 1547 1016 cum
1571 983 1698 1017 fiducia
1715 990 1776 1017 etc.
1829 983 1946 1030 Atque
1969 984 2017 1018 ita
2039 984 2142 1017 nobis
2163 983 2232 1016 im-

1248 1033 1352 1076 pertit
1369 1030 1541 1066 honorem
1558 1034 1760 1076 sacerdotii,
1787 1035 1869 1080 quia
1885 1047 1950 1068 nos
1964 1035 2063 1069 iubet
2084 1033 2230 1078 precari,

1249 1091 1282 1117 et
1307 1090 1452 1118 testatur
1473 1096 1508 1117 se
1531 1085 1684 1128 perferre
1709 1092 1845 1118 nostras
1874 1097 1993 1130 preces
2016 1086 2058 1119 ad
2084 1092 2232 1129 patrem,

1249 1146 1375 1179 easque
1395 1135 1553 1168 exaudiri
1578 1142 1722 1180 propter
1739 1136 1865 1180 ipsum.
1919 1136 1987 1171 Sed
2013 1142 2132 1180 postea
2149 1146 2232 1169 rur-

1248 1197 1306 1219 sus
1335 1186 1468 1226 dicam,
1506 1187 1685 1230 quomodo
1717 1187 1820 1220 nobis
1850 1186 2029 1232 impertiat
2060 1185 2232 1220 honorem

1249 1236 1446 1269 sacerdotii.

1350 1285 1530 1320 Hactenus
1546 1286 1735 1321 dicendum
1754 1287 1831 1328 fuit,
1859 1300 1928 1333 quo
1947 1289 2052 1322 modo
2069 1286 2233 1323 Christus

1249 1337 1294 1371 sit
1317 1338 1488 1372 sacerdos.
1536 1337 1608 1371 Nec
1625 1351 1707 1371 vero
1723 1338 1812 1371 alius
1830 1336 1942 1371 honos
1960 1340 2073 1372 maior
2087 1339 2233 1382 cogitari

1250 1394 1374 1433 potest,
1401 1394 1462 1421 aut
1476 1389 1603 1431 gradus
1618 1387 1694 1422 Deo
1720 1389 1882 1432 propior,
1918 1401 2023 1434 quam
2039 1401 2111 1423 esse
2127 1389 2232 1423 talem

1249 1440 1482 1479 sacerdotem,
1519 1436 1585 1471 boc
1609 1445 1678 1479 est,
1706 1440 1940 1483 proferentem
1963 1451 2129 1473 arcanum
2153 1452 2233 1473 ver-

1249 1491 1333 1523 bum
1350 1488 1435 1529 Dei,
1462 1490 1657 1533 placantem
1677 1489 1764 1522 iram
1781 1488 1864 1531 Dei,
1892 1490 2166 1524 intercedentem
2181 1496 2233 1524 at-

1249 1552 1316 1585 que
1333 1547 1490 1573 orantem
1514 1552 1578 1583 pro
1597 1540 1684 1575 aliis.
1738 1539 1816 1573 Hoc
1838 1540 1973 1583 ingenti
1990 1538 2146 1582 honore,
2173 1553 2235 1575 cu—

1250 1592 1305 1624 ius
1330 1590 1611 1633 magnitudinem
1637 1591 1796 1634 angustia
1822 1588 1968 1624 humani
1996 1592 2145 1636 pectoris
2160 1603 2235 1625 non

1250 1641 1333 1674 satis
1352 1641 1503 1683 cogitare
1521 1648 1644 1685 potest,
1663 1641 1823 1684 fungitur
1839 1642 1930 1676 inter
1950 1640 2111 1676 homines
2121 1641 2235 1676 Filius

1251 1691 1316 1726 Dei
1341 1691 1516 1724 Dominus
1537 1698 1657 1725 noster
1680 1692 1773 1725 Iesus
1799 1690 1980 1731 Christus,
2013 1691 2060 1727 Et
2082 1694 2235 1736 fungen-

1250 1749 1320 1776 tem
1357 1740 1422 1775 hoc
1453 1739 1588 1775 honore
1623 1749 1842 1785 agnoverunt
1873 1750 2006 1786 patres,
2041 1741 2235 1788 Abraham,

1252 1793 1394 1833 Moises,
1416 1792 1556 1831 Aaron,
1583 1791 1710 1834 David,
1735 1791 1908 1829 Esaiaset
1926 1794 2054 1827 deinde
2070 1793 2235 1839 Apostoli

1251 1851 1283 1878 et
1299 1855 1420 1877 omnes
1435 1843 1485 1887 pii
1500 1844 1537 1876 in
1552 1841 1722 1877 Ecclesia.

1353 1893 1475 1939 Itaque
1500 1907 1578 1927 cum
1602 1900 1700 1927 tanto
1724 1892 1859 1927 honore
1883 1893 1978 1928 Deus
2003 1892 2099 1929 hunc
2122 1907 2234 1929 unum

1252 1946 1343 1978 inter
1360 1957 1424 1978 nos
1441 1945 1540 1988 fungi
1555 1945 1724 1986 voluerit,
1750 1945 1941 1988 cogitemus
1958 1947 2062 1990 quam
2077 1943 2235 1980 horribi—

1250 1997 1330 2029 liter
1344 1994 1439 2029 Deus
1456 1996 1646 2040 puniturus
1667 1996 1712 2029 sit
1734 1995 1880 2040 impiOS,
1908 1996 1969 2040 qui
1996 1994 2091 2030 hunc
2114 1997 2235 2041 ponti-

1250 2047 1348 2080 ficem
1368 2047 1534 2080 omnibus
1557 2043 1785 2091 blasphemiis
1809 2053 1841 2079 et
1866 2047 2090 2081 contumeliis
2107 2059 2235 2082 onera-

1250 2104 1351 2138 runt,
1378 2098 1439 2143 qui
1458 2098 1572 2130 statim
1593 2104 1671 2142 post
1690 2097 1813 2130 mundi
1837 2097 2041 2138 exordium,
2068 2110 2160 2132 nova
2177 2110 2235 2131 sa-

1250 2149 1377 2182 crificia
1400 2155 1432 2182 et
1457 2149 1552 2181 idola
1577 2148 1876 2191 excogitaverunt,
1907 2155 1939 2181 et
1964 2148 2234 2192 promissionem

1251 2199 1433 2233 coelestem
1452 2200 1674 2239 deleverunt,
1702 2198 1762 2243 qui
1788 2205 1906 2242 postea
1932 2199 1968 2231 in
1990 2198 2144 2233 Ecclesia
2167 2212 2234 2244 op-

1251 2262 1366 2294 presso
1385 2249 1578 2293 Evangelio
1599 2249 1795 2282 doctrinam
1818 2250 1860 2282 de
1886 2250 1952 2283 fide
1971 2256 2003 2283 et
2019 2250 2111 2283 veris
2129 2250 2233 2288 culti-

1250 2303 1316 2335 bus
1332 2302 1636 2340 contaminarunt,
1663 2306 1695 2333 et
1713 2311 1825 2333 novos
1843 2301 1975 2341 cultus,
2000 2313 2091 2334 nova
2109 2308 2142 2335 et
2165 2301 2233 2334 im-

1250 2353 1305 2396 pia
1331 2352 1497 2385 sacrificia
1525 2351 1560 2383 in
1586 2349 1776 2383 Ecclesiam
1804 2351 2031 2392 invexerunt,
2065 2359 2098 2386 et
2121 2363 2232 2385 novos

1249 2403 1470 2443 mediatores,
1497 2402 1658 2435 videlicet
1675 2400 1820 2435 Sanctos
1838 2402 2105 2438 inv.0caverunt
2134 2401 2229 2444 Quid

1220 2454 1451 2522 'dubitamus
1469 2452 1583 2486 Deum
1600 2450 1845 2486 horribiliter'
1835 2454 1936 2487 irasci
1960 2453 2143 2493 omnibus,
2170 2452 2231 2496 qui

585 2500 661 2544 Ipse
679 2509 840 2545 precatur
858 2515 919 2546 pro
939 2505 1103 2537 omnibus
1122 2516 1196 2537 cre·
1219 2523 1222 2562 ¹
1249 2503 1303 2537 his
1328 2502 1554 2548 blasphemiis
1577 2503 1777 2547 pontificem
1803 2504 1905 2536 nobis
1927 2504 2144 2548 propositum
2168 2504 2231 2536 de-

1247 2556 1507 2595 formaverunt,
1536 2561 1568 2588 ct
1591 2555 1650 2599 qui
1672 2565 1728 2587 eas
1753 2554 1948 2588 defendunt
1972 2560 2003 2586 et
2023 2554 2230 2597 approbant.

1247 2606 1314 2639 Sed
1333 2607 1374 2638 de
1400 2604 1454 2638 his
1478 2612 1594 2649 postea
1621 2605 1889 2638 concionabitur
1904 2604 2072 2639 Psalmus.
2127 2603 2230 2637 ,Nunc

1245 2658 1453 2700 pertexenda
1469 2663 1519 2690 est
1533 2656 1720 2701 descriptio
1736 2655 1930 2694 sacerdotii,
1959 2667 2048 2700 quae
2066 2653 2133 2690 hoc
2148 2654 2228 2689 loco
