2379 2948
182 119 252 155 271

427 109 634 148 SCRIPTA
662 108 737 145 PH.
765 102 881 141 MEL.
909 101 976 138 AD
1000 102 1127 140 HIST.
1152 103 1296 144 PROF.
1321 103 1388 142 ET
1416 103 1607 143 PHILOS.
1635 102 1954 142 SPECTANTIA.

2124 104 2200 141 272

187 213 306 239 rursus
318 207 549 242 transgressus
558 193 776 237 Eclipticam,
792 190 1076 235 septentrionalis
1093 202 1166 224 esse
1219 190 1432 238 Eclipticae‚
1455 199 1489 226 et
1504 191 1648 226 Planeta
1666 190 1704 224 in
1727 191 1911 225 medietate
1935 190 2113 236 superiore
2129 191 2205 235 epi-

189 255 289 299 cepit,
315 263 384 297 quo
401 257 555 292 tempore
571 245 679 278 moles
695 243 793 287 prius
809 242 894 276 dicti
907 242 993 275 belli
1008 242 1046 275 in
1057 241 1168 276 Saxo-

190 307 286 339 niam
302 301 466 336 translata
488 304 548 330 est.
601 294 655 328 lbi
679 300 916 327 commoratus
932 292 955 326 9
973 304 1110 326 menses
1124 293 1169 325 ad

191 353 418 389 Decembrem
435 357 544 391 usque
561 345 717 378 eiusdem
734 344 835 386 anni,
861 344 1027 377 abscessit
1040 344 1170 377 iterum

193 414 312 439 versus
337 398 538 437 meridiem,
572 396 693 441 ibique
719 393 831 429 haesit
865 395 972 439 paulo
1003 394 1122 427 minus
1147 392 1170 425 9

195 453 388 490 mensibus,
416 449 481 482 sub
496 447 602 480 finem
618 447 769 489 Augusti
790 445 876 479 anni
898 443 965 485 48,
993 445 1084 489 cepit
1108 444 1174 477 ite-

195 516 273 538 rum
295 502 338 534 ad
365 511 429 532 nos
453 498 615 531 accedere
639 509 759 530 versus
783 495 1076 540 septentrionem,
1111 493 1174 526 ubi

197 552 354 588 manebit
371 557 462 584 totos
482 547 526 581 14
551 558 702 588 menses,
729 559 839 591 usque
865 547 908 579 ad
925 545 1082 579 medium
1099 543 1174 577 No-

198 603 378 637 vembrem
396 597 505 633 huius
522 598 693 632 currentis
715 596 823 632 1549.
840 596 938 630 anni.

301 651 408 694 Quod
425 656 540 683 autem
556 647 654 681 Mars
670 647 897 682 latitudinum
923 656 1066 679 suarum
1086 644 1177 677 vices

201 701 279 739 tam
298 700 499 745 inaequales
523 697 645 739 habet,
672 698 754 731 inde
776 704 843 738 est,
869 697 964 741 quod
987 695 1177 740 aliquando

203 760 311 788 totam
346 750 571 785 latitudinem
604 748 912 791 septentrionalem
941 745 1093 779 absolvit
1125 745 1178 778 di-

202 810 334 840 rectus,
363 800 429 834 hoc
449 807 517 840 est,
545 799 738 832 secundum
761 798 941 841 signorum
956 796 1080 829 seriem
1098 807 1179 829 cur-

202 865 295 893 rens,
320 864 358 885 ac
373 851 539 884 stationes
555 856 587 882 et
603 849 854 892 regressionem
869 847 1035 881 differens
1050 846 1088 878 in
1106 858 1181 879 me-

203 904 376 937 ridianam
391 900 624 934 latitudinem.
678 898 784 941 Quod
801 911 880 932 cum
906 898 1005 938 facit,
1031 896 1082 929 ibi
1101 897 1181 929 diu-

204 954 272 987 tius
298 950 416 985 haeret
439 957 582 995 propter
604 949 890 993 reciprocationis
912 959 1066 987 moram,
1093 947 1183 980 sicut

205 1003 339 1047 alioqui
365 1012 505 1046 quoque
530 1001 616 1033 adeo
647 1000 864 1044 inaequalem
899 995 1004 1031 habet
1035 1003 1182 1037 motum,

207 1060 349 1098 propter
367 1050 635 1094 amplitudinem
661 1050 714 1083 sui
738 1049 901 1094 epicycli,
926 1054 965 1081 ut
989 1047 1181 1091 aliquando

205 1105 245 1136 in
260 1114 331 1136 uno
355 1102 452 1144 signo
468 1100 612 1133 Zodiaci
635 1100 852 1142 peragrando
877 1097 1027 1140 amplius
1053 1108 1109 1129 sex
1128 1097 1182 1129 in-

205 1153 310 1196 tegris
328 1151 504 1184 mensibus
524 1156 726 1189 consumat,
752 1160 831 1182 cum
849 1148 934 1180 alias
957 1147 1066 1181 soleat
1091 1147 1184 1181 intra

206 1206 294 1237 duos
312 1212 448 1234 menses
465 1200 648 1245 quodlibet
663 1200 802 1242 signum
820 1208 1036 1242 percurrere.

307 1251 403 1285 Haec
421 1261 531 1283 crasse
553 1250 643 1283 dicta
662 1256 744 1282 sunt
767 1250 809 1282 de
832 1249 939 1282 trium
963 1246 1186 1291 superiorum

208 1304 433 1338 Planetarum
451 1301 656 1340 latitudine,
682 1305 959 1344 quatevagantur
982 1298 1089 1330 modo
1107 1308 1185 1328 ver-

209 1365 266 1387 sus
297 1359 470 1390 austrum,
505 1351 611 1382 modo
642 1360 762 1381 versus
793 1349 1016 1391 aquilonem,
1049 1347 1186 1379 ratione

211 1413 356 1436 suorum
378 1400 629 1439 deferentium,
663 1397 726 1443 qui
748 1398 786 1429 in
807 1397 885 1430 illas
909 1402 1024 1440 partes
1046 1406 1065 1428 a
1081 1395 1186 1438 plano

208 1451 401 1496 Eclipticae
427 1449 616 1483 declinant.

312 1500 381 1535 Sed
398 1511 476 1533 cum
493 1499 649 1538 artifices,
667 1498 727 1542 qui
742 1504 857 1531 motus
875 1495 1017 1529 illorum
1035 1494 1188 1538 diligen-

210 1553 280 1587 tius
302 1550 556 1595 inquisierunt,
583 1548 919 1586 animadverterent,
945 1546 1043 1578 illam
1069 1545 1190 1578 latitu-

211 1603 331 1636 dinem
347 1599 576 1633 deferentium
596 1610 668 1630 non
687 1608 878 1640 congruere
903 1608 982 1629 cum
1007 1595 1188 1638 experien-

212 1653 279 1689 tia,
315 1657 348 1684 et
374 1649 592 1694 inaequalem
619 1645 939 1691 deprehenderent,
970 1645 1081 1679 coacti
1106 1651 1187 1678 sunt

212 1701 295 1736 huic
325 1700 468 1733 alteram
502 1698 725 1731 latitudinem
755 1697 965 1739 adiungere,
997 1706 1102 1739 quam
1126 1694 1190 1728 tri-

211 1753 327 1785 buunt
343 1748 516 1794 epicyclis.
553 1745 798 1780 Observarunt
815 1746 928 1785 enim,
955 1745 1091 1789 quoties
1109 1756 1191 1777 cen-

212 1809 306 1835 trum
325 1799 471 1844 epicycli
487 1804 573 1831 esset
589 1798 626 1830 in
644 1798 752 1830 altero
771 1796 1003 1830 terminorum
1021 1795 1192 1827 maximae

212 1850 412 1884 latitudinis
435 1849 473 1881 in
496 1848 690 1887 deferente,
724 1847 904 1880 Planetam
934 1852 1130 1879 currentem
1155 1844 1192 1877 in

214 1900 393 1944 superiore
408 1898 591 1931 medietate
609 1897 772 1942 epicycli,
799 1897 973 1929 minorem
991 1893 1122 1928 habere
1138 1894 1192 1927 la—

213 1950 423 1989 titudinem,
457 1959 561 1992 quam
585 1954 714 1991 quanta
743 1954 793 1981 est
817 1945 968 1978 maxima
1000 1945 1191 1978 deferentis

215 2001 259 2033 ab
270 1998 442 2043 Ecliptica
458 1997 658 2035 declinatio,
676 2003 707 2030 et
727 2003 878 2036 econtra,
903 2001 1042 2028 euntem
1060 2006 1121 2039 per
1139 1995 1194 2027 in-

213 2050 379 2082 feriorem
395 2048 614 2080 medietatem
630 2047 787 2091 epicycli‚
812 2045 951 2089 longius
968 2045 1011 2078 ab
1022 2044 1194 2089 EcliptIca

214 2100 364 2139 distare,
405 2108 510 2142 quam
538 2108 601 2140 pro
639 2097 873 2131 declinatione
911 2095 1061 2128 maxima
1100 2095 1195 2128 defe-

216 2149 337 2184 rentis.

318 2198 438 2242 Quare
478 2197 643 2230 dixerunt
682 2195 786 2228 etiam
825 2194 1019 2240 epicyclum
1059 2202 1194 2229 motum

217 2250 394 2294 quendam
414 2248 625 2292 peculiarem
640 2247 677 2278 in
691 2244 911 2278 latitudinem
929 2243 1069 2284 habere,
1097 2246 1196 2279 simi-

218 2301 286 2333 lem
320 2300 391 2332 fere
425 2309 595 2331 cunarum
628 2295 833 2339 agitationi,
872 2294 918 2327 ita
955 2301 993 2328 ut
1019 2307 1098 2328 cum
1123 2296 1196 2339 epi-

218 2350 334 2394 cyclus
352 2361 370 2381 a
389 2349 483 2382 nodo
503 2346 691 2381 deferentis
714 2345 913 2384 attollente,
934 2356 1037 2389 quem
1064 2343 1196 2390 ἀναβι-

217 2396 383 2443 βάζοντα
419 2398 572 2431 diximus
598 2409 617 2430 a
640 2396 841 2431 Ptolemaeo
870 2395 1007 2435 vocari,
1048 2395 1196 2430 discedit

218 2459 338 2482 versus
363 2448 653 2490 septentrionem,
680 2445 845 2490 perigeon
866 2444 1012 2490 epicycli
1033 2452 1126 2479 certo
1141 2446 1197 2478 in-

220 2497 366 2531 tervallo
384 2497 521 2530 recedat
537 2509 555 2529 a
572 2495 752 2541 superficie
769 2495 957 2528 deferentis
972 2506 1092 2529 versus
1114 2507 1197 2528 ean-

218 2550 299 2581 dem
314 2553 446 2591 partem
467 2547 604 2587 mundi,
627 2559 696 2592 quo
712 2546 858 2579 inclinat
875 2545 1020 2589 planum
1037 2546 1196 2579 deferen-

219 2598 263 2631 tis
275 2624 284 2637 ,
311 2603 415 2641 atque
432 2593 498 2628 hoc
514 2597 619 2629 modo
635 2596 794 2640 superior
819 2607 897 2640 pars
915 2595 1061 2641 epicycli
1084 2602 1196 2629 retor-

218 2655 365 2693 queatur
381 2658 400 2680 a
417 2646 596 2690 superficie
613 2646 816 2688 eccentrici,
842 2656 963 2680 versus
978 2646 1194 2691 superficiem

1221 245 1309 289 cycli
1335 255 1499 282 currens,
1535 243 1628 276 inter
1654 243 1740 276 duas
1767 242 1983 285 superficies,
2022 242 2206 275 eccentrici

1223 301 1256 327 et
1280 295 1477 339 eclipticam,
1509 294 1666 332 incedat,
1701 293 1850 337 ideoque
1873 292 1991 325 minus
2014 292 2139 336 procul
2161 292 2205 325 ab

1223 343 1395 388 Ecliptica
1411 345 1525 386 distet,
1538 356 1641 389 quam
1653 344 1797 388 planum
1808 342 1994 375 deferentis
2005 343 2208 387 epicyclum.

1326 395 1395 428 Sed
1413 407 1492 428 cum
1510 393 1842 428 descenditPlaneta
1858 393 1895 425 in
1912 392 2116 425 inferiorem
2133 404 2205 425 me-

1227 445 1389 478 dietatem
1415 445 1579 490 epicycli,
1622 456 1711 489 quae
1735 457 1753 478 a
1780 444 1885 488 plano
1917 442 2104 476 deferentis
2134 442 2209 485 ipsa

1228 507 1368 541 quoque
1386 506 1507 528 versus
1523 495 1798 539 septentrionem
1815 494 1986 534 declinat,
2014 493 2053 526 fit
2072 499 2111 526 ut
2127 492 2210 525 Pla-

1228 552 1308 578 neta
1324 545 1493 578 maiorem
1511 544 1639 578 habeat
1655 545 1878 579 latitudinem
1902 543 2211 588 septentrionalem

1231 607 1335 639 quam
1356 602 1487 639 quanta
1506 602 1556 628 est
1570 595 1736 628 distantia
1756 595 1855 639 plani
1873 594 2060 628 deferentis
2077 593 2211 637 apiano

1230 644 1435 689 Eclipticae.

1334 694 1507 734 Econtra,
1543 695 1685 739 quando
1717 694 1861 739 epicycli
1894 701 2050 727 centrum
2074 705 2093 727 a
2118 693 2213 726 nodo

1233 743 1445 786 devehente,
1497 746 1558 790 qui
1602 742 1869 790 καταβιβάζων
1912 744 2062 781 dicitur,
2122 743 2214 777 ultra

1233 795 1439 840 Eclipticam
1457 796 1569 828 fertur
1586 807 1706 828 versus
1724 795 1922 828 meridiem:
1950 794 2115 838 perigeon
2142 794 2215 837 epi-

1234 847 1322 891 cycli
1339 857 1457 879 versus
1474 846 1621 879 eandem
1637 846 1762 879 mundi
1781 852 1912 889 partem
1935 856 1953 877 a
1971 844 2076 888 plano
2095 855 2216 877 eccen-

1235 897 1314 930 trici
1335 897 1507 937 declinat,
1536 897 1582 929 ita
1597 903 1635 929 ut
1653 907 1774 929 rursus
1794 894 1954 939 superior
1978 894 2120 939 quidem
2136 905 2217 937 pars

1236 947 1381 992 epicycli
1408 947 1641 980 constituatur
1666 947 1758 980 inter
1780 946 1850 979 duo
1874 945 1997 989 plana,
2033 944 2219 977 eccentrici

1237 1004 1272 1031 et
1294 997 1490 1041 eclipticae,
1524 997 1672 1030 inferior
1691 1009 1774 1030 vero
1796 1007 1877 1040 pars
1900 996 1992 1028 ultra
2018 995 2088 1028 duo
2113 994 2220 1038 plana

1237 1047 1375 1090 longius
1397 1047 1549 1080 declinet
1571 1059 1690 1080 versus
1714 1047 1915 1084 meridiem,
1943 1057 2047 1090 qnam
2074 1045 2219 1088 planum

1237 1098 1431 1131 eccentrici.
1494 1096 1612 1139 Quare
1642 1097 1785 1130 Planeta
1815 1108 1958 1130 currens
1987 1096 2025 1128 in
2052 1095 2220 1129 inferiore

1239 1148 1383 1193 epicycli
1408 1147 1612 1187 medietate,
1640 1148 1767 1181 iterum
1790 1148 1959 1180 maiorem
1979 1144 2085 1178 habet
2098 1145 2220 1178 latitu-

1240 1199 1378 1236 dinem,
1414 1198 1450 1230 in
1476 1198 1655 1241 superiore
1679 1210 1762 1230 vero
1795 1197 1992 1236 minorem,
2026 1206 2130 1240 quam
2156 1206 2220 1238 pro

1240 1248 1476 1282 declinatione
1501 1248 1685 1281 eccentrici
1703 1260 1721 1281 a
1740 1248 1845 1291 plano
1864 1245 2067 1290 Eclipticae.
2122 1244 2224 1278 Sem-

1241 1311 1303 1343 per
1319 1305 1435 1332 autem
1452 1297 1597 1331 Planeta
1614 1298 1778 1331 incedens
1794 1309 1856 1340 per
1872 1297 2072 1328 inferiorem
2091 1302 2222 1338 partem

1242 1349 1387 1392 epicycli
1405 1348 1472 1385 sui,
1494 1348 1662 1379 maiorem
1679 1346 1783 1379 habet
1799 1345 2022 1379 latitudinem
2039 1352 2072 1378 et
2088 1352 2225 1389 septen-

1242 1397 1427 1430 trionalem
1446 1403 1480 1429 et
1500 1396 1788 1434 meridionalem,
1814 1407 1919 1441 quam
1941 1407 2020 1429 cum
2044 1406 2107 1440 per
2129 1407 2224 1429 sum-

1242 1458 1333 1480 mam
1352 1447 1506 1489 apsidem
1521 1446 1576 1479 sui
1592 1446 1738 1492 epicycli
1754 1450 1876 1480 fertur.

1343 1494 1406 1530 Est
1431 1502 1545 1529 antem
1574 1494 1659 1529 haec
1698 1497 1847 1530 duarum
1881 1495 2110 1528 latitudinum
2142 1507 2226 1529 con—

1244 1546 1441 1579 iunctarum
1459 1546 1547 1580 ratio
1563 1546 1600 1579 in
1618 1547 1730 1580 tribus
1753 1545 1993 1590 superioribus
2012 1544 2177 1582 Planetis.

1512 1636 1516 1639 >
1560 1612 1615 1646 In
1656 1612 1914 1647 Saturno.

1345 1670 1499 1712 Quando
1527 1672 1703 1716 epicyclns
1736 1678 1785 1705 est
1814 1672 1852 1704 in
1878 1671 2030 1704 termino
2055 1672 2227 1705 maximae

1245 1721 1441 1754 latitudinis
1466 1721 1770 1763 septentrionalis,
1799 1719 1865 1754 hoc
1890 1728 1958 1761 est,
1986 1722 2076 1754 circa
2097 1722 2227 1766 primas

1245 1778 1359 1816 partes
1376 1770 1534 1815 Scorpii‚
1561 1778 1645 1804 tunc
1663 1771 1808 1805 Planeta
1830 1772 1934 1804 distat
1951 1770 1994 1803 ab
2010 1769 2228 1816 Eclipticain

1521 1826 1953 1845 w

1505 1854 1663 1897 Apogeo,
1819 1853 1975 1896 Pei-igeo‚

1502 1905 1537 1936 id
1558 1911 1619 1944 est,
1639 1915 1717 1936 curn
1824 1903 1858 1935 id
1879 1910 1939 1943 est,
1958 1915 2037 1937 cum

1500 1953 1575 1987 Soli
1593 1953 1743 1986 coniun-
1822 1952 1897 1986 Soli
1920 1965 2031 1998 oppo-

1552 2004 1656 2046 gitur,
1859 2003 1967 2043 nitur,

1503 2052 1566 2089 Gr.
1600 2053 1692 2087 Min.
1827 2051 1891 2086 Gr.
1919 2053 2009 2088 Min.

1518 2105 1542 2137 2
1624 2104 1647 2137 3
1844 2103 1866 2136 3
1945 2103 1968 2136 3

1536 2165 1657 2188 versus
1678 2153 1965 2197 septentrionem.

1352 2212 1421 2247 Sed
1440 2214 1581 2257 quando
1604 2213 1780 2258 epicyclus
1804 2219 1899 2246 tenet
1921 2211 2084 2246 australis
2113 2213 2232 2247 latitu-

1250 2263 1345 2297 dinis
1378 2262 1588 2304 terminum,
1622 2261 1689 2296 hoc
1712 2269 1782 2303 est,
1817 2263 1948 2307 primas
1970 2269 2086 2306 partes
2112 2262 2233 2305 Tauri,

1250 2321 1336 2349 tunc
1352 2313 1496 2348 Planeta
1515 2314 1620 2347 distat
1637 2313 1681 2346 ab
1697 2310 1870 2357 Ecliptica
1888 2313 1925 2346 in
1942 2313 2090 2359 epicycli

1503 2371 1967 2390 w

1478 2394 1634 2440 Apogeo‚
1787 2396 1944 2440 Perigeo,

1479 2447 1515 2479 id
1534 2452 1594 2486 est,
1612 2446 1687 2487 ind
1792 2444 1858 2480 hoc
1875 2454 1937 2487 est,
1952 2445 2028 2487 inc?

1479 2508 1558 2530 cum
1578 2495 1660 2530 Sole
1792 2498 1837 2530 ad
1854 2496 1970 2531 Solem

1478 2545 1542 2579 Gr.
1569 2545 1663 2580 Min.
1793 2545 1857 2581 Gr.
1883 2545 1976 2584 Min.

1488 2597 1511 2630 2
1598 2597 1615 2629 1
1802 2595 1826 2628 3
1916 2597 1933 2630 1

1575 2656 1696 2680 versus
1716 2644 1912 2682 meridiem.
