2379 2948
237 102 334 134 1011

233 181 541 222 commonefactio,
576 180 702 224 pignus
737 183 770 210 et
807 176 995 221 applicatio
1031 176 1221 210 ostendens

236 235 502 281 promissionem
527 230 657 274 gratiae
682 229 726 261 ad
744 227 900 271 singulos
925 227 1112 271 pertinere.
1164 226 1223 260 sic

237 293 335 319 vocat
370 284 500 317 Paulus
531 279 834 314 circumcisionem
864 278 1019 321 sigillum
1054 277 1223 311 iusticiac.

237 336 283 371 Et
307 337 394 369 sicut
422 332 607 377 promissio
634 331 700 363 fide
718 329 920 373 accipienda
939 336 1006 370 est,
1032 329 1079 362 ita
1104 329 1140 360 in
1160 325 1225 360 hac

237 383 573 421 enininonesactione
599 389 630 415 ct
657 381 892 425 applicatione
917 380 1002 413 fides
1030 378 1225 412 necessaria

239 445 298 472 est.
355 435 435 468 ldeo
452 446 529 466 cum
550 434 804 475 interrogamus
821 433 864 464 de
881 443 946 465 usu
960 442 1086 464 coenae
1099 429 1226 462 Domi-

240 488 294 527 ni,
322 487 448 520 usitate
464 485 716 528 respondetur,
743 483 915 517 utendum
935 494 972 515 ea
991 493 1062 515 esse
1080 482 1122 513 ad
1141 492 1226 513 con-

241 538 447 571 firmandam
482 536 604 575 fidem,
640 546 728 579 quae
760 533 891 567 scilicet
922 531 988 566 hac
1023 543 1227 565 commone-

239 589 390 622 l‘actione
419 586 600 619 excitanda
627 592 695 625 est,
729 591 762 617 et
790 585 1049 628 agnoscendum
1067 582 1227 616 testimo-

239 640 339 673 nium
363 638 556 682 applicatae
580 635 835 681 promissionis.
889 634 939 668 Ita
964 634 1127 678 privatim
1154 633 1226 676 pri-

240 702 317 723 mus
348 696 380 723 et
410 688 634 721 immediatus
660 693 691 719 et
723 686 927 730 principalis
959 686 1037 718 linis
1067 691 1115 718 est
1143 682 1228 716 haec

241 740 434 774 consolatio
461 750 520 771 seu
546 737 765 772 confirmatio
788 737 887 777 fidei,
914 748 996 769 nam
1024 734 1108 769 haec
1135 736 1228 768 idem

242 798 335 826 sunt.
386 789 508 823 Postea
540 790 710 822 accedunt
740 788 844 821 multi
874 787 960 819 fines
993 786 1230 826 subordinati‚

242 842 432 885 gratiarum
459 840 566 879 actio,
602 838 798 876 invocatio,
835 838 1005 871 consessio
1039 837 1231 876 doctrinae,

244 893 365 925 foedus
384 890 593 924 concordiae
610 902 689 922 cum
706 888 850 922 caeteris
866 886 1038 923 hominib.
1056 889 1092 921 in
1110 889 1231 920 eadem

244 941 411 976 Ecclesia.
475 940 558 974 Ideo
598 947 628 973 et
671 939 818 973 nomina
858 937 965 972 huius
999 940 1087 974 ritus
1122 939 1231 972 multa

243 1001 334 1028 sunt.

347 1042 473 1077 Graeci
491 1049 617 1075 vocant
635 1038 887 1088 λειτουργίαν,
917 1041 953 1074 id
977 1048 1045 1080 est,
1073 1041 1232 1074 ministe-

244 1096 336 1129 rium
353 1094 555 1138 publicum,
582 1105 599 1124 a
619 1090 743 1137 λῃϊῑὸν
759 1093 852 1137 quod
871 1092 1042 1135 significat
1060 1104 1133 1125 rem
1152 1103 1233 1135 par—

247 1154 317 1180 tam
342 1146 380 1177 in
403 1144 513 1184 bello,
540 1145 634 1176 unde
654 1140 875 1190 λειτουργίαι
892 1143 1059 1177 dicuntur
1077 1143 1234 1176 ministe-

246 1197 298 1230 ria
322 1195 481 1240 publica,
508 1195 713 1228 collationes
735 1194 971 1234 tributorum,
999 1201 1111 1228 certae
1137 1193 1234 1226 aedi-

245 1248 422 1281 ficationes
451 1257 511 1278 seu
543 1257 688 1289 operae,
715 1256 804 1289 quae
828 1245 918 1278 fiunt
943 1243 1097 1289 Reipub.
1120 1255 1233 1278 causa.

248 1298 456 1340 Intelligunt
480 1296 588 1338 igitur
615 1294 743 1328 Graeci
766 1308 840 1328 non
866 1296 978 1329 solum
997 1308 1140 1328 coenam
1161 1294 1235 1329 Do-

246 1349 346 1386 mini,
374 1348 435 1380 sed
455 1353 566 1379 totum
586 1346 681 1390 quod
697 1346 747 1378 ibi
763 1347 888 1389 agitur,
916 1347 1137 1385 concionem,
1164 1346 1236 1378 dis—

245 1398 476 1433 tributionem
513 1408 657 1436 coenae‚
695 1396 957 1430 invocationem
984 1403 1017 1429 et
1046 1397 1235 1439 gratiarum

246 1450 432 1483 actionem.
485 1445 532 1480 Et
564 1447 775 1480 vocabulum
806 1444 1015 1493 λειτουργία
1048 1448 1090 1479 de
1121 1446 1237 1490 operis

248 1500 472 1539 Levitarum,
507 1504 545 1530 ut
576 1498 618 1530 de
656 1497 849 1540 gestatione
884 1497 1101 1531 tabernaculi
1137 1509 1237 1541 saepe

253 1557 455 1594 usurpatum
482 1555 543 1582 est.

352 1600 572 1633 Vocabulum
607 1598 717 1631 Missa
747 1598 888 1632 videtur
919 1597 1122 1631 Hebraeum
1155 1609 1237 1637 esse,

834 90 959 125 PHlL.
988 90 1103 127 MEL.
1130 88 1338 125 SCRIPTA
1366 86 1664 124 EXEGETICA.

252 1653 345 1697 quod
374 1650 579 1694 simpliciter
604 1649 774 1692 significat
806 1649 1106 1682 contributionem
1131 1660 1236 1692 pecu-

255 1704 332 1736 niae
358 1713 418 1734 seu
443 1701 590 1734 aliarum
624 1712 762 1739 rerum,
790 1700 872 1745 quia
896 1700 934 1732 in
957 1697 1024 1733 hoc
1052 1711 1238 1743 congressu

254 1753 524 1787 conferebantur
560 1751 810 1796 eleemosynae.
873 1748 947 1784 Alii
986 1757 1111 1794 putant
1141 1749 1239 1784 Lati-

255 1816 336 1837 nam
355 1802 626 1848 appellationem
649 1813 721 1834 esse
741 1801 907 1842 Missam,
932 1802 1022 1835 sicut
1040 1800 1240 1847 Cyprianus

255 1868 316 1899 pro
352 1854 557 1887 remissione
594 1858 816 1896 peccatorum
854 1852 1015 1886 nominat
1047 1853 1239 1887 remissam.

253 1905 300 1939 Et
317 1905 475 1938 scribunt
501 1903 585 1936 olim
603 1903 639 1934 in
658 1901 805 1935 Graecis
819 1900 987 1936 Ecclesiis
1006 1904 1240 1947 pronunciata

257 1968 329 1989 esse
349 1953 433 1988 haec
451 1955 568 1992 verba,
592 1954 692 1991 λαοῖς
708 1952 835 1999 ἄφεσις
850 1952 955 1988 ἔστω.
989 1953 1059 1987 Pro
1077 1952 1141 1986 hac
1156 1966 1241 1987 voce

254 2007 382 2053 ι’ἰᾳεσις
409 2005 531 2038 dicunt
559 2004 706 2037 Latinos
733 2016 918 2048 usurpasse
947 2016 1079 2038 nomen
1116 2003 1241 2045 Missa,

257 2059 316 2092 sed
348 2068 577 2102 quaecunque
614 2061 664 2088 est
697 2054 813 2097 orig0‚
846 2062 1036 2099 quaeratur
1067 2055 1240 2089 concinna

257 2106 511 2152 interpretatio.
562 2105 739 2140 Usitatum
755 2117 886 2138 nomen
902 2113 951 2139 est
967 2113 999 2139 et
1015 2104 1240 2151 εὐχαριστία,

256 2161 337 2205 quia
360 2158 590 2191 certissimum
617 2164 666 2190 est
689 2157 726 2189 in
752 2153 820 2190 hoc
844 2156 916 2190 ritu
931 2155 1007 2190 Deo
1029 2164 1062 2191 et
1085 2157 1240 2191 Domino

257 2218 375 2244 nostro
400 2207 478 2241 Iesu
499 2205 641 2242 Christo
659 2208 788 2250 gratias
805 2208 954 2251 agendas
979 2219 1059 2242 esse.
1114 2207 1151 2240 ln
1171 2207 1240 2242 Ae-

256 2268 360 2307 gypto
380 2259 483 2293 etiam
501 2270 518 2291 a
538 2258 801 2292 contributione
823 2258 1123 2304 eleemosynarum
1151 2259 1240 2292 Mis-

257 2324 328 2345 sam
345 2307 704 2352 nomiaruntAgapen
716 2336 725 2350 ‚
752 2309 834 2354 quia
852 2305 998 2356 ἀγάπας
1015 2310 1241 2354 appellabant

259 2361 526 2405 EleemosynaS,
555 2367 593 2393 ut
619 2360 655 2393 in
671 2357 830 2404 Epistola
846 2359 955 2394 Iudae
978 2360 1124 2394 dicitur:
1153 2359 1239 2393 Hel-

258 2413 402 2445 luantur
433 2412 475 2443 de
499 2411 623 2444 vestris
651 2411 779 2455 agapis,
832 2409 929 2444 Haec
961 2411 1237 2454 appellationum

259 2461 490 2496 consideratio
523 2459 688 2495 historica
724 2468 793 2502 est,
838 2469 870 2496 et
900 2462 1055 2496 ostendit
1085 2469 1236 2496 veterem

258 2512 558 2547 consuetudinem.
611 2511 713 2546 Nunc
731 2514 774 2546 de
797 2513 963 2546 sacrificio
985 2513 1111 2548 dicam.

358 2561 573 2596 Sacrificium
604 2570 654 2597 est
678 2575 766 2607 opus
795 2575 813 2597 a
838 2562 913 2597 Deo
938 2565 1159 2605 mandatum,
1185 2564 1236 2598 fa-

255 2614 436 2652 ciendum,
460 2619 499 2645 ut
522 2610 596 2645 Deo
625 2615 802 2649 tribuatur
824 2612 954 2655 honos,
982 2615 1018 2648 id
1042 2623 1108 2656 est,
1135 2622 1175 2649 ut
1197 2627 1234 2648 ea

253 2663 450 2699 obedientia
477 2664 700 2698 ostendamus
719 2677 782 2699 nos
808 2666 981 2699 affirmare
1000 2663 1096 2700 hunc
1118 2666 1233 2699 solum
1259 2692 1264 2708 ,

2166 93 2262 129 1012

1276 186 1349 208 esse
1370 174 1505 215 Deum,
1538 185 1641 220 quern
1672 175 1721 209 sic
1751 176 1918 218 colimus,
1954 184 1987 210 et
2019 190 2083 211 nos
2110 179 2199 213 velle
2232 181 2265 213 ei

1277 226 1452 259 subiectos
1477 237 1563 260 esse.
1621 224 1802 260 Osiander
1827 234 1897 261 tres
1923 228 2053 272 species
2070 231 2264 269 constituit,

1277 277 1449 322 typicum,
1507 277 1820 323 propiciatorium,
1871 285 1904 312 et
1952 279 2264 315 contributionem.

1277 326 1412 372 Typica
1434 328 1576 363 suerunt
1601 340 1724 362 omnes
1746 329 1836 362 ritus
1857 328 2007 363 Levitici
2033 330 2266 373 significantes

1277 376 1476 420 Christum,
1503 391 1566 412 nec
1596 380 1823 413 merebantur
1849 381 2086 414 remissionem
2110 388 2268 425 peccato-

1278 441 1369 470 rum,
1392 430 1450 462 sed
1469 437 1568 464 erant
1585 431 1684 474 signa
1700 431 1851 464 docendi
1867 443 1968 465 causa
1982 432 2153 467 instituta.
2179 431 2269 466 Pro-

1279 480 1502 523 piciatorium
1534 481 1680 515 unicum
1710 488 1760 515 est
1790 488 1862 515 tota
1893 480 2027 516 Christi
2053 483 2268 522 obedientia,

1279 528 1346 563 hoc
1363 542 1475 563 unum
1494 540 1649 566 meretur
1665 533 1907 566 remissionem
1925 540 2146 578 peccatorum
2163 540 2196 567 et
2213 546 2269 567 re—

1281 581 1563 614 conciliationem
1589 581 1813 624 hominssms,
1840 590 1873 616 et
1898 585 2095 629 applicatur
2121 585 2270 627 singulis

1282 632 1424 676 propria
1462 632 1633 678 cuiusque
1671 633 1756 675 fide,
1790 635 1930 677 audito,
1972 636 2082 677 lecto,
2121 635 2271 679 cogitato

1281 681 1490 726 EvangeliO.

1385 733 1493 776 Quod
1514 740 1630 768 autem
1647 734 1758 780 aliqui
1778 735 1927 770 Levitici
1951 738 2039 772 ritus
2064 737 2273 772 dicebantur

1283 784 1449 818 sacrificia
1464 797 1528 829 pro
1545 792 1686 830 peccato
1703 798 1763 820 seu
1780 788 2064 832 propiciationes,
2085 788 2122 822 id
2140 800 2273 822 nomen

1284 842 1421 869 tantum
1437 834 1617 871 habebant
1632 838 1708 883 typi
1720 838 1952 881 significantes
1968 847 2152 874 venturam
2171 839 2273 873 iusti-

1285 887 1374 920 ciam
1386 911 1395 926 ,
1424 899 1512 932 quae
1530 899 1611 921 vere
1628 895 1715 922 esset
1734 889 1892 923 deletura
1908 897 2101 934 peccatum,
2128 891 2188 923 sed
2206 890 2273 935 ipsi

1285 938 1358 984 typi
1371 950 1433 971 nec
1448 939 1676 973 merebantur
1692 940 1934 973 remissionem
1952 948 2183 985 peccatorum,
2210 952 2274 974 nec

1286 989 1450 1022 delebant
1464 997 1614 1033 peccata.
1642 989 1728 1023 Ideo
1739 991 1872 1025 dictum
1890 998 1939 1025 est
1956 993 1999 1025 ad
2009 991 2099 1027 Heb.
2112 1003 2186 1036 cap.
2199 991 2273 1025 10.:

1288 1039 1509 1083 Impossibile
1539 1047 1588 1073 est
1613 1042 1783 1084 sanguine
1812 1048 1995 1076 taurorum
2019 1043 2099 1076 tolli
2124 1049 2275 1087 peccata.

1287 1090 1444 1123 Tertiam
1461 1091 1609 1134 speciem
1626 1092 1708 1126 fecit
1724 1090 1904 1126 Osiander
1919 1093 2209 1134 contributiones,
2235 1099 2276 1127 ut

1288 1141 1326 1173 in
1352 1141 1426 1184 lege
1450 1142 1692 1176 offerebantur
1715 1143 1832 1187 fruges
1857 1151 1889 1177 et
1906 1145 2074 1188 pecudes,
2097 1145 2193 1178 unde
2207 1143 2276 1177 Le-

1289 1192 1380 1226 vitae
1398 1192 1529 1226 victum
1548 1190 1742 1235 habebant,
1768 1206 1832 1228 nec
1848 1195 2050 1229 merebatur
2064 1195 2099 1228 id
2118 1206 2206 1239 opus
2219 1206 2277 1228 re-

1288 1243 1491 1276 missionem
1509 1251 1740 1287 peccatorum,
1767 1247 1826 1278 sed
1843 1252 1917 1279 erat
1933 1257 2063 1279 merces
2075 1246 2192 1280 debita
2211 1247 2276 1279 do-

1289 1295 1469 1335 centibus,
1496 1296 1557 1339 qui
1576 1307 1648 1328 non
1666 1303 1808 1339 possent
1824 1296 1939 1330 studia
1964 1297 2144 1330 doctrinae
2163 1297 2277 1330 colere

1290 1351 1322 1377 et
1346 1356 1557 1388 propagare,
1583 1346 1612 1378 si
1638 1354 1750 1379 essent
1776 1347 1934 1390 occupati
1958 1347 2037 1380 aliis
2060 1347 2214 1390 negociis
2238 1347 2275 1379 in

1291 1397 1488 1439 quaerendo
1507 1396 1611 1431 victu.
1654 1395 1759 1429 Tales
1774 1397 1881 1440 igitur
1899 1397 2096 1431 oblationes
2112 1409 2185 1431 non
2202 1398 2277 1431 vult

1292 1445 1432 1489 proprie
1448 1446 1517 1478 dici
1535 1453 1648 1491 typOS.

1393 1494 1471 1528 Etsi
1494 1503 1610 1529 autem
1636 1494 1726 1530 hanc
1752 1498 2054 1531 enumerationem
2083 1499 2278 1542 specierum

1291 1558 1365 1578 non
1383 1544 1616 1590 reprehendo,
1640 1553 1758 1580 tamen
1775 1549 1857 1592 quia
1874 1546 1931 1581 hic
1948 1560 2022 1581 non
2040 1547 2278 1594 comprehun-

1292 1598 1426 1630 duntur
1449 1598 1638 1638 sacrificia,
1673 1611 1762 1643 quae
1788 1606 1888 1639 sunt,
1923 1599 2122 1641 invocatio,
2149 1600 2278 1644 gratia—

1292 1660 1370 1681 rum
1388 1648 1496 1689 actio,
1523 1649 1692 1692 patientia
1715 1649 1753 1682 in
1776 1662 1879 1683 cruce
1893 1656 1954 1683 etc.
1978 1662 2092 1683 meam
2117 1651 2278 1695 partitio—

1293 1710 1372 1731 nem
1391 1699 1493 1732 etiam
1513 1706 1678 1743 repetam.
1731 1698 1807 1743 Ego
1828 1702 1914 1734 duas
1934 1701 2063 1745 species
2087 1702 2276 1743 constituo,

1293 1750 1583 1794 propiciatorium
1608 1758 1639 1784 et
1658 1749 1926 1796 εὖχαριστικὸν.
1980 1751 2278 1797 propiciatorium

1294 1813 1354 1834 seu
1369 1799 1558 1835 ἱλαστικὸν
1572 1802 1780 1845 simpliciter
1795 1803 1939 1836 unicum
1959 1809 2009 1837 est
2026 1804 2190 1837 videlicet
2206 1811 2278 1838 tota

1294 1852 1492 1886 obedientia
1516 1850 1669 1893 Christi,
1702 1865 1791 1898 quae
1817 1854 1889 1887 sola
1919 1861 2074 1888 meretur
2099 1855 2278 1899 remissio-

1293 1915 1374 1936 nem
1413 1911 1635 1947 peccatorum
1669 1902 1885 1940 hominibus.
1937 1903 2102 1939 Aliorum
2139 1911 2279 1939 sancto-

1294 1966 1371 1987 rum
1397 1955 1490 1987 bona
1513 1967 1618 1999 opera
1642 1955 1761 1988 omnia
1789 1956 1877 1988 facta
1905 1955 1943 1988 in
1967 1956 2035 1989 fide
2055 1956 2170 2000 reipsa
2195 1963 2279 1990 sunt

1294 2003 1541 2051 εὐχαριστικὰ,
1561 2012 1595 2039 et
1614 2018 1687 2039 non
1701 2012 1883 2039 merentur
1897 2007 2140 2040 remissionem
2158 2019 2278 2051 pecca-

1294 2062 1423 2089 torum.
1477 2055 1530 2090 De
1555 2053 1611 2089 his
1631 2057 1764 2090 dictum
1793 2063 1844 2090 est
1866 2054 1981 2090 Oseae
2010 2057 2083 2092 14.:
2120 2055 2277 2091 Omnem

1294 2107 1392 2140 aufer
1417 2107 1640 2152 iniquitatem
1669 2115 1702 2141 et
1726 2108 1914 2141 reddemus
1939 2108 2070 2143 vitulos
2099 2108 2277 2142 labiorum

1295 2165 1516 2200 nostrorum,
1552 2158 1589 2191 id
1613 2165 1682 2199 est,
1707 2158 1985 2200 invocationem,
2010 2159 2277 2201 confessionem,

1294 2209 1484 2252 gratiarum
1525 2209 1717 2250 actionem,
1763 2210 1920 2243 laborem
1959 2211 2121 2247 docendi.
2180 2209 2278 2244 Haec

1294 2260 1525 2294 nominantur
1542 2260 1627 2293 alias
1643 2260 1809 2294 sacrificia
1826 2261 1953 2296 laudis.
1987 2260 2033 2296 Et
2050 2262 2093 2295 de
2107 2261 2277 2307 patientia

1294 2311 1331 2343 in
1359 2323 1460 2344 cruce
1491 2311 1609 2356 inquit
1637 2310 1746 2346 Psal.:
1787 2311 2004 2346 Sacrificium
2032 2311 2108 2346 Deo
2133 2311 2276 2356 spiritus

1293 2362 1561 2402 contribulatus,
1588 2360 1751 2407 Denique
1770 2363 1888 2396 omnia
1906 2364 1997 2397 bona
2015 2375 2119 2407 opera
2136 2369 2276 2396 sancto-

1292 2424 1371 2445 rum
1387 2413 1474 2446 facta
1497 2412 1533 2445 in
1549 2411 1616 2446 fide
1634 2414 1736 2447 etiam
1757 2414 1871 2458 typica
1894 2411 1962 2448 huc
1979 2415 2165 2458 pertinent,
2192 2413 2275 2458 quia

1292 2463 1432 2497 facienti
1451 2464 1488 2496 in
1512 2463 1579 2497 fide
1602 2471 1699 2498 erant
1724 2464 1820 2507 signa
1840 2465 2074 2498 confessiones
2097 2471 2128 2497 et
2147 2464 2275 2507 gratia-

1291 2525 1368 2546 rum
1383 2513 1539 2549 actionis

1391 2563 1493 2598 Hanc
1517 2564 1789 2598 declarationem
1807 2572 2059 2600 monstrantem
2084 2565 2274 2599 discrimen

1290 2615 1382 2648 inter
1399 2613 1588 2650 ἱλαστικὸν
1605 2622 1637 2649 et
1652 2613 1907 2662 εὐχαριστικὸν
1926 2627 2064 2650 necesse
2082 2623 2133 2650 est
2151 2617 2187 2649 in
2205 2615 2274 2650 Ec-

1290 2666 1391 2700 clesia
1410 2674 1543 2707 extare,
1569 2667 1651 2713 quia
1668 2679 1806 2701 necesse
1824 2673 1873 2701 est
1892 2667 2044 2701 discerni
2063 2667 2272 2701 sacrificium
