2379 2948
242 101 313 138 855
831 95 956 131 PIIIL.

343 185 522 219 Hactenus
550 184 702 218 breviter
728 181 965 226 percurrimus
988 179 1171 214 historiam
1192 185 1225 212 et

244 237 588 280 interpretationem,
625 234 662 266 in
695 245 783 278 qua,
819 239 857 265 ut
887 239 967 265 ante
1000 232 1131 265 dictum
1164 237 1252 268 est,

244 300 316 320 non
336 295 471 321 tantum
491 285 651 328 politicae
668 283 878 323 sententiae,
905 284 962 315 sed
991 283 1094 316 etiam
1119 293 1224 314 evan-

244 339 372 380 gelicae
388 337 664 369 considerandae
688 341 787 375 sunt,
814 340 846 366 et
866 334 1110 376 cogitandum,
1139 332 1223 376 quid

244 387 327 420 haec
354 385 496 420 historia
523 386 576 418 vel
604 384 847 429 interpretatio
874 396 937 417 nos
961 385 1052 428 ipsos
1071 389 1225 415 moueat.

244 436 465 471 Confirmant
484 443 598 470 autem
624 447 688 469 nos
710 435 910 469 testimonia
929 436 972 467 de
990 442 1144 477 tempore
1162 434 1224 465 ad-

243 496 366 521 ventus
383 486 528 527 Christi,
548 499 626 520 cum
643 487 680 519 in
698 493 819 532 quarta
837 483 1053 525 monarchia,
1076 485 1224 516 durante

242 536 357 571 adhuc
374 538 496 582 politia
514 537 681 577 Mosaica,
707 535 888 571 Christum
908 536 1001 568 nasci
1018 534 1225 578 oportuerit,

242 600 378 622 necesse
397 596 445 622 est
463 589 579 628 fateri,
607 589 700 632 quod
722 588 765 620 sit
782 594 894 620 natus.

345 639 544 679 Praeterea,
572 639 653 684 quia
670 636 726 671 hic
744 639 786 671 de
803 649 910 680 regno
928 644 1069 671 aeterno
1085 635 1226 675 dicitur,

244 702 382 724 necesse
396 697 447 724 est
463 689 532 722 dici
553 690 595 723 de
612 700 714 722 causa
730 689 892 722 abolente.
909 694 1069 722 mortem.

243 743 285 774 de
311 753 411 774 causa
441 740 585 780 mortis,
612 741 656 772 de
681 746 838 783 peccato,
866 739 909 770 de
931 737 1225 781 promissionibus

241 792 472 832 liberationis,
496 792 538 823 de
551 788 707 830 Christo,
735 791 776 822 de
796 789 1013 821 redemtione
1030 795 1147 821 nostra
1166 800 1225 831 per

243 843 449 876 sacrificium
469 839 613 881 Christi,
640 842 682 873 de
697 840 951 873 resurrectione
968 846 1201 872 mortuorum.

344 891 533 935 Quomodo
559 899 673 925 antem
700 890 878 933 regnaturi
900 897 982 923 sunt
1001 888 1119 923 Sancti
1147 903 1223 933 per-

243 950 367 986 petuo,
403 955 480 976 cum
508 943 651 986 plurimi
682 941 751 974 sint
775 941 902 974 mortui
936 947 986 974 tot
1012 941 1156 978 seculis,
1193 947 1224 973 et

242 994 407 1038 deinceps
432 994 595 1026 morituri
620 992 765 1036 reliqui,
794 992 860 1024 nisi
891 992 1097 1033 resurgant?
1130 990 1223 1033 Ergo

243 1042 301 1076 hie
325 1044 422 1077 locus
449 1043 692 1087 complectitur
721 1043 921 1075 universam
947 1040 1131 1083 Evangelii
1159 1043 1222 1074 ‹lo-

242 1094 411 1134 ctrinam,
443 1095 486 1126 ad
517 1092 606 1126 hanc
638 1093 896 1136 respiciendum
927 1100 995 1133 est,
1031 1105 1109 1125 cum
1141 1091 1224 1126 haec

241 1145 362 1178 concio
379 1144 538 1178 Danielis
554 1144 691 1187 legitur.

344 1195 489 1229 Interim
506 1193 587 1227 haec
612 1194 797 1238 praecipue
815 1195 1078 1227 consideremus
1097 1195 1138 1227 de
1157 1194 1221 1227 La-

241 1247 323 1290 pide
338 1246 492 1290 praeciso
510 1258 526 1279 a
545 1252 676 1286 monte,
704 1244 822 1279 Unum
841 1257 913 1278 esse
929 1245 1135 1284 Dominum,
1157 1245 1223 1278 sci—

242 1298 322 1330 licet
342 1296 454 1330 Iesum
473 1294 652 1330 Christum
666 1323 675 1336 ‚
703 1296 763 1340 qui
779 1294 844 1328 hoc
868 1308 1017 1338 regnum
1041 1303 1222 1329 aeternum

241 1348 377 1388 incoat,
403 1347 463 1391 qui
481 1347 598 1380 abolet
620 1353 787 1387 mortem,
815 1347 875 1391 qui
895 1347 1002 1380 vincit
1023 1347 1224 1379 universam

243 1398 375 1430 diaboli
402 1405 433 1430 et
452 1397 575 1429 mundi
599 1397 803 1440 potentiam.
856 1396 928 1429 Nec
946 1397 1042 1430 aliud
1062 1395 1118 1429 hic
1138 1397 1225 1430 dicit

241 1447 388 1487 Daniel,
417 1460 520 1490 quam
550 1448 643 1491 quod
672 1453 771 1480 antea
797 1448 934 1480 extabat
955 1449 1047 1490 apud
1073 1446 1226 1488 Esaiam,

244 1499 304 1543 qui
323 1498 483 1531 nominat
502 1496 681 1530 Christum
704 1504 836 1541 patrem
856 1505 1042 1542 perpetuae
1061 1498 1159 1531 vitae.

342 1548 417 1581 Hae
446 1549 636 1581 sententiae
663 1559 804 1591 prorsus
828 1548 919 1580 idem
952 1549 1097 1586 volunt,
1130 1548 1223 1592 quod
1249 1562 1251 1572 ι

242 1600 342 1633 toties
360 1599 484 1642 repetit
500 1598 753 1640 Evangelium,
782 1596 859 1630 loh.
881 1598 931 1633 3.:
971 1598 1041 1640 Qui
1061 1599 1169 1631 credit
1188 1599 1223 1629 in

240 1650 391 1687 Filium,
421 1648 525 1682 hahet
548 1649 654 1682 vitam
680 1655 867 1681 aeternam.
925 1648 997 1690 Qui
1017 1655 1132 1681 autem
1152 1662 1224 1681 non

241 1701 350 1733 credit
368 1701 402 1732 in
424 1700 571 1740 Filium,
600 1711 672 1732 non
698 1699 833 1732 videbit
857 1699 981 1739 vitam,
1008 1700 1065 1732 sed
1091 1699 1141 1732 ira
1159 1698 1224 1732 Dei

241 1751 396 1784 manebit
413 1762 518 1794 super
534 1762 624 1783 eum.

343 1799 389 1834 Et
408 1813 527 1834 rursus
546 1800 667 1834 lohan.
690 1801 765 1834 17.:
800 1800 896 1833 Haec
913 1807 963 1834 est
981 1801 1049 1834 vita
1074 1808 1225 1839 aeterna,

242 1859 280 1885 ut
296 1859 485 1894 agnoscant
501 1859 534 1885 te
557 1852 670 1885 solum
689 1864 809 1884 verum
825 1850 939 1885 Deum
951 1876 959 1890 ,
989 1858 1021 1885 et
1038 1863 1139 1896 quem
1159 1852 1223 1884 mi-

243 1902 315 1935 sisti
336 1902 448 1935 lesum
466 1900 659 1937 Christum.

345 1953 403 1986 Sic
427 1964 507 1994 ergo
531 1953 644 1986 incoat
663 1953 768 1986 vitam
791 1960 984 1993 aeternam,
1011 1965 1088 1985 cum
1113 1955 1224 1986 credi-

243 2016 320 2037 mus
338 2001 431 2036 hunc
447 2002 615 2047 Lapidem
634 2005 753 2036 datum
772 2015 861 2044 esse,
890 2010 927 2036 ut
945 2004 1079 2036 aboleat
1105 2016 1223 2047 pecca-

243 2061 316 2087 tum
342 2061 374 2087 et
398 2061 568 2094 mortem,
602 2061 634 2087 et
659 2054 834 2086 credimus
857 2055 960 2087 nobis
985 2062 1128 2097 propter
1146 2067 1223 2088 eum

243 2105 369 2138 donari
400 2105 641 2137 remissionem
676 2112 895 2147 peccatorum
927 2111 958 2137 et
982 2105 1090 2137 vitam
1115 2112 1225 2139 aeter—

243 2168 336 2189 nam.
391 2154 484 2187 Haec
508 2157 550 2188 de
565 2155 699 2198 Lapide
715 2152 783 2187 hoc
806 2155 881 2187 loco
900 2155 1084 2198 praecipue
1110 2156 1225 2189 consi—

244 2207 427 2246 derentur,
455 2206 633 2251 quomodo
652 2206 767 2238 incoe't
787 2205 892 2238 vitam
911 2212 1098 2238 aeternam.

346 2255 393 2290 Et
415 2257 602 2299 diligenter
624 2254 830 2289 observetur
852 2255 889 2289 in
907 2256 1065 2288 doctrina
1083 2258 1126 2288 de
1147 2258 1226 2296 tide,

244 2308 414 2350 particula
452 2307 590 2350 Gratis,
625 2308 714 2340 sicut
750 2307 835 2339 alias
865 2317 965 2349 saepe
998 2307 1131 2339 dictum
1160 2314 1228 2347 est,

246 2358 353 2400 Quod
376 2360 481 2402 gratis
497 2360 675 2391 donentur
698 2357 800 2391 nobis
821 2357 986 2390 beneficia
1006 2355 1155 2397 Christi,
1182 2370 1226 2390 ne

245 2411 475 2443 transferatur
492 2408 605 2442 honos
623 2407 752 2443 Christi
773 2409 810 2441 in
828 2408 1000 2441 iusticiam
1026 2405 1227 2441 humanam.

247 2457 352 2499 Item,
378 2467 418 2493 nt
436 2468 573 2494 maneat
592 2460 671 2493 fidei
689 2459 883 2502 certitudo,
910 2457 990 2492 Non
1012 2466 1124 2501 posset
1143 2460 1225 2491 tides

248 2511 408 2551 existere,
436 2512 461 2543 si
481 2512 648 2555 penderet
670 2523 709 2543 ex
733 2510 937 2543 conditione
953 2515 1091 2541 nostrae
1110 2509 1225 2551 digni-

248 2562 343 2601 tatis,
372 2568 430 2594 aut
446 2562 543 2603 legis.
597 2560 643 2595 Et
659 2561 743 2606 quid
766 2561 809 2594 sit
835 2558 919 2594 haec
944 2560 1028 2593 fides
1056 2560 1093 2592 in
1124 2560 1225 2592 invo-

249 2612 401 2651 catione,
428 2612 632 2645 discendum
653 2619 702 2645 est
724 2612 759 2644 in
777 2612 942 2644 omnibus
961 2611 1051 2644 vitae
1073 2611 1226 2653 negociis

247 2670 279 2696 et
304 2661 488 2705 periculis,
522 2668 606 2696 tunc
631 2663 830 2696 intueamur
853 2660 1033 2696 Christum
1048 2660 1225 2695 Mediato-

984 94 1099 130 MEL.
1129 93 1337 129 SCRIPTA
1364 92 1660 129 EXEGETICA.

1127 687 1226 726 Item,
1250 723 1251 726 Ἰ

2182 95 2255 130 836

1250 184 1252 204 l
1274 191 1347 212 rem
1372 187 1404 212 et
1423 179 1648 217 Pontificem,
1685 186 1716 212 et
1742 180 1932 223 cogitemus
1955 192 2033 214 eum
2062 179 2156 215 hunc
2183 192 2255 214 esse

1250 213 1463 276 Lapidem
1500 230 1558 275 qui
1584 231 1734 264 destruit
1764 230 1956 274 potentiam
1983 231 2132 271 diaboli,
2166 232 2256 265 sicut

1278 278 1450 313 lohannes
1473 281 1677 325 inquit21n
1704 279 1768 314 hoc
1793 281 1954 324 apparuit
1973 280 2086 314 Filius
2100 281 2183 322 Dei,
2217 288 2256 315 ut

1250 347 1251 384 ἢ
1275 332 1431 364 destruat
1445 343 1550 375 opera
1567 331 1712 365 diaboli.
1760 329 1805 364 Et
1823 331 2088 364 meminerimus
2105 332 2256 375 particu-

1250 392 1251 425 ᾗ
1275 381 1328 414 lae
1346 381 1487 420 Gratis,
1516 394 1620 427 quam
1638 383 1710 426 ipse
1724 381 1852 415 Daniel
1874 382 1977 415 nobis
1995 382 2148 416 inculcat
2166 382 2256 416 infra

1249 430 1251 466 ἱ
1275 443 1349 476 cap.
1370 433 1421 467 9.:
1458 432 1582 480 Neque
1607 433 1700 465 enim
1730 433 1767 465 in
1792 433 2098 466 iustificationibus
2128 433 2257 465 nostris

1249 475 1252 491 ¹
1276 482 1498 524 invocamus,
1525 485 1584 516 sed
1604 484 1640 516 in
1658 483 1943 517 miserationibus
1959 483 2029 517 tuis
2047 483 2178 517 multis.

1249 522 1252 582 1
1378 533 1559 567 Postremo
1578 541 1806 578 excerpantur
1824 534 2021 567 testimonia
2040 534 2083 566 de
2108 533 2258 578 politicis

1249 583 1252 627 1
1277 583 1441 626 negociis.
1495 584 1672 625 Primum,
1706 586 1798 629 quod
1823 584 1968 628 imperia
1986 584 2156 618 divinitus
2174 596 2258 617 con-

1277 634 1486 674 stituantur,
1513 641 1661 668 testatur
1686 633 1742 668 hic
1759 635 1886 668 Daniel
1915 635 2096 680 inquiens,
2122 635 2175 668 Sit
2192 646 2258 666 no-

1278 696 1356 717 men
1375 683 1438 717 Dei
1455 685 1678 719 benedictum
1697 692 1761 719 etc.
1815 686 1887 729 Qui
1913 686 2075 720 transfert
2095 697 2210 728 regem
2227 691 2260 718 et

1276 735 1465 768 consistere
1482 735 1574 769 facit.

1379 785 1561 826 Secundo,
1589 787 1682 831 quod
1709 785 1775 829 piis
1799 787 1899 820 liceat
1921 787 2167 820 administrare
2193 786 2261 820 im-

1277 836 1391 879 peria,
1422 843 1593 870 testantur
1613 835 1669 869 hic
1687 838 1842 881 exempla
1860 837 2029 876 Danielis,
2055 845 2088 871 et
2106 837 2260 870 aliorum

1277 887 1508 928 Sanctorum,
1537 889 1596 932 qui
1624 888 1850 931 praefuerunt
1877 888 2086 932 provinciis,
2123 894 2157 921 et
2180 887 2261 932 qui-

1277 938 1355 970 dem
1381 938 1545 971 dixerunt
1569 938 1643 979 ius,
1669 950 1741 971 non
1767 951 1807 972 ex
1834 939 1969 982 legibus
1986 938 2173 979 Mosaicis,
2201 938 2260 971 sed

1277 1000 1315 1020 ex
1333 987 1571 1034 Babylonicis.

1560 1096 1668 1136 Loci
1697 1096 1771 1137 ΙΙΙ.
1800 1096 1976 1150 Capitis.

1750 1187 1777 1221 l.

1379 1246 1589 1291 Exemplum
1624 1244 1800 1280 humanae
1828 1247 2001 1281 caecitatis
2034 1254 2068 1281 et
2096 1247 2262 1280 audaciae

1276 1298 1492 1332 instituentis
1509 1309 1618 1330 novos
1638 1298 1751 1331 cultus
1768 1297 1844 1329 sine
1863 1299 1969 1331 verbo
1987 1296 2074 1339 Dei,
2101 1309 2189 1343 quos
2205 1296 2262 1331 hic

1277 1350 1431 1382 ostendit
1451 1361 1486 1382 se
1504 1347 1601 1382 Deus
1621 1349 1832 1391 improbare.

1743 1423 1789 1458 11.

1378 1482 1548 1515 Doctrina
1565 1489 1633 1523 est,
1661 1484 1757 1528 quod
1774 1488 1934 1526 oporteat
1959 1477 2168 1524 reprehendi
2196 1481 2262 1514 im-

1249 1556 1250 1559 =
1276 1533 1353 1576 pios
1373 1534 1498 1567 cultus.

1739 1597 1803 1633 111.

1381 1657 1486 1700 Quod
1500 1663 1659 1700 oporteat
1670 1658 1873 1690 mandatum
1885 1656 1949 1690 Dei
1959 1656 2133 1690 anteferre
2145 1659 2263 1691 omni-

1277 1711 1342 1742 bus
1369 1710 1474 1741 rebus
1497 1707 1680 1748 humanis,
1715 1709 1896 1751 potestati,
1929 1708 2063 1751 legibus
2087 1705 2264 1751 humanis,

1278 1759 1371 1804 paci,
1398 1759 1646 1804 tranquillitati
1666 1758 1756 1791 vitae
1776 1766 1926 1794 nostrae.

1728 1834 1809 1869 llll.

1378 1892 1602 1938 Blasphemia
1628 1894 1810 1926 refutanda
1836 1900 1904 1934 est,
1938 1901 1975 1928 ut
2005 1891 2062 1927 hic
2087 1895 2262 1929 refutatur

1249 1941 1251 1969 l
1277 1946 1409 1979 dictum
1426 1946 1531 1988 regis:
1561 1945 1651 1987 Quis
1667 1944 1762 1978 Deus
1780 1951 1891 1987 potest
1909 1957 1969 1978 vos
1987 1944 2162 1978 liberare?

1742 2019 1785 2052 V.

1376 2081 1501 2124 Qualis
1527 2081 1650 2113 debeat
1673 2091 1744 2112 esse
1767 2079 1851 2111 fides
1869 2079 1912 2111 de
1938 2080 2111 2123 corporali
2131 2080 2261 2115 libera·

1277 2133 1391 2173 tione,
1426 2132 1589 2164 videlicet
1616 2143 1694 2163 cum
1725 2129 1948 2168 conditione,
1982 2130 2010 2162 si
2032 2129 2107 2164 Deo
2138 2132 2260 2175 placet.

1276 2182 1321 2217 Et
1356 2184 1399 2216 de
1430 2182 1634 2216 discrimine
1664 2180 1961 2224 promissionum,
2000 2180 2102 2214 Aliae
2128 2179 2260 2218 habent

1276 2234 1535 2272 conditionem,
1565 2232 1652 2265 aliae
1671 2244 1740 2264 non
1762 2229 1906 2266 habent.

1379 2369 1599 2403 Glorificatio
1623 2369 1763 2412 piorum
1782 2376 1901 2403 contra
1928 2365 2199 2412 blasphemiam,
2226 2375 2259 2402 et

1277 2433 1388 2465 poena
1409 2420 1611 2463 impiorum,
1637 2420 1839 2463 praesertim
1856 2419 2060 2459 satellitum,
2074 2418 2133 2462 qui
2151 2418 2259 2452 alieni

1251 2505 1252 2510 ,
1277 2471 1406 2505 furoris
1420 2471 1574 2504 ministri
1591 2478 1683 2504 sunt.

1728 2546 1810 2580 Vll.

1380 2605 1641 2639 Testimonium
1653 2634 1661 2647 ,
1689 2607 1784 2651 quod
1801 2606 1837 2638 in
1856 2604 2019 2648 periculis
2035 2602 2132 2638 Deus
2152 2605 2257 2638 addat

1277 2658 1418 2702 angelos
1435 2658 1513 2702 piis.
