2379 2948
136 120 233 155 1433

131 206 281 245 tentiae,
323 217 411 251 quae
445 203 636 250 probibent
669 202 760 239 hanc
794 205 978 245 fiduciam,
1019 203 1122 250 quale

131 257 221 290 illud
239 263 307 296 est,
335 256 519 302 Nusquam
535 264 609 291 tuta
625 257 720 292 fides.
775 254 909 290 Omnia
925 261 1123 295 vertuntur,

130 315 223 341 certe
246 315 434 341 vertuntur
457 320 604 342 amores.

130 365 206 392 tum
230 359 274 391 de
297 359 533 392 inconstantia
550 359 792 399 voluntatum,
820 365 853 392 et
872 358 1028 402 perfidiis
1047 357 1120 390 usi-

129 409 212 442 tatis
235 409 329 441 inter
351 407 532 450 homines,
560 420 647 454 quas
671 409 815 454 quidem
837 420 961 442 omnes
984 409 1120 453 experi-

127 471 209 493 mur
227 471 300 493 esse
317 460 556 494 creberrimas.

230 517 298 553 Sed
318 518 473 562 Spiritus
499 525 640 553 sanctus
664 530 738 551 non
760 518 874 551 solum
894 518 937 551 de
954 518 1119 551 volunta-

127 577 202 604 tum
225 569 483 610 inconstantia,
511 570 571 603 sed
596 569 701 603 etiam
726 570 768 602 de
786 569 973 612 fragilitate
991 567 1117 602 huma—

127 633 255 654 narum
286 621 416 654 virium
446 621 688 655 concionatur.
748 619 939 664 Pompeius
964 627 1033 653 tam
1057 620 1116 652 fir-

127 684 226 705 mum
242 672 431 706 exercitum
447 669 591 712 habuit,
617 678 656 705 ut
673 683 746 705 non
763 672 942 705 dubitaret
958 671 1024 704 sibi
1039 671 1117 715 pol·
1142 683 1145 702 i

126 722 226 756 liceri
244 723 448 764 victoriam,
475 723 533 756 sed
553 729 671 756 tamen
690 720 755 756 hac
774 734 834 766 spe
850 723 1040 756 frustratus
1057 728 1117 757 est.

228 783 300 817 Nec
316 783 390 816 sine
409 795 510 817 causa
527 780 586 816 hic
602 783 812 816 nominatim
831 782 1046 816 mentionem
1065 782 1117 814 fa·
1142 795 1144 805 v

462 833 633 877 Intelligit
658 834 751 868 enim
773 846 845 867 non
866 840 1001 867 tantum
1020 843 1117 875 reges
1142 854 1143 863 1

125 835 173 869 cit
196 834 411 879 principum.

126 893 159 920 et
183 886 330 927 divites,
372 886 432 918 sed
464 885 552 918 alios
581 886 686 919 etiam
712 891 927 929 praestantes
952 883 1115 927 ingeniis,

125 937 316 982 sapientia,
343 936 485 970 virtute.

124 988 163 1021 in
181 987 355 1028 Ecclesia,
382 999 427 1020 ne
450 1000 490 1021 ex
514 987 659 1021 illorum
686 987 892 1030 autoritate,
919 986 1061 1020 iudiciis
1083 992 1116 1018 et

124 1039 369 1072 voluntatibus
400 1039 637 1082 pendeamus,
679 1051 767 1071 neve
797 1050 861 1071 nos
894 1038 937 1070 ad
969 1038 1114 1070 illorum

123 1090 325 1123 voluntates
341 1089 574 1123 inflectamus.
622 1089 722 1124 Sicut
731 1088 864 1123 Hosius
879 1100 915 1123 se
933 1088 1115 1122 inflexerat

123 1142 168 1174 ad
184 1139 385 1175 Constantii
404 1141 637 1175 voluntatem.

224 1192 264 1226 Si
282 1203 421 1226 causam
439 1192 569 1225 bonam
585 1204 716 1232 moves,
743 1191 826 1237 quia
841 1202 958 1236 speras
972 1198 1004 1225 te
1014 1190 1114 1234 prin-

121 1243 239 1287 cipum
271 1250 303 1277 et
334 1254 546 1286 magnorum
574 1243 734 1276 virorum
764 1243 880 1277 studia
906 1240 1112 1276 habiturum

122 1306 214 1334 esse,
251 1294 442 1339 experieris
467 1294 611 1328 illorum
633 1294 921 1328 inconstantiam.
974 1292 1113 1327 Rursus

120 1345 226 1380 etiam
259 1357 397 1390 peccas,
433 1345 462 1378 si
490 1352 587 1378 metu
619 1345 821 1389 principum
856 1351 888 1377 et
912 1344 1112 1388 sapientum

118 1397 249 1431 bonam
282 1407 421 1429 causam
450 1395 605 1440 proiicis.
668 1394 751 1428 Ideo
781 1406 925 1439 sequere
956 1394 1112 1437 regulam

118 1446 251 1481 Psalmi
267 1447 342 1483 36.:
378 1446 488 1491 Spera
512 1446 548 1479 in
571 1444 788 1485 Dominum,
817 1452 851 1479 et
875 1452 967 1478 recta
996 1445 1112 1477 facito.

121 1496 339 1543 Obtempera
367 1505 448 1532 tuae
473 1496 672 1537 vocationi,
706 1503 799 1530 recte
822 1497 946 1529 doceas
967 1503 1000 1529 et
1021 1506 1112 1537 agas,

120 1556 154 1583 et
179 1556 319 1594 expecta
345 1549 516 1582 auxilium
543 1554 575 1581 et
600 1547 894 1591 gubernationem
920 1554 1110 1580 eventuum

118 1613 138 1634 a
161 1599 256 1642 Deo,
290 1612 354 1633 nec
376 1606 509 1644 spectes
535 1599 591 1631 vel
614 1598 918 1638 benevolentiam,
947 1598 1000 1630 vel
1026 1609 1110 1640 pro-
1136 1613 1137 1619 1

745 1648 956 1682 Praesertim
980 1649 1017 1680 in
1042 1646 1111 1681 Ec·
1135 1653 1138 1677 3

119 1652 244 1693 missa,
277 1652 333 1685 vel
363 1651 444 1684 odia
466 1650 679 1695 principum.

119 1703 221 1737 clesia
246 1714 335 1747 opus
359 1709 409 1736 est
431 1701 497 1735 hac
521 1701 632 1734 animi
655 1700 917 1744 magnitudine,
946 1700 1028 1745 quia
1052 1711 1110 1732 ex-
1136 1713 1138 1736 ¹,

118 1754 292 1800 perientia
323 1753 496 1794 ostendit,
538 1763 644 1797 quam
674 1752 779 1796 pauci
809 1763 946 1795 semper
979 1751 1111 1784 fuerint

117 1806 238 1839 fideles
257 1805 451 1850 principes,
486 1811 519 1838 et
544 1815 649 1848 quam
675 1803 746 1837 sint
769 1803 976 1843 mutabiles,
1006 1801 1111 1835 etiam

118 1858 179 1903 qui
195 1857 363 1890 videntur
380 1867 452 1889 esse
470 1855 676 1889 mediocres.
729 1852 868 1892 UtAsa‚
895 1866 975 1887 cum
992 1853 1112 1897 auspi-

119 1908 172 1942 cia
197 1908 295 1951 regni
322 1907 471 1940 fuissent
497 1907 574 1950 pia,
604 1913 638 1939 et
660 1906 734 1949 ipse
752 1905 897 1948 egregiis
916 1904 1074 1938 victoriis
1092 1916 1111 1937 a

118 1960 198 1993 Deo
230 1965 377 1993 ornatus
409 1964 515 1999 esset,
549 1964 669 1990 tamen
699 1963 819 2000 postea
842 1957 954 1989 factus
981 1963 1030 1989 est
1056 1955 1110 1988 sui
1136 1977 1137 1984 η

118 2011 317 2051 dissimilis,
358 2017 392 2044 et
423 2009 577 2042 exercuit
608 2007 790 2042 saevitiam
826 2007 863 2039 in
894 2004 1109 2050 Prophetam

118 2069 152 2096 et
169 2062 269 2097 alios.

170 2160 337 2198 Omnes
379 2166 537 2209 gentes
583 2157 986 2195 circumdederunt
1030 2171 1109 2193 me:

220 2212 300 2249 sed
322 2214 369 2248 in
396 2212 576 2247 nomine
599 2210 798 2245 Domini
820 2209 978 2244 delebo
1003 2222 1085 2246 eos.

171 2271 492 2309 Circumdederunt
523 2284 577 2306 me
602 2269 780 2319 undique:
815 2268 882 2304 sed
903 2270 941 2304 in
965 2270 1110 2304 nomine

220 2324 384 2359 Domini
399 2323 522 2358 delebo
538 2336 607 2358 eos.

171 2378 498 2419 Circumdederunt
520 2393 574 2415 me
590 2382 683 2416 sicut
700 2393 806 2428 apes,
833 2384 1003 2415 arserunt
1017 2380 1109 2413 sicut

222 2435 323 2481 ignis
351 2434 565 2482 spinarum:
607 2433 672 2467 sed
701 2432 740 2466 in
774 2432 918 2466 nomine
948 2430 1112 2465 Domini

222 2485 346 2520 delebo
364 2498 434 2521 eos.

169 2545 374 2594 Impellens
399 2543 547 2592 impulit
571 2555 624 2577 me
649 2549 687 2577 ut
715 2541 896 2582 caderem,
925 2547 954 2577 et
971 2541 1110 2576 Domi-

222 2610 292 2632 nus
311 2595 454 2630 adiuwit
471 2608 536 2631 me.

169 2654 372 2692 Fortitudo
402 2667 481 2689 mea
511 2659 541 2688 et
563 2653 743 2688 canticum
765 2666 881 2688 meum
906 2651 1108 2691 Dominus,

222 2713 252 2742 et
263 2707 344 2756 suit
361 2705 458 2741 mihi
474 2705 697 2740 auxiliator.

728 118 790 155 IX.
843 116 1206 154 COMMENTARH
1243 117 1293 152 IN
1330 116 1572 153 PSALMOS.

656 307 724 341 Sed
746 304 810 340 hae
830 308 1027 352 loquuntur
1044 313 1119 340 tan·
1147 344 1149 346 v

538 935 591 970 De
614 934 669 969 his
693 937 861 970 admonet
883 935 1033 968 maxime
1052 946 1116 967 nos
1141 954 1142 958 =

2065 121 2162 157 1434

1149 207 1152 244 ῐ
1232 201 1323 238 Vox
1346 202 1591 237 ea‘ultationis
1613 207 1643 236 et
1661 201 1798 236 salutis
1818 202 1855 236 in
1873 204 2038 238 tentoriis
2054 206 2168 239 iusto-

1279 267 1378 293 rum,
1406 253 1557 288 Dexlra
1579 253 1841 302 Domz'nifecit
1860 255 2035 291 virtutem.

1226 319 1378 355 Dextra
1405 319 1568 355 Domini
1597 320 1769 355 exaltata
1797 327 1867 362 est,
1902 321 2055 357 Dextra
2081 321 2165 357 Do-

1276 371 1470 420 minisecit
1489 374 1666 408 virtulem.

1223 438 1314 476 Non
1346 441 1506 479 moriar,
1542 439 1608 474 sed
1636 440 1771 482 vivam,
1807 446 1837 475 et
1862 442 2027 476 narrabo
2054 455 2162 490 opera

1273 491 1444 525 Domini.

1144 568 1147 587 ¹
1222 556 1430 607 Castigans
1465 560 1660 606 castigavit
1684 572 1737 594 me
1760 559 1966 600 Dominus,
2001 566 2030 594 et
2053 562 2164 595 morti

1275 625 1349 646 non
1365 610 1525 646 tradidit
1541 624 1607 647 me.

1272 697 1397 732 Solent
1419 697 1551 731 Psalmi
1578 698 1725 730 eandem
1757 698 1984 739 sententiam,
2020 698 2074 731 vel
2098 699 2160 731 iis-

1170 750 1250 783 dem
1275 750 1409 790 verbis,
1435 749 1490 782 vel
1515 748 1700 792 paululum
1723 749 1865 781 mutatis
1883 755 2056 793 repetere,
2085 761 2160 782 am-

1170 800 1352 844 plificandi
1370 811 1483 835 causa.
1529 798 1639 843 quue
1656 799 1815 832 videmus
1834 800 1869 831 in
1887 800 2064 832 veteribus
2081 812 2159 832 car-

1142 869 1144 886 :
1170 851 1325 884 minibus
1349 851 1516 884 usitatum
1542 851 1657 883 fuisse.
1719 849 1769 882 Ita
1794 851 1830 882 in
1859 849 1925 883 hoe
1950 848 2159 894 triumphali

1142 910 1143 921 ¹
1170 902 1325 935 carmine
1350 903 1469 935 eadem
1492 902 1663 934 sententia
1689 912 1789 944 saepe
1806 901 1953 948 repetita
1971 908 2030 934 est.
2087 900 2158 934 Ite-

1141 974 1142 978 =
1169 965 1248 987 rum
1275 959 1455 997 exaggerat
1479 952 1694 996 periculum,
1722 959 1754 984 et
1770 958 1917 985 testatur
1933 964 1967 985 se
1986 952 2158 986 divinitus

1140 1011 1143 1105 J
1169 1011 1345 1038 servatum
1364 1015 1454 1045 esse,
1481 1011 1515 1037 et
1531 1003 1683 1036 celebrat
1700 1002 1944 1035 admirandam
1964 1003 2159 1044 victoriam,

1169 1062 1201 1089 et
1216 1056 1284 1088 fide
1301 1062 1437 1088 erectus
1454 1061 1568 1098 sperat
1584 1055 1715 1087 similes
1733 1054 1896 1087 victorias
1913 1054 1949 1086 in
1967 1061 2160 1097 posterum,

1168 1113 1201 1140 et
1216 1103 1378 1140 hostibus
1393 1106 1551 1139 minatur
1568 1105 1725 1138 exitium.
1780 1104 1827 1139 Ut
1844 1111 1959 1137 autem
1974 1103 2059 1138 haec
2074 1117 2157 1138 nar—

1166 1157 1258 1191 ratio
1279 1157 1464 1201 praecipue
1482 1155 1614 1190 Christi
1639 1156 1846 1189 afflictiones
1865 1162 1896 1188 et
1915 1156 2078 1189 victorias
2095 1156 2158 1189 de-

1139 1203 1141 1258 ξ
1167 1208 1306 1250 scribit,
1340 1209 1387 1242 ita
1411 1209 1526 1250 imago
1552 1214 1603 1241 est
1629 1208 1738 1241 totius
1760 1207 1955 1246 Ecclesiae,
1988 1214 2021 1240 et
2045 1214 2157 1240 certa-

1138 1263 1140 1308 1
1166 1260 1263 1293 mina
1287 1260 1378 1300 eius,
1405 1266 1438 1292 et
1458 1270 1644 1292 aerumnas
1665 1271 1702 1291 ac
1721 1258 1885 1291 victorias
1904 1257 2006 1291 nobis
2025 1269 2157 1302 propo-

1137 1310 1140 1370 ἱ
1166 1311 1237 1351 nit,
1264 1318 1304 1344 ut
1327 1322 1429 1355 saepe
1453 1311 1490 1343 in
1507 1309 1655 1343 Psalmis
1679 1307 1746 1343 hoc
1768 1310 1883 1353 ipsum
1908 1316 2156 1352 argumentum

1165 1368 1346 1396 tractatur.

1269 1419 1377 1462 Quod
1401 1420 1503 1460 dicit,
1539 1414 1677 1451 Omnes
1697 1423 1821 1463 gentes
1846 1415 2157 1452 circumdederunt

1165 1481 1237 1509 me,
1272 1471 1337 1503 etsi
1360 1470 1464 1503 etiam
1488 1476 1580 1502 recte
1604 1470 1816 1512 intelligitur
1842 1471 1884 1503 de
1908 1468 2066 1510 Davide,
2099 1470 2156 1503 cui

1164 1533 1287 1555 omnes
1309 1520 1446 1554 vicinae
1473 1527 1590 1564 gentes
1610 1520 1702 1553 bella
1718 1520 1936 1562 intulerunt,
1964 1527 2082 1553 tamen
2100 1527 2156 1554 to-

1165 1579 1234 1606 tam
1252 1570 1466 1612 Ecclesiam,
1492 1573 1574 1604 inde
1597 1583 1708 1615 usque
1731 1583 1750 1604 a
1773 1571 1948 1615 principio
1973 1572 2015 1604 ad
2038 1571 2155 1612 finem,

1165 1623 1410 1667 complectitur
1438 1635 1504 1655 vox
1528 1620 1672 1657 Christi.
1744 1621 1836 1655 Toto
1869 1623 1955 1655 orbe
1980 1629 2154 1656 terrarum

1135 1679 1138 1709 t
1164 1674 1248 1706 inde
1269 1685 1380 1719 usque
1404 1673 1448 1706 ab
1466 1673 1576 1713 Abel,
1603 1673 1763 1706 incitavit
1789 1673 1952 1706 diabolus
1971 1673 2078 1717 impia
2096 1685 2155 1706 or-

1715 1723 1821 1757 Nulla
1838 1736 1922 1767 gens
1940 1736 2012 1757 nou
2031 1722 2155 1758 habuit

1136 1742 1137 1768 g
1165 1736 1253 1768 gana
1273 1725 1439 1757 adversus
1454 1723 1660 1758 Ecclesiam.

1163 1783 1334 1821 tyrannos
1358 1775 1521 1808 inimicos
1545 1773 1698 1809 Christo.
1769 1772 1905 1808 Omnes
1929 1773 2155 1808 monarchiae

1164 1834 1307 1860 conatae
1331 1833 1413 1860 sunt
1438 1826 1554 1859 delere
1579 1827 1726 1859 verbum
1750 1824 1829 1861 Dei.
1890 1825 2048 1859 Maxime
2070 1838 2153 1860 vero

1164 1878 1286 1911 saeviit
1307 1884 1446 1922 quarta,
1474 1883 1507 1910 et
1522 1889 1618 1910 nunc
1634 1883 1712 1920 post
1728 1883 1889 1922 quartam
1905 1877 2078 1911 Turcicus
2096 1878 2154 1911 fu·—

1164 1941 1242 1970 ror,
1269 1929 1357 1962 sicut
1380 1928 1589 1971 significavit
1607 1927 1753 1969 Daniel,
1782 1929 1906 1971 pedes,
1934 1928 1969 1961 id
1990 1935 2060 1969 est,
2089 1940 2153 1972 po-

1136 1988 1137 2003 ³
1163 1987 1328 2014 stremam
1351 1987 1486 2023 partem
1505 1979 1622 2013 ultimi
1643 1979 1783 2023 imperii
1800 1980 1918 2012 omnia
1936 1980 2154 2021 conculcare,

1135 2040 1138 2101 ι
1164 2029 1232 2064 hoc
1247 2038 1317 2071 est,
1345 2028 1535 2064 horribiles
1550 2031 1728 2064 vastitates
1744 2031 1781 2063 in
1797 2028 1963 2063 Ecclesiis
1979 2037 2051 2064 toto
2067 2031 2152 2064 orbe

1134 2103 1138 2116 ι
1163 2090 1338 2117 terrarum
1358 2082 1504 2116 efficere.
1561 2081 1646 2115 Item
1666 2082 1708 2114 de
1725 2093 1835 2115 cornu
1848 2108 1856 2122 ‚
1882 2082 1976 2127 quod
1994 2082 2153 2115 exoritur

1164 2146 1204 2166 ex
1233 2140 1357 2178 quarta
1388 2133 1499 2166 bestia
1532 2133 1599 2173 ait,
1645 2133 1934 2175 helligeraturum
1968 2144 2039 2165 esse
2070 2144 2151 2166 cum

1135 2201 1137 2207 ν
1164 2184 1313 2219 Sanctis.
1386 2182 1434 2218 Et
1465 2181 1661 2217 Ezechielis
1690 2184 1800 2226 capite
1822 2183 1882 2218 38.
1922 2183 1964 2216 de
1997 2182 2077 2226 Gog
2117 2191 2150 2217 et

1163 2235 1294 2279 Magog
1316 2235 1383 2275 ait,
1411 2234 1532 2278 Ignem
1557 2235 1628 2268 irae
1646 2235 1715 2268 Dei
1730 2246 1802 2268 esse
1818 2234 2016 2276 saevitiam,
2044 2246 2150 2280 quam

1135 2311 1137 2332 ζ
1163 2287 1337 2321 exercebit
1354 2285 1434 2330 Gog
1450 2293 1485 2320 et
1502 2285 1643 2329 Magog.

1133 2339 1137 2393 ξ
1265 2345 1385 2389 Quare
1403 2358 1481 2379 cum
1498 2343 1582 2378 haec
1597 2346 1702 2379 verba
1716 2345 1883 2387 legimus,
1911 2340 2049 2378 Omnes
2060 2356 2150 2391 gen-

1134 2398 1137 2425 !
1163 2401 1213 2430 tes
1239 2394 1548 2431 circumdederunt
1571 2408 1646 2437 me,
1673 2395 1866 2430 Ecclesiam
1885 2397 2043 2429 omnium
2063 2405 2151 2431 tem-

1163 2461 1287 2494 porum
1311 2449 1532 2488 intueamur,
1561 2455 1593 2481 et
1617 2448 1767 2481 maxime
1792 2448 1835 2480 de
1858 2447 2004 2481 ultimae
2029 2448 2150 2482 aetatis

1163 2500 1405 2544 persecutione
1421 2500 1624 2545 cogitemus.
1680 2497 1721 2531 In
1739 2496 1889 2532 Oriente
1907 2505 1940 2532 et
1954 2499 2073 2532 Africa
2085 2499 2151 2534 Sa-

1162 2551 1281 2584 raceni
1308 2551 1556 2591 dominantur,
1599 2550 1708 2584 Turci
1740 2556 1878 2583 vastant
1907 2547 2150 2587 Occidentem.

1163 2601 1204 2635 In
1221 2601 1366 2646 Europa
1391 2602 1535 2645 exiguus
1555 2601 1704 2645 angulus
1727 2607 1795 2642 est,
1825 2600 1885 2646 qui
1903 2601 2046 2635 titulum
2065 2602 2150 2636 reti-

1163 2660 1223 2687 net
1240 2651 1416 2686 Ecclesiae
1433 2651 1520 2692 Dei,
1548 2659 1580 2686 et
1598 2653 1782 2697 profitetur
1799 2664 1833 2686 se
1849 2650 2029 2686 Christum
2048 2653 2151 2686 invo-

1130 2703 1138 2741 ι’
1163 2716 1260 2748 care,
1289 2710 1321 2738 et
1338 2704 1488 2738 retinere
1506 2704 1652 2738 verbum
1668 2703 1754 2745 Dei,
1781 2703 1949 2738 traditum
1965 2702 2151 2748 Prophetis
