2379 2948
209 141 280 176 225

313 222 385 256 *Nec
407 219 553 255 historia
573 230 664 251 certa
687 222 778 253 extat
801 216 894 257 ulla,
921 227 1008 260 quae
1032 216 1076 250 sit
1096 223 1198 250 vetu-

217 276 320 315 stior,
347 284 451 317 quam
468 270 550 303 libri
568 268 692 307 moisi,
720 266 780 310 qui
797 266 955 310 gentium
976 267 1128 310 origines
1144 268 1200 299 in-

217 327 346 358 dicant.
399 321 444 355 Et
462 320 603 352 nomina
621 316 775 350 Graecae
796 317 908 361 gentis
931 324 1104 352 testantur
1125 329 1201 350 eam

218 383 329 409 ortam
347 384 417 406 esse
434 383 452 403 a
469 370 548 402 filiis
573 365 705 411 taphet.
737 367 825 401 Nam
844 367 923 409 lon,
951 379 970 400 a
986 380 1054 413 quo
1074 367 1202 401 Graeci

220 426 288 458 orti
313 429 412 460 sunt,
444 419 511 452 suit
535 418 627 451 filius
651 415 784 462 laphet.
845 416 893 452 Et
918 430 1022 463 quam
1048 424 1203 452 recentes

220 478 289 508 sint
308 484 360 505 res
379 470 552 509 Graecae,
579 469 661 501 inde
680 469 855 502 aestimari
878 475 1009 513 potest,
1036 470 1129 513 quod
1148 468 1204 501 di-

220 524 354 558 lnvium
372 518 493 554 Nohae
510 520 607 552 mille
623 519 743 557 annis,
771 526 803 552 et
820 519 924 562 paulo
941 520 1092 563 amplius
1107 525 1205 552 ante-

221 574 312 607 cedit
327 572 459 605 bellum
473 570 689 610 Troianum,
716 570 809 614 quod
829 569 978 603 incurrit
993 571 1030 602 in
1048 577 1205 612 tempora

222 622 413 662 Samuelis,
441 633 528 666 quae
554 621 590 652 in
612 617 758 654 historia
775 617 926 652 Ebraica
944 620 1135 652 admodum
1151 630 1207 651 re-

223 674 336 707 centia
357 677 452 706 sunt.
503 669 580 704 Etsi
603 667 686 703 haec
714 670 933 703 coniecturae
955 668 1116 715 physicos
1134 680 1206 701 non

223 729 379 764 movent,
404 733 469 755 nos
486 729 603 755 tamen
619 721 819 755 intueamur
837 720 1035 753 testimonia
1053 719 1209 752 coelestis

225 774 423 812 doctrinae,
450 772 751 806 resuscitationem
769 777 989 804 mortuorum
1007 777 1042 804 et
1059 771 1143 811 alia,
1170 776 1210 803 ut

225 832 305 859 ante
323 824 407 859 dixi.

404 931 550 964 Divisio
575 939 764 973 corporum
788 929 1027 973 simplicium.

332 1007 523 1051 Postquam
549 1005 649 1049 quasi
674 1005 789 1037 sedem
822 1005 1055 1038 animantium
1082 1003 1213 1036 consti-

230 1059 381 1096 tuimus,
426 1056 591 1089 videlicet
625 1062 774 1094 terram,
815 1067 920 1096 quam
956 1055 1109 1087 diximus
1143 1064 1214 1085 esse

231 1115 389 1142 centrum
415 1107 618 1145 immotum,
644 1112 676 1137 ct
693 1106 966 1137 monstravimus
992 1110 1125 1137 certum
1149 1104 1213 1136 do-

230 1158 424 1197 micilium,
462 1155 593 1188 scilicet
633 1166 745 1187 unum
777 1156 971 1195 mundum,
1002 1160 1035 1187 et
1065 1154 1217 1193 finitum,

231 1220 325 1241 nunc
355 1208 391 1239 in
421 1204 487 1239 hoc
511 1205 692 1238 domicilio
716 1216 863 1250 corpora
892 1205 1095 1249 praecipua,
1123 1204 1217 1237 scili-

231 1265 284 1291 cet
308 1257 478 1301 simplicia
497 1255 735 1288 recitabimus·
786 1256 878 1290 Sunt
900 1262 1017 1289 autem
1043 1255 1216 1298 simplicia

233 1320 401 1351 corpora,
438 1306 506 1340 alia
542 1306 647 1339 orbes
681 1306 847 1339 coelestes
881 1313 914 1340 et
943 1306 1085 1349 stellae,
1130 1305 1217 1344 alia,

234 1359 415 1392 elementa.

337 1468 450 1500 Estne
467 1465 604 1499 coelum
622 1474 669 1498 ex
684 1466 850 1498 materia
871 1461 1118 1498 elementari?

313 1540 520 1576 Aristoteles
542 1546 645 1583 negat
663 1538 751 1572 coeli
776 1545 835 1572 aut
853 1538 1033 1572 stellarum
1059 1538 1220 1571 substan-

237 1593 321 1627 tiam
344 1603 415 1624 esse
440 1604 479 1624 ex
503 1591 647 1624 materia
670 1590 891 1629 elementari,
923 1589 1004 1633 quia
1031 1589 1220 1621 elemento-

238 1655 317 1677 rum
335 1642 480 1676 materia
497 1641 649 1674 admittit
660 1640 884 1673 alterationes
896 1640 1116 1684 qualitatum,
1134 1650 1222 1684 quae

239 1700 321 1727 sunt
338 1704 458 1726 causae
477 1691 742 1735 generationum
761 1697 792 1724 et
816 1691 1094 1734 corruptionum.
1147 1690 1224 1722 Ad·-

238 1750 335 1788 paret
353 1750 468 1776 autem
486 1743 621 1775 coelum
643 1753 716 1774 non
732 1741 914 1774 admittere
938 1741 1022 1774 tales
1046 1740 1223 1774 alteratio-

240 1806 312 1833 nes,
341 1794 423 1838 quia
440 1793 537 1826 nulla
553 1803 633 1836 pars
649 1791 900 1835 corrumpitur.
954 1790 1065 1835 Igitur
1084 1803 1157 1824 non
1174 1798 1223 1824 est

240 1857 281 1877 ex
310 1844 454 1876 materia
477 1842 692 1876 elementari.
751 1841 847 1875 Haec
875 1842 1037 1875 recitasse
1066 1842 1148 1875 satis
1171 1842 1224 1882 sit,

241 1901 281 1927 ut
296 1895 380 1938 quid
398 1893 521 1927 usitate
538 1893 694 1933 dicatur,
716 1893 877 1926 rudiores
900 1893 1047 1926 discant.
1101 1891 1224 1926 Caete-

242 1957 321 1977 rum
345 1955 416 1976 esse
438 1955 534 1976 suam
557 1943 731 1987 quandam
763 1943 945 1976 materiam
971 1944 1057 1977 coeli
1088 1955 1225 1976 necesse

243 2001 311 2032 est,
341 1994 412 2027 sive
431 2005 468 2026 ea
486 2000 630 2026 vocetur
653 1991 811 2026 aetherea
824 2019 833 2033 ,
861 1999 899 2026 ut
920 1995 1151 2027 nominarunt
1168 2007 1226 2027 ve-

243 2052 349 2082 teres,
386 2044 457 2076 sive
491 2043 611 2083 aliter,
647 2043 798 2076 adfinem
827 2050 942 2076 autem
976 2055 1048 2077 esse
1083 2051 1227 2078 naturae

243 2099 363 2128 aereae
379 2100 653 2126 consentaneum
670 2100 731 2127 est.
769 2090 880 2126 Ether
905 2100 1020 2127 autem
1038 2095 1166 2129 dicitur
1184 2097 1227 2130 ab

244 2145 363 2185 αἴθω,
391 2145 424 2177 id
451 2151 518 2182 est,
543 2143 670 2185 flagro,
704 2151 735 2177 et
760 2144 945 2189 splendeo,
971 2146 1066 2177 unde
1092 2148 1226 2180 coelum

244 2196 374 2229 dicitur
388 2192 590 2228 aethereum
607 2193 689 2238 quia
706 2205 760 2226 res
775 2200 825 2227 est
841 2194 968 2227 lucida.
1020 2194 1173 2242 Ideoque
1191 2199 1227 2230 in

245 2245 376 2279 Genesi
401 2246 443 2278 de
468 2245 581 2288 primo
606 2245 662 2276 die
687 2244 831 2277 dicitur:
871 2243 977 2278 Facta
1004 2252 1054 2279 est
1079 2247 1156 2288 lux,
1192 2249 1226 2281 id

246 2304 314 2334 est,
343 2303 413 2330 tota
429 2296 490 2328 illa
507 2294 664 2328 coelestis
681 2301 716 2328 et
732 2295 849 2328 lucida
866 2295 988 2331 moles.

423 2408 516 2446 Quot
539 2408 628 2439 sunt
651 2404 833 2450 sphaerae
851 2404 1053 2440 coelestes?

351 2475 494 2522 Physici
510 2479 706 2523 plerunque
730 2477 899 2512 inchoant
917 2491 1014 2513 suam
1034 2480 1228 2513 doctrinam

247 2541 264 2560 a
291 2529 435 2561 materia
458 2529 672 2565 elementari.
722 2528 768 2563 Et
791 2533 834 2563 ad
860 2527 950 2563 hanc
977 2542 1041 2563 nos
1064 2542 1231 2574 propera-

248 2590 339 2611 mus.
391 2577 479 2610 Nam
497 2580 655 2612 doctrina
674 2581 716 2613 de
738 2582 903 2622 orbibus,
930 2587 963 2614 et
979 2582 1133 2615 motibus
1153 2593 1230 2614 coe—

247 2629 414 2668 lestibus,
451 2635 483 2661 et
509 2629 657 2662 efficacia
684 2631 851 2672 luminis,
884 2644 924 2665 ex
945 2631 1024 2664 aliis
1047 2632 1147 2665 libris
1170 2644 1229 2675 pe-

247 2680 351 2713 tenda
371 2686 432 2714 est.
485 2679 576 2713 Sunt
592 2680 684 2713 enim
703 2681 811 2715 sactae
826 2682 1066 2716 doctrinarum
1082 2682 1230 2716 divisio-

449 134 655 171 SCRIPTA
683 132 757 167 PH.
784 129 899 166 MEL.
926 129 992 164 AD
1019 129 1145 165 HIST.
1173 128 1316 167 PROF.
1344 127 1410 164 ET
1439 128 1630 165 PHILOS.
1658 128 1974 168 SPECTANTIA.

2149 131 2224 167 224

1252 227 1330 257 nes,
1361 215 1443 260 quia
1468 215 1504 248 in
1525 226 1596 249 uno
1622 215 1801 248 volumine
1825 228 1946 250 omnes
1978 217 2111 260 integre
2141 216 2233 250 tradi

1253 278 1325 299 non
1344 272 1502 310 possunt.
1554 265 1623 299 Sed
1642 273 1776 305 tamen,
1805 266 1885 311 quia
1902 268 2093 301 absurdum
2111 273 2162 301 est
2179 267 2236 300 di-

1255 329 1330 350 cere
1353 318 1395 349 de
1420 317 1564 350 materia
1587 317 1807 358 elementari,
1835 329 1922 362 quae
1947 318 2095 350 assiduis
2120 324 2236 351 muta—

1255 367 1412 400 tionibus
1434 366 1586 400 obnoxia
1611 374 1679 407 est,
1713 367 1780 400 nisi
1812 374 2080 412 praemoneatur
2113 368 2237 401 saltem

1256 417 1398 450 auditor
1421 418 1464 450 de
1489 417 1601 450 causis
1625 418 1885 451 universalibus
1911 417 2163 460 efficientibus,
2191 418 2234 450 de

1256 466 1352 507 Deo,
1379 473 1413 501 et
1435 468 1478 500 de
1495 468 1669 508 motibus,
1694 480 1782 512 quae
1810 479 1931 502 causae
1954 474 2036 501 sunt
2053 479 2238 500 conserva-

1258 517 1360 550 trices
1382 517 1547 550 materiae
1565 518 1761 559 inferioris,
1787 525 1819 552 et
1836 531 1909 552 eam
1928 518 2157 563 aliquomodo
2177 528 2240 559 gu·

1258 568 1420 601 bernant.
1475 567 1620 612 Semper
1645 569 1739 601 enim
1773 570 2012 613 vituperamus
2036 566 2242 612 Epicurum,

1260 617 1322 662 qui
1339 619 1381 650 de
1397 617 1541 650 materia
1557 624 1590 650 et
1606 619 1731 651 atomis
1749 619 1820 652 suis
1836 620 1987 658 disserit,
2003 619 2141 652 omissis
2160 618 2244 651 uni-

1261 667 1455 700 versalibus
1473 668 1584 700 causis
1600 668 1841 710 efficientibus,
1850 669 2030 709 finalibus,
2046 676 2079 702 et
2093 668 2244 702 somniat

1261 724 1446 762 propterea
1464 723 1573 751 totam
1588 729 1707 751 rerum
1724 726 1888 753 naturam
1905 731 1987 753 casu
2001 719 2111 760 volui,
2139 725 2171 752 et
2187 719 2244 750 in-

1262 768 1500 802 numerabiles
1529 768 1698 809 mundos,
1732 770 1884 803 subinde
1912 770 2007 803 nasci
2033 775 2065 803 et
2090 769 2245 804 interire.

1262 818 1359 852 Haec
1382 819 1610 852 deliramenta
1636 831 1656 851 a
1677 817 1880 854 Democrito
1910 827 1986 854 orta
2012 826 2112 860 sunt,
2147 819 2246 852 cuius

1265 869 1463 913 exemplum
1487 869 1596 902 secuti
1613 869 1778 914 deinceps
1800 871 1922 912 multi,
1949 868 2108 916 physicas
2124 870 2247 914 dispu-

1266 920 1416 954 tationes
1440 931 1459 952 a
1489 920 1632 953 materia
1661 918 1885 956 inchoarunt.
1937 920 2052 954 Pauca
2075 920 2183 964 igitur
2205 920 2248 952 de

1266 968 1421 1014 sphaeris
1440 976 1472 1002 et
1489 970 1644 1003 motibus
1661 972 1868 1005 coelestibus
1887 971 2055 1006 dicemus.

1369 1018 1477 1053 Oculi
1495 1020 1597 1053 nobis
1616 1028 1692 1054 octo
1708 1020 1871 1066 sphaeras
1887 1027 2095 1056 monstrant.
2135 1017 2181 1054 Et
2199 1025 2250 1053 tot

1267 1076 1457 1104 numerant
1472 1069 1592 1111 Plato,
1620 1072 1843 1114 AristoteleS‚
1871 1079 1904 1106 et
1928 1073 1987 1105 alii
2005 1079 2154 1109 veteres,
2182 1070 2250 1103 sci-

1268 1122 1368 1162 licet,
1393 1120 1550 1152 infimam
1570 1121 1711 1161 Lunae,
1737 1124 1933 1167 proximam
1957 1121 2149 1161 Mercurii,
2176 1127 2248 1154 ter-

1268 1172 1353 1208 tiam
1378 1170 1546 1212 Veneris,
1580 1179 1739 1215 quartam
1772 1174 1882 1214 Solis,
1919 1173 2080 1218 quintam
2112 1170 2251 1207 Martis,

1269 1228 1398 1256 sextam
1420 1220 1532 1262 Iovis,
1560 1222 1742 1265 septimam
1763 1222 1928 1263 Saturni,
1956 1229 2114 1255 octavam
2133 1221 2251 1254 stella-

1269 1285 1348 1306 rum
1370 1272 1527 1306 fixarum.
1586 1270 1652 1305 His
1676 1273 1812 1306 addidit
1837 1272 2011 1306 recentior
2036 1277 2129 1304 aetas
2156 1272 2253 1310 duas,

1271 1334 1403 1356 nonam
1429 1328 1462 1355 et
1486 1321 1676 1363 decimam,
1705 1335 1794 1368 quae
1820 1330 1965 1356 vocatur
1988 1322 2160 1366 primurn,
2194 1331 2254 1354 seu

1271 1373 1437 1407 ultimum
1457 1372 1598 1405 mobile.
1650 1372 1880 1412 Compertum
1903 1378 1954 1404 est
1969 1373 2084 1410 enim,
2112 1378 2254 1404 octavae

1271 1422 1438 1464 sphaerae
1456 1419 1574 1462 plures
1593 1430 1664 1452 esse
1681 1426 1809 1455 motus.
1862 1421 1909 1455 At
1933 1421 2127 1454 secundum
2152 1427 2255 1454 natu-

1271 1482 1365 1508 ram,
1398 1469 1461 1502 uni
1492 1469 1631 1513 corpori
1662 1470 1832 1514 simplici,
1865 1478 2001 1505 tantum
2023 1482 2115 1504 unus
2139 1477 2255 1504 motus

1273 1533 1334 1565 per
1350 1531 1384 1553 se
1402 1519 1586 1560 convenit,
1615 1526 1727 1563 potest
1746 1528 1860 1555 autem
1879 1522 2042 1565 pluribus
2057 1527 2089 1554 et
2107 1521 2254 1554 diversis

1273 1571 1426 1605 motibus
1444 1582 1506 1614 per
1521 1570 1681 1604 accidens
1701 1571 1793 1607 cieri.
1843 1569 1983 1605 Ordine
1998 1571 2107 1615 igitur
2121 1572 2163 1605 de
2178 1583 2255 1604 mo—

1273 1623 1367 1656 tibus
1385 1621 1552 1654 dicemus.

1376 1670 1520 1705 Decima
1537 1669 1682 1715 sphaera
1700 1678 1762 1712 est,
1781 1684 1868 1717 quae
1886 1679 2044 1706 movetur
2060 1672 2166 1706 unico
2181 1684 2258 1705 mo-

1275 1730 1333 1764 tu,
1359 1723 1404 1755 ab
1419 1722 1553 1755 oriente
1577 1722 1614 1754 in
1636 1722 1870 1762 occidentem,
1899 1735 2003 1767 super
2020 1723 2118 1767 polos
2133 1723 2259 1756 mundi

1276 1781 1308 1807 et
1325 1773 1627 1818 aequinoctialem,
1645 1780 1677 1807 et
1694 1774 1810 1817 spacio
1827 1772 1995 1807 horarum
2006 1773 2054 1807 24
2075 1774 2119 1807 ab
2136 1774 2258 1807 eodem

1277 1831 1406 1868 puncto
1425 1824 1460 1856 in
1477 1824 1570 1856 idem
1593 1824 1805 1864 revolvitur,
1835 1831 1868 1858 et
1891 1836 2005 1858 secum
2025 1835 2146 1857 omnes
2168 1824 2260 1856 inse—

1278 1876 1387 1909 riores
1411 1871 1577 1918 sphaeras
1599 1875 1764 1907 coelestes
1796 1875 1887 1919 rapit
1917 1876 2036 1908 eadem
2068 1874 2261 1920 gyratione,

1278 1933 1316 1960 ut
1335 1925 1426 1958 oculi
1450 1931 1623 1957 testantur
1641 1925 1798 1969 quotidie
1818 1933 1975 1958 octavam
1994 1922 2196 1968 sphaeram,
2222 1925 2260 1957 in

1279 1987 1347 2022 qua
1373 1975 1642 2018 conspiciuntur
1666 1976 1785 2008 stellae
1809 1976 1910 2016 fixae,
1942 1975 2071 2009 deinde
2096 1982 2129 2008 et
2154 1974 2259 2016 Solis,

1279 2027 1411 2065 Lunae,
1436 2037 1474 2058 ac
1492 2025 1640 2057 aliarum
1659 2026 1851 2059 errantium
1876 2026 2056 2059 stellarum
2074 2026 2176 2058 orbes
2192 2026 2261 2058 cir-

1280 2075 1425 2118 cumagi.
1468 2075 1637 2108 Videmus
1655 2076 1748 2108 enim
1772 2077 1888 2109 stellas
1904 2077 1947 2109 ab
1963 2078 2100 2110 oriente
2116 2076 2154 2108 in
2169 2076 2261 2109 occi-

1280 2129 1419 2161 dentem
1436 2123 1537 2167 vehi,
1567 2132 1599 2159 et
1618 2126 1744 2159 deinde
1763 2127 1990 2160 circumactas
2010 2127 2047 2159 in
2069 2127 2179 2160 altero
2199 2123 2262 2160 he-
2292 2153 2300 2160 .

1281 2174 1509 2222 misphaerio‚
1536 2177 1640 2209 nobis
1658 2188 1779 2210 rursus
1795 2178 1985 2211 certissima
2004 2178 2078 2220 lege
2094 2177 2192 2210 oriri.

1381 2227 1484 2261 Nona
1507 2225 1652 2271 sphaera
1673 2228 1760 2261 duos
1780 2235 1895 2262 motus
1921 2226 2045 2269 habet,
2071 2239 2182 2262 unum
2200 2228 2262 2260 de-

1282 2280 1391 2312 cimae
1403 2305 1412 2319 ,
1437 2279 1479 2311 de
1496 2290 1566 2322 quo
1583 2278 1651 2311 iam
1669 2279 1801 2312 dictum
1818 2286 1884 2319 est,
1912 2279 2060 2312 alterum
2078 2278 2261 2322 proprium

1283 2331 1326 2363 ab
1343 2341 1466 2362 occasu
1490 2331 1531 2362 ad
1560 2336 1696 2369 ortum,
1722 2341 1826 2374 super
1850 2330 2044 2373 eclipticam
2071 2329 2198 2361 lineam
2228 2335 2260 2362 et

1283 2381 1381 2425 polos
1407 2380 1559 2420 zodiaci,
1587 2386 1707 2412 contra
1722 2387 1856 2414 motum
1876 2380 1982 2424 primi
2001 2379 2155 2414 mobilis.
2192 2377 2260 2412 Hic

1284 2432 1362 2464 ideo
1381 2431 1544 2475 ponitur,
1571 2436 1609 2464 ut
1625 2430 1662 2462 in
1676 2437 1795 2464 octava
1814 2428 1959 2474 sphaera
1981 2436 2162 2463 excusetur
2179 2441 2261 2473 pro-

1284 2482 1413 2524 gressio
1431 2481 1609 2515 stellarum
1626 2480 1786 2517 fixarum.
1823 2480 1900 2515 Etsi
1922 2481 2016 2514 enim
2037 2480 2157 2514 stellae
2176 2480 2261 2512 fixae

1284 2543 1420 2576 semper
1438 2532 1530 2565 inter
1544 2543 1618 2564 sese
1632 2532 1824 2576 aequaliter
1839 2532 1989 2571 distant,
2015 2537 2047 2564 et
2065 2531 2100 2563 in
2119 2530 2261 2563 zodiaco

1284 2589 1316 2616 et
1341 2589 1436 2615 extra
1461 2582 1665 2621 zodiacum,
1694 2589 1809 2616 tamen
1833 2588 2051 2626 compertum
2077 2587 2145 2621 est,
2171 2580 2262 2623 ipsas

1285 2633 1400 2667 stellas
1416 2633 1452 2665 in
1469 2633 1553 2666 orbe
1572 2644 1634 2666 suo
1651 2634 1842 2667 secundum
1865 2632 2048 2675 signorum
2073 2631 2262 2664 successio-

1283 2695 1363 2716 nem
1382 2684 1426 2717 ab
1443 2695 1566 2717 occasu
1589 2684 1628 2716 in
1651 2691 1766 2718 ortum
1785 2684 1966 2728 progredi,
1995 2693 2083 2728 quae
2101 2691 2261 2725 progres-
