2379 2948
149 115 226 152 709

150 200 280 234 tificum
305 199 447 233 iudiciis
472 200 735 236 assentiendum
755 212 850 242 esse,
878 212 950 233 non
975 199 1139 239 aliorum,

148 257 187 285 ut
203 251 231 283 si
250 251 329 296 quis
345 251 454 284 dicat:

301 308 471 355 Eplcurel
494 317 527 345 et
548 310 672 357 Cyn1c1
695 312 858 345 dertdent
876 311 1076 344 doctrinam
1095 309 1138 342 de
1165 331 1167 347 ;
1192 329 1312 362 monia
1337 330 1534 373 mmmm,
1561 329 1676 373 sitque
1702 330 1836 372 regma:
1869 329 1971 364 valet
1994 341 2184 373 argumen-

355 362 512 396 motibus
533 362 754 403 coelestibus,

302 410 364 447 Est
382 414 491 457 igitur
508 413 637 448 inanis.

251 471 348 515 Nego
374 471 683 516 consequentiam,
720 478 754 506 et
779 469 869 504 ratio
894 477 961 510 est,
989 470 1071 516 quia
1095 471 1138 504 de

146 523 281 558 artibus
301 523 514 556 credendum
533 528 584 555 est
598 522 806 563 artificibus,
833 533 906 554 non
928 522 1060 565 ignaris
1078 530 1139 555 aut

146 574 342 609 scurriliter
358 572 576 607 ludentibus.

485 654 634 686 Secnnda
657 653 779 696 reqnla.

145 829 277 863 meniu
294 828 454 862 doctrina
471 826 649 861 Ecclesiae
672 827 843 862 autoritas
860 827 982 860 divina
1000 827 1136 871 primus

144 888 178 915 et
200 880 425 924 praecipuus,
458 886 491 912 et
518 878 743 912 firmissimus
767 879 864 912 locus
890 885 960 919 est,
987 885 1021 911 et
1044 878 1136 911 valet

142 931 352 965 affirmative
376 937 408 963 et
433 931 614 972 negative,
642 930 726 975 quia
752 941 892 962 necesse
917 936 987 969 est,
1018 928 1135 962 Deum

142 983 191 1016 sic
215 994 403 1026 agnoscere
426 988 457 1015 et
483 982 667 1020 invocare,
696 982 786 1015 sicut
804 992 838 1013 se
856 979 1041 1025 patefecit,
1070 992 1134 1013 nec

142 1033 240 1072 aliud
268 1035 310 1066 de
335 1033 483 1066 essentia
511 1032 598 1073 Dei,
626 1041 686 1066 aut
712 1034 755 1065 de
779 1031 982 1071 voluntate,
1009 1038 1070 1065 aut
1093 1032 1136 1064 de

141 1085 288 1118 caeteris
317 1085 476 1117 articulis
508 1083 591 1116 fidei
622 1084 894 1117 asseverandum
929 1089 995 1123 est,
1029 1095 1134 1127 quam
1162 1092 1163 1103 ¹

142 1136 237 1181 quod
254 1135 351 1168 Deus
369 1136 513 1169 tradidit
534 1135 570 1167 in
589 1136 728 1180 scriptis
750 1131 966 1180 propheticis
992 1141 1024 1167 et
1050 1146 1134 1178 apo-

143 1187 298 1228 stolicis,
326 1193 358 1220 et
374 1186 555 1232 symbolis.

245 1245 349 1280 Valet
368 1245 635 1290 consequentia:

295 1305 441 1340 Certum
467 1313 535 1345 est,
563 1305 683 1338 Deum
707 1304 798 1337 velle
821 1304 869 1337 sic
892 1315 927 1337 se
943 1303 1085 1347 agnosci
1104 1310 1135 1337 et

352 1356 530 1396 iux-ocari,
558 1356 647 1389 sicut
671 1367 706 1388 se
731 1354 908 1398 patefecit,
937 1362 967 1387 et
986 1355 1136 1388 affirmat

347 1418 382 1440 se
401 1413 583 1440 aeternum
598 1405 738 1439 Patrem
755 1418 825 1439 una
844 1417 922 1438 cum
936 1405 1028 1438 Filio
1046 1407 1135 1439 ima—

350 1459 431 1501 gine
449 1469 530 1497 sua,
558 1465 589 1491 et
608 1456 745 1500 Spiritu
765 1463 886 1490 sancto
905 1468 986 1497 suo,
1015 1457 1135 1489 omnia

350 1509 566 1543 condidisse:
596 1507 760 1542 Affirmat
778 1509 860 1542 item
877 1520 913 1541 se
930 1509 1086 1553 recipere
1101 1515 1136 1542 et

349 1561 598 1594 exaudire'nos
618 1567 763 1605 propter
781 1559 928 1601 Filium,

295 1618 392 1662 Ergo
417 1620 465 1653 sic
483 1631 561 1652 eum
588 1631 839 1662 agnoscamus,
867 1626 900 1652 et
922 1625 1077 1652 mentem
1104 1625 1137 1650 et

350 1671 471 1705 oculos
499 1671 541 1704 ad
567 1669 663 1703 hunc
687 1668 801 1703 Deum
826 1670 1041 1712 dirigamus,
1074 1669 1134 1714 qui

350 1774 419 1807 (liri
444 1775 648 1812 credamus,
676 1773 766 1806 sicut
793 1773 1011 1805 voluntatem
1038 1783 1137 1804 suam

351 1826 529 1869 expressit.

246 1885 324 1920 Hoc
358 1890 606 1927 argumentum
637 1890 791 1916 sumtum
819 1894 859 1915 ex
895 1880 961 1915 hoc
992 1883 1068 1915 loco
1096 1883 1138 1914 de

144 1939 334 1974 autoritate
358 1936 496 1977 divina,
531 1934 690 1980 quotidie
722 1935 758 1967 in
790 1934 1016 1967 invocatione
1043 1933 1138 1977 cogi-

144 1992 290 2024 tandum
311 1995 371 2022 est.

518 2070 631 2101 Tertia
654 2068 777 2110 requla.

250 2141 408 2175 Multum
425 2141 543 2174 valent
563 2145 770 2184 argumenta
793 2145 826 2172 et
851 2149 868 2170 a
894 2149 997 2170 verae
1016 2135 1140 2170 Eccle-

148 2195 219 2228 siae
243 2193 430 2226 autoritate
453 2194 577 2235 ducta,
613 2191 671 2224 sed
697 2197 817 2224 tamen
851 2201 974 2221 norma
1004 2189 1049 2222 sit
1072 2201 1140 2221 vox

148 2246 282 2280 divina.
336 2243 473 2278 Deinde
496 2244 533 2276 in
557 2241 723 2277 humanis
741 2253 801 2274 seu
821 2240 985 2274 civilibus
1003 2240 1139 2283 legibus

148 2308 273 2339 magna
295 2295 400 2329 etiam
419 2294 471 2327 vis
490 2301 540 2327 est
558 2293 775 2334 autoritatis,
804 2291 885 2337 quia
910 2291 1073 2335 politicae
1090 2292 1140 2324 le·

148 2360 225 2391 ges,
253 2357 342 2392 quae
360 2352 442 2379 sunt
459 2345 545 2378 iuris
562 2345 724 2389 positivi,
750 2351 789 2377 ut
817 2343 923 2386 vulgo
947 2342 1141 2387 loquimur,

148 2405 293 2443 propter
327 2399 414 2431 duas
458 2396 623 2440 partiales
652 2407 771 2430 causas
803 2395 942 2436 valent,
975 2394 1141 2428 videlicet

149 2450 276 2495 partim
297 2456 441 2494 propter
457 2447 628 2480 rationem
647 2446 882 2491 probabilem,
908 2457 977 2491 qua
993 2443 1141 2479 honeste

149 2509 312 2536 movetur
339 2499 537 2544 legislator,
571 2497 699 2542 partim
728 2505 874 2542 propter
902 2497 1141 2538 autoritatem,

150 2560 207 2586 ut:

303 2602 377 2636 Lex
394 2602 463 2635 lata
480 2607 528 2634 est
548 2601 591 2633 de
607 2598 870 2641 strangulandis
887 2599 1038 2639 furibus,

770 114 814 151 V.
867 110 1190 150 EROTEMATA
1224 109 1562 147 DIALECTlcEs.
2111 111 2185 147 710

1547 196 1821 237 Testimonia.

1294 276 1351 312 Ad
1374 278 1492 311 locum
1520 278 1719 312 autoritatis
1744 278 1781 311 in
1800 289 1926 322 genere
1944 277 2066 312 omnia
2083 280 2183 313 testi-

1191 387 1286 421 tum,
1314 392 1393 413 cum
1423 379 1622 413 testimonia
1649 380 1748 411 firma
1773 387 1854 414 sunt
1879 380 1916 414 in
1944 382 2103 427 quolibet
2124 393 2184 425 ge-

1191 443 1293 470 nere,
1321 438 1359 464 nt
1378 431 1415 463 in
1433 430 1567 464 iudicio
1584 430 1720 470 caedis,
1749 442 1827 462 cum
1852 443 1931 465 reus
1957 431 2183 466 convincitur

1165 483 1167 496 '
1191 483 1302 523 veris,
1328 482 1523 526 perspicuis
1540 487 1573 514 et
1591 480 1847 514 sufficientibus
1867 483 2098 524 testimoniis,
2126 483 2182 517 iu-

1164 527 1166 580 }
1191 535 1257 566 dex
1273 534 1367 567 bona
1385 532 1601 566 conscientia
1618 532 1685 564 fert
1703 531 1914 564 sententiam
1934 535 1976 567 de
1994 534 2181 578 supplicio.

1192 583 1266 617 Iam
1295 584 1333 617 in
1357 584 1516 629 quolibet
1540 594 1667 627 genere
1690 581 1806 626 qualia
1833 583 2036 617 testimonia
2065 586 2183 627 profe-

1190 636 1299 668 renda
1329 636 1419 676 sint,
1456 635 1493 668 in
1526 635 1598 667 suis
1620 633 1756 667 artibus
1786 633 1951 669 traditur.
2011 635 2120 668 ludex
2145 636 2182 669 in

1162 701 1164 727 ζ
1190 687 1268 720 foro
1292 686 1370 719 aliis
1393 685 1605 720 testimoniis
1631 685 1761 723 utitur,
1788 683 1954 718 Medicus
1978 685 2077 726 aliis,
2103 698 2181 719 cum

248 725 323 760 Etsi
349 726 384 758 in
405 722 633 770 philosophia
657 726 828 759 autoritas
847 725 940 758 inter
964 725 1059 758 locos
1079 724 1134 757 in—
1162 736 1164 774 j
1189 737 1389 771 testimonia
1426 736 1563 783 quaerit
1600 735 1945 779 experimentorum,
1989 742 2047 769 m,

145 778 289 813 seriores
309 784 377 820 est,
405 784 438 810 et
463 778 708 821 postponenda
732 776 1048 816 demonstrationi,
1083 783 1135 809 ta·
1162 775 1164 786 '

2102 748 2181 769 cum

1190 789 1362 832 comperit
1385 789 1506 822 multis
1525 788 1693 830 exemplis
1710 783 2010 820 chamaeleontem
2036 783 2182 820 herbam

1191 841 1355 884 prodesse
1378 839 1481 873 initio
1509 838 1731 883 pleuritidos.
1787 835 1883 869 Inter
1906 837 2109 871 testimonia
2128 850 2183 870 re-

1188 891 1257 924 cito
1274 899 1306 925 et
1320 892 1529 931 sententias,
1558 902 1708 935 quarum
1725 887 1812 921 aliae
1830 896 2003 922 vocantur
2019 890 2182 935 γνῶμαι,

1189 942 1277 975 aliae
1307 943 1441 987 χρεῖαι.
1495 943 1651 985 Troiam
1682 940 1851 973 dicuntur
1882 939 1919 972 in
1952 937 2182 984 philosophia

1188 993 1313 1026 morali
1334 1001 1516 1037 praecepta
1534 995 1577 1026 de
1599 992 1775 1028 moribus,
1804 998 1858 1023 ut:
1887 990 1939 1024 Ne
1958 990 2043 1036 quid
2066 991 2183 1031 nimis,

1190 1044 1244 1076 vel
1270 1044 1362 1078 dicta
1388 1046 1432 1077 de
1455 1044 1640 1078 eventibus
1663 1042 1766 1086 ipsis,
1794 1053 1855 1076 seu
1873 1042 1999 1080 bonis,
2028 1053 2089 1075 seu
2108 1054 2182 1075 ma-

1189 1095 1249 1136 lis,
1277 1101 1333 1128 ut:

1342 1152 1491 1188 Conscia
1508 1163 1608 1185 mens
1626 1158 1664 1185 ut
1680 1151 1807 1196 cuique
1824 1163 1885 1185 sua
1902 1158 1969 1193 est,
1998 1151 2044 1186 ita
2063 1153 2182 1185 conci-

1395 1205 1446 1250 pit
1468 1205 1561 1237 intra
1586 1210 1745 1247 pectora,
1772 1215 1836 1247 pro
1863 1203 1996 1236 meritis
2015 1215 2183 1248 spemque

1394 1262 1598 1299 metumque
1617 1254 1699 1286 suis.

1346 1307 1509 1352 Suntque
1540 1307 1687 1352 γνῶμαι
1713 1304 1811 1337 velut
1841 1316 2048 1338 communes
2079 1316 2182 1348 regu-

1399 1359 1453 1391 lae
1478 1357 1582 1390 vitae.

1344 1410 1477 1457 Χρεῖαι
1509 1414 1591 1442 sunt
1620 1407 1712 1440 dicta
1746 1417 2041 1451 quorumcunque
2073 1406 2184 1439 artifi-

1398 1473 1498 1500 cum,
1534 1465 1593 1492 aut
1618 1456 1826 1498 hominum,
1863 1458 1993 1502 quibus
2016 1463 2183 1491 autorum

1400 1511 1545 1545 nomina
1562 1511 1754 1543 adduntur.

1190 1571 1234 1607 Et
1251 1580 1404 1617 utroque
1427 1581 1553 1614 genere
1569 1580 1671 1612 saepe
1693 1569 1865 1601 utendum
1885 1574 1945 1601 est.
1996 1566 2084 1601 Nam
2104 1579 2183 1601 curn

1189 1625 1226 1656 in
1258 1621 1565 1666 argumentatione
1596 1620 1793 1663 plerunque
1831 1619 1944 1651 maior
1976 1618 2183 1663 propositio,

1163 1707 1165 1714 ,
1189 1676 1235 1708 sit
1262 1676 1379 1719 aliqua
1408 1672 1607 1706 communis
1632 1670 1825 1709 sententia,
1861 1676 1974 1713 potest
1997 1670 2181 1709 illustrari,

349 1723 397 1756 sic
416 1733 451 1755 se
469 1722 640 1766 patefecit,
663 1721 760 1755 etsie
775 1721 881 1765 recipi
901 1732 965 1754 nos
981 1727 1013 1753 et
1031 1732 1138 1753 exau-
1163 1718 1165 1727 ’

1190 1733 1249 1759 aut
1265 1725 1386 1759 ornari
1404 1725 1507 1758 citata
1525 1723 1642 1767 aliqua
1659 1733 1786 1765 gnome
1799 1749 1807 1762 ,
1836 1722 1929 1766 quod
1947 1721 1983 1753 fit
2001 1721 2183 1753 interdum

1164 1795 1165 1816 ÷
1191 1778 1266 1810 sine
1300 1776 1431 1809 autoris
1462 1775 1628 1812 nomine,
1672 1773 1851 1805 interdum
1884 1783 1965 1804 vero
1993 1771 2097 1804 etiarn
2124 1783 2184 1803 ex-

1163 1819 1165 1869 }
1193 1839 1309 1872 presso
1328 1827 1473 1859 nomine
1491 1825 1577 1863 eius,
1606 1824 1705 1856 cuius
1722 1822 1854 1855 dictum
1874 1823 2072 1862 recitamus,
2100 1821 2182 1866 quia

1164 1875 1166 1906 ἶ
1191 1887 1250 1913 aut
1267 1878 1400 1922 gratior
1418 1877 1535 1909 sutura
1554 1882 1603 1908 est
1628 1874 1822 1914 sententia,
1849 1880 1908 1906 aut
1934 1873 2015 1916 plus
2033 1873 2183 1905 valitura

1164 1940 1166 1952 ³
1191 1937 1336 1975 propter
1356 1940 1453 1967 eum,
1481 1938 1584 1971 quem
1604 1925 1770 1964 citamus,
1799 1930 1836 1957 ut
1859 1936 1937 1957 cum
1956 1923 2184 1956 filiofamilias

1192 1982 1358 2015 dicimus:
1396 1978 1546 2012 Memini
1571 1984 1670 2024 tuum
1696 1982 1830 2019 patrem
1857 1986 1956 2018 saepe
1980 1975 2112 2015 dicere,
2147 1974 2184 2007 in

1193 2033 1327 2076 magnis
1345 2032 1451 2064 rebus
1468 2027 1560 2062 nihil
1582 2027 1783 2060 faciendum
1809 2038 1899 2066 esse,
1929 2026 1994 2058 nisi
2023 2026 2095 2058 sola
2121 2037 2184 2058 ne-

1192 2084 1359 2123 cessaria,
1402 2081 1558 2114 Tentare
1591 2091 1663 2111 non
1695 2078 1908 2117 necessaria,
1947 2089 2019 2109 esse
2048 2083 2184 2110 tentare

1192 2137 1319 2171 Deum.
1383 2132 1575 2176 Quomodo
1611 2136 1727 2162 autem
1772 2136 1845 2161 arte
1881 2129 2083 2161 tractandae
2113 2127 2183 2159 sint

1192 2188 1362 2235 γνῶμαι,
1395 2185 1431 2217 in
1464 2181 1629 2216 exercitio
1660 2180 1740 2226 styli
1778 2180 1986 2212 discendum
2018 2186 2086 2217 est,
2120 2177 2183 2210 ubi

1191 2236 1427 2272 animadverti
1458 2241 1591 2278 potest,
1620 2232 1799 2277 quomodo
1824 2237 1903 2274 apte
1926 2230 1970 2262 ad
1994 2229 2184 2262 sententias

1193 2290 1366 2323 reseratur
1391 2286 1547 2319 narratio
1573 2291 1632 2316 aut
1664 2281 1935 2325 argumentatio,
1988 2279 2062 2312 Nisi
2088 2279 2182 2312 enim

1192 2342 1235 2375 ad
1270 2346 1451 2384 praecepta
1487 2336 1729 2377 adiungantur
1761 2333 1864 2365 lectio
1894 2338 1997 2375 atque
2031 2330 2182 2364 imitatio

1194 2392 1417 2431 orationum,
1444 2400 1533 2434 quae
1553 2400 1569 2419 a
1590 2385 1728 2418 disertis
1752 2383 1901 2426 scriptae
1926 2388 2025 2421 sunt,
2052 2381 2185 2416 frustra

1193 2455 1248 2477 ars
1266 2442 1430 2477 traditur.
1485 2438 1635 2472 Mirifica
1652 2442 1766 2468 antem
1784 2434 1945 2476 voluptas
1968 2439 2037 2472 est,
2064 2432 2101 2464 in
2117 2430 2183 2465 hac

1193 2496 1266 2540 ipsa
1286 2492 1568 2527 consideratione
1588 2488 1726 2523 videre,
1755 2496 1860 2529 quam
1886 2483 2091 2527 tempestive
2115 2481 2181 2516 hn-

1193 2547 1306 2581 mines
1324 2545 1529 2589 eloquentes
1554 2541 1589 2571 in
1616 2535 1831 2580 gravissimis
1856 2535 1968 2567 causis
1992 2535 2183 2573 sententias

1193 2595 1423 2631 intexuerim.
1476 2592 1528 2626 Ac
1549 2592 1639 2622 bona
1664 2587 1804 2631 ingenia
1821 2586 1848 2620 si
1867 2587 2054 2628 degustent
2070 2597 2183 2618 mem-

305 2652 400 2696 Ergo
417 2653 508 2686 valet
525 2658 671 2696 propter
687 2649 931 2689 autoritatem,
960 2661 1039 2682 cum
1060 2649 1140 2694 qui·
1164 2662 1168 2696 ι
1192 2650 1254 2682 bra
1273 2647 1332 2679 illa
1351 2646 1386 2677 in
1405 2642 1643 2679 orationibus,
1674 2638 1778 2671 melle
1796 2644 1828 2671 et
1854 2644 1993 2671 nectare
2011 2637 2183 2677 dulciora,

356 2707 435 2738 dem
454 2704 558 2738 etiam
574 2701 795 2748 probabilem
811 2699 984 2733 rationem
1002 2698 1141 2734 habeat.

1193 2700 1287 2733 ultra
1313 2696 1499 2729 lectionem
1519 2703 1642 2726 eorum
1668 2696 1842 2735 appetent.
1878 2686 2047 2732 Exempla
2066 2695 2182 2721 autem

1567 2741 1645 2776 45*
