2379 2948
206 130 253 164 67
448 121 658 160 SCRIPTA
686 120 761 156 PH.
789 118 903 154 MEL.
929 117 996 153 AD
1025 116 1153 155 HIST.
1180 116 1326 153 PROF.
1352 115 1418 152 ET
1444 113 1638 153 PHILOS.
1666 114 1985 152 SPECTANTIA.
2188 117 2236 151 68

209 214 279 253 ria,
316 211 375 256 qui
400 209 531 244 babent
556 208 694 251 occiput
721 205 827 244 nin*
848 215 1015 249 parvum,
1045 215 1107 237 seu
1123 215 1196 236 non

213 263 383 297 eminens.

313 311 376 345 Est
394 317 507 345 autem
525 308 658 342 utilitas
675 305 798 350 capitis
815 305 997 339 continere
1014 305 1199 338 cerebrum

215 371 249 398 et
264 374 429 397 sensuum
450 371 596 402 organa,
633 369 721 402 quae
747 363 828 390 sunt
846 363 960 401 partes
977 354 1202 398 gubernatri-

215 426 268 448 ces
295 414 403 452 vitae,
434 417 467 443 et
489 408 700 452 cognitionis
724 419 825 440 causa
850 407 1031 448 conditae,
1063 413 1097 440 et
1120 411 1203 439 sunt

220 463 439 498 domicilium
458 460 546 493 lucis
571 459 714 492 divinae
733 458 770 490 in
788 458 901 491 nobis.

317 520 364 554 Ut
385 525 500 552 autem
525 524 641 561 partes
666 517 791 550 ordine
816 516 1022 557 recitemus,
1048 514 1202 560 primum

217 572 301 606 soris
319 570 528 614 aspiciemus
549 580 586 601 ea
599 595 609 608 ‚
636 579 725 612 quae
743 567 897 601 vestiunt
916 573 1031 609 caput.

321 628 397 662 Etsi
419 634 533 660 autem
558 626 677 670 capilli
701 632 783 658 sunt
807 624 1050 668 superfluitas,
1086 629 1204 656 tamen

216 681 333 725 aliqua
351 690 473 712 eorum
494 677 627 711 utilitas
644 683 712 716 est,
740 675 948 708 calefaciunt
968 680 1091 719 caput,
1119 672 1206 706 etin

217 743 292 764 eam
311 729 493 763 materiam
511 729 666 761 eduntur
684 724 814 760 halitus
833 724 979 760 cerebri.

321 788 396 823 Sub
414 787 551 831 capillis
569 798 680 820 crassa
698 792 731 818 et
746 796 870 817 carnea
888 783 976 817 cutis
994 790 1063 824 est,
1088 788 1127 816 ut
1144 780 1208 826 pili

220 842 257 874 in
277 852 315 874 ea
337 839 471 872 radices
487 850 587 880 agere
607 836 753 880 possint.

319 898 393 931 Sub
418 903 497 929 cute
513 907 636 940 parum
655 894 770 926 carnis
793 900 866 932 est,
894 893 983 925 circa
1003 892 1155 924 frontem
1175 897 1209 924 et

220 956 389 992 tempora.

322 1006 460 1039 Deinde
484 1011 532 1038 est
558 1003 770 1048 panniculus
792 1003 1015 1035 circumdans
1039 1007 1153 1035 totum
1171 1011 1211 1033 os

221 1058 359 1101 capitis,
388 1056 447 1101 qui
468 1056 671 1088 nominatur
687 1049 944 1098 περικράιίον,
970 1059 1069 1085 ortus
1091 1064 1108 1083 a
1127 1063 1209 1083 ner-

222 1109 274 1140 vis
292 1115 324 1141 et
342 1106 540 1149 ligamentis
556 1117 618 1148 per
639 1111 778 1136 suturas
795 1103 1052 1145 prodeuntibus
1076 1114 1094 1134 a
1120 1102 1208 1134 dura

221 1166 351 1197 matre,
379 1157 540 1189 conditus
557 1165 762 1197 magnarum
778 1153 970 1186 utilitatum
990 1163 1105 1192 causa,
1132 1150 1211 1184 Pri-

221 1221 317 1241 mum
333 1214 371 1241 ut
388 1207 506 1249 alliget
523 1205 645 1238 cranio
661 1205 785 1236 duram
805 1210 964 1237 matrem.
1016 1202 1155 1236 Deinde
1171 1208 1212 1236 ut

223 1270 329 1291 venas
348 1264 380 1291 et
397 1256 543 1290 arterias
562 1255 709 1298 excipiat
727 1266 765 1287 ac
783 1260 975 1291 sustentet,
1002 1265 1091 1298 qnae
1110 1264 1210 1296 spar-

223 1321 278 1341 sae
299 1321 360 1352 per
377 1316 527 1341 extrema
545 1306 626 1338 colli
643 1305 857 1344 ascendunt,
884 1311 922 1336 ut
945 1305 987 1336 ad
1008 1310 1111 1347 caput
1133 1315 1211 1346 per-

222 1359 388 1398 veniant,
415 1364 447 1390 et
470 1358 645 1398 ingressae
672 1366 732 1397 per
757 1361 895 1387 suturas
920 1354 1080 1388 nutriant
1104 1361 1137 1386 et
1158 1354 1212 1386 fo-

224 1416 324 1441 veant
352 1407 548 1441 cerebrum.
609 1404 757 1437 Praebet
781 1401 838 1436 hic
860 1403 1077 1449 panniculus
1107 1402 1212 1435 etiam

225 1471 365 1492 sensum
385 1457 517 1491 cranio.

325 1515 401 1550 Sub
419 1512 486 1547 boc
500 1512 693 1558 panniculo
708 1519 758 1546 est
775 1518 888 1545 totum
907 1522 947 1544 os
965 1517 1084 1552 tegens
1098 1517 1215 1554 caput,

225 1567 317 1611 quod
337 1578 455 1609 graece
471 1561 627 1609 κράνιον
642 1564 858 1606 adpellatur‚
886 1569 918 1595 et
935 1561 1052 1594 munit
1071 1573 1109 1594 ac
1127 1573 1213 1594 con-

224 1619 311 1651 tinet
329 1617 523 1649 cerebrum.
579 1614 698 1648 Latini
716 1613 905 1646 calvarIam
923 1612 1122 1645 nominant.

327 1675 420 1717 Quia
453 1686 535 1706 vero
566 1680 700 1705 meatus
732 1683 805 1704 esse
826 1670 1002 1715 oportuit,
1039 1677 1212 1703 certarum

226 1726 421 1759 utilitatum
443 1736 564 1763 cansa,
592 1724 671 1755 ideo
687 1720 770 1754 haec
788 1729 874 1755 testa
893 1733 966 1753 non
984 1727 1033 1753 est
1051 1732 1162 1753 unum
1180 1727 1213 1753 et

228 1777 435 1809 continuum
455 1786 506 1814 os,
532 1774 590 1806 scd
612 1780 742 1816 septem
761 1784 837 1805 ossa
854 1771 1042 1805 coniuncta
1059 1778 1139 1804 sunt
1154 1783 1214 1804 su—

227 1828 335 1866 turis,
368 1837 457 1871 quae
476 1825 644 1868 praebent
668 1830 814 1856 meatus.

329 1884 404 1917 Sub
436 1883 555 1917 cranio
582 1882 739 1925 proxima
769 1887 819 1914 est
843 1881 930 1914 dura
961 1887 1091 1919 mater,
1124 1892 1214 1924 quae

228 1941 279 1967 est
298 1934 509 1977 panniculus
527 1933 610 1965 satis
628 1943 779 1971 crassus,
806 1943 845 1964 ac
869 1931 1076 1964 nominatur
1099 1943 1118 1964 a
1139 1930 1213 1963 Gra-

229 1986 309 2017 leno
343 1984 463 2018 Crassa
502 1982 666 2022 Meninx,
716 1989 918 2015 sustentans
952 1993 1078 2022 venas,
1123 1993 1214 2025 quae

228 2036 392 2068 nutriunt
410 2034 604 2068 cerebrum.

330 2092 470 2126 Deinde
499 2092 658 2136 sequitur
680 2091 736 2134 pia
761 2096 890 2130 mater,
923 2101 1012 2134 quae
1042 2097 1092 2123 est
1116 2090 1213 2123 tenui

229 2145 434 2177 membrana
460 2143 661 2175 immediate
686 2141 871 2174 continens
895 2147 927 2173 et
954 2141 1098 2182 cingens
1119 2153 1215 2173 cere-

229 2196 345 2229 brum,
398 2192 556 2227 Galenus
573 2192 732 2225 nominat
747 2192 912 2224 subtilem
931 2191 1106 2234 meninga.

331 2253 468 2286 Deinde
489 2252 689 2291 cerebrum,
724 2250 761 2282 in
778 2263 849 2295 quo
867 2256 947 2282 sunt
964 2249 1101 2291 amplae
1119 2250 1213 2282 cavi—

229 2312 334 2343 tates,
376 2315 467 2347 quae
508 2302 741 2335 nominantur
778 2300 988 2342 ventriculi,
1028 2299 1215 2333 distinctae

230 2354 436 2388 intervallis,

332 2413 446 2456 Supra
469 2412 624 2444 medium
649 2410 887 2443 ventriculum
916 2419 1035 2440 versus
1060 2409 1212 2441 cerebel-

231 2465 305 2497 lum
335 2470 433 2496 nates
458 2463 563 2494 binae
584 2468 687 2500 sunt,
714 2467 795 2494 sunt
822 2467 854 2494 et
872 2460 1004 2502 figurae
1027 2459 1214 2500 vermium,

230 2526 339 2547 conus
365 2525 470 2547 unus.

329 2570 467 2603 Dr—imle
491 2569 699 2601 infusorium
713 2595 722 2607 ,
749 2568 783 2600 in
803 2568 897 2613 quod
920 2579 939 2599 a
954 2566 1099 2600 cerebro
1115 2566 1210 2598 velut

227 2624 266 2656 in
296 2622 426 2666 pelvim
459 2621 640 2652 derivatur
672 2619 913 2661 superfluitas,
956 2629 1045 2663 quae
1079 2617 1206 2661 partim

227 2682 344 2718 sputo,
373 2672 499 2715 partim
521 2683 584 2714 per
610 2681 711 2702 nares
731 2669 941 2702 excernitur.

1350 201 1534 236 Praeterea
1550 201 1715 235 oriuntur
1731 212 1749 234 a
1767 201 1908 234 cerebro
1927 202 2048 242 nervi,
2076 201 2134 247 qui
2153 208 2236 235 sunt

1251 254 1488 287 instrumenta
1521 263 1688 286 sensuum
1723 259 1756 287 et
1789 258 1967 293 motuum,
1998 253 2059 297 qui
2086 259 2169 286 sunt
2198 252 2237 284 in

1252 304 1393 347 organis
1422 316 1600 337 sensuum.

1354 360 1493 396 Deinde
1530 360 1795 405 contemplandi
1828 366 1911 394 sunt
1940 357 2070 400 Oculi,
2114 356 2241 400 Aures,

1254 411 1373 446 Nares.

1613 511 1725 545 Dura
1745 511 1889 544 Mater.

1356 581 1499 616 Veteres
1519 581 1646 616 Graeci
1664 584 1875 626 generaliter
1892 583 2078 616 nominant
2096 581 2242 615 Menin-

1257 643 1334 675 gas,
1361 633 1537 676 quaslibet
1561 641 1693 667 crustas
1710 646 1770 666 seu
1786 635 2007 667 membranas
2029 634 2244 666 circundan-

1257 690 1307 716 tes
1330 683 1427 716 aliud
1452 695 1590 726 corpus.
1642 683 1766 716 Postea
1793 681 1904 718 haesit
1923 684 2112 727 adpellatio
2134 684 2170 716 in
2188 681 2245 716 his

1258 733 1474 766 membranis
1491 740 1647 772 tantum,
1675 746 1765 778 quae
1782 735 1942 767 ambiunt
1958 735 2150 767 cerebrum.
2202 733 2244 767 ld

1259 785 1301 817 de
1332 784 1478 817 nomine
1508 785 1675 817 admonet
1706 783 1866 818 Galenus
1897 785 1990 819 libro
2020 796 2116 817 nono
2146 782 2245 817 Ana-

1259 835 1484 869 tomicorum.

1360 892 1424 926 Est
1448 900 1564 927 autem
1588 906 1699 928 crassa
1724 895 1889 933 meninx,
1915 905 1976 927 seu
1999 900 2038 928 ut
2060 905 2156 927 nunc
2178 905 2245 926 no-

1260 944 1417 984 minant,
1445 943 1542 977 Dura
1560 944 1697 987 Mater,
1724 946 1936 989 panniculus
1955 957 2124 983 nervens,
2152 956 2246 977 cras-

1260 1006 1336 1032 sus,
1365 1001 1397 1028 et
1415 995 1552 1035 firmus,
1579 998 1638 1028 sed
1659 1003 1775 1030 tamen
1794 1007 1958 1040 porosuS‚
1985 996 2106 1029 cranio
2124 995 2244 1038 proxi-

1260 1056 1357 1083 mus,
1384 1045 1544 1078 ambiens
1562 1053 1670 1080 totam
1691 1047 1825 1080 cerebri
1842 1048 1970 1080 molem
1983 1073 1993 1087 ,
2019 1047 2066 1080 ita
2083 1053 2121 1079 ut
2138 1045 2244 1079 etiam

1261 1095 1375 1139 ipsum
1400 1096 1582 1129 cerebrum
1607 1109 1626 1129 a
1652 1098 1766 1130 fronte
1790 1099 1833 1130 ad
1858 1105 2069 1142 postremam
2101 1102 2248 1141 partem,

1260 1158 1352 1191 quae
1382 1147 1589 1180 nominatur
1619 1148 1852 1189 cerebellum,
1884 1148 2020 1180 dividat
2053 1147 2246 1180 secundum

1261 1196 1543 1240 longitudinem,
1573 1204 1611 1231 ut
1636 1198 1685 1232 sic
1711 1199 1846 1238 dicam,
1871 1199 2068 1242 efficiatque
2091 1196 2248 1230 intersti-

1261 1247 1369 1287 tium,
1395 1254 1434 1280 ut
1452 1247 1555 1280 etiam
1573 1248 1609 1280 in
1629 1250 1803 1292 pecudum
1821 1249 1997 1292 capitibus
2010 1248 2106 1280 cerni
2123 1253 2246 1290 potest.

1262 1296 1400 1330 Deinde
1415 1309 1493 1330 cum
1513 1300 1744 1337 cerebellum,
1768 1301 1861 1341 quod
1887 1298 2093 1330 nominatur
2109 1308 2248 1343 παρεγ-

1261 1346 1430 1393 κεῳαλὶς,
1465 1350 1559 1390 quod
1590 1349 1626 1378 in
1657 1353 1830 1390 postrema
1861 1353 1959 1390 parte
1987 1347 2112 1391 capitis
2141 1347 2249 1380 situm

1263 1403 1332 1437 est,
1359 1407 1485 1438 magna
1510 1408 1550 1428 ex.
1575 1403 1673 1439 parte
1696 1397 1894 1430 seiunctum
1910 1398 1954 1430 sit
1970 1398 2015 1429 ab
2031 1398 2138 1430 altera
2155 1397 2250 1429 mole

1265 1447 1418 1485 cerebri,
1448 1444 1504 1479 hic
1520 1459 1662 1491 quoque
1678 1448 1765 1480 dura
1784 1455 1895 1481 mater
1919 1448 2000 1481 facit
2018 1448 2248 1480 interstitium

1264 1497 1358 1531 inter
1372 1504 1561 1541 utramque
1576 1498 1705 1530 molem
1722 1499 1917 1531 secundum
1935 1498 2173 1531 latitudinem.

1365 1555 1512 1590 Utilitas
1533 1553 1640 1589 buius
1663 1557 1889 1590 membranae
1918 1564 1967 1591 est
1991 1557 2131 1590 munire
2153 1568 2250 1590 cere-

1263 1607 1366 1640 brum
1392 1607 1555 1639 molliore
1578 1607 1751 1649 tegmine,
1775 1619 1879 1652 quam
1903 1615 1976 1641 erat
1997 1608 2178 1645 cranium,
2202 1619 2248 1640 ne

1264 1657 1465 1700 impingens
1480 1657 1516 1689 in
1536 1664 1635 1690 motu
1654 1655 1918 1692 vehementiore
1932 1659 1969 1690 in
1984 1658 2157 1697 cranium,
2176 1658 2250 1690 lae-

1263 1708 1418 1741 deretur.
1470 1707 1562 1741 Sunt
1587 1715 1620 1741 et
1644 1708 1734 1740 aliae
1759 1708 1948 1749 utilitates,
1978 1715 2173 1742 sustentare
2189 1720 2249 1740 ve-

1263 1769 1344 1796 nas,
1372 1769 1460 1802 quae
1477 1758 1641 1791 nutriunt
1659 1759 1840 1791 cerebrum
1859 1766 1891 1793 et
1906 1759 2039 1792 vicinas
2058 1765 2187 1802 partes,
2215 1766 2248 1791 et

1264 1808 1434 1841 adiuvare
1449 1808 1542 1852 piam
1559 1815 1726 1849 matrem,
1749 1809 1786 1841 in
1804 1821 1910 1855 quam
1924 1809 2112 1849 inseritur,
2132 1816 2170 1843 ut
2189 1809 2249 1841 fir-

1264 1859 1358 1892 mius
1373 1860 1565 1902 suspendat
1583 1859 1779 1894 cerebrum.

1642 1971 1712 2003 Ρῖα
1737 1970 1872 2004 Mater.

1364 2049 1558 2084 Circundat
1579 2052 1741 2094 proxime
1771 2052 1953 2085 cerebrum
1978 2051 2046 2085 alia
2074 2052 2173 2096 quasi
2197 2052 2251 2084 fa-

1265 2101 1393 2142 sciola,
1426 2113 1515 2146 quae
1540 2102 1748 2135 nominatur
1770 2102 1888 2135 tenuis
1910 2103 2128 2136 membrana.
2186 2100 2249 2136 Est

1265 2159 1381 2185 autem
1416 2152 1554 2184 subtilis
1589 2153 1819 2196 panniculus,
1856 2165 2024 2193 nerveus,
2065 2152 2247 2196 proximus

1266 2203 1427 2242 cerebro,
1462 2214 1534 2234 non
1559 2204 1663 2235 modo
1687 2204 1846 2235 ambiens
1872 2204 1981 2247 ipsam
2011 2204 2161 2244 molem,
2187 2205 2247 2236 sed

1265 2253 1368 2286 etiam
1388 2259 1576 2296 penetrans
1592 2253 1682 2286 intra
1699 2254 1811 2285 varias
1830 2254 2027 2296 plicaturaS,
2054 2266 2145 2299 quae
2162 2266 2249 2287 con-

1265 2303 1465 2347 spiciuntur
1488 2303 1525 2335 in
1550 2304 1704 2337 cerebro.
1756 2302 1803 2337 Et
1836 2305 1916 2349 quia
1950 2305 2110 2348 proxiuie
2137 2304 2247 2338 ambit

1265 2354 1466 2391 cerebrum,
1492 2360 1526 2386 et
1548 2360 1717 2397 tanquam
1741 2355 1853 2393 fovet,
1881 2362 1917 2389 ut
1944 2356 2058 2388 foetus
2083 2355 2118 2387 in
2145 2362 2246 2387 utero

1264 2405 1404 2436 fovetur
1420 2415 1439 2436 a
1454 2401 1599 2442 chorin,
1624 2401 1714 2437 hanc
1737 2407 1979 2438 membranam
2001 2405 2155 2438 Galenus
2179 2416 2247 2439 no-

1264 2455 1375 2487 minat
1389 2452 1586 2498 χοριοειδῆ.

1365 2512 1543 2547 Utilitates
1564 2520 1657 2547 sunt.
1708 2513 1847 2553 Prima,
1874 2522 1913 2548 ut
1936 2521 2105 2558 tanquam
2129 2515 2248 2548 mollis

1261 2564 1421 2603 fasciola,
1446 2563 1569 2597 vestiat
1585 2565 1779 2605 cerebrum,
1806 2578 1850 2598 ne
1867 2566 2018 2598 diffluat.
2073 2563 2247 2607 Secunda,

1262 2626 1366 2646 venas
1383 2621 1414 2646 ct
1431 2614 1574 2647 arterias
1593 2615 1798 2648 nutritionis
1816 2623 1849 2648 et
1868 2616 1993 2648 caloris
2019 2626 2121 2647 causa
2143 2616 2244 2648 colli-

1234 2702 1236 2709 *
1260 2665 1308 2708 git
1331 2672 1363 2698 et
1387 2671 1579 2706 sustentat,
1611 2673 1645 2700 et
1669 2666 1709 2698 in
1731 2667 1846 2710 ipsum
1863 2667 2047 2699 cerebrum
2074 2671 2244 2711 tanquam
