2379 2948
230 120 298 155 671

399 198 583 242 Quomodo
608 196 871 231 discernuntur
892 193 1048 240 partes?

335 260 411 294 lloc
435 258 556 291 modo:
585 254 744 288 Partium
764 255 852 288 aliae
871 261 953 287 sunt
970 253 1092 287 Minus
1110 252 1215 286 Prin-

235 313 380 357 cipales,
429 315 467 342 ut
494 307 531 339 in
556 318 701 349 corpore
727 303 883 339 humano
911 317 1028 345 coma,
1068 315 1212 347 ungues.

236 365 320 399 Sine
352 361 406 394 his
430 365 542 392 totum
569 368 640 389 csse
666 364 699 390 et
726 356 902 390 incolume
927 368 1067 388 manere
1091 361 1215 399 potest.

237 415 337 448 Aliae
359 416 441 444 sunt
458 407 690 451 principales,
719 408 794 440 sine
818 407 945 451 quibus
967 413 1078 440 totum
1097 417 1167 438 esse
1184 412 1216 438 et

235 474 376 497 manere
400 459 576 493 incolume
601 470 674 491 non
697 464 827 503 potest,
855 464 892 490 ut
916 458 953 489 in
979 469 1124 501 corpore
1149 454 1214 490 liu-

236 526 339 548 mano
364 517 486 556 caput,
521 516 658 554 pectus,
691 522 768 550 cor,
794 514 934 548 venter,
963 505 1127 548 brachia,
1154 519 1215 551 pe-

234 569 306 600 des.
359 563 443 598 Sine
467 559 522 594 his
547 572 620 593 non
647 567 759 604 potest
783 566 895 593 totum
921 570 992 592 esse
1016 565 1049 592 et
1076 569 1216 591 manere

234 616 423 650 incolume.

498 687 713 724 Secundum
737 685 950 721 discrimen.

337 750 496 785 Partinm
523 747 771 793 principalium
799 747 886 779 aliae
911 746 1078 779 dicuntur
1102 756 1219 778 essen-

236 805 335 839 tiales
354 813 413 835 seu
430 799 703 836 Substantiales,
731 797 1027 839 aliaeIntegraleS.
1081 795 1217 830 Dicun-

236 864 294 890 tur
317 860 431 887 autem
449 849 662 884 Essentiales
685 860 744 881 sen
762 848 1008 881 substantiales
1025 848 1168 881 materia
1186 854 1220 881 et

236 908 368 944 forma,
402 909 441 935 ut
466 912 592 944 corpus
615 907 648 933 et
672 899 788 931 anima
811 906 893 932 sunt
917 906 1031 943 partes
1054 899 1218 932 substan-

238 957 335 991 tiales
366 952 530 986 bominis.
589 949 658 984 Sed
684 956 795 993 partes
822 949 1007 993 integrales
1031 962 1049 982 a
1076 949 1219 994 quanti-

236 1014 306 1041 tate
336 1017 396 1038 seu
424 1014 571 1036 numero
601 1001 873 1045 appellationem
898 999 1045 1040 habent,
1078 1007 1118 1034 ut
1140 1012 1220 1033 cum

237 1058 365 1091 molem
401 1053 593 1099 partimur,
633 1064 693 1084 seu
732 1063 897 1084 numeros
928 1051 1139 1091 dividimus,
1181 1057 1221 1084 ut

237 1117 361 1142 trunco
394 1117 452 1139 sex
484 1104 611 1147 pedum
642 1102 787 1135 dissecto
818 1101 854 1133 in
887 1108 1001 1144 partes
1031 1101 1221 1146 bipedales,

238 1159 303 1193 hae
322 1158 490 1190 dicuntur
505 1160 618 1197 partes
636 1153 832 1195 integrales.
887 1151 997 1196 Saepe
1012 1153 1048 1185 in
1064 1152 1220 1185 relativis

237 1207 443 1243 nominibus
473 1205 606 1238 utimur
632 1201 696 1237 hac
722 1202 974 1247 appellatione,
1006 1210 1045 1236 ut
1071 1203 1221 1236 civitatis

237 1266 351 1306 partes
390 1256 576 1299 integrales
615 1261 698 1288 sunt
731 1254 972 1297 magistratus,
1013 1255 1220 1293 sacerdotes,

237 1317 378 1346 senatus
413 1314 445 1341 et
483 1306 645 1351 populus.
718 1304 845 1338 Iudicii
883 1312 996 1348 partes
1032 1305 1222 1348 integrales

239 1368 339 1396 sunt:
367 1358 478 1393 oratio
498 1357 643 1394 actoris,
670 1356 783 1389 oratio
800 1356 868 1395 rei,
897 1356 1113 1397 testimonia,
1139 1367 1221 1389 sen-

238 1413 348 1447 tentia
364 1409 500 1443 iudicis.
544 1406 796 1441 Conversionis
812 1418 872 1439 seu
890 1407 1125 1450 poenitentiae
1142 1418 1223 1450 par-

241 1472 288 1497 tes
312 1459 500 1500 contritio,
535 1458 636 1497 fides,
668 1468 760 1490 nova
784 1457 998 1492 obedientia.
1050 1456 1223 1501 Baptismi

242 1521 356 1559 partes
383 1517 481 1544 sunt:
519 1508 645 1541 mersio
672 1508 709 1540 in
736 1519 882 1551 aquam,
915 1515 947 1541 et
974 1507 1222 1552 pronunciatio

240 1566 447 1601 verborum,
476 1572 562 1605 quae
581 1559 617 1591 fit
633 1559 676 1591 ab
695 1558 911 1600 intelligente
928 1556 1022 1592 bunc
1038 1559 1164 1599 ritum,
1191 1564 1224 1592 et

241 1628 312 1648 non
331 1617 576 1648 contemnente
596 1608 752 1641 divinam
772 1609 1053 1649 ordinationem,
1083 1611 1140 1642 sed
1161 1607 1223 1641 ha-

241 1669 342 1699 bente
360 1663 425 1697 boc
442 1661 661 1706 propositum
674 1686 682 1699 ‚
709 1666 746 1692 ut
765 1666 963 1693 reverenter
981 1659 1100 1701 saciat,
1129 1660 1224 1704 quod

241 1717 412 1750 divinitus
429 1713 597 1747 traditum
616 1717 677 1744 est.

598 1805 672 1839 Dic
697 1803 863 1849 regulas.

664 1871 797 1902 Prima,

345 1925 462 1957 Posito
486 1930 580 1961 toto,
608 1932 746 1954 necesse
770 1927 817 1953 est
844 1919 926 1963 poni
950 1932 1072 1953 omnes
1095 1921 1228 1965 princi-

245 1978 337 2022 pales
356 1982 479 2020 partes.

636 2041 833 2080 Exempla.

398 2093 440 2126 ln
458 2093 569 2134 legato
589 2090 844 2133 promittuntur
861 2088 1037 2126 alimenta,

398 2144 508 2187 Igitur
529 2142 701 2174 debentur
721 2139 807 2179 cibi,
836 2146 946 2172 vestes
963 2146 994 2171 et
1014 2137 1195 2173 habitatio.

667 2209 802 2239 Aliud.

402 2262 629 2304 Magistratus
654 2265 702 2291 est
722 2265 837 2291 custos
855 2257 961 2289 totius
980 2257 1063 2299 legis
1078 2256 1231 2299 divinae,
1256 2270 1257 2283 ³

456 2313 551 2358 quod
568 2312 609 2344 ad
632 2316 809 2343 externam
830 2308 1053 2350 disciplinam
1074 2307 1207 2348 attinet,

401 2364 494 2408 Ergo
520 2370 551 2396 et
577 2361 708 2406 primae
726 2360 865 2392 tabulae
882 2365 996 2391 custos
1014 2364 1073 2391 est.
1125 2357 1232 2391 Curet

456 2415 562 2458 igitur
587 2419 679 2445 recte
702 2410 837 2447 doceri,
867 2416 900 2442 et
917 2409 1054 2442 aboleat
1073 2415 1233 2442 externos

456 2467 569 2499 cultus
588 2463 765 2496 idolorum
783 2468 816 2495 et
833 2458 1075 2504 blasphemias.

674 2532 808 2564 Aliud.

407 2584 536 2617 Totum
556 2582 724 2615 iudicium
744 2588 794 2614 est
811 2592 862 2613 res
879 2579 1069 2624 approbata
1086 2590 1103 2611 a
1120 2577 1206 2619 Deo,

401 2633 495 2677 Ergo
515 2641 545 2666 et
564 2640 677 2675 partes
695 2643 877 2666 concessae
895 2638 995 2669 sunt,
1024 2641 1183 2664 accusare
1201 2636 1234 2663 et
1257 2658 1259 2680 ;

459 2685 679 2727 respondere.

464 111 671 149 SCRIPTA
700 110 774 145 PII.
801 108 916 145 MEL.
946 106 1015 144 AD
1043 108 1168 144 HIST.
1197 106 1340 148 PROF.
1367 107 1432 145 ET
1460 106 1650 144 PHILOS.
1679 108 1999 148 SPECTANTIA.

2172 113 2246 162 672

1691 197 1825 228 Aliud.

1412 253 1485 288 Lex
1514 260 1564 288 est
1592 254 1686 287 bona
1707 254 1862 298 legitime
1886 254 2019 295 utenti,
2053 261 2092 290 ut
2114 255 2247 291 Paulus

1473 305 1634 345 affirmat,

1420 355 1532 400 Igitur
1548 362 1582 389 et
1597 348 1819 398 magistratus
1837 366 1956 398 gerere
1972 367 2172 390 concessum
2189 365 2249 399 est,

1475 407 1556 452 quia
1585 406 1807 450 magistratus
1832 413 1882 440 est
1904 417 1959 440 res
1982 407 2144 441 ordinata
2166 420 2249 442 voce

1474 458 1570 501 legis.

1504 543 1578 577 Dic
1604 541 1808 577 secundam
1834 544 2017 591 regulam.

1370 609 1556 644 Destructa
1585 622 1654 643 una
1685 610 1872 654 principali
1902 619 2017 656 parte,
2052 617 2164 645 totum
2191 612 2253 645 de-

1271 661 1438 699 struitur,
1462 667 1518 694 ut:

1425 710 1519 744 Huic
1537 709 1694 743 aedificio
1713 711 1808 745 deest
1825 719 1965 752 tectum,

1479 761 1560 795 Non
1579 768 1629 794 est
1645 761 1753 804 igitur
1770 763 1904 797 domus.

1424 811 1576 857 Corpori
1596 812 1779 846 Ciceronis
1795 814 1988 857 praecisum
2007 821 2056 848 est
2075 822 2188 859 caput,

1480 863 1560 897 Non
1576 863 1683 906 igitur
1702 864 1829 898 mansit
1847 865 2035 898 incolumis
2049 864 2184 902 Cicero.

1375 914 1478 948 Valet
1491 914 1754 959 consequentia,
1782 915 1864 959 quia
1880 916 2054 950 destructa
2071 928 2140 950 una
2157 917 2256 962 prin-

1273 966 1376 1011 cipali
1395 972 1492 1009 parte
1510 972 1622 998 totum
1642 965 1846 1001 destruitur.

1374 1015 1518 1050 Moneri
1541 1023 1655 1049 autem
1672 1013 1740 1048 hoc
1756 1016 1833 1049 loco
1853 1017 2026 1050 discentes
2042 1029 2180 1051 necesse
2197 1025 2257 1057 est,

1272 1065 1363 1100 hanc
1387 1066 1542 1109 regulam
1567 1067 1609 1099 de
1632 1067 1791 1110 partibus
1815 1067 1933 1111 loqui,
1966 1080 2039 1100 non
2063 1069 2106 1101 de
2128 1068 2260 1113 specie-

1272 1120 1349 1153 bus.
1402 1115 1482 1151 Non
1507 1117 1600 1149 enim
1631 1118 1722 1150 valet
1742 1118 2010 1162 consequentia,
2036 1127 2170 1154 remota
2187 1131 2259 1154 uua

1274 1168 1387 1214 specie
1401 1167 1576 1201 removeri
1589 1178 1708 1210 genus,
1736 1174 1774 1201 ut
1787 1180 1858 1201 non
1873 1169 1963 1203 valet
1978 1171 2245 1216 consequentia:

1428 1218 1505 1252 Hoc
1522 1230 1595 1251 non
1612 1225 1663 1252 est
1679 1217 1869 1258 Creticum,

1427 1267 1521 1313 Ergo
1538 1281 1611 1302 non
1628 1275 1678 1302 est
1694 1269 1830 1302 vinum.

1374 1320 1464 1354 Nam
1495 1332 1513 1353 a
1536 1320 1649 1364 specie
1673 1321 1716 1352 ad
1741 1331 1851 1363 genus
1877 1332 1949 1353 non
1974 1329 2260 1364 argumentamur
2290 1339 2293 1341 >

1273 1372 1452 1416 negative,
1481 1371 1549 1404 nisi
1568 1382 1691 1403 omnes
1707 1371 1837 1414 species
1854 1378 2117 1408 enumerentur.

1521 1472 1588 1512 De
1614 1472 1706 1512 loco
1732 1483 1757 1512 a
1783 1472 2005 1513 divisione.

1687 1547 1845 1592 Regula.

1378 1613 1527 1656 Quoties
1551 1620 1838 1657 argumentamur
1859 1624 1877 1646 a
1902 1613 2095 1653 divisione,
2124 1625 2184 1648 seu
2203 1626 2262 1659 ge-

1276 1666 1370 1698 neris
1394 1666 1431 1697 in
1456 1665 1603 1708 species,
1633 1676 1692 1698 seu
1713 1664 1822 1698 totius
1837 1663 1874 1696 in
1892 1671 2026 1707 partes,
2053 1665 2112 1699 fiat
2126 1665 2262 1709 integra

1277 1717 1498 1750 enumeratio
1518 1715 1710 1759 specierum
1730 1727 1789 1748 seu
1807 1715 1960 1759 partium
1974 1740 1982 1753 ,
2010 1722 2063 1749 ut:

1430 1765 1562 1800 Omnis
1576 1766 1674 1800 stella
1691 1773 1748 1799 aut
1764 1773 1812 1799 est
1828 1766 1911 1806 fixa,
1937 1772 1998 1799 aut
2013 1766 2171 1810 planeta,
2199 1779 2263 1801 nec

1484 1823 1565 1850 sunt
1583 1817 1700 1861 plures
1718 1817 1860 1860 specics,

1433 1867 1574 1902 Cometa
1591 1879 1663 1900 non
1682 1875 1729 1901 est
1748 1868 1813 1900 fixa
1829 1867 1927 1900 stella
1946 1879 2009 1901 nec
2026 1867 2175 1912 planeta,

1431 1917 1512 1951 Non
1531 1925 1578 1951 est
1600 1918 1706 1960 igitur
1723 1918 1833 1952 stella.

1380 1968 1461 2002 Non
1486 1980 1557 2001 esse
1580 1969 1682 2001 fixam
1707 1968 1799 2001 oculi
1822 1974 2012 2008 testantur,
2038 1968 2119 2014 quia
2140 1980 2261 2003 omnes

1282 2026 1436 2054 cometae
1468 2019 1664 2062 agitantur,
1699 2025 1731 2052 et
1757 2018 1899 2063 quidem
1924 2019 2030 2051 variis
2051 2019 2205 2053 motibus
2230 2026 2263 2053 et

1281 2071 1423 2115 rapidis.
1484 2069 1565 2102 Non
1594 2080 1665 2102 esse
1686 2069 1861 2112 planetam
1886 2069 1969 2102 inde
1996 2070 2261 2110 ratiocinamur,

1282 2122 1364 2167 quia
1394 2126 1538 2164 vagatur
1569 2126 1663 2153 extra
1693 2119 1890 2160 zodiacum,
1925 2126 1958 2153 et
1989 2132 2068 2153 cum
2093 2120 2195 2156 initio
2218 2121 2264 2155 sit

1280 2183 1447 2215 magnum
1471 2181 1616 2214 corpus,
1645 2170 1811 2213 paulatim
1831 2170 2047 2212 absumitur,
2070 2178 2110 2204 ut
2125 2171 2192 2215 ipsi
2210 2172 2263 2204 vi-

1281 2223 1414 2263 dimus,
1441 2229 1474 2255 et
1498 2228 1617 2255 narrat
1634 2220 1782 2261 Seneca,
1810 2228 1889 2254 ante
1907 2221 2039 2254 bellum
2058 2219 2263 2263 Achaicum,

1256 2287 1257 2300 π
1282 2274 1319 2306 in
1349 2285 1418 2318 quo
1442 2269 1653 2310 Corinthus,
1687 2269 1832 2305 Thebae
1855 2278 1885 2304 et
1909 2272 1996 2305 aliae
2021 2272 2151 2306 multae
2176 2273 2262 2305 civi-

1283 2331 1369 2358 tates
1401 2336 1419 2356 a
1445 2322 1617 2356 Romanis
1644 2323 1804 2356 funditus
1828 2323 1961 2356 deletae
1983 2330 2082 2363 sunt,
2115 2334 2261 2366 conspe-

1283 2382 1376 2409 ctum
1402 2385 1473 2407 esse
1497 2380 1666 2406 cometam
1686 2373 1778 2406 Solis
1803 2374 2063 2416 magnitudine,
2091 2379 2123 2405 et
2141 2373 2262 2415 paula-

1283 2426 1380 2459 latim
1405 2425 1617 2458 absumtum.
1668 2424 1726 2458 Sic
1744 2424 1950 2458 Aristoteles
1973 2435 2034 2467 per
2052 2423 2262 2456 divisionem

1257 2489 1258 2496 ¹
1283 2477 1430 2522 quaerit,
1458 2475 1542 2520 quid
1561 2476 1605 2508 sit
1623 2475 1742 2510 virtus.
1788 2474 1829 2507 In
1845 2476 1958 2507 anima
1977 2471 2060 2506 haec
2075 2481 2172 2507 sunt:
2201 2486 2264 2519 po-

1283 2527 1428 2568 tentiae,
1460 2526 1633 2566 actiones,
1668 2526 1826 2566 affectus,
1856 2524 2031 2559 naturales
2061 2525 2264 2559 inclinatio-

1257 2598 1258 2602 =
1283 2590 1364 2616 nes,
1392 2585 1425 2612 et
1443 2574 1583 2610 habitus
1601 2589 1639 2609 ex
1659 2576 1856 2609 actionibus
1872 2575 1957 2615 orti,
1980 2582 2016 2608 ut
2037 2583 2139 2609 artes.
2192 2575 2263 2609 De-

1286 2630 1368 2662 inde
1393 2630 1435 2661 de
1458 2628 1604 2671 singulis
1629 2627 1795 2660 membris
1810 2626 1964 2665 disserit,
1993 2627 2103 2660 donec
2121 2627 2263 2661 remotis

1257 2682 1259 2698 ¹
1285 2680 1444 2720 caeteris,
1474 2678 1654 2713 constituit
1672 2677 1833 2710 virtutem
1852 2673 2011 2710 habitum
2029 2689 2109 2710 esse.
