2379 2948
287 90 380 127 1055
871 83 996 120 PHIL.
1023 82 1139 118 MEL.
1163 82 1371 119 SCRIPTA
1399 81 1697 119 EXEGETICA.

281 178 409 209 fecerat
437 174 473 206 in
496 173 614 208 Israel.

281 227 363 272 qui,
401 226 459 270 qui
495 223 638 257 tradidit
670 232 771 253 suum
805 220 950 252 verbum
985 220 1115 263 populo
1141 219 1260 258 Israel,

282 277 363 321 quia
383 276 465 308 facit
483 274 695 306 mentionem
714 270 864 303 foederis
882 281 942 302 seu
958 269 1195 305 Testamenti,
1223 269 1258 301 id

282 335 348 366 est,
378 325 649 369 promissionum
669 322 797 366 quibus
813 328 971 364 receptus
989 327 1037 353 est
1060 318 1117 353 bic
1144 331 1258 362 popu-

283 378 356 415 lus,
383 376 542 419 clareque
568 373 733 406 discernit
749 370 940 404 Ecclesiam
958 371 1023 404 Dei
1047 383 1065 403 a
1083 369 1260 413 gentibus:

282 434 313 460 et
334 425 607 469 promissionum
634 434 806 456 summam
831 422 1068 466 complectitur
1093 418 1158 452 hoc
1181 420 1261 452 dul-

282 477 420 510 cissimo
446 475 635 508 versiculo:
682 469 819 506 Omnes
842 471 919 505 viae
940 469 1099 504 Domini
1119 469 1261 502 miseri-

282 524 406 560 cordia
431 530 459 558 ei
487 524 641 563 veritas,
668 520 951 556 custodientibus
966 519 1104 570 foedus
1130 520 1204 554 eius
1232 524 1261 552 et
1288 528 1289 535 ¹

282 575 491 610 testimonia
511 575 604 612 eius,
633 575 667 607 id
687 582 754 614 est,
781 573 877 607 Deus
894 586 975 606 vere
1002 579 1049 605 est
1068 571 1263 604 misericors

282 635 312 661 et
335 627 509 660 beneficus
536 637 614 669 erga
638 624 829 658 Ecclesiam
856 636 972 662 suam,
1001 634 1089 667 quae
1115 623 1261 654 verbum

282 680 326 711 al)
352 678 427 721 ipso
451 677 617 709 traditum
643 675 882 719 amplectitur,
917 681 949 707 et
974 674 1039 705 fide
1067 671 1141 704 eius
1165 672 1262 704 verbi

282 729 397 772 ipsum
415 727 553 760 invocat
571 733 604 759 et
622 738 699 758 eum
717 725 812 758 colit.

383 777 545 811 Secundo
563 788 699 809 causam
717 775 876 822 exponit,
898 785 960 806 cur
979 773 1022 806 ad
1037 771 1149 805 Deum
1168 784 1264 805 acce-

282 830 359 868 dat,
393 828 456 861 etsi
488 828 571 860 sciat
593 826 706 859 Deum
739 825 842 858 irasci
868 831 1020 869 peccato.
1078 822 1172 856 Huic
1200 823 1263 855 ob-

283 879 424 911 iectioni
447 877 594 922 opponit
613 876 807 909 doctrinam
831 876 873 908 de
898 875 1046 917 gratuita
1066 873 1264 906 misericor-

281 930 358 968 dia,
382 941 486 973 quam
505 940 544 960 ex
561 927 853 971 promissionibus
881 924 1143 966 intelligebant,
1177 936 1264 968 quae

281 991 362 1012 vere
382 986 462 1011 sunt
474 977 717 1020 Evangelium.
770 976 816 1010 Et
833 974 895 1008 has
913 973 1109 1017 Prophetae
1128 975 1264 1017 sapien»

281 1037 333 1064 ter
357 1029 599 1062 discernebant
625 1040 643 1060 a
665 1028 754 1070 lege:
789 1023 1035 1059 Reminiscere
1059 1023 1264 1057 miseratio-

282 1092 368 1113 num
405 1084 550 1112 tuarum
586 1076 766 1118 Domine,
800 1081 830 1109 et
864 1073 1139 1109 misericordiae
1173 1079 1265 1115 tuae,

282 1130 369 1177 quia
387 1142 410 1162 a
430 1127 549 1162 seculo
571 1132 676 1167 sunl,
704 1129 738 1160 id
754 1134 822 1161 est:
859 1128 1022 1169 Agnosco
1044 1138 1159 1159 meum
1186 1138 1266 1169 pec-

281 1188 416 1220 catum,
449 1187 481 1213 et
507 1180 576 1212 scio
600 1192 654 1211 me
676 1191 747 1211 non
781 1189 852 1210 esse
878 1179 1008 1210 iustum
1034 1176 1119 1219 legis
1140 1176 1265 1219 imple-

283 1232 389 1265 tione.
452 1229 570 1272 Quare
597 1230 760 1271 confugio
793 1229 834 1261 ad
858 1227 1135 1260 misericordiam
1159 1234 1266 1264 tuam,

283 1294 386 1326 quam
406 1280 594 1325 patefecisti
615 1280 657 1312 ab
673 1280 786 1312 initio.
838 1277 992 1311 Noluisti
1010 1289 1117 1319 genus
1137 1275 1264 1309 huma-

283 1344 369 1364 num
386 1338 497 1364 totum
516 1330 648 1374 perire,
679 1331 738 1362 sed
757 1329 955 1372 excerpsisti
981 1328 1046 1361 tibi
1064 1326 1267 1366 Ecclesiam,

284 1382 411 1414 dedisti
446 1381 717 1425 promissiones,
759 1380 795 1412 in
828 1379 957 1424 quibus
988 1385 1131 1410 testatus
1170 1389 1204 1410 es
1234 1384 1266 1410 te

285 1432 438 1475 recipere
470 1430 717 1473 amplectentes
748 1431 894 1462 verbum
926 1429 1026 1460 illud.
1089 1426 1266 1471 Recepisti

285 1481 423 1521 Adam,
459 1479 576 1520 Nohe,
611 1478 811 1523 Abrabam,
845 1478 993 1518 Mosen,
1030 1476 1172 1517 Aaron,
1206 1477 1267 1521 qui

285 1530 505 1565 horribiliter
529 1531 645 1574 lapsus
672 1537 755 1565 erat.
807 1529 865 1563 Sic
880 1540 1098 1573 mewquoque
1120 1528 1268 1572 recipias

285 1583 454 1615 immensa
472 1581 712 1613 misericordia
733 1587 791 1613 tua
809 1586 952 1623 propter
968 1579 1177 1622 promissum
1194 1577 1267 1610 Do-

284 1633 433 1665 minum.
486 1629 843 1663 vehementissimum
860 1626 983 1667 πάθος
1000 1635 1069 1666 est,
1099 1628 1268 1661 intuentis

285 1684 402 1726 lapsus
420 1681 578 1714 omnium
595 1680 805 1714 Sanctorum
824 1688 857 1714 et
873 1691 993 1712 eorum
1011 1679 1266 1712 restitutionem

286 1734 370 1766 inde
387 1743 494 1776 usque
511 1744 528 1764 a
549 1732 734 1775 principio,
787 1730 875 1763 Nam
896 1737 927 1763 et
946 1729 1048 1762 dolor
1074 1741 1113 1761 ex
1139 1729 1268 1771 cogita-

286 1784 383 1817 tione
418 1782 668 1815 imbecillitatis
704 1780 849 1814 humani
887 1780 1024 1823 generis
1059 1786 1204 1822 augetur
1238 1787 1297 1813 eta

287 1833 502 1877 conspicitur
525 1833 730 1875 magnitudo
762 1831 1034 1864 misericordiae.
1087 1829 1269 1872 Adiunga-

287 1892 344 1918 tur
365 1891 479 1917 autem
503 1883 546 1915 ad
573 1880 667 1914 huuc
693 1894 831 1915 versum
856 1882 897 1913 de
925 1880 1165 1913 misericordia
1194 1892 1270 1912 ver-

288 1946 345 1967 sus
365 1934 503 1972 tertius,
529 1933 713 1965 continens
730 1932 996 1975 promissionem
1014 1931 1270 1963 dulcissimam:

288 1980 426 2017 Omnes
444 1982 508 2029 (lui
521 1986 550 2014 le
570 1987 779 2028 expectant,
805 1993 876 2014 non
895 1978 1182 2025 confundentur.

391 2034 620 2075 Adiungatur
637 2040 669 2066 et
690 2033 872 2075 promissio
890 2033 926 2064 in
945 2043 1046 2064 versu
1063 2032 1268 2064 undecimo:
1296 2040 1297 2061 1
1325 2048 1390 2080 bus
1405 2047 1522 2086 malis,
1552 2046 1744 2090 acquiescet
1762 2045 1799 2077 in
1818 2044 1905 2081 Deo·

289 2081 425 2118 Omnes
444 2083 521 2116 siae
539 2081 702 2115 Domini
718 2079 966 2114 misericordia
987 2086 1016 2113 el
1034 2081 1182 2120 veritas,
1211 2093 1272 2114 cu-
1297 2086 1303 2115 [-

288 2133 529 2169 stodz‘entibus
539 2131 694 2180 foedus,
723 2133 757 2166 id
775 2139 842 2173 est,
858 2131 1033 2165 Ecclesiae
1049 2132 1270 2176 amplectenti

290 2188 456 2225 verbum,
484 2185 663 2218 invocanti
689 2185 782 2217 iuxta
808 2183 1069 2227 promissiones·
1130 2183 1271 2216 Adiun-

290 2244 391 2279 gatur
407 2243 568 2268 etversus
584 2236 829 2267 duodecimus:
857 2230 1009 2274 Propter
1027 2244 1153 2265 nomen
1172 2237 1271 2265 tuum

290 2285 453 2319 Domine
476 2283 662 2331 propicius
687 2289 767 2317 esto.
822 2283 932 2326 Quasi
954 2283 1066 2323 dicat,
1095 2295 1167 2316 non
1192 2296 1271 2326 pro-

291 2344 369 2381 pter
387 2343 505 2369 nostra
542 2336 684 2374 merita,
726 2336 785 2368 sed
821 2340 963 2378 propter
998 2333 1271 2366 misericordiam

292 2394 406 2425 tuam,
434 2393 467 2419 et
488 2393 526 2419 ut
547 2386 669 2428 ingens
693 2386 897 2428 magnitudo
915 2384 1173 2417 misericordiae
1196 2391 1272 2417 tuae

293 2438 502 2475 celebretur,
531 2442 561 2469 et
587 2437 645 2468 alii
668 2442 929 2480 expavescentes
952 2441 983 2467 et
1001 2434 1213 2478 trepidantes
1231 2436 1271 2467 ad

295 2493 327 2519 te
344 2489 504 2527 redeant,
532 2493 562 2519 et
582 2499 662 2519 vere
681 2498 800 2519 rursus
820 2486 1006 2520 celebrent.

396 2536 518 2569 Tertio
542 2537 771 2570 nominantur
796 2544 828 2570 et
852 2542 1101 2579 exaggerantur
1117 2547 1170 2568 res
1187 2548 1274 2580 quae

296 2592 485 2630 petuntur,
514 2587 662 2627 scilicet,
689 2588 846 2620 remissio
872 2593 1112 2630 peccatorum,
1148 2593 1179 2619 et
1212 2598 1274 2629 gu-

297 2636 456 2670 bernatio
483 2647 521 2669 ac
549 2638 722 2678 defensio,
750 2649 837 2682 quae
863 2637 1075 2671 comitantur
1100 2637 1274 2670 remissio-

665 168 710 204 Et
732 169 828 203 addit
853 180 887 201 se
909 168 1010 202 illum
1031 170 1148 203 Deum
1173 169 1260 201 allo·
1286 177 1288 182 ⁸

2195 83 2292 119 1056

1312 181 1404 204 nem.
1467 168 1663 202 Miscentur
1688 173 1803 201 autem
1828 168 2007 212 querelae,
2037 181 2125 214 quae
2148 180 2292 213 exagge-

1312 228 1390 254 rant
1421 218 1551 264 peccati
1574 218 1866 261 magnitudinem.
1924 217 2091 252 Nominat
2114 227 2292 263 peccatum

1313 271 1507 313 puericiae,
1542 269 1578 301 id
1602 276 1672 309 est,
1701 269 1796 313 quod
1827 268 1910 301 inde
1936 280 2047 313 usque
2070 281 2087 302 a
2112 270 2293 304 nativitate

1313 319 1423 354 haesit
1440 321 1477 353 in
1499 326 1644 360 natura,
1670 325 1702 351 et
1724 325 1842 363 postea
1860 319 1992 363 inquit:
2019 318 2201 362 Propicius
2216 327 2289 354 esto

1314 377 1470 415 peccato,
1497 370 1557 415 qui
1582 381 1748 413 magnum
1767 376 1836 409 est,
1863 380 1924 402 seu
1946 369 2148 413 multiplex,
2175 369 2211 402 id
2229 377 2291 411 est,

1314 433 1438 464 magna
1463 421 1572 463 caligo
1598 427 1631 453 et
1656 419 1790 452 aversio
1817 431 1880 452 seu
1905 420 2079 453 aberratio
2106 432 2124 453 a
2143 419 2237 461 Deo,
2262 428 2296 454 et

1315 483 1438 514 magna
1462 472 1619 504 confusio
1646 470 1805 503 omnium
1829 477 1987 503 motuum
2015 470 2207 504 carentium
2232 481 2297 513 gu-

1316 522 1520 555 bernatione
1537 520 1623 558 Dei,
1648 533 1753 553 ruens
1777 527 1896 553 contra
1916 519 2047 559 Deum,
2075 528 2108 554 et
2124 521 2153 553 ei
2172 520 2297 565 displi-

1315 584 1407 606 cens.
1474 570 1548 604 Hae
1582 572 1743 615 querelae
1777 571 1965 614 diligenter
2000 571 2212 614 cogitentur,
2258 578 2298 605 ut

1316 622 1541 655 emendemus
1572 621 1746 654 carnalem
1779 622 1998 655 securitatem
2031 628 2063 655 et
2093 619 2298 667 hypocrisin

1316 679 1558 706 extenuantem
1576 678 1767 715 peccatum.
1820 670 1912 715 Apte
1928 672 2033 715 igitur
2061 684 2120 712 ea,
2142 683 2231 716 quae
2258 671 2296 704 in

1318 723 1516 767 precatione
1549 722 1734 766 praecipue
1765 722 1948 764 cogitanda
1973 730 2073 760 sunt,
2109 722 2295 763 recensuit,

1317 785 1419 818 quem
1441 772 1556 806 Deum
1584 772 1740 813 invocet,
1770 784 1833 805 cur
1856 774 1898 805 ad
1924 784 2002 806 eum
2027 774 2185 812 accedat,
2211 773 2299 817 quid

1318 830 1428 868 petat,
1469 829 1599 868 quanta
1635 823 1679 855 sit
1713 823 1919 865 magnitudo
1952 830 2092 857 nostrae
2127 823 2299 857 miseriae.

1319 875 1499 908 Interserit
1517 880 1549 906 et
1566 873 1817 917 promissiones
1833 873 1961 916 quibus
1985 873 2157 917 precantis
2174 873 2301 906 fiducia

1318 925 1462 968 erigitur
1487 931 1518 957 et
1544 924 1787 957 confirmatur:
1816 919 1953 956 Omnes
1972 922 2084 970 quite
2101 927 2301 970 expectant,

1318 987 1390 1007 non
1423 971 1711 1021 confundentur:
1752 972 1867 1006 bonus
1899 977 1929 1006 et
1959 978 2072 1007 rectus
2103 972 2302 1013 Dominus,

1317 1032 1500 1070 propterea
1527 1025 1666 1058 docebit
1693 1031 1890 1068 peccatores
1906 1024 1944 1056 in
1963 1024 2039 1064 via,
2067 1024 2193 1067 diriget
2209 1025 2303 1058 affli-

1318 1084 1391 1109 ctos
1417 1076 1453 1107 in
1479 1075 1627 1108 iudicio:
1654 1075 1690 1107 id
1716 1081 1783 1115 est,
1811 1075 1985 1117 mitigabit
2001 1075 2050 1108 eis
2065 1075 2304 1116 afflictionem,

1319 1126 1559 1159 consolabitur
1584 1136 1652 1158 eos
1705 1124 1769 1158 Est
1806 1131 1839 1159 et
1863 1123 1946 1157 haec
1970 1125 2173 1169 promissio:
2208 1123 2303 1172 Quis

1319 1181 1368 1209 esi
1388 1173 1496 1209 homo
1512 1175 1577 1223 qui
1593 1174 1691 1208 timet
1705 1173 1931 1214 Dominum,
1960 1176 2098 1209 docebit
2115 1188 2193 1209 eum
2211 1177 2304 1209 viam

1319 1239 1424 1272 quam
1451 1227 1570 1269 elegit,
1599 1227 1634 1258 id
1660 1232 1729 1266 est,
1757 1232 1888 1270 quanta
1911 1237 1982 1266 res,
2017 1238 2121 1271 quam
2147 1226 2229 1259 felix
2253 1233 2304 1260 est

1320 1278 1378 1310 ille
1403 1275 1511 1309 homo
1538 1277 1598 1321 qui
1624 1277 1722 1310 timet
1746 1275 1957 1317 Dominum,
1992 1277 2053 1321 qui
2080 1277 2304 1321 amplectitur

1320 1328 1466 1361 verbum
1491 1327 1575 1367 Dei,
1608 1339 1672 1359 nec
1702 1327 1820 1359 abiicit
1844 1327 1965 1359 fidem:
2018 1326 2087 1360 Hic
2112 1324 2215 1360 habet
2240 1339 2305 1370 gu-

1320 1379 1541 1411 bernatorem
1559 1384 1592 1410 et
1609 1378 1827 1409 defensorem
1845 1375 1970 1410 Deum.
2022 1374 2206 1410 Secrelum
2218 1375 2305 1410 Do-

1320 1426 1429 1465 mini,
1465 1426 1672 1459 limenlibus
1698 1438 1798 1467 eum,
1834 1427 1870 1460 id
1894 1433 1966 1467 est,
1999 1427 2160 1460 timentes
2189 1426 2305 1461 Deum

1321 1484 1517 1521 agnoscunt
1534 1483 1703 1510 secretum
1718 1477 1882 1517 Domini,
1908 1477 1943 1509 id
1962 1483 2031 1515 est,
2059 1478 2304 1521 praesentiam,

1321 1536 1353 1562 et
1380 1528 1550 1560 auxilium
1575 1527 1664 1567 Dei,
1690 1528 1784 1571 quod
1808 1533 1859 1560 est
1881 1533 2074 1565 secretum,
2101 1539 2174 1560 non
2199 1528 2306 1562 intel-

1322 1579 1448 1611 lectum
1475 1578 1632 1617 mundo,
1660 1578 1743 1621 quia
1770 1577 1871 1620 impii
1897 1589 1970 1610 non
1993 1578 2182 1612 credebant
2196 1578 2307 1612 Davi·

1322 1631 1399 1662 dem
1418 1628 1454 1660 in
1472 1628 1575 1660 exilio
1592 1640 1694 1660 curae
1712 1638 1783 1660 esse
1799 1626 1887 1661 Deo.

1423 1684 1465 1718 In
1490 1686 1559 1718 fine
1582 1692 1790 1729 repetuntur
1815 1692 1847 1718 et
1871 1686 2099 1721 cumulantur
2121 1687 2307 1731 petitiones

1323 1738 1365 1770 de
1388 1736 1594 1769 remissione
1617 1743 1858 1780 peccatorum,
1892 1737 2148 1780 gubernatione
2180 1745 2214 1772 et
2243 1740 2307 1772 de-

1323 1787 1493 1821 sensione.

1425 1843 1578 1878 Ultimus
1605 1856 1724 1877 versus
1745 1844 1843 1878 addit
1862 1843 2098 1891 ἐπιφώνημα,
2123 1846 2307 1880 continens

1325 1895 1592 1939 promissionem
1623 1895 1877 1935 universalem,
1916 1907 2005 1939 quae
2035 1896 2100 1930 toti
2129 1895 2306 1931 Ecclesiae

1325 1945 1568 1979 liberationem
1594 1945 1792 1989 pollicetur.
1845 1945 2026 1988 Significat
2047 1946 2154 1988 igitur
2178 1955 2308 1981 restare

1324 1997 1432 2029 vitam
1449 2003 1637 2033 aeternam,
1666 1996 1703 2028 in
1719 2007 1786 2040 qua
1796 1993 1949 2029 Ecclesia
1966 1996 2112 2029 liberata
2129 1997 2173 2030 ab
2191 1998 2307 2031 omni-

1465 2164 1799 2209 Aryumentum
1828 2174 1883 2196 ac
1912 2162 2168 2208 dispositio

1645 2228 1804 2268 Psalmi
1835 2228 1998 2271 XXVI.

1376 2309 1509 2344 ludica
1527 2321 1585 2343 me
1602 2306 1786 2352 Domine,
1811 2311 1983 2354 quoniam
1999 2321 2064 2357 eye
2082 2313 2122 2345 in
2138 2314 2308 2346 innocen-

1376 2363 1433 2395 tia
1452 2371 1534 2394 mea
1551 2362 1736 2405 ingressus
1751 2371 1852 2404 Sum,
1872 2365 1910 2395 et
1927 2363 1964 2395 in
1975 2362 2133 2396 Domino
2149 2373 2308 2406 sperans·

1375 2423 1447 2446 non
1463 2409 1695 2458 infirmabor,
1723 2416 1793 2446 etc.

1430 2484 1543 2518 Totus
1556 2483 1716 2517 Psalmus
1741 2485 1842 2519 initio
1867 2485 2017 2529 precatio
2035 2491 2100 2523 est,
2129 2497 2197 2530 qua
2223 2485 2309 2530 petit

1300 2561 1302 2583 Ξ
1328 2535 1566 2568 defensionem
1593 2541 1713 2568 contra
1732 2532 1848 2568 hostes
1865 2534 2041 2569 Ecclesiae
2057 2542 2089 2569 et
2105 2533 2305 2580 Evangelii:

1329 2586 1457 2619 deinde
1479 2586 1649 2618 confessio
1673 2592 1739 2625 est,
1765 2597 1831 2630 qua
1850 2592 1993 2620 testatur
2013 2597 2048 2618 se
2070 2586 2224 2630 profiteri
2247 2599 2308 2620 ve-

1329 2648 1404 2670 ram
1427 2634 1602 2669 Ecclesiae
1628 2636 1849 2676 doctrinam,
1884 2642 1915 2669 et
1938 2636 2056 2679 fugere
2083 2643 2114 2670 et
2141 2638 2308 2670 damnare
