2379 2948
218 83 289 119 891

219 168 281 213 qui
304 177 338 200 se
362 165 506 204 abiecit,
533 170 569 196 ut
588 162 685 195 fieret
701 160 854 194 victima.
906 159 1008 193 Hanc
1026 160 1205 193 victimam

219 230 327 252 unam
352 217 455 250 Pater
481 213 649 257 signavit,
683 211 831 254 delegit,
865 212 1093 255 approbavit,
1127 222 1206 254 per-

219 269 312 303 fudit
337 267 472 311 Spiritu
497 270 635 303 sancto,
662 263 730 303 ita,
756 269 795 295 ut
819 274 859 295 ex
884 262 957 295 eius
983 261 1207 306 plenitudine

220 319 346 354 caeteri
365 315 566 354 haurirent,
594 321 632 348 ut
648 313 806 358 Baptista
823 313 953 358 inquit.

322 367 502 401 Hactenus
527 365 634 407 igitur
658 362 741 397 haec
766 364 870 397 dixit:
898 362 1069 397 Nascetur
1093 368 1125 395 et
1149 373 1208 394 ex-

221 419 403 455 hibebitur
435 416 630 461 promissus
659 414 844 455 liberator,
880 426 918 447 ac
948 415 1115 457 fungetur
1145 423 1208 445 suo

220 481 366 504 munere
399 475 477 512 post
508 478 618 500 annos
631 465 706 500 490
732 467 882 499 durante
907 463 1021 498 adhuc
1044 464 1132 497 urbe
1155 461 1210 496 Ie-

220 521 372 556 rusalem
405 531 444 552 ex
476 517 598 562 politia
623 524 748 551 vestra.
818 515 914 549 Haec
937 514 1111 549 sententia
1133 513 1210 558 pios

221 581 305 607 tunc
330 571 367 603 in
392 570 543 613 publicis
569 567 735 612 periculis
754 568 931 600 uberrime
948 565 1209 599 consolabatur.

221 623 319 666 Quid
343 621 436 654 enim
458 619 561 653 nobis
580 618 732 663 optatius
748 625 855 658 esset,
880 629 985 662 quam
1004 616 1091 649 scire
1110 626 1212 648 man-

221 685 338 708 suram
362 683 434 706 esse
454 671 492 703 in
511 667 565 703 his
583 670 666 713 ipsis
685 670 771 703 locis
788 667 1000 708 Ecclesiam,
1027 668 1065 699 in
1082 666 1212 711 quibus

222 732 342 758 nostra
361 723 425 756 crit
443 721 639 767 posteritas.

222 830 268 862 Et
296 829 395 861 scies
425 828 463 859 et
493 824 705 870 intelliges:
740 820 793 856 Ab
827 822 933 856 exitu
962 822 1146 854 sermonis
1171 819 1216 854 de

350 875 479 911 reditu
503 879 542 910 et
567 872 839 921 aedificatione
861 873 1084 907 Ierusalem.

328 953 370 988 Id
383 960 451 993 est,
479 965 498 986 a
514 952 668 985 secundo
685 961 778 983 anno
789 948 1014 992 Longimani,
1042 960 1111 994 quo
1121 947 1217 982 Deus

223 1018 285 1053 per
315 1004 524 1039 vaticinium
553 1001 710 1045 Haggaei
742 1007 775 1034 et
806 998 999 1033 Zachariae
1029 999 1218 1043 pollicetur

225 1055 505 1092 aedificationem
540 1063 782 1097 processuram
821 1062 910 1092 esse,
954 1057 988 1084 et
1019 1062 1089 1095 quo
1121 1062 1216 1083 anno

224 1108 468 1150 Longimanus
509 1105 687 1137 decretum
727 1102 857 1142 edidit,
908 1113 952 1134 ne
987 1101 1219 1146 impediretur

225 1157 433 1193 aedificatio.
497 1153 603 1195 Inde,
649 1153 767 1198 inquit
796 1151 972 1196 Angelus,
1014 1151 1218 1185 numerabis

224 1208 465 1243 hebdomadas
494 1205 670 1248 sexaginta
706 1216 852 1244 novem,
901 1215 920 1236 a
949 1202 1072 1248 populi
1102 1203 1219 1236 reditu

225 1271 337 1306 usque
362 1259 403 1291 ed
419 1255 601 1292 Christum
620 1256 764 1295 ducem,
792 1266 853 1287 seu
871 1261 1013 1295 natum,
1041 1265 1101 1287 seu
1118 1265 1220 1298 prae-

226 1312 415 1346 dicantem.
477 1306 567 1342 Cum
599 1306 693 1340 enim
723 1306 937 1339 nominatim
963 1305 1074 1345 dicat,
1109 1316 1220 1349 usque

227 1363 271 1396 ad
305 1362 429 1394 ducem
462 1356 664 1398 Christum,
708 1356 879 1399 significat
913 1355 981 1389 iam
1015 1356 1220 1398 fungentem

227 1410 443 1450 ministerio,
471 1409 566 1454 quod
588 1414 666 1451 post
682 1407 895 1452 baptismum
917 1406 1032 1449 palam
1057 1405 1221 1438 exercuit.
1245 1425 1247 1433 ι
1475 1445 1482 1451 ·
1830 1445 1838 1452 ι
2070 1445 2076 1451 ι

1245 1462 1247 1472 1
1271 1443 1337 1478 hac
1371 1445 1530 1477 doctrina
1563 1451 1699 1488 oportet
1733 1456 1798 1478 nos
1828 1457 1865 1477 m
1889 1443 2043 1478 Ecclesia
2068 1451 2259 1477 instructos

228 1461 413 1498 Admonui
439 1467 553 1493 autem
580 1469 684 1502 supra
702 1469 775 1490 non
794 1456 1006 1501 interrumpi
1026 1454 1221 1489 hebdoma-

229 1516 310 1554 das,
346 1512 373 1545 si
404 1511 446 1544 ad
471 1509 685 1554 baptismum
702 1505 837 1542 Christi
864 1519 883 1541 a
905 1507 1129 1550 Longimano
1153 1518 1222 1539 nu·
1246 1516 1248 1527 ·

231 1570 422 1598 merentur.

333 1613 406 1647 Cur
430 1617 544 1644 autem
569 1609 667 1642 iubet
692 1609 739 1644 69
764 1606 1005 1642 hebdomadas
1030 1606 1223 1648 numerari,

231 1667 266 1700 id
297 1672 365 1704 est,
400 1672 511 1695 annos
537 1659 619 1695 483.

233 1715 401 1752 describit
429 1713 522 1745 enim
556 1718 712 1754 tempus,
755 1711 850 1755 quod
880 1709 1058 1753 praecedit
1090 1708 1225 1752 baptis-

233 1779 329 1801 mum
338 1763 472 1800 Christi
484 1790 492 1803 ,
520 1770 552 1796 et
570 1762 645 1806 pios
661 1761 866 1801 confirmat,
892 1767 932 1793 ut
950 1759 1062 1793 sciant
1080 1759 1223 1792 interim

234 1830 308 1852 non
325 1816 510 1850 delendam
529 1824 600 1846 esse
616 1812 753 1856 urbem,
780 1811 844 1845 etsi
861 1810 979 1854 magni
996 1816 1124 1849 motus,
1149 1821 1226 1843 ma-
1249 1820 1251 1848 1

234 1880 322 1913 gnae
339 1865 551 1900 mutationes
570 1874 757 1906 regnorum
775 1869 955 1895 secuturae
973 1866 1081 1894 erant.
1109 1857 1155 1894 Et
1169 1860 1226 1894 fu-

234 1928 354 1954 turum
378 1923 469 1955 erat,
511 1921 548 1947 ut
573 1912 699 1946 Iudaea
724 1913 859 1947 duriter
884 1918 1108 1958 quassaretur
1134 1911 1227 1944 inter

235 1970 432 2003 vicinarum
455 1965 612 2010 gentium
639 1964 823 1998 tumultus.

238 2020 374 2054 solatio.

245 2126 362 2167 Usque
394 2117 445 2153 ad
470 2116 661 2152 Christum
693 2114 828 2149 ducem
851 2113 1145 2150 hebdomadibus
1171 2126 1228 2149 se·
1252 2125 1253 2128 ’

240 2178 343 2219 ptem
367 2175 402 2205 et
425 2166 717 2203 hebdomadibus
734 2168 939 2213 seoeayinta
961 2165 1104 2201 duabus·
1120 2166 1228 2201 habi-
1253 2197 1255 2221 3

274 2222 416 2259 tabitur
433 2220 663 2262 Ierusalem,
691 2222 729 2252 et
746 2215 954 2265 aedificata
972 2219 1046 2252 erit
1061 2219 1194 2262 platea

633 2274 670 2304 et
693 2280 837 2304 miurus.

344 2344 532 2391 Emphasis
560 2345 749 2377 verborum
775 2344 813 2376 in
836 2340 904 2375 hac
923 2342 1092 2375 brevitate
1108 2341 1232 2375 vatici·
1285 2349 1365 2386 post
1387 2340 1563 2383 sexaginta
1580 2352 1706 2372 novem
1725 2337 1963 2374 hebdomadas
1978 2367 1986 2380 ‚
2014 2341 2175 2373 videlicet
2191 2347 2268 2383 post

246 2401 295 2433 nii
318 2397 543 2442 expendenda
564 2402 625 2429 est.
667 2393 804 2428 Diserte
831 2393 963 2438 inquit:
1002 2391 1232 2426 Habitabitur

247 2450 453 2487 ierusalem,
480 2455 512 2480 et
539 2447 604 2479 erit
621 2445 798 2478 aedificata
817 2451 897 2482 etc.‚
920 2441 986 2476 hoc
1001 2450 1071 2486 est,
1099 2444 1184 2476 urbs
1200 2450 1233 2477 et

247 2500 370 2544 politia
402 2497 539 2531 Iudaica
575 2496 716 2529 interim
748 2508 820 2528 non
842 2495 1069 2528 delebuntur.

249 2557 363 2584 autem
387 2555 498 2581 textus
519 2547 581 2592 (In
605 2547 764 2590 angustia
785 2544 1004 2590 temporum)
1022 2542 1088 2578 hoc
1106 2552 1174 2584 est,
1202 2551 1234 2578 et

249 2610 367 2635 tamen
396 2598 489 2630 varie
514 2598 695 2631 vexabitur
722 2596 862 2631 Iudaea.

251 2649 465 2686 stauratione
493 2649 590 2682 urbis
613 2655 645 2682 et
668 2648 792 2692 templi
815 2647 1094 2681 adversabantur
1116 2646 1236 2691 proxi-

814 74 941 109 PHIL.
968 73 1085 111 MEL.
1112 72 1320 109 SCRIPTA
1348 72 1646 111 EXEGETICA.

1121 2492 1234 2527 Addit
1257 2511 1260 2520 .

930 2595 1088 2630 Primum
1115 2595 1152 2627 in
1179 2595 1235 2627 in-
1258 2601 1261 2614 ‘

2169 79 2242 114 892

1257 173 1333 194 mae
1372 169 1491 205 gentes
1529 161 1565 194 in
1606 160 1786 202 Samaria,
1829 169 1862 196 et
1903 164 2065 207 praefecti
2098 163 2243 198 Persici.

1257 210 1380 245 Postea
1403 210 1527 245 Ochus
1550 211 1740 245 crudeliter
1762 213 1885 246 saeviit
1902 213 1939 245 in
1958 213 2116 248 Iudaeos.
2158 214 2243 249 Post

1257 262 1500 296 Alexandrum
1535 275 1614 296 cum
1649 269 1762 296 essent
1796 264 1887 297 bella
1916 264 2008 297 inter
2032 276 2244 299 successores

1259 313 1416 353 assidua,
1451 313 1655 358 praesertim
1685 313 1777 347 inter
1800 314 1992 359 Aegyptios
2016 321 2048 348 et
2072 314 2244 360 Syriacos,

1260 363 1387 397 Iudaea
1407 364 1444 397 in
1464 364 1579 398 medio
1597 364 1798 403 interiecta,
1821 365 1980 410 utrisque
1997 366 2146 410 praedae
2162 373 2245 401 erat.

1360 423 1458 455 Inter
1493 420 1578 455 haec
1601 423 1757 467 pericula
1783 429 1815 456 et
1842 424 1933 456 mala
1958 429 2074 456 tamen
2098 420 2155 456 hic
2178 435 2245 457 vox

1260 472 1383 505 divina
1419 473 1608 517 pollicetur
1640 474 1763 507 urbem
1797 473 1984 507 Ierusalem
2021 481 2053 507 et
2085 473 2245 518 politiam

1262 522 1440 556 Iudaicam
1465 535 1536 557 non
1563 524 1786 565 interituram
1812 536 1898 558 esse.
1951 524 2018 558 Hic
2040 525 2117 568 pius
2137 524 2247 557 lector

1261 574 1450 617 imaginem
1475 586 1575 607 verae
1599 573 1774 608 Ecclesiae
1798 574 1863 608 Dei
1888 582 1920 608 et
1947 576 2106 608 laborum
2124 573 2248 608 Eccle-

1263 624 1333 657 siae
1358 624 1566 659 consideret.
1625 624 1704 658 Non
1728 626 1847 659 minus
1868 627 2077 659 miraculum
2102 625 2169 659 fuit
2191 637 2248 658 re-

1264 675 1382 708 ductio
1401 673 1653 720 exBabylone,
1680 682 1714 709 et
1730 676 1938 710 instauratio
1955 677 2114 721 politiae,
2142 688 2247 721 quam

1265 726 1350 758 olim
1370 726 1483 759 fuerat
1501 726 1639 759 eductio
1656 727 1778 770 populi
1798 739 1836 760 ex
1853 728 2024 773 Aegypto.
2088 726 2250 760 Primum

1265 788 1282 809 a
1303 775 1394 822 Cyro
1418 788 1600 809 concessus
1626 783 1676 810 est
1700 777 1853 818 reditus,
1880 779 2062 824 aliquanto
2085 784 2163 822 post
2180 776 2252 822 Cy-

1266 839 1326 860 rus
1344 839 1383 860 ex
1400 838 1508 870 regno
1527 827 1707 860 discedens
1725 827 1763 860 in
1781 828 1875 862 bello
1893 829 2114 864 interficitur.

1369 885 1510 920 Amisso
1543 884 1610 920 hoc
1636 893 1787 930 patrono
1813 888 2021 921 beneficium
2048 898 2253 921 concessum

1267 936 1406 971 Iudaeis
1434 949 1556 983 rursus
1589 938 1750 982 eripitur.
1803 937 1870 971 Hic
1904 945 2036 983 quanto
2071 939 2109 971 in
2131 938 2254 972 dolore

1266 989 1334 1021 fuit
1363 986 1517 1021 Daniel?
1568 987 1725 1031 Lugebat
1755 1000 1871 1032 regem
1904 990 2079 1030 amicum,
2113 989 2255 1022 videbat

1267 1038 1432 1072 inimicos
1469 1050 1571 1072 verae
1600 1039 1782 1073 doctrinae
1813 1040 2050 1082 gratulaturos
2080 1039 2148 1073 sibi
2183 1049 2255 1072 esse

1269 1090 1452 1123 interitum
1469 1088 1574 1135 Cyri,
1602 1097 1634 1124 et
1656 1090 1784 1134 impiae
1802 1091 1964 1125 factionis
1980 1090 2173 1134 potentiam
2192 1090 2257 1122 ite-

1269 1153 1346 1174 rum
1379 1140 1648 1175 confirmaturos
1678 1153 1768 1180 esse,
1802 1148 1840 1174 ut
1873 1142 2016 1175 suntin
2041 1141 2130 1174 aulis
2152 1140 2255 1174 vices.

1269 1191 1365 1225 Haec
1389 1191 1456 1224 viri
1483 1192 1733 1235 sapientissimi
1749 1191 1908 1225 Danielis
1931 1192 2089 1225 animum
2114 1203 2187 1224 non
2207 1191 2257 1223 le-

1271 1243 1362 1276 viter
1386 1242 1644 1278 excruciabant.
1695 1242 1764 1276 Sed
1792 1243 1820 1275 is
1844 1249 1961 1276 tamen
1987 1255 2021 1276 se
2044 1240 2107 1276 hac
2131 1253 2258 1275 conso-

1271 1294 1402 1327 latione
1428 1293 1664 1334 sustentabat,
1688 1300 1792 1327 norat
1813 1292 1881 1328 Dei
1907 1294 2158 1336 promissiones
2184 1304 2258 1325 cer-

1271 1351 1341 1385 tas,
1369 1354 1468 1376 veras
1491 1350 1522 1377 et
1546 1350 1637 1377 ratas
1659 1355 1749 1384 esse,
1778 1344 1913 1377 etiamsi
1937 1351 2082 1377 eventus
2105 1343 2259 1376 mirandi

1275 1400 1376 1433 sunt,
1404 1405 1467 1436 nec
1492 1394 1621 1427 nostris
1641 1395 1851 1427 coniecturis
1868 1395 2116 1438 respondeant.
2167 1392 2258 1426 Nam

1274 1507 1364 1535 esse,
1406 1502 1445 1528 ut
1481 1495 1548 1527 fide
1584 1502 1742 1539 petamus
1782 1501 1814 1528 et
1849 1501 2069 1539 expectemus
2102 1501 2262 1528 eventus.

1274 1545 1435 1579 Tandem
1460 1556 1582 1578 rursus
1606 1557 1766 1578 concessa
1791 1545 2050 1584 aedificatione,
2078 1557 2182 1590 quam
2200 1556 2262 1577 va-

1273 1596 1346 1628 riae
1374 1607 1584 1635 aerumnae,
1619 1608 1724 1640 quam
1749 1596 1839 1629 varii
1864 1596 2036 1630 tumultus
2060 1596 2262 1629 intervene-

681 1659 899 1693 Postremam
932 1656 989 1691 hic
1015 1670 1089 1691 non
1114 1658 1224 1698 addit,
1248 1650 1250 1692 ¹,
1275 1653 1369 1680 rum·

1377 1704 1428 1738 lta
1453 1702 1608 1738 Ecclesia
1640 1716 1775 1749 semper
1810 1711 1988 1740 exercetur
2015 1705 2207 1750 inopinatis
2228 1711 2263 1738 et

1277 1755 1384 1789 variis
1403 1756 1601 1789 terroribus
1624 1762 1655 1789 et
1682 1756 1962 1792 difficultatibus.
2014 1756 2086 1790 Nos
2111 1768 2206 1789 nunc
2225 1755 2264 1788 in

1277 1805 1792 1841 instaurationeEcclesiaeDei
1811 1807 1846 1839 in
1865 1805 1994 1840 scholis
2009 1815 2043 1842 et
2059 1808 2096 1840 in
2113 1806 2265 1851 templis,

1277 1858 1408 1903 quibus
1423 1857 1667 1890 conflictamur
1684 1857 1974 1891 difficultatibus?
1999 1859 2157 1904 undique
2173 1856 2265 1890 obii-

1251 1940 1252 1946 ,
1279 1909 1423 1942 ciuntur
1447 1908 1699 1951 impedimenta
1727 1908 1824 1941 domi
1851 1916 1881 1941 et
1905 1909 2011 1949 foris,
2053 1911 2110 1942 sed
2139 1919 2265 1941 conso-

875 1962 958 1997 Ideo
978 1963 1122 1997 additur
1141 1974 1228 1996 con·
1251 1961 1252 1981 ³

1251 2043 1252 2046 ,
1280 2010 1447 2055 solymae.

1279 1959 1393 1993 lemur
1418 1971 1480 1992 nos
1505 1959 1566 1991 illo
1585 1959 1743 2003 exemplo
1763 1959 1872 1992 veteri
1889 1959 2153 1993 instaurationis
2169 1957 2266 1992 Iero-

1312 2115 1360 2148 Et
1376 2115 1458 2158 post
1475 2110 1726 2146 hebdomadas
1743 2114 1944 2158 sea-afflata
1961 2116 1996 2146 et
2014 2111 2112 2146 duas
2131 2113 2235 2147 exci-

1618 2161 1731 2196 detur
1751 2162 1932 2197 Christus.

1384 2238 1454 2273 Hic
1477 2244 1592 2283 repete
1617 2250 1656 2271 ex
1681 2238 1861 2282 superiore
1879 2251 1982 2273 versu
2001 2247 2150 2284 septem,
2179 2239 2268 2273 sicut

1284 2297 1384 2324 antea
1402 2290 1503 2323 dixit:
1531 2288 1614 2322 Post
1631 2289 1809 2331 sexaginta
1825 2297 1957 2334 septem
1976 2297 2007 2324 et
2026 2292 2128 2331 duas,
2156 2290 2190 2323 id
2207 2297 2268 2330 est,

1284 2404 1397 2426 annos
1417 2391 1490 2426 483
1517 2389 1678 2424 Christus
1704 2391 1952 2431 interficietur,
1988 2400 2022 2425 et
2045 2392 2101 2424 fiet
2125 2390 2266 2424 victima

1285 2442 1527 2488 proEcclesia.
1581 2442 1693 2475 Antea
1713 2442 1812 2482 dixit,
1835 2454 2035 2475 mansuram
2055 2452 2126 2474 esse
2144 2441 2267 2474 urbem

1285 2501 1318 2527 et
1343 2493 1521 2536 politiam,
1557 2493 1668 2524 donec
1695 2493 1812 2525 veniat
1836 2493 1906 2525 dux
1929 2489 2101 2526 Christus.
2164 2491 2267 2525 Nunc

1285 2555 1443 2587 expresse
1465 2543 1695 2576 concionatur
1715 2544 1759 2576 de
1777 2541 1908 2576 Christi
1931 2542 2110 2586 passione,
2139 2550 2170 2575 et
2190 2553 2268 2585 per-

1286 2595 1444 2637 spicuum
1471 2601 1520 2628 est
1545 2594 1784 2627 testimonium
1802 2595 1844 2626 de
1859 2600 1970 2626 morte
1987 2592 2155 2633 Mmsiae,
2181 2604 2269 2637 qua·

1260 2662 1262 2684 5
1286 2646 1332 2679 lia
1359 2652 1440 2679 sunt
1467 2652 1499 2679 et
1522 2645 1615 2689 apud
1630 2642 1769 2679 Esaiam
1789 2655 1862 2687 cap.
1878 2641 1956 2679 53.:
1980 2643 2146 2678 Abcissus
2163 2651 2211 2677 est
2227 2644 2268 2676 de
