2379 2948
169 103 267 139 1137

169 185 376 234 Confitebor
393 187 431 221 in
445 185 593 235 populis
602 185 776 229 Domine,
802 187 933 220 scilicet
949 193 987 220 ut
1003 193 1035 220 te
1049 197 1159 230 agno-

169 248 266 275 scant
289 247 320 273 et
338 240 423 284 ipsi,
448 246 480 273 et
496 239 560 273 tibi
578 251 657 272 vere
674 240 837 279 credant,
865 245 897 271 te
913 239 1097 278 invocent,
1126 244 1159 271 te

169 293 336 332 timeant,
371 291 438 324 tibi
468 290 653 333 obediant,
690 297 751 323 tuo
780 285 888 322 verbo
913 288 1160 329 assentiantur,

169 351 202 378 te
226 343 403 377 celebrent
427 348 569 386 propter
591 340 892 380 misericordiam,
919 346 1109 383 agnoscant
1127 346 1160 373 te

170 401 388 439 praesentem
409 393 528 426 adesse
544 391 805 425 invocantibus.

272 444 314 478 ln
336 444 405 477 fine
427 443 571 476 additur
594 442 769 485 precatio,
798 453 865 486 qua
892 441 977 484 petit
1002 448 1041 475 ut
1065 439 1161 474 Deus

170 498 244 541 ipse
267 507 349 529 suae
374 493 505 538 gloriae
528 499 679 526 assertor
698 492 753 531 fit,
782 492 863 537 quia
882 493 923 525 ad
946 489 1040 526 hunc
1054 492 1159 525 finem

170 548 356 587 ultimum,
391 556 513 579 omnes
537 544 765 577 liberationes
788 550 821 576 et
846 543 965 577 omnia
991 544 1159 577 beneficia

170 599 352 632 referenda
376 602 475 636 sunt,
504 601 542 628 ut
560 593 657 628 Deus
683 606 762 627 vere
788 601 997 638 agnoscatur
1024 602 1054 629 et
1081 607 1160 628 vere

171 650 375 683 celebretur.

274 699 412 743 Duplex
442 704 557 731 autem
585 697 708 742 petitio
736 698 773 729 in
800 695 867 730 hoc
891 709 992 730 versu
1016 704 1085 737 est,
1122 704 1161 731 ut
1186 715 1188 724 1

173 751 276 784 nobis
301 762 401 794 opem
424 750 525 782 ferat·
538 755 682 792 propter
706 760 804 782 suam
830 748 1000 791 gloriam,
1032 749 1161 781 deinde

170 810 209 836 ut
223 803 295 846 ipse
313 801 357 834 sit
372 807 523 834 assertor
535 811 618 833 suae
635 799 779 844 gloriae,
807 799 888 844 quia
906 811 984 832 cum
1002 812 1039 832 ex
1056 811 1160 832 even-

171 854 265 888 tibus
287 852 391 885 multi
410 852 586 891 iudicent,
614 859 647 885 et
664 857 807 895 propter
826 857 961 883 nostras
979 851 1161 884 calamita-

170 912 221 938 tes
245 905 288 936 de
314 902 474 936 doctrina
501 903 592 935 male
617 902 788 941 sentiant,
817 913 881 934 nec
904 909 1021 934 tamen
1049 902 1160 946 possi—

169 966 248 988 mus
264 954 364 987 factis
381 954 572 998 reprimere
589 954 780 996 potentiam
798 953 938 985 mundi:
969 954 1160 997 petendum

172 1013 222 1040 est
240 1013 278 1039 ut
294 1005 388 1040 Deus
407 1005 480 1049 ipse
496 1005 624 1038 refutet
641 1002 725 1037 haec
743 1003 872 1037 iudicia
889 1004 1080 1047 impiorum
1095 1032 1103 1045 ,
1131 1012 1161 1038 et

171 1058 333 1091 ostendat
363 1068 427 1089 nos
457 1056 524 1088 sibi
557 1068 659 1089 curae
689 1066 778 1095 esse,
811 1061 842 1087 et
868 1055 1064 1088 doctrinam
1091 1067 1162 1089 esse

171 1120 308 1148 veram,
336 1108 425 1140 sicut
448 1108 520 1151 ipse
538 1106 634 1140 Deus
658 1106 725 1139 fuit
749 1112 899 1139 assertor
924 1118 1005 1139 suae
1031 1107 1162 1149 gloriae

170 1160 314 1193 tandem
344 1170 501 1202 represso
527 1155 730 1197 Pharaone,
765 1164 869 1201 atque
899 1157 946 1190 ita
972 1164 1047 1201 post
1072 1158 1162 1190 affli-

172 1211 325 1244 ctionem
348 1210 501 1243 ostendit
526 1221 598 1242 sese
621 1208 889 1248 invocantibus,
919 1215 951 1241 et
971 1209 1161 1253 impiorum

170 1261 300 1295 iudicia
318 1261 457 1294 refutat.

301 1390 643 1436 Aryumentum
678 1398 730 1421 ac
768 1387 1027 1431 dispositio

485 1455 645 1495 Psalmi
684 1453 845 1494 LVIII.

223 1539 406 1586 Nunquid
419 1540 535 1585 plane
551 1541 646 1573 muti
661 1541 752 1573 estis·
770 1543 810 1572 ut
828 1541 1025 1572 iusticiam
1040 1539 1165 1583 loqua-

226 1594 339 1633 mini,
368 1596 406 1625 et
425 1596 526 1625 recte
545 1591 725 1625 iudicetis
741 1588 814 1636 filia·
833 1587 1050 1624 hominnm?
1079 1594 1151 1623 etc.

280 1667 467 1701 Generalis
493 1666 692 1709 obiurgatio
719 1673 768 1699 est
793 1663 948 1699 hostium
966 1663 1165 1708 Evangelii,

176 1721 238 1766 qui
271 1720 440 1762 superbe,
476 1718 693 1762 petulanter,
728 1716 955 1760 pertinaciter
987 1722 1020 1748 et
1044 1723 1165 1749 contra

176 1770 427 1805 conscientiam
453 1769 648 1802 defendunt
673 1780 828 1808 errores,
857 1775 888 1801 et
914 1774 1089 1799 conantur
1105 1768 1167 1800 (le-

176 1824 247 1856 lere
266 1822 464 1860 veritatem,
494 1826 527 1853 et
545 1820 743 1863 opprimere
761 1831 877 1851 veram
893 1815 1027 1851 Christi
1045 1816 1167 1851 Eccle-

177 1874 282 1913 siam,
310 1879 349 1906 ut
365 1869 503 1905 Pharao
521 1871 693 1904 saeviebat
712 1870 748 1902 in
764 1869 953 1907 lsraelitas,
979 1868 1065 1902 Saul
1083 1870 1169 1902 ode-

177 1932 229 1959 rat
244 1923 438 1963 Davidem,
465 1921 625 1955 Herodes
642 1921 816 1955 interfecit
833 1919 1044 1964 Baptistam‚
1075 1918 1166 1953 Pha—

177 1975 280 2010 risaei
306 1971 499 2007 machinati
523 1980 602 2006 sunt
628 1973 772 2006 exitium
797 1969 950 2005 Christo.
1005 1970 1169 2016 Denique

180 2038 301 2060 omnes
335 2032 462 2059 aetates
501 2025 617 2069 aliqua
652 2022 782 2056 habent
818 2023 968 2065 insignia
1001 2023 1168 2066 exempla.

179 2077 283 2111 Nunc
305 2077 452 2109 immani
476 2076 558 2109 odio
585 2075 741 2108 veritatis
767 2076 892 2107 ardent
917 2073 1091 2118 principes
1117 2085 1169 2106 sa-

181 2129 362 2161 cerdotum
387 2134 418 2160 et
441 2124 604 2160 monachi
625 2133 656 2159 et
676 2138 796 2159 eorum
817 2125 1000 2164 satellites,
1029 2132 1061 2158 et
1079 2125 1169 2157 mul-

181 2188 235 2214 tos
267 2178 506 2211 crudelissime
539 2178 725 2211 trucirlant.
796 2175 930 2209 Mirum
963 2182 1013 2209 est
1043 2183 1171 2215 autem,

183 2243 262 2270 cnr,
287 2242 365 2262 cum
389 2229 571 2262 manifesta
598 2229 641 2262 sit
658 2228 802 2268 veritas,
832 2239 905 2260 non
923 2228 1084 2267 credant,
1113 2228 1171 2260 sed

183 2281 333 2325 superbe
360 2286 390 2312 et
417 2280 640 2324 pertinaciter
665 2280 857 2312 defendant
876 2278 1059 2312 manifesta
1078 2279 1174 2319 vitia,

184 2341 217 2367 et
233 2332 348 2365 delere
366 2343 484 2363 vocem
496 2330 681 2373 Evangelii
700 2338 888 2363 conentur:
919 2330 1013 2363 unde
1031 2336 1079 2363 est
1096 2337 1172 2363 tan-

183 2392 239 2418 tus
258 2383 294 2415 in
312 2380 498 2414 hominum
517 2381 644 2414 animis
660 2382 782 2415 suror‘.2

290 2432 393 2466 Initia
425 2439 507 2465 sunt
539 2445 556 2465 a
589 2433 731 2477 propria
764 2433 945 2466 voluntate
973 2432 1175 2476 impiorum,

187 2486 248 2531 qui
265 2484 401 2519 etiamsi
420 2484 609 2516 audierunt
629 2483 825 2517 doctrinam
845 2485 886 2516 de
902 2484 978 2517 Deo
992 2511 1001 2523 ,
1027 2491 1059 2516 et
1078 2484 1175 2515 vide-

186 2543 270 2570 runt
301 2535 483 2568 manifesta
519 2534 736 2574 testimonia,
777 2541 894 2567 tamen
926 2541 986 2567 aut
1018 2535 1176 2568 volentes

186 2594 370 2621 assumunt
402 2584 616 2630 Epicureum
650 2592 863 2618 contemtum
895 2584 979 2626 Dei,
1012 2593 1050 2619 ut
1076 2585 1177 2623 Cain,

188 2638 322 2672 Pilatus
354 2645 386 2671 et
416 2637 569 2675 similes,
603 2643 662 2669 aut
687 2636 768 2680 quia
793 2636 990 2670 existimant
1015 2634 1179 2679 Evange-

188 2690 276 2723 lium
309 2701 380 2722 non
409 2699 602 2731 congruere
626 2689 666 2719 ad
694 2687 914 2719 retinendam
943 2688 1178 2726 autoritatem,

243 2742 420 2772 Mummi.
451 2742 553 2773 Oriza.
584 2740 665 2770 Ῡοι.
688 2739 780 2770 XIII.

769 100 832 136 IX.
888 99 1252 136 COMMENTARII
1288 99 1337 134 IN
1370 99 1611 136 PSALMOS.

2107 104 2204 138 1138

1213 197 1313 230 opes,
1340 187 1553 230 potentiam,
1582 188 1739 221 volentes
1763 195 1921 232 pugnant
1944 195 1982 222 ut
2006 199 2107 221 suum
2133 196 2201 222 sta-

1183 264 1186 287 ,
1211 244 1286 270 turn
1304 235 1410 283 (sicut
1429 238 1570 282 vocant)
1588 245 1771 280 tueantur,
1799 246 1832 273 et
1847 240 1987 273 deleant
2004 240 2201 273 doctrinam

1185 311 1187 326 s
1211 300 1298 333 quae
1315 289 1492 321 adversari
1512 289 1661 324 videtur.

1315 338 1373 373 Sic
1398 339 1521 372 Iudaei
1544 353 1623 373 cum
1649 341 1888 375 existimarent
1914 348 2059 386 propter
2082 339 2203 375 Evan—

1212 390 1342 434 gelium
1366 401 1464 424 suam
1490 391 1647 433 politiam
1671 392 1843 426 ruituram
1864 404 1957 433 esse,
1984 405 2072 438 quae
2090 393 2203 426 fuerat

1186 485 1188 492 Α
1213 452 1372 486 expressa
1392 453 1476 474 voce
1491 440 1556 474 Dei
1577 448 1609 475 et
1628 443 1821 476 manifestis
1840 444 2050 477 testimoniis
2071 444 2203 477 divinis

1213 493 1421 533 constituta,
1457 504 1521 525 nec
1553 499 1625 526 erat
1649 493 1715 526 alia
1740 494 1896 537 pulcrior
1919 495 2041 538 politia
2067 495 2103 527 in
2128 501 2202 528 toto

1213 555 1337 587 genere
1359 541 1516 576 humano
1536 544 1704 577 acerrime
1724 545 2002 578 adversabantur
2021 545 2202 579 doctrinae

1214 594 1365 628 mutanti
1389 595 1534 628 usitatos
1559 595 1684 629 cultus.
1748 594 1832 628 Ideo
1858 596 2048 629 crudeliter
2072 597 2204 629 saevic-

1213 647 1299 679 bant
1322 646 1359 678 in
1382 643 1563 679 Christum
1587 652 1619 678 et
1642 644 1848 690 Apostol05,
1877 654 1909 680 et
1933 643 2000 679 hoc
2022 654 2204 694 praetextu

1214 697 1535 737 confirmabantur,
1573 696 1731 740 politiam
1756 697 1861 730 talem
1886 709 1903 730 a
1927 695 2004 730 Deo
2032 698 2204 731 constitu-

1213 754 1284 780 tam
1298 775 1307 789 ,
1334 760 1557 793 nequaquam
1575 748 1780 780 mutandam
1798 754 1880 783 ess'e.
1934 746 1985 780 Ita
2003 760 2097 780 nunc
2114 749 2205 781 odiis

1214 811 1314 832 verae
1337 799 1518 832 doctrinae
1537 805 1806 842 praetexuerant
1824 796 1914 831 hanc
1931 810 2088 837 causam,
2117 811 2205 843 quae

1214 850 1354 883 videtur
1382 862 1453 882 esse
1476 850 1643 894 speciosa.
1708 849 1875 894 Episcopi
1899 856 1932 883 et
1956 847 2127 883 Canonici
2153 850 2206 882 di-

1214 908 1298 935 cunt
1322 901 1456 934 nullam
1478 901 1707 934 mutationem
1728 901 1764 933 in
1783 908 1852 934 tam
1871 900 1979 933 veteri
1997 900 2118 945 politia
2137 898 2206 934 Ec-

1214 952 1338 985 clesiae
1363 953 1623 985 concedendam
1650 963 1740 990 esse,
1769 964 1833 985 nec
1859 957 1996 985 tantum
2019 952 2061 984 de
2086 952 2207 995 politia

1215 1003 1288 1048 ipsa
1322 1003 1512 1044 dimicant,
1546 1003 1605 1036 sed
1638 1004 1680 1036 de
1712 1014 1773 1036 sua
1808 1002 1983 1047 potentia,
2021 1002 2148 1046 opibus
2175 1010 2208 1035 et

1216 1054 1467 1098 voluptatibus.
1523 1053 1614 1088 Cum
1637 1060 1752 1087 autem
1778 1052 1834 1087 his
1852 1053 1966 1086 modis
1983 1060 2015 1087 et
2033 1053 2208 1087 similibus

1216 1103 1379 1138 homines
1404 1105 1504 1150 impii
1526 1116 1585 1138 sua
1606 1111 1747 1150 sponte,
1777 1112 1809 1139 et
1826 1105 1983 1138 volentes
1999 1104 2208 1148 inceperunt

1215 1155 1329 1190 Deum
1355 1163 1599 1196 contemnere,
1634 1168 1671 1189 ac
1695 1156 1827 1189 bellum
1852 1156 1883 1188 ei
1908 1156 2083 1193 inferunt,
2112 1167 2208 1188 acce-

1217 1208 1268 1241 dit
1300 1208 1483 1247 diabolus,
1520 1207 1601 1252 qui,
1637 1214 1676 1240 ut
1705 1208 1747 1239 de
1774 1206 1860 1240 Iuda
1885 1206 2032 1246 dicitur,
2063 1213 2209 1250 occupat

1217 1260 1322 1292 corda
1354 1271 1494 1298 eorum,
1529 1265 1559 1291 et
1591 1258 1674 1291 odio
1698 1256 1783 1298 Dei,
1818 1264 1856 1291 ut
1887 1257 2017 1290 multos
2047 1254 2209 1289 homines

1219 1311 1359 1354 perdat,
1405 1307 1627 1342 horribiliter
1659 1309 1842 1342 confirmat
1872 1308 2029 1342 incoatos
2059 1308 2208 1347 furores,

1218 1367 1256 1394 ut
1272 1360 1465 1399 Neronem,
1493 1359 1689 1402 Caligulam
1715 1366 1745 1392 et
1771 1359 2050 1392 innumerabiles
2067 1359 2210 1402 impulit

1218 1413 1261 1444 ad
1285 1412 1434 1452 scelera,
1461 1423 1479 1443 a
1502 1411 1631 1455 quibus
1648 1410 1781 1455 alioqui
1801 1416 1945 1450 natura,
1975 1421 2047 1442 non
2066 1409 2211 1443 incitata

1218 1475 1236 1495 a
1267 1462 1431 1502 diabolo,
1474 1473 1618 1505 prorsus
1647 1458 1831 1502 abhorret,
1867 1472 1929 1493 nec
1958 1460 2055 1493 aliud
2086 1461 2210 1499 maius,

1219 1513 1354 1547 tristius
1378 1520 1437 1546 aut
1459 1513 1611 1546 atrocius
1627 1513 1758 1545 malum
1777 1519 1826 1545 est
1843 1511 2003 1544 omnium
2023 1506 2231 1551 malorum,-

1219 1577 1308 1610 quae
1326 1562 1533 1597 homiuibus
1551 1564 1708 1596 accidere
1725 1570 1884 1606 possunt.

1324 1615 1444 1658 Quare
1469 1622 1500 1648 et
1523 1615 1559 1647 in
1577 1614 1875 1658 descriptionibus
1892 1611 2107 1658 propheticis
2126 1613 2211 1646 etin

1220 1666 1303 1710 ipsis
1327 1666 1516 1709 exemplis,
1550 1673 1588 1699 ut
1614 1665 1649 1697 in
1678 1665 1782 1705 Iuda,
1817 1664 1957 1698 Nerone
1980 1671 2013 1698 et
2036 1664 2212 1697 similibus

1221 1717 1474 1750 consideranda
1497 1724 1545 1750 est
1564 1716 1770 1759 magnitudo
1789 1713 1894 1749 huius
1911 1714 2014 1755 mali,
2042 1722 2080 1748 ut
2096 1714 2212 1748 Deum

1221 1767 1428 1801 ardentibus
1453 1767 1543 1800 votis
1570 1779 1729 1807 oremus,
1758 1779 1801 1799 ne
1827 1767 1918 1800 sinat
1945 1778 2010 1799 nos
2033 1766 2108 1798 fieri
2133 1777 2211 1798 vasa

1221 1819 1312 1857 irae,
1341 1819 1399 1852 sed
1417 1819 1522 1852 corda
1540 1825 1658 1852 nostra
1679 1825 1820 1862 propter
1832 1817 1975 1858 Filium,
2001 1829 2063 1850 suo
2075 1816 2212 1860 Spiritu

1221 1877 1342 1904 sancto
1366 1876 1482 1913 regat,
1514 1877 1552 1903 ut
1575 1882 1654 1902 vere
1679 1880 1926 1912 agnoscamus,
1954 1874 1987 1901 et
2013 1874 2215 1901 reverenter

1222 1921 1475 1965 amplectamur
1498 1920 1572 1953 eius
1596 1921 1815 1958 doctrinam,
1843 1926 1876 1952 et
1901 1920 2066 1952 accendat
2089 1919 2125 1950 in
2150 1931 2213 1951 no-

1224 1973 1276 2005 bis
1292 1973 1425 2012 lucem,
1450 1979 1481 2004 et
1500 1972 1738 2005 obedientiam
1755 1970 1823 2015 ipsi
1842 1971 2050 2015 placentem.

1327 2022 1501 2056 Voluntas
1521 2023 1623 2056 etiam
1643 2029 1762 2056 nostra
1780 2023 1836 2066 pie
1853 2028 1998 2066 quaerat
2017 2021 2215 2054 doctrinam

1223 2085 1242 2107 a
1267 2072 1341 2107 Deo
1370 2074 1553 2115 traditam,
1587 2081 1619 2107 et
1644 2074 1674 2106 ei
1700 2073 1928 2113 assentiatur,
1962 2079 1994 2106 et
2019 2084 2092 2105 eam
2117 2078 2215 2105 ante-

1224 2125 1312 2158 ferat
1338 2125 1504 2158 omuibus
1527 2126 1632 2158 rebus
1657 2122 1822 2157 humanis
1851 2130 1883 2157 et
1911 2123 2056 2166 privatis
2081 2122 2216 2156 affecti-

1226 2177 1309 2219 bus,
1338 2189 1400 2210 nec
1422 2183 1567 2222 quaerat
1584 2177 1621 2209 in
1638 2176 1710 2219 ipsa
1729 2175 1888 2209 doctrina
1904 2174 2039 2207 fucosas
2057 2185 2216 2206 errorum

1226 2229 1477 2263 excusationes,
1520 2227 1609 2261 Nam
1637 2228 1671 2259 id
1697 2227 1852 2259 studium
1878 2232 1927 2258 est
1949 2224 2091 2257 initium
2118 2236 2218 2257 aver—

1227 2278 1337 2312 sionis
1360 2291 1377 2312 a
1396 2278 1488 2320 Deo,
1513 2279 1599 2312 sicut
1625 2279 1662 2311 in
1678 2276 1776 2311 Heva
1803 2276 1938 2310 curiosa
1965 2275 2156 2319 disputatio
2175 2275 2218 2308 de

1229 2337 1411 2375 praecepto
1436 2329 1521 2370 Dei,
1547 2330 1603 2363 cui
1628 2336 1827 2362 reverenter
1853 2334 2046 2361 creaturam
2073 2326 2218 2359 obedire

1228 2382 1404 2425 oportuit,
1432 2388 1464 2415 et
1486 2381 1654 2425 paulatim
1679 2392 1778 2412 amor
1797 2378 2081 2415 mendaciorum,
2111 2383 2145 2410 et
2162 2388 2218 2410 so-

1229 2431 1394 2477 phistices
1418 2433 1559 2475 longius
1586 2431 1729 2464 abducit
1751 2436 1883 2462 mentes
1906 2441 1922 2461 a
1944 2427 2041 2467 Deo,
2068 2434 2106 2461 ut
2129 2428 2219 2461 acci-

1229 2484 1281 2517 dit
1303 2483 1404 2515 valde
1429 2484 1550 2516 multis
1569 2489 1689 2515 nostro
1708 2489 1886 2525 tempore,
1913 2480 1949 2512 in
1968 2479 2095 2524 quibus
2111 2479 2220 2512 crevit

1230 2532 1403 2568 horribile
1429 2535 1550 2567 odium
1578 2532 1753 2571 veritatis,
1782 2543 1860 2564 cum
1882 2530 1985 2564 initio
2005 2527 2220 2574 sophismata

1233 2585 1447 2628 quaesierint
1471 2586 1512 2617 ad
1540 2584 1756 2617 excusandos
1781 2583 1920 2629 aliquos
1944 2588 2052 2615 tetros
2077 2593 2222 2619 errores,

1231 2643 1271 2670 ut
1293 2635 1563 2675 consuetudini,
1596 2647 1684 2680 quae
1710 2634 1794 2678 ipsis
1818 2645 2028 2679 quacunque
2055 2634 2097 2665 de
2122 2644 2222 2665 causa

1231 2694 1326 2731 grata
1347 2694 1412 2728 est,
1439 2686 1756 2731 patrocinarentur.

1696 2736 1745 2772 >72
