2379 2948
236 101 304 134 771

237 187 279 217 ‹le
305 182 459 217 hominis
478 190 557 217 ortu
583 183 646 216 ait:
675 181 858 215 Faciamus
877 189 964 223 etc.,
992 189 1031 216 ut
1052 181 1222 226 significet

239 236 342 268 aliter
358 236 453 268 nasci
471 242 502 267 ct
520 233 664 267 interire
681 233 748 266 alia
764 233 959 267 animantia
977 240 1079 279 atque
1106 232 1221 266 homi-

241 299 332 320 nem.
387 285 492 327 Quod
511 284 596 317 dicit
608 282 803 322 Faciamus,
829 291 921 318 certa
937 291 1019 318 nota
1035 292 1084 319 est
1100 283 1223 317 Trini-

243 337 323 370 tatis
335 363 342 376 ,
370 347 482 379 neque
500 332 566 367 hoc
583 341 712 367 temere
728 341 798 373 est,
826 336 920 380 quod
937 334 1149 369 Trinitatem
1167 334 1223 366 in-

243 388 351 426 dicat,
383 397 462 418 cum
485 386 528 417 de
555 383 699 418 homine
729 386 915 419 condendo
946 386 1103 431 loquitur
1126 383 1224 430 (nam

244 444 343 469 antea
354 436 456 469 dixit:
485 435 561 469 Fiat
577 436 669 480 lux):
689 435 744 469 Ad
763 437 950 480 imaginem
969 444 1002 470 et
1019 435 1225 470 similitudi-

245 499 323 519 nem
349 493 524 523 nostram,
560 485 753 520 Hebraice:
790 486 831 520 ln
852 488 1003 530 imagine
1030 494 1150 520 nostra
1173 497 1226 518 se-

246 539 400 571 cundum
421 537 690 570 similitudinem
711 544 877 571 nostram.

349 587 516 621 Nondum
546 589 637 632 apud
664 600 718 620 me
749 588 913 622 constitui
937 588 1022 633 quid
1047 587 1129 621 velit
1160 586 1227 619 sibi

246 637 329 671 haec
347 638 516 683 loquendi
533 639 653 681 figura,
687 640 729 671 de
744 639 914 672 sententia
931 639 1094 671 convenit
1112 636 1228 670 homi-

247 701 326 721 nem
345 700 416 722 esse
432 689 620 732 imaginem
637 688 725 729 Dei,
751 691 846 734 quod
864 689 948 735 quid
969 689 1012 722 sit
1034 689 1152 733 paucis
1170 700 1227 720 ex-

246 740 447 784 ponendum
468 747 528 774 est.

350 789 441 823 Sunt
479 790 541 834 qui
576 790 747 823 rationem
784 790 947 834 imaginis
981 801 1020 823 eo
1055 790 1230 830 referunt,

249 842 341 885 quod
370 839 474 873 homo
503 841 631 883 praesit
653 841 731 873 aliis
757 842 942 882 creaturis,
971 841 1060 874 sicut
1076 841 1230 886 Aposto—

250 893 302 923 lus
320 892 459 924 videtur
477 891 591 924 dicere
608 892 719 935 prima
735 889 1006 925 Corinthiorum
1022 892 1229 925 undecimo:

251 941 314 974 vir
340 948 389 975 est
413 941 527 984 imago
553 948 586 975 et
610 942 721 984 gloria
738 941 823 983 Dei,
850 943 887 975 id
910 950 979 987 est,
1008 942 1063 975 vir
1085 948 1230 986 praeest.

251 992 350 1034 Quae
383 992 553 1026 sententia
586 1005 787 1038 quanquam
818 991 907 1026 mihi
941 1006 1014 1026 non
1051 993 1231 1033 satisfacit,

250 1051 366 1076 tamen
383 1043 420 1075 in
437 1055 513 1076 eam
532 1043 623 1076 cadit
641 1056 781 1088 quoque
799 1056 903 1089 quam
921 1055 987 1076 nos
1004 1045 1193 1089 sequimur.

354 1092 450 1136 Quid
470 1093 513 1127 sit
533 1094 647 1136 imago
665 1106 707 1127 ex
723 1102 847 1139 quarto
864 1093 1101 1138 Ephesiorum
1126 1095 1230 1128 intel—

253 1145 311 1187 ligi
328 1150 452 1188 potest,
471 1156 551 1177 cum
568 1144 700 1189 inquit:
728 1145 871 1179 Induite
888 1157 1020 1179 novum
1040 1143 1233 1186 hominem,

251 1195 311 1239 qui
340 1195 533 1228 secundum
566 1193 679 1228 Deum
709 1204 843 1230 creatus
869 1203 938 1234 est,
973 1197 1010 1228 in
1035 1196 1172 1230 iusticia
1200 1203 1233 1230 et

251 1245 433 1279 sanctitate
468 1245 638 1280 veritatis,
699 1245 744 1280 Et
778 1248 822 1280 ad
855 1246 1079 1281 Colossenses
1112 1247 1232 1281 tertio:

250 1295 456 1330 Renovatur
474 1296 512 1328 in
535 1296 715 1339 agnitione
734 1298 804 1331 Dei
825 1299 1019 1331 secundum
1044 1298 1233 1341 imaginem

252 1346 325 1379 eius
344 1347 402 1391 qui
420 1347 549 1380 creavit
567 1359 658 1382 eum.
710 1347 756 1381 Et
772 1349 807 1382 2.
826 1346 986 1383 Corinth.
1004 1349 1055 1382 3.:
1084 1348 1156 1381 Nos
1171 1360 1233 1381 au-

252 1405 321 1430 tem
340 1397 492 1429 revelata
514 1397 600 1429 facie
622 1398 769 1440 gloriam
787 1397 935 1431 Domini
957 1399 1175 1441 speculantes
1196 1399 1231 1430 in

252 1448 397 1480 eandem
441 1447 631 1493 imaginem
674 1449 976 1483 transformamur.
1047 1446 1111 1482 Est
1153 1460 1233 1491 ergo

253 1499 367 1540 imago
392 1498 479 1538 Dei,
514 1504 637 1531 natura
664 1499 803 1543 perfusa
828 1499 999 1542 sapientia
1026 1506 1058 1532 et
1084 1499 1234 1537 iusticia,

253 1550 387 1581 lumine
404 1555 435 1581 et
452 1548 562 1591 gloria
577 1548 653 1583 Dei.
706 1547 752 1582 Et
768 1547 852 1582 hinc
867 1550 1052 1592 intelligis,
1080 1550 1140 1594 qui
1158 1550 1234 1582 fue-

254 1600 299 1632 rit
325 1606 432 1632 status
455 1599 588 1642 primae
611 1600 845 1639 conditionis,
872 1606 988 1644 etqua
1007 1600 1117 1642 gloria
1143 1600 1234 1632 exci-

253 1650 426 1690 det-imus,
456 1661 551 1682 nunc
575 1661 656 1682 caro
686 1647 778 1682 nihil
801 1649 870 1682 nisi
894 1650 1046 1682 carnalia
1070 1650 1236 1693 intelligit

254 1707 312 1733 aut
337 1699 473 1744 quaerit
498 1706 558 1733 etc.
622 1699 669 1733 Et
690 1700 772 1745 quia
803 1700 882 1734 talis
905 1700 971 1733 fuit
997 1697 1121 1738 homo,
1156 1701 1236 1733 ideo

255 1751 446 1795 praefectus
460 1750 524 1784 suit
542 1750 708 1784 omnibns
727 1751 904 1785 creaturis.
956 1750 1007 1784 Ita
1027 1751 1123 1784 vides
1140 1751 1237 1795 prio-

255 1814 326 1834 rem
353 1801 561 1835 sententiam
592 1813 670 1834 cum
707 1799 771 1834 hac
794 1813 1008 1842 convenere,
1045 1808 1078 1835 et
1104 1802 1146 1834 de
1171 1800 1238 1834 hoc

256 1852 402 1895 imperio
428 1850 587 1885 Psalmus
608 1852 781 1897 loquitur:
814 1850 947 1886 Omnia
969 1852 1148 1887 subiecisti
1173 1853 1238 1886 sub

256 1903 404 1946 pedibus
421 1902 506 1936 eius.
551 1902 640 1935 Nam
659 1904 753 1947 quod
769 1903 807 1936 in
826 1901 941 1936 Adam
958 1903 1150 1944 amisimus,
1178 1915 1241 1947 per

258 1952 492 1988 Christum
510 1960 752 1997 recuperatum
770 1961 831 1989 est.
854 1952 901 1988 Et
918 1954 1003 1999 quid
1020 1954 1064 1988 sit
1078 1966 1149 1988 esse
1166 1952 1240 1987 Do-

260 2004 376 2037 minos
408 2004 569 2036 omnium
604 2010 860 2045 creaturarum,
898 2011 1022 2038 notum
1056 2011 1117 2040 cst.
1177 2003 1241 2038 Est

260 2055 352 2088 enim
382 2054 547 2087 omnibus
580 2055 748 2088 creaturis
782 2056 824 2087 ad
854 2056 1000 2089 salutem
1036 2055 1108 2096 uti,
1149 2055 1241 2088 nulli

261 2113 438 2139 creaturae
457 2105 583 2138 subiici
601 2116 717 2149 posse,
746 2106 804 2138 sed
823 2106 889 2138 soli
904 2105 979 2139 Deo
1000 2106 1136 2139 subiici.
1189 2104 1241 2138 De

260 2155 327 2189 hoc
347 2156 494 2200 imperio
511 2156 555 2189 ad
572 2154 755 2190 Romanos
776 2162 898 2190 octavo
920 2156 1077 2201 loquitur
1094 2156 1242 2191 Paulus:

261 2207 409 2241 Confido
433 2207 530 2253 quod
548 2217 663 2251 neque
685 2218 780 2240 mors
801 2213 864 2242 etc.
917 2204 1017 2249 Quae
1040 2205 1097 2240 hic
1114 2207 1241 2240 dicun-

263 2266 320 2291 tur
346 2259 389 2291 de
409 2257 561 2300 imagine
587 2264 621 2290 et
643 2257 685 2290 de
710 2257 859 2301 imperio
888 2258 926 2290 in
949 2264 1140 2297 creaturaS,
1167 2270 1241 2291 non

264 2309 411 2342 dubium
430 2314 500 2348 est,
526 2307 613 2352 quin
629 2309 673 2341 ad
689 2306 871 2342 Christum
889 2308 1106 2352 pertineant,
1131 2309 1192 2353 qui
1210 2315 1243 2342 et

264 2359 413 2403 perfecta
438 2359 551 2402 imago
572 2365 622 2392 est
644 2358 777 2400 Patris,
813 2366 846 2393 et
867 2360 963 2393 sedet
986 2371 1004 2392 a
1030 2359 1159 2392 dextris
1176 2358 1242 2393 Pa-

265 2410 326 2443 tris
346 2416 408 2443 etc.
443 2408 494 2443 Ita
510 2409 607 2443 vides
622 2411 740 2444 omnia
756 2421 827 2443 esse
842 2410 984 2444 condita
999 2410 1036 2442 in
1049 2407 1243 2451 Christum,

265 2458 445 2494 Christum
481 2472 564 2494 vero
602 2461 732 2494 factum
773 2472 864 2502 esse,
914 2462 957 2494 ad
995 2461 1242 2494 declarandam

267 2511 543 2554 magnitudinem
561 2511 690 2569 grati-ae
706 2518 738 2545 et
756 2512 1016 2546 misericordiae
1032 2510 1146 2545 Patris
1160 2518 1223 2547 etc.

368 2560 546 2603 Quando'
537 2575 575 2595 in
590 2563 753 2596 universa
770 2562 942 2607 scriptura
960 2562 1078 2597 omnia
1097 2568 1178 2596 sunt
1200 2563 1242 2596 ad

266 2613 371 2645 fidem
389 2618 421 2645 et
438 2612 616 2646 caritatem
642 2614 840 2652 referenda,
869 2614 979 2648 disces
995 2626 1036 2647 ex
1055 2613 1169 2658 primo
1187 2625 1244 2646 ca-

825 96 950 131 PHIL.
979 94 1094 132 MEL.
1123 94 1332 132 SCRIPTA
1358 94 1656 135 EXEGETICA.

2175 96 2250 132 772

1271 182 1390 215 omnia
1412 194 1518 215 manu
1541 182 1611 215 Dei
1636 181 1812 215 scribitur.
1865 181 1954 216 Nam
1976 195 2054 217 cum
2075 181 2252 217 humanae

1272 233 1461 277 impietatis
1478 239 1580 277 caput
1603 232 1648 266 sit
1669 232 1843 275 ignoratio
1861 232 1949 273 Dei,
1975 245 2042 277 qua
2058 234 2252 276 cogitamus

1273 284 1391 317 omnia
1415 284 1511 316 nasci
1533 289 1565 317 et
1589 283 1730 316 evenire
1753 283 1906 316 naturali
1929 283 2079 327 quadam
2103 283 2253 328 disposi-

1274 335 1389 375 tione,
1415 347 1478 367 nec
1496 334 1611 367 curari
1635 345 1689 367 res
1705 341 1775 367 tam
1793 334 1880 367 viles
1895 345 1913 367 a
1927 332 2024 372 Deo,
2051 345 2187 367 necesse
2203 341 2254 367 est

1275 384 1394 419 Verbo
1417 383 1483 418 Dei
1514 385 1617 418 fidem
1651 385 1892 426 aedificemus,
1927 396 1996 429 qua
2019 385 2200 417 credamus
2221 391 2255 418 et

1276 436 1536 470 committamus
1558 447 1622 469 nos
1648 436 1696 476 ei,
1730 433 1796 469 hoc
1819 433 1981 469 Christus
2010 434 2058 468 ait
2083 431 2257 468 Matthaei

1277 486 1430 520 decimo:
1474 486 1590 520 Vestri
1620 487 1739 530 capilli
1772 486 1894 529 capitis
1925 497 2047 519 omnes
2082 483 2258 518 numerati

1277 543 1370 570 sunt.
1424 536 1503 570 Huc
1523 538 1674 582 pertinet
1693 544 1788 572 totus
1806 534 2045 570 Ecclesiastes.
2097 535 2259 569 Praeter-

1278 599 1315 621 ea
1332 594 1364 621 et
1386 585 1567 621 Christum
1590 588 1718 627 disces,
1745 600 1824 621 curn
1848 588 2013 621 scribitur
2029 587 2073 621 ad
2091 586 2260 619 similitu-

1279 638 1398 671 dinem
1419 645 1452 671 et
1475 638 1662 681 imaginem
1680 638 1747 672 Dei
1770 639 1954 672 conditum
1973 649 2046 671 esse
2069 635 2262 676 hominem,

1279 690 1335 722 cui
1351 688 1500 732 imagini
1519 700 1583 721 nos
1599 689 1750 723 restituit
1764 687 1945 730 Christus,
1979 689 2041 733 qui
2058 688 2124 721 fuit
2140 687 2260 721 nativa

1280 746 1313 773 et
1335 740 1477 784 propria
1502 739 1617 782 imago
1641 738 1765 774 Patris.
1818 739 1909 774 Sunt
1933 746 1965 773 et
1990 739 2058 773 alia
2078 740 2120 772 de
2140 737 2261 777 verbo,

1279 792 1323 824 de
1342 790 1477 834 Spiritu
1492 797 1630 831 sancto,
1658 802 1746 836 quae
1765 801 1827 823 suo
1847 791 2014 836 cuiusque
2031 789 2172 835 spiritui
2189 799 2262 821 me-

1280 842 1424 875 ditanda
1441 841 1616 886 relinquo.

1382 891 1571 926 Caritatem
1588 889 1671 925 hinc
1686 891 1814 933 disces,
1843 893 1938 937 quod
1954 904 2074 926 omnes
2089 896 2263 925 creaturas

1281 943 1361 977 usui
1395 943 1500 976 alicui
1536 942 1706 983 destinat,
1749 955 1826 976 cum
1861 943 1993 988 inquit:
2038 942 2138 976 Vidit
2165 940 2263 974 Deus

1282 993 1401 1027 omnia
1419 1005 1508 1038 quae
1527 993 1705 1034 condidit,
1729 1001 1762 1027 et
1779 1000 1878 1027 erant
1892 994 1993 1026 valde
2010 994 2112 1027 bona.
2164 990 2264 1034 Quae

1281 1045 1451 1079 sententia
1470 1044 1624 1088 primum
1642 1041 1708 1077 hoc
1725 1045 1845 1085 docet,
1872 1044 2019 1087 gloriam
2035 1042 2113 1083 Dei,
2141 1049 2266 1087 poten-

1282 1095 1366 1129 tiam
1399 1102 1432 1129 et
1467 1094 1745 1128 misericordiam
1774 1095 1812 1127 in
1838 1095 1987 1138 singulis
2019 1093 2186 1129 creaturis
2211 1104 2267 1125 re-

1284 1147 1517 1192 praesentari:
1553 1146 1761 1189 sapientiam
1794 1146 1831 1178 in
1862 1145 2092 1191 dispositione
2124 1144 2266 1178 orbium

1283 1198 1503 1231 coelestium:
1532 1197 1724 1241 potentiam
1750 1197 1867 1230 vultus
1891 1197 1963 1230 irae
1989 1197 2064 1231 eius
2086 1197 2123 1229 in
2147 1195 2267 1239 aspide

1284 1249 1390 1283 etiam
1413 1254 1554 1292 aspectu
1579 1254 1741 1280 necante:
1779 1248 2057 1281 misericordiam
2080 1248 2117 1280 in
2141 1245 2267 1290 pleris—

1285 1311 1372 1344 que,
1407 1306 1447 1332 ut
1472 1299 1509 1331 in
1542 1298 1649 1342 pullis
1677 1310 1875 1331 corvorum.
1933 1297 2072 1332 Deinde
2100 1298 2199 1330 iubet
2229 1302 2268 1328 ut

1284 1350 1421 1393 singula
1445 1349 1592 1392 singulis
1615 1361 1676 1392 per
1697 1360 1758 1381 sua
1779 1350 1873 1381 dona
1898 1349 2062 1383 serviant.
2114 1347 2169 1381 De
2194 1347 2267 1389 lege

1284 1407 1429 1433 naturae
1451 1400 1546 1431 varie
1570 1399 1787 1441 disputatum
1809 1407 1860 1433 est
1881 1411 1898 1431 a
1922 1399 2060 1431 multis:
2090 1396 2178 1430 mihi
2194 1408 2267 1430 non

1283 1450 1385 1483 aliter
1410 1460 1509 1492 posse
1541 1448 1668 1482 rectius
1699 1449 1867 1492 explicari
1891 1449 2047 1489 videtur,
2081 1460 2185 1493 quam
2210 1445 2268 1480 hic

1285 1500 1453 1545 expressit
1478 1499 1617 1542 Moses,
1644 1499 1833 1533 Decretum
1853 1499 1919 1533 Dei
1943 1511 2013 1532 esse
2039 1500 2149 1542 legem
2164 1505 2269 1532 natu-

1287 1564 1366 1591 rae,
1392 1550 1591 1583 ordinantis
1618 1550 1754 1592 singula
1779 1551 1821 1582 ad
1847 1550 1979 1593 gloriae
1997 1561 2079 1583 suae
2097 1549 2270 1583 ostensio-

1287 1615 1386 1639 nem,
1424 1607 1457 1633 et
1479 1602 1521 1633 ad
1550 1607 1710 1633 mutuum
1734 1601 1944 1645 obsequium
1967 1601 2059 1634 inter
2080 1608 2269 1634 creaturas:

1286 1660 1324 1687 ut
1347 1652 1376 1685 si
1401 1652 1443 1683 de
1467 1648 1611 1683 homine
1637 1651 1811 1695 loquaris,
1838 1651 1954 1685 Homo
1971 1651 2135 1685 conditus
2155 1658 2206 1685 est
2225 1651 2270 1683 ad

1287 1704 1476 1746 imaginem
1496 1701 1583 1742 Dei,
1618 1701 1664 1735 Et
1690 1701 1778 1735 vidit
1803 1701 1898 1736 Deus
1924 1703 2059 1736 honum
2085 1715 2157 1736 esse
2182 1713 2270 1746 opus

1289 1755 1384 1800 quod
1400 1754 1544 1790 fecerat,
1574 1753 1608 1785 id
1627 1759 1695 1790 est,
1724 1753 1866 1786 ordinat
1888 1751 2069 1786 hominem
2085 1754 2129 1787 ad
2147 1753 2271 1796 imagi-

1291 1817 1370 1838 nem
1396 1805 1493 1837 illam
1513 1804 1804 1836 conservandam:
1841 1811 1874 1837 et
1897 1816 1976 1837 cum
2001 1805 2114 1848 imago
2136 1803 2203 1838 Dei
2227 1804 2272 1837 sit

1292 1856 1470 1902 perfusum
1497 1865 1568 1888 esse
1592 1855 1669 1887 luce
1694 1861 1726 1887 et
1751 1855 1951 1898 cognitione
1974 1853 2058 1895 Dei,
2085 1856 2271 1889 ordinatur

1291 1907 1397 1941 homo
1422 1908 1465 1939 ad
1487 1906 1768 1949 cognoscendum
1794 1913 1827 1939 et
1845 1902 2120 1948 *glorificandum
2141 1904 2270 1940 Deum.

1290 1959 1450 1999 Deinde,
1480 1958 1575 2001 quod
1602 1957 1697 1990 videt
1726 1957 1860 1989 bonum
1884 1967 1972 2000 opus
1995 1967 2086 1998 esse,
2119 1957 2272 1990 destinat

1290 2009 1435 2043 utilitati
1453 2014 1709 2048 creaturarum,
1736 2013 1774 2040 ut
1795 2014 1957 2041 mutuum
1980 2007 2188 2053 obsequium
2211 2007 2273 2040 alii

1292 2061 1370 2094 aliis
1396 2066 1620 2104 praestemus.
1674 2060 1760 2091 Item
1784 2058 1838 2090 lex
1861 2058 2016 2091 caritatis
2035 2070 2192 2101 expressa
2213 2066 2273 2099 est,

1293 2123 1372 2145 cum
1403 2111 1498 2144 iubet
1530 2120 1681 2143 crescere
1711 2115 1745 2142 et
1772 2108 2013 2154 multiplicari.
2076 2108 2165 2142 Nam
2193 2121 2273 2143 cum

1293 2163 1434 2207 gignere
1451 2161 1561 2201 iubet,
1587 2166 1678 2193 certe
1696 2159 1850 2192 excolere
1864 2159 2032 2204 praecipit
2046 2171 2134 2205 quae
2148 2159 2274 2203 genui-

1293 2225 1381 2247 mus.
1436 2212 1486 2246 lta
1507 2211 1600 2244 inter
1621 2222 1656 2243 se
1684 2222 1805 2243 omnes
1830 2208 1990 2244 homines
2016 2211 2272 2244 necessitudine

1293 2264 1473 2309 geniturae
1514 2260 1752 2296 cohaeremus.
1819 2260 1893 2295 Iam
1927 2262 1965 2294 in
1999 2260 2170 2295 Hebraeis
2206 2272 2271 2305 pro

1293 2315 1434 2349 crescite
1452 2321 1501 2348 est
1522 2312 1748 2352 fructificate,
1777 2313 1870 2358 quod
1894 2313 1938 2346 ad
1962 2312 2080 2346 omnia
2103 2311 2272 2356 obsequia

1293 2366 1468 2411 pertinere
1485 2364 1634 2399 videtur.

1672 2474 1809 2528 Caput
1838 2475 1890 2517 ΙΙ.

1382 2559 1424 2592 In
1441 2557 1633 2602 Scripturis
1649 2557 1691 2590 de
1706 2556 1860 2591 Sabbato
1876 2556 2005 2601 passim
2023 2556 2132 2589 multa
2147 2555 2273 2599 legun-

1292 2618 1361 2652 tur,
1387 2620 1476 2655 quae
1491 2621 1531 2642 ex
1549 2606 1615 2642 hoc
1631 2608 1707 2641 loco
1725 2608 1822 2641 velut
1840 2618 1879 2639 ex
1895 2606 1991 2640 fonte
2006 2607 2162 2640 derivata
2178 2613 2273 2643 sunt.

265 2663 336 2707 pite
353 2662 474 2703 fidem,
502 2662 538 2695 in
557 2675 596 2696 eo
615 2665 709 2708 quod
727 2664 851 2709 condi,
881 2665 1032 2707 servari,
1057 2664 1104 2698 ali
1123 2671 1155 2699 et
1170 2664 1243 2708 regi
1267 2661 1452 2707 Primum
1477 2666 1593 2694 autem
1618 2656 1675 2693 hic
1699 2657 1899 2704 quaeritur,
1926 2658 2102 2702 quomodo
2124 2649 2272 2700 septimo
