2379 2948
200 135 268 170 135
428 134 633 169 SCRtP'rA
663 133 737 169 PH.
765 131 879 167 MEL.
908 130 972 166 AD
1000 129 1129 167 HIST.
1155 128 1299 167 PROF.
1328 128 1393 164 ET
1418 127 1611 165 PHILOS.
1640 127 1958 165 SPECTANTIA.
2130 130 2201 165 136

297 218 390 251 Haec
422 219 540 251 omnia
574 219 610 250 in
642 217 801 250 doctrina
829 213 1003 250 Ecclesiae
1035 217 1173 261 copiose

198 270 434 314 explicantur,
462 281 527 312 qua
547 268 683 309 cognita
701 263 998 309 Philosophorum
1017 268 1174 311 disputa-

198 321 309 353 tiones
327 319 451 351 melius
474 317 618 350 iudicari
638 323 801 359 possunt,
829 317 889 360 qui
912 329 990 350 cum
1014 318 1175 350 viderent

198 371 233 402 in
252 377 375 402 natura
392 374 550 410 oportere
569 367 799 408 adpetitiones
818 378 898 406 esse,
927 374 959 400 et
976 368 1104 401 scirent
1120 379 1175 400 re-

197 421 325 462 gendas
344 428 414 450 esse
432 417 520 448 veris
537 416 695 456 noticiis,
721 428 808 460 quae
833 423 913 450 sunt
939 418 975 449 in
1000 418 1176 450 mentibus

197 470 286 502 radii
304 467 441 500 divinae
459 466 563 506 lucis,
591 467 829 509 mirabantur,
856 479 944 511 quae
961 479 1061 500 causa
1079 473 1176 507 esset,

197 531 258 552 cur
274 519 320 550 ita
336 522 506 558 vagentur
521 517 691 556 adfectus,
716 529 777 549 ceu
793 517 922 549 seroces
938 518 1018 561 equi
1036 528 1176 549 excusso

197 575 338 600 rectore.
392 564 484 598 Hinc
502 566 610 609 igitur
625 567 684 599 illa
702 567 793 599 dicta
808 573 900 599 sunt.
946 567 1076 600 Yersus
1093 567 1178 601 Cra-

195 618 288 651 tetis:

280 675 446 712 Πρωτίσῑη
471 673 504 702 δὲ
528 673 630 702 κακῶν
653 672 774 702 πάντων
797 671 947 711 ἐπιθυμίς
973 672 1049 703 ἔστί.

196 723 242 759 Et
260 725 342 758 Lini
365 736 499 757 versus:

276 779 315 810 Ἡ
336 780 483 819 ἕῑτιθινμίι,
513 778 629 818 ἦιίὀχε(
652 779 803 819 μάργοισι
826 783 977 819 χαλινοῖς.

198 832 286 866 Cum
305 833 410 874 igitur
428 832 619 872 nescirent,
644 834 737 864 unde
763 832 805 865 sit
831 830 914 865 baec
939 832 1073 865 ordinis
1097 844 1176 876 per-

198 883 351 916 turbatio
377 883 412 915 in
438 879 599 921 homine,
636 881 743 914 Stoici
769 882 1014 925 disputabant,
1057 894 1178 916 omnes

199 933 354 965 adfectus
381 944 442 965 suo
472 943 597 974 genere
632 932 780 964 viciosos
815 939 847 965 et
884 933 1059 965 tollendos
1093 944 1177 967 esse.

199 982 410 1015 Aristotelici
428 994 508 1014 vero
525 982 718 1023 negabant,
744 982 835 1014 ullos
859 994 929 1015 csse
950 983 1098 1015 viciosos
1117 994 1177 1016 sua

198 1039 340 1071 natura,
368 1033 423 1064 sed
443 1033 627 1065 attributos
644 1042 715 1063 esse
733 1029 935 1065 hominibus
953 1044 971 1065 a
989 1033 1178 1076 providen-

198 1083 369 1122 tia‚'velut
387 1082 542 1119 calcaria,
563 1087 600 1114 ut
616 1081 821 1114 ext'mulent
838 1093 901 1114 nos
919 1083 959 1114 ad
979 1083 1178 1126 quaerenda

200 1133 290 1164 vitae
319 1132 488 1174 praesidia
517 1137 549 1162 et
575 1131 616 1162 ad
639 1130 723 1162 alias
748 1131 858 1162 bonas
875 1131 1039 1166 actiones.
1093 1131 1179 1164 Fre-

200 1181 334 1213 nandos
359 1187 473 1213 tamen
499 1191 571 1212 esse
598 1180 728 1211 iudicio
753 1181 900 1212 rationis
933 1188 1094 1219 eatenus,
1135 1193 1178 1214 ne

200 1232 355 1263 membra
390 1237 529 1263 externa
565 1227 805 1262 vehementius
841 1231 1006 1274 impulsa,
1050 1231 1179 1265 faciant

202 1288 319 1313 contra
354 1278 517 1313 honestas
546 1280 647 1322 leges.
715 1279 866 1312 Possunt
897 1288 1011 1313 autem
1036 1288 1069 1314 et
1096 1279 1178 1314 baec

201 1330 440 1367 Aristotelica,
467 1337 500 1363 et
518 1329 667 1361 aliorum
684 1327 983 1373 Philosophorum
1008 1331 1098 1364 dicta
1125 1331 1179 1363 iu-

200 1380 329 1419 dicari,
356 1380 492 1421 cognita
511 1379 668 1411 doctrina
686 1377 870 1411 Ecclesiae.

300 1438 394 1470 Hinc
411 1438 514 1470 etiam
531 1443 687 1469 sumatur
703 1437 813 1470 forma
834 1445 866 1470 et
886 1439 1028 1471 evidens
1050 1440 1179 1474 refuta-

203 1489 251 1521 tio
278 1488 371 1522 tertii
389 1487 516 1520 erroris
536 1486 734 1520 Stoicorum
749 1513 757 1526 ,
785 1487 966 1528 videlicet,
993 1490 1034 1521 de
1052 1490 1179 1522 tollen-

203 1540 256 1571 dis
272 1550 310 1571 ex
327 1544 449 1571 natura
467 1537 670 1570 adfectibus.
714 1535 802 1570 Cum
822 1544 853 1570 et
874 1538 1071 1572 condiderit
1085 1538 1180 1572 Deus

203 1589 240 1621 in
257 1595 379 1621 natura
395 1585 578 1620 hominum
598 1587 770 1627 adfectus,
797 1594 829 1620 et
851 1588 887 1619 in
907 1588 979 1631 lege
1002 1600 1060 1621 sua
1079 1601 1179 1632 prae-

204 1639 325 1681 cipiat,
354 1645 384 1670 et
410 1644 524 1680 postea
544 1637 701 1669 restituat
723 1637 834 1670 bonos
859 1645 973 1671 motus
1002 1639 1038 1671 in
1063 1640 1179 1671 cordi-

203 1690 269 1721 bus
295 1689 422 1720 nostris
448 1687 582 1730 Spiritu
607 1698 668 1719 suo
691 1694 827 1727 sancto,
868 1700 1016 1732 cumque
1039 1695 1178 1722 aeterna

205 1738 339 1771 iusticia
360 1746 391 1770 et
411 1737 479 1769 vita
499 1738 542 1770 sit
560 1737 698 1769 dilectio
716 1735 803 1777 Dei,
837 1744 869 1770 et
891 1738 1026 1771 laeticia
1046 1739 1080 1771 in
1103 1737 1178 1771 Deo

203 1788 437 1832 acquiescens,
463 1786 684 1819 manifestum
703 1792 772 1824 est,
800 1798 871 1819 non
888 1799 1008 1821 omnes
1025 1789 1179 1822 adfectus

205 1850 244 1869 ex
268 1844 389 1870 natura
413 1837 587 1869 tollendos
611 1847 693 1869 esse.
746 1835 786 1868 In
802 1834 983 1871 Elisabeth
1007 1850 1045 1871 ac
1063 1838 1177 1871 Maria

206 1894 286 1920 sunt
304 1884 455 1932 στοργαὶ
473 1898 551 1928 erga
570 1885 677 1926 filios,
705 1897 793 1929 quae
816 1893 847 1920 et
869 1887 1005 1930 placent
1020 1887 1095 1921 Deo
1108 1914 1118 1929 ,
1147 1896 1178 1921 et

205 1943 287 1969 sunt
303 1936 479 1979 puriores,
507 1947 609 1979 quam
632 1936 667 1966 in
696 1936 773 1967 aliis
797 1938 986 1978 matronis,
1018 1939 1099 1982 quia
1124 1951 1178 1971 re-

204 1993 334 2028 guntur
349 1986 415 2018 fide
431 1992 462 2019 et
480 1985 682 2023 dilectione,
711 1992 741 2017 et
759 1985 841 2028 ipsis
863 1987 1012 2019 flammis
1027 1988 1179 2031 Spiritus

205 2036 326 2070 sancti.
392 2033 463 2068 Nec
488 2046 545 2067 ero
572 2034 739 2077 prolixior
763 2035 800 2066 in
825 2047 861 2067 re
887 2037 1086 2075 manifesta,
1119 2040 1178 2070 sed

205 2084 288 2118 liaec
305 2085 466 2122 recitavi,
492 2091 529 2117 ut
547 2096 625 2116 cum
644 2084 751 2116 multa
769 2084 939 2126 legantur,
966 2087 1067 2119 etiam
1086 2090 1175 2130 apud

205 2136 389 2178 scriptores
407 2134 651 2167 ecclesiasticos
669 2133 925 2178 inepte'scripta
943 2137 985 2168 de
1004 2134 1178 2182 ἅπαθξίᾳ,

205 2197 248 2218 ne
266 2185 420 2218 iuniores
436 2185 584 2227 probent
601 2183 677 2215 illas
699 2181 914 2228 κακοζηλίας
936 2197 1053 2219 amore
1077 2188 1179 2220 novi-

203 2235 292 2269 tatis.
326 2234 394 2268 Sed
413 2233 643 2268 consideratis
655 2234 811 2267 sontibus
827 2234 982 2269 iudicent
998 2236 1081 2280 quid
1098 2249 1178 2270 sen-

203 2285 359 2317 tiendum
385 2284 438 2317 sit.

207 2384 307 2418 l'nde
343 2386 382 2417 in
409 2382 553 2417 scholas
576 2385 764 2418 translata
785 2388 873 2418 sunt
895 2384 991 2419 haec
1015 2391 1177 2431 nomina,

200 2437 368 2478 potentia
385 2437 655 2477 concupiscens,
681 2439 719 2468 et
730 2437 896 2479 potentia
914 2447 1095 2481 trascens,
1115 2450 1179 2473 seu

383 2488 422 2516 ut
446 2486 570 2527 inepte
589 2483 737 2527 dicunt,
766 2485 995 2520 irascibilis?

301 2556 387 2590 (sum
423 2557 458 2588 in
494 2557 599 2590 variis
632 2559 927 2601 disputationibus
961 2561 1018 2594 fiat
1044 2561 1176 2594 mentio

199 2607 378 2639 doctrinae
392 2607 435 2639 de
450 2607 732 2650 adpetitionibus‚
757 2611 840 2642 utile
857 2617 905 2644 est
921 2613 1047 2653 gradus
1064 2623 1175 2652 nosse,

199 2669 285 2699 quos
310 2669 413 2701 supra
436 2657 615 2695 recensui,
643 2664 675 2691 et
701 2658 837 2698 videre,
865 2661 993 2706 quibus
1016 2662 1172 2704 adpella-

1224 215 1382 249 tionibus
1400 220 1551 248 vetustas
1566 225 1627 248 usa
1644 214 1697 248 sit.
1743 213 1843 247 Plato
1862 226 1962 258 saepe
1977 214 2102 258 repetit
2115 210 2205 246 hanc

1225 277 1321 298 suam
1333 265 1572 309 partitionem.
1599 265 1659 298 Ait
1675 271 1742 298 tres
1759 276 1830 297 esse
1847 266 1974 306 gradus
1990 265 2026 296 in
2045 261 2204 297 homine:

1225 312 1511 359 ἐπιθυμητικὸν,
1537 312 1723 359 θυμικὸν,
1751 322 1783 348 et
1798 312 2027 361 ἡγεμονικὸν.
2066 314 2117 346 Ac
2131 313 2205 345 siu-

1226 365 1316 408 gulis
1333 376 1430 397 snam
1449 366 1564 397 sedem
1589 366 1760 399 attribuit.
1811 360 2098 408 Ἐπιθυμητικὸν
2120 363 2206 395 dicit

1228 415 1401 458 pertinere
1426 416 1468 447 ad
1497 426 1597 458 epar,
1625 415 1707 459 quia
1729 416 1764 448 id
1786 415 1980 447 membrum
2006 413 2208 445 dominatur

1227 465 1320 498 inter
1344 477 1399 505 ea,
1442 476 1530 508 quae
1553 465 1693 508 proprie
1719 466 1762 498 ad
1788 465 2065 508 praeparandum
2092 462 2207 496 nutri-

1227 521 1384 547 mentum
1401 515 1540 547 condita
1557 522 1648 548 sunt.
1701 514 1882 558 Significat
1899 514 2014 556 igitur,
2042 524 2076 544 se
2091 512 2209 545 nomi-

1228 575 1311 596 nare
1326 562 1614 608 ἐπιθιῃιιητικὸν,
1642 565 1840 598 facultatem
1859 576 1918 597 seu
1936 563 2128 607 adpetitum
2144 574 2208 595 na-

1229 614 1393 653 turalem,
1420 615 1462 645 ad
1482 626 1584 657 quem
1608 615 1734 654 fames,
1763 615 1856 655 sitis,
1883 613 2050 657 adpetitio
2065 623 2210 655 genera-

1229 664 1335 697 tionis
1361 663 1548 707 pertinent.
1606 663 1675 697 Sed
1700 676 1800 708 saepe
1827 664 2018 707 improprie
2039 662 2207 707 loquitur.

1230 712 1340 746 Addit
1362 725 1516 746 amorem
1542 720 1573 746 et
1597 714 1782 746 avariciam
1808 713 1890 746 huic
1917 714 2025 757 parti,
2065 724 2142 745 cum
2169 709 2208 744 hi

1230 763 1385 796 adfectus
1417 775 1496 795 vere
1531 763 1600 796 sint
1631 763 1667 795 in
1697 764 1817 804 corde,
1856 769 1888 796 et
1921 774 2141 807 nequaquam
2170 762 2208 794 in

1230 820 1338 857 epate.
1391 811 1466 846 Etsi
1491 813 1583 845 enim
1602 814 1772 847 naturalis
1788 814 1955 857 adpetitio
1973 812 2208 855 generationis

1230 871 1279 897 est
1303 863 1442 907 proprie
1459 863 1494 895 in
1513 864 1679 896 membris
1695 864 1845 896 conditis
1868 865 1910 896 ad
1938 862 2208 906 generationem,

1229 921 1345 947 tamen
1370 914 1459 946 alius
1484 920 1599 946 motus
1623 920 1672 947 est
1697 925 1812 952 amor,
1847 924 1907 947 seu
1930 911 2117 952 honestus,
2148 923 2209 945 seu

1229 961 1446 997 inhonestus.

1334 1011 1498 1057 (θυμικὸν
1533 1026 1591 1047 seu
1626 1012 1823 1058 θυλιιοειδές
1855 1015 2001 1047 collocat
2036 1012 2136 1046 Plato
2170 1014 2208 1046 in

1230 1063 1353 1103 corde,
1388 1065 1542 1097 adfectus
1565 1065 1727 1098 videlicet
1753 1076 1827 1105 eos,
1854 1065 1915 1109 qui
1940 1076 2012 1096 non
2032 1063 2210 1107 pertinent

1230 1114 1272 1144 ad
1292 1113 1539 1155 nutritionem,
1565 1116 1623 1147 sed
1641 1117 1684 1147 ad
1700 1115 1948 1149 defensionem.
1977 1113 2210 1156 sumpserunt

1231 1162 1338 1205 igitur
1369 1161 1507 1196 scholae
1538 1166 1706 1198 vocabula
1735 1165 1910 1208 potentiae
1931 1163 2209 1206 concupiscentis

1232 1219 1263 1246 et
1278 1213 1453 1256 potentiae
1471 1214 1650 1247 irascentis
1668 1227 1707 1247 ex
1724 1212 1787 1247 bac
1803 1215 1990 1257 partitione
2008 1213 2178 1249 Platonis.

1334 1263 1475 1296 Tertius
1496 1265 1623 1307 gradus
1649 1271 1698 1297 est
1723 1261 1958 1311 ἡγεμονικὸν,
2000 1263 2094 1307 quod
2115 1274 2210 1296 corn-

1232 1312 1394 1355 plectitur
1411 1321 1563 1347 mentem
1586 1321 1620 1347 et
1645 1315 1880 1355 voluntatem,
1911 1325 1970 1345 seu
1992 1319 2126 1357 partem
2153 1326 2210 1346 co-

1231 1370 1474 1404 gnoscentem,
1501 1371 1533 1395 et
1552 1369 1684 1403 partem
1703 1363 1885 1405 eligentem
1904 1364 2060 1405 cognita,
2086 1370 2119 1396 et
2145 1364 2212 1396 im-

1231 1419 1408 1455 perantem
1427 1413 1674 1453 locomotivae,
1701 1413 1742 1445 de
1759 1424 1827 1457 qua
1843 1424 1922 1445 mox
1940 1414 2064 1445 dicam.

1315 1469 1437 1514 'Apud
1457 1470 1680 1504 Aristotelem
1704 1483 1811 1514 genus
1835 1478 1884 1504 est
1904 1471 2078 1504 facultatis
2100 1473 2208 1515 adpe-

1231 1520 1349 1553 titivae
1362 1547 1370 1560 ,
1397 1519 1595 1564 ὀρεκτικὸν.
1650 1521 1687 1553 ld
1707 1522 1857 1564 partitur
1874 1521 1909 1553 in
1928 1520 2011 1554 baec
2027 1522 2108 1554 tria:
2134 1522 2209 1556 ἑπι-

1233 1568 1389 1614 θυλιιίας,
1416 1569 1561 1615 &timim
1590 1578 1622 1604 et
1637 1568 1825 1616 βούλησιν.
1885 1571 1955 1604 Nec
1979 1571 2127 1615 explicat
2148 1585 2210 1605 vo-

1231 1621 1365 1660 cabula,
1392 1632 1455 1653 nec
1472 1623 1570 1654 sedes
1585 1622 1762 1656 discernit.
1790 1622 1857 1655 Sed
1877 1623 2048 1654 concinne
2063 1630 2210 1664 possunt

1231 1671 1411 1714 explicari,
1445 1671 1473 1702 si
1490 1672 1569 1715 quis
1582 1672 1822 1704 accommodet
1838 1673 1879 1704 ad
1897 1679 2032 1704 nostras
2048 1672 2209 1715 partitio-

1231 1733 1291 1753 nes
1306 1732 1410 1763 supra
1427 1722 1597 1755 recitatas.
1649 1722 1700 1754 Ac
1725 1722 1760 1753 in
1784 1722 1887 1754 tertio
1911 1722 1999 1754 libro
2023 1723 2065 1754 de
2079 1720 2209 1755 Anima

1230 1782 1386 1814 expresse
1403 1771 1571 1804 discernit
1588 1771 1779 1814 adpetitum
1796 1771 2020 1810 sensitivum,
2046 1778 2079 1805 et
2103 1773 2209 1815 adpe-

1230 1822 1331 1854 titum
1351 1821 1622 1862 intellectivum,
1649 1833 1687 1854 ac
1702 1822 1861 1854 nominat
1879 1831 2066 1865 utrumque
2083 1821 2210 1865 ὄρεξιν.

1229 1871 1298 1904 Sed
1330 1871 1431 1903 alteri
1464 1871 1645 1914 proprium
1667 1883 1796 1904 nomen
1819 1871 1960 1908 tribuit,
1994 1869 2209 1915 ἐπιθυμίαν.

1230 1920 1343 1954 Alteri
1361 1921 1484 1954 tribuit
1502 1922 1682 1964 proprium
1698 1933 1845 1960 nomen,
1870 1917 2059 1965 βούλησιν.
2114 1920 2208 1954 Haec

1230 1971 1381 2004 breviter
1400 1971 1575 2003 monuisse
1598 1973 1640 2003 de
1662 1969 1715 2003 his
1740 1971 2034 2014 adpellationibus
2051 1970 2209 2005 Platonis

1230 2028 1262 2054 et
1280 2021 1478 2054 Aristotelis
1497 2021 1578 2053 satis
1595 2022 1651 2054 sit.

1446 2138 1513 2178 De
1544 2139 1726 2190 potentia
1755 2138 2009 2179 locomotiva.

1394 2236 1491 2279 Quid
1518 2243 1573 2272 est
1596 2240 1767 2282 potentia
1795 2235 2042 2271 locomotiva?

1330 2311 1393 2346 Est
1410 2313 1582 2356 potentia,
1609 2324 1696 2357 quae
1714 2324 1956 2356 quamcunque
1980 2319 2111 2355 partem
2129 2323 2206 2344 cor—

1230 2363 1322 2406 poris
1346 2370 1543 2403 externam,
1584 2363 1695 2395 ciente
1718 2363 1987 2405 imaginatione,
2020 2368 2058 2395 ut
2082 2361 2117 2392 in
2144 2373 2204 2405 pe-

1228 2414 1395 2453 cudibus,
1422 2420 1481 2446 aut
1503 2414 1652 2453 ratione,
1684 2419 1722 2446 ut
1750 2412 1786 2444 in
1812 2410 2034 2452 hominibus,
2069 2423 2107 2443 ex
2133 2411 2202 2444 alio

1227 2463 1303 2497 Ioco
1322 2463 1356 2495 in
1376 2463 1482 2496 alium
1500 2463 1675 2497 transfert.

1328 2511 1470 2556 Organa
1488 2520 1567 2546 sunt
1584 2513 1702 2552 nervi,
1728 2513 1877 2546 musculi
1892 2518 1924 2546 et
1941 2508 2108 2552 chordae,
2135 2509 2201 2545 hoc

1226 2563 1362 2596 ordine.
1424 2562 1581 2595 Primum
1602 2563 1731 2596 noticia
1757 2563 1904 2600 indicat,
1938 2573 2007 2605 quo
2031 2562 2101 2595 sint
2124 2574 2199 2594 mo-

1226 2615 1336 2645 venda
1360 2614 1534 2652 membra,
1558 2614 1647 2646 utin
1665 2613 1721 2646 siti
1740 2624 1861 2646 cervus
1886 2623 2019 2644 memor
2044 2611 2200 2644 fluminis

1224 2663 1453 2705 imaginatur,
1478 2664 1714 2707 quaerendum
1730 2673 1800 2695 esse
1816 2662 1958 2696 flumen,
2011 2660 2099 2695 Cum
2115 2659 2200 2694 haec
