2379 2948
188 118 255 152 143

187 208 300 233 antem
318 198 514 230 numeratio
531 197 573 228 ab
591 195 724 227 unitate
743 199 774 224 et
793 191 961 234 singulari
979 193 1022 225 ad
1045 190 1167 225 multa.

186 249 250 283 Est
266 257 297 282 ct
315 249 454 281 condita
473 257 568 279 mens
587 243 739 276 humana
758 242 800 274 ad
822 241 1037 284 agnitionem
1062 241 1168 274 unius

187 299 265 337 Dei,
291 306 329 332 ut
347 299 399 330 lex
417 297 533 329 ‹livina
553 293 682 336 inquit:
708 291 841 335 Diligas
857 293 1040 325 dominnm
1055 291 1168 325 Deum

187 357 297 383 tuum.
351 347 437 379 Item
455 345 577 385 diligas
598 342 805 385 proximum.
860 341 1005 375 Necesse
1023 349 1072 374 est
1098 341 1168 383 igi-

187 406 245 433 tur
261 397 343 431 haec
363 394 551 437 singularia
567 398 684 425 mente
707 392 802 424 cerni
826 403 935 436 posse.
989 391 1169 426 Reiician-

188 457 245 482 tur
265 459 344 489 ergo
365 445 514 477 insulsae
533 449 565 475 et
582 443 696 475 fatuae
714 442 1020 486 interpretationes
1038 452 1170 479 eorum,

188 498 247 542 qui
274 498 467 534 finxerunt,
500 493 716 527 intellectum
752 499 888 526 tantum
921 505 993 526 esse
1024 492 1171 525 univer-

189 547 324 579 salium.

365 628 466 669 Quod
484 631 539 661 est
559 625 735 660 obiectum
757 625 995 659 intellectus?

290 695 365 730 Ens
383 706 487 740 quam
513 694 580 726 late
607 700 718 736 patet,
748 690 813 725 hoc
834 699 899 732 est,
926 691 1022 725 Deus
1045 698 1077 724 et
1102 697 1173 724 tota

189 759 306 782 rerum
323 744 532 779 universitas
552 750 601 775 est
620 743 795 776 obiectum
814 743 1026 781 intellectus,
1052 742 1094 774 ad
1114 753 1175 774 cu-

188 801 242 832 ius
267 797 481 840 agnitionem
507 793 640 826 conditi
665 803 795 825 sumus.
851 790 897 825 Ut
921 792 1102 824 manifeste
1125 798 1175 824 te-

190 856 301 883 statur
311 845 511 879 lexdivina:
531 842 863 885 Diligasdominum
877 841 987 874 Deum
999 848 1099 874 tuum
1114 848 1175 874 etc.

189 897 235 932 Et
259 897 325 930 fnit
351 895 435 928 haec
456 895 516 926 lux
540 899 621 926 ante
644 898 788 925 naturae
814 890 988 924 humanae
1006 892 1175 935 deprava-

189 950 322 981 tionem
341 945 530 983 illustrior,
558 949 675 986 postea
702 942 812 984 caligo
839 948 952 974 secuta
971 948 1041 981 est,
1069 952 1176 985 quare

190 997 305 1032 Deum
323 1003 354 1028 et
371 993 568 1039 spirituales
584 998 725 1024 naturas
750 999 782 1025 et
808 1003 994 1034 corporum
1014 992 1177 1024 substan-

191 1049 275 1082 tiam
300 1047 416 1079 minus
437 1043 684 1085 intelligimus,
708 1042 764 1073 sed
789 1048 968 1085 utcunque
991 1053 1046 1073 eas
1073 1052 1090 1073 a
1113 1052 1176 1083 po-

191 1097 328 1132 steriori
362 1093 604 1128 ratiocinando
634 1091 855 1133 agnoscimus
887 1092 1033 1123 obscure
1064 1096 1096 1122 et
1127 1096 1178 1122 te-

193 1154 318 1181 nnlter.

295 1203 507 1245 Quanquam
527 1198 633 1242 igitur
649 1209 721 1231 non
737 1199 859 1231 eodem
877 1199 983 1230 modo
1004 1198 1179 1231 cernimus

193 1254 328 1293 omnia,
356 1259 471 1285 tamen
489 1257 580 1282 recte
596 1249 736 1281 dicitur.
772 1246 846 1280 Ens
865 1260 968 1292 quam
988 1248 1056 1280 late
1075 1254 1180 1291 patet,

194 1305 368 1338 obiectum
388 1312 459 1334 esse
477 1299 695 1337 intellectus,
723 1298 758 1331 id
785 1304 852 1335 est,
881 1297 994 1330 Deum
1015 1305 1048 1331 et
1073 1304 1180 1331 totam

193 1366 311 1387 rerum
335 1351 621 1388 universitatem,
648 1348 730 1392 quia
756 1348 799 1380 ad
827 1345 911 1380 haec
940 1348 1059 1380 omnia
1088 1347 1180 1391 aspi-

195 1405 318 1437 cienda
338 1400 472 1434 conditi
490 1408 621 1432 sumus,

278 1459 354 1493 Etsi
370 1464 486 1491 autem
512 1467 585 1488 non
600 1454 713 1487 omnis
736 1454 889 1497 cognitio
913 1454 949 1486 in
974 1461 1089 1488 mente
1114 1452 1182 1487 hu-

195 1523 300 1545 mana
322 1522 339 1542 a
365 1519 467 1541 sensu
494 1506 627 1548 oritur,
658 1511 697 1537 ut
721 1504 860 1536 numeri
887 1510 920 1537 et
949 1505 1058 1537 multa
1082 1505 1182 1548 prin-

198 1563 306 1606 cipia,
334 1566 449 1592 tamen
464 1557 545 1590 ideo
567 1554 699 1588 conditi
722 1561 803 1587 sunt
820 1566 960 1594 sensus,
986 1561 1182 1592 utrerum,

197 1623 285 1657 quae
299 1610 384 1643 foris
405 1614 505 1647 sunt,
533 1602 744 1638 simulachra
764 1604 807 1637 ad
833 1604 1049 1638 intellectum
1069 1612 1182 1638 trans-

196 1662 358 1700 mittant,
386 1666 417 1692 et
433 1658 503 1691 sint
519 1655 639 1689 nuncii
658 1655 785 1687 mentis
814 1662 846 1687 et
876 1661 977 1687 testes
1002 1655 1183 1698 experien-

198 1712 285 1749 tiae,
313 1710 384 1742 imo
409 1708 513 1741 etiam
539 1712 578 1738 ut
601 1705 751 1738 excitent
776 1704 992 1738 intellectum
1016 1706 1059 1737 ad
1085 1716 1182 1747 aspe-

199 1762 351 1795 ctionem
388 1769 526 1795 rerum,
562 1767 649 1800 quae
683 1761 777 1787 extra
806 1766 886 1787 eum
915 1762 1014 1794 sunt,
1049 1761 1088 1787 ut
1120 1753 1183 1786 lios

199 1821 338 1856 quoque
356 1809 508 1844 intuens,
534 1811 739 1848 componat,
769 1804 915 1842 dividat,
943 1811 1086 1849 quaerat
1102 1804 1184 1837 nni-

199 1860 366 1899 versalia‚
400 1858 550 1896 iudicet,
591 1854 737 1899 aspiciat
770 1851 957 1900 κριτήρια,
997 1861 1029 1888 et
1063 1866 1183 1888 emen-

201 1911 259 1943 det
282 1915 405 1942 errata.

305 1965 359 2000 De
376 1964 442 1998 hoc
460 1971 600 1998 externo
622 1962 759 1995 obiecto
777 1963 946 1995 excitante
969 1963 1184 1997 intellectum

203 2019 241 2051 in
265 2015 330 2050 hac
355 2024 472 2048 nostra
499 2013 700 2046 infirmitate
727 2019 816 2045 recte
834 2013 980 2052 dicitur,
1008 2013 1185 2046 obiectum

204 2079 287 2107 esse,
313 2078 368 2099 res
387 2075 508 2098 omnes
525 2074 612 2107 qnae
628 2062 785 2094 sensibus
804 2062 1055 2104 percipiuntur.
1100 2062 1186 2096 Inde

204 2117 298 2151 enim
323 2114 480 2160 procedit
512 2112 708 2146 intellectus
738 2123 798 2144 sua
824 2112 858 2143 vi
891 2112 933 2144 ad
966 2112 1052 2152 alia,
1085 2120 1124 2146 ut
1147 2126 1186 2146 ex

206 2167 313 2210 signis
344 2164 546 2210 proceditur
572 2163 616 2196 ad
650 2173 786 2201 causa5‚
815 2174 854 2194 ex
882 2162 1120 2195 accidentibus
1143 2165 1186 2196 ad

207 2216 482 2251 substantiarum
514 2212 728 2256 agnitionem
764 2212 1052 2256 qualemcunque.
1112 2212 1187 2246 Hac

207 2266 376 2300 mediocri
394 2264 627 2298 declaratione
646 2262 801 2295 contenti
820 2261 926 2294 simus
945 2262 981 2294 in
999 2260 1063 2295 hac
1081 2275 1187 2307 quae-

209 2317 321 2350 stione
336 2316 495 2349 involuta
512 2313 632 2347 multis
649 2309 871 2357 labyrinthis.

221 2424 335 2458 Estne
374 2432 502 2456 verum
533 2419 696 2461 dictum,
737 2416 904 2454 noticias
930 2419 1080 2464 aliquas
1113 2431 1175 2454 no-

549 2470 690 2506 hiscum
718 2468 848 2504 nasci?

311 2538 421 2573 Vetus
436 2536 613 2571 contentio
630 2543 680 2570 est
695 2536 787 2570 inter
804 2535 1044 2572 Aristotelicos
1059 2544 1092 2571 et
1108 2537 1190 2570 Pla-

213 2589 367 2629 tonicos,
395 2599 439 2621 an
459 2587 529 2620 sint
546 2586 683 2630 aliquae
701 2587 737 2618 in
762 2589 939 2622 mentibus
957 2588 1105 2622 noticiae
1123 2599 1187 2620 no-

212 2640 348 2674 biscum
369 2637 495 2672 natae?
529 2635 598 2670 Sed
622 2635 814 2679 simplicius
838 2646 871 2673 et
896 2639 1089 2673 rectius—est
1107 2639 1190 2672 reti-

422 110 629 147 SCRIPTA
657 109 731 144 PH.
762 107 875 142 MEL.
902 106 967 141 AD
996 105 1122 142 HlST.
1149 104 1292 143 PROF.
1319 107 1384 143 ET
1411 106 1601 144 PHILOS.
1629 106 1944 144 SPECTANTIA.

2123 108 2194 144 144

1216 205 1298 227 nere
1329 191 1420 227 hanc
1454 192 1678 232 sententiam,
1712 204 1782 225 esse
1813 193 1946 238 aliquas
1976 192 2123 226 noticias
2155 192 2193 224 in

1216 251 1331 278 mente
1348 242 1511 284 humana,
1537 255 1625 288 qnae
1641 243 1824 276 nobiscum
1839 249 1939 276 natae
1955 250 2046 283 sunt,
2071 249 2111 275 ut
2125 253 2194 274 nu-

1217 306 1350 334 meros,
1375 294 1510 327 ordinis
1530 300 1561 327 et
1584 293 1851 337 proportionum
1877 293 2113 334 agnitionem,
2139 292 2195 323 in-

1217 345 1393 378 tellectum
1413 344 1680 388 consequentiae
1698 344 1735 375 in
1752 342 1966 388 syllogismo,
1994 342 2079 376 Item
2098 342 2197 386 prin-

1219 395 1308 438 cipia
1326 395 1550 437 geometrica,
1578 391 1719 438 physica
1739 400 1772 426 et
1791 392 1949 426 moralia.

1320 459 1422 493 IIanc
1445 459 1654 493 sententiam
1675 460 1777 493 etiam
1800 465 1942 503 propter
1957 457 2107 490 Paulum
2126 468 2200 489 am-

1220 511 1371 554 plector,
1401 510 1462 554 qui
1479 521 1634 553 expresse
1654 510 1786 554 inquit,
1814 510 1923 552 legem
1944 508 2106 549 scriptam
2129 517 2200 539 esse

1222 561 1258 592 in
1280 560 1446 593 cordibus
1475 558 1679 599 hominum,
1711 560 1774 592 ubi
1796 560 1839 592 de
1869 558 1998 592 noticia
2030 556 2198 601 loquitur.

1223 610 1268 644 Ut
1286 610 1391 652 igitur
1407 610 1526 641 lumen
1544 616 1593 642 est
1609 609 1645 640 in
1662 609 1789 649 oculis,
1815 621 1883 654 qno
1902 610 1940 642 fit
1960 608 2062 641 visio:
2091 607 2140 640 ita
2163 606 2201 639 in

1222 660 1399 692 mentibus
1439 660 1498 691 lux
1532 660 1702 703 quaedam
1739 666 1806 698 est,
1855 671 1922 702 qua
1957 667 2201 696 numeramus,

1223 710 1442 755 agnoscimus
1466 708 1639 752 principia
1663 709 1809 749 artium,
1836 709 2067 741 discernimus
2090 704 2201 739 hone-

1223 769 1272 794 sta
1294 767 1326 793 et
1345 759 1471 802 turpia.
1525 758 1626 791 Hanc
1652 759 1763 790 lucem
1782 769 1853 791 esse
1870 759 2016 791 noticias
2032 757 2201 790 divinitus

1223 821 1357 854 sparsas
1382 810 1418 843 in
1445 810 1622 842 mentibus
1651 809 1796 848 nostris,
1829 815 1920 841 recte
1944 808 2089 847 dicitur,
2114 817 2202 851 quae

1224 860 1337 904 qualis
1363 860 1421 892 lux
1446 859 1503 899 sit,
1530 866 1613 891 tnnc
1638 870 1837 897 cernemus,
1871 870 1948 890 cum
1973 855 2201 901 archetypum

1224 910 1337 943 Deum
1358 909 1586 943 intuebimur.
1641 907 1775 941 Interea
1794 908 1915 952 procul
1934 908 2204 945 considerantes,

1224 967 1340 993 tamen
1364 959 1511 992 sciamus
1538 957 1600 991 has
1628 966 1784 992 aeternas
1817 958 1964 991 noticias
1989 956 2140 990 illustria
2162 956 2204 988 de

1224 1009 1299 1042 Deo
1325 1017 1357 1042 et
1381 1010 1423 1041 de
1456 1009 1676 1052 providentia
1703 1009 1899 1042 testimonia
1925 1019 2014 1048 esse,
2041 1006 2205 1039 mirando

1226 1059 1372 1092 consilio
1390 1057 1454 1092 Dei
1479 1059 1515 1090 in
1537 1056 1697 1091 homines
1720 1070 1847 1102 sparsa.
1901 1057 2130 1091 Manifestum
2154 1061 2205 1088 est

1226 1110 1340 1148 enim,
1375 1120 1446 1141 non
1475 1119 1557 1141 casu
1579 1110 1705 1141 durare
1734 1109 1770 1140 in
1799 1116 1871 1142 toto
1897 1119 2021 1150 genere
2049 1105 2204 1140 humano

1227 1157 1317 1192 hanc
1334 1165 1511 1191 aeternam
1529 1165 1561 1191 et
1578 1159 1757 1191 immotam
1777 1159 1981 1202 sapientiam
1995 1184 2004 1198 ,
2031 1166 2207 1193 numeros,

1227 1217 1260 1243 et
1276 1208 1465 1242 discrimen
1487 1206 1714 1241 honestorum
1734 1215 1767 1241 et
1782 1208 1948 1250 turpium.

1328 1273 1445 1308 Etiam
1463 1275 1491 1307 si
1509 1273 1604 1308 Deus
1628 1274 1805 1318 impressit
1829 1274 1940 1307 multa
1958 1272 2101 1316 vestigia
2125 1271 2205 1305 uni-

1228 1336 1327 1357 verso
1352 1325 1478 1358 mundi
1503 1325 1663 1368 opificio,
1698 1335 1786 1367 quae
1808 1324 1884 1356 vult
1914 1334 1985 1355 esse
2007 1333 2209 1355 commone-

1227 1374 1413 1413 factiones,
1450 1385 1537 1417 quae
1567 1373 1772 1412 ostendant,
1807 1370 1900 1405 hunc
1931 1373 2104 1405 mundum
2136 1383 2209 1404 non

1229 1424 1380 1456 extitisse
1398 1435 1487 1463 casu,
1504 1424 1561 1456 sed
1581 1434 1651 1456 esse
1669 1429 1819 1456 mentem
1838 1422 2041 1466 sapientem,
2068 1422 2209 1459 bonam,

1229 1474 1372 1513 iustam,
1400 1485 1573 1513 veracem,
1600 1480 1724 1506 castam
1754 1480 1786 1506 et
1812 1473 1978 1510 liberam,
2006 1469 2208 1505 architecta-

1229 1524 1365 1556 tricem:
1403 1530 1516 1556 tamen
1547 1523 1608 1555 illa
1632 1523 1854 1555 ratiocinatio
1886 1523 1959 1555 fieri
1985 1533 2058 1555 non
2087 1528 2210 1565 posset,

1230 1574 1297 1606 nisi
1324 1573 1420 1616 prius
1452 1574 1625 1615 fulgerent
1650 1573 1687 1605 in
1718 1573 1895 1606 mentibus
1924 1572 2053 1606 nostris
2077 1572 2209 1605 multae

1229 1623 1400 1662 noticiae,
1436 1624 1614 1656 distinctio
1643 1623 1788 1656 unitatis
1816 1630 1848 1656 et
1874 1622 2128 1662 multitudinis,
2155 1622 2210 1655 di-

1230 1673 1371 1707 stinctio
1387 1680 1532 1707 naturae
1549 1673 1715 1717 sapientis
1731 1680 1762 1706 et
1780 1674 1902 1712 bonae,
1919 1685 1937 1705 a
1949 1673 2052 1706 bruta
2071 1678 2103 1705 et
2119 1672 2210 1704 mala

1231 1731 1354 1757 natura
1367 1750 1374 1763 ‚
1403 1730 1434 1756 et
1454 1723 1540 1755 aliae
1556 1724 1698 1757 multae.
1757 1722 1829 1755 lmo
1847 1723 2001 1767 aliquam
2027 1722 2130 1755 etiam
2147 1720 2213 1754 Dei

1231 1774 1397 1806 noticiam
1414 1773 1504 1805 inter
1522 1770 1582 1805 has
1600 1773 1732 1815 fulgere
1753 1773 1789 1804 in
1808 1773 1911 1806 nobis
1930 1779 2087 1816 oportet,
2114 1779 2152 1805 ut
2168 1771 2212 1805 ad

1232 1835 1305 1857 eam
1327 1823 1583 1856 accommodari
1600 1823 1697 1865 signa
1715 1823 1859 1866 possint.

1334 1889 1403 1923 Sed
1418 1887 1501 1922 haec
1517 1888 1688 1932 prolixius
1709 1889 1886 1932 disputare
1904 1888 2008 1926 nolo,
2035 1899 2073 1920 ae
2096 1887 2212 1931 potius

1233 1951 1294 1973 oro
1312 1939 1426 1982 ipsum
1444 1937 1556 1971 Deum
1582 1939 1800 1971 conditorem
1812 1964 1819 1977 ,
1846 1945 1883 1972 nt
1900 1945 2083 1982 postquam
2099 1949 2213 1971 acces-

1233 1991 1276 2023 sit
1292 1990 1401 2032 caligo
1419 1989 1455 2021 in
1472 1989 1574 2021 nobis
1591 1995 1733 2032 propter
1748 1994 1936 2031 peccatum,
1954 1999 2074 2022 rursus
2091 2000 2212 2021 accen-

1234 2041 1292 2073 dat
1309 2040 1381 2083 ipse
1398 2038 1544 2071 noticias
1560 2051 1579 2071 a
1596 2050 1630 2071 se
1647 2039 1808 2078 donatas,
1837 2044 1874 2071 ut
1898 2038 1981 2072 fiant
2005 2038 2212 2071 illustriores

1235 2097 1267 2124 et
1282 2090 1462 2122 firmiores.

1335 2154 1406 2188 Nec
1425 2155 1609 2188 turbemur
1625 2154 1761 2196 vulgari
1779 2154 1887 2187 dicto:
1916 2151 2015 2187 Nihil
2038 2161 2086 2189 est
2103 2154 2212 2187 inin·

1235 2205 1374 2239 tellectu
1386 2232 1394 2245 ‚
1422 2206 1508 2250 quin
1528 2206 1625 2249 prius
1641 2205 1746 2238 fuerit
1762 2205 1798 2237 in
1815 2216 1928 2238 sensu.
1978 2205 2019 2238 Id
2034 2205 2127 2237 enim
2144 2205 2212 2237 nisi

1236 2257 1354 2288 dextre
1373 2255 1637 2298 intelligeretur,
1666 2255 1766 2287 valde
1785 2255 1976 2288 absurdum
1993 2262 2089 2288 esset.
2123 2254 2214 2288 Nam

1236 2306 1451 2339 universales
1475 2306 1623 2339 noticiae
1645 2312 1677 2338 et
1696 2305 1901 2338 diiudicatio
1926 2317 1997 2339 non
2020 2305 2116 2349 prius
2137 2305 2213 2338 fue-

1236 2362 1320 2388 runt
1335 2356 1371 2387 in
1389 2366 1502 2390 sensu.

1338 2421 1407 2455 Sed
1428 2423 1604 2455 fatendum
1623 2428 1688 2461 est,
1716 2433 1879 2455 sensuum
1895 2423 2030 2456 actione
2046 2428 2078 2455 et
2094 2422 2213 2465 singu—

1238 2472 1371 2505 laribus
1387 2472 1530 2505 obiectis
1554 2472 1686 2504 moveri
1704 2479 1735 2505 et
1752 2473 1892 2506 excitari
1918 2472 2152 2512 intellectum,
2175 2478 2215 2505 ut

1239 2523 1402 2566 procedat
1419 2523 1461 2555 ad
1486 2522 1725 2556 ratiocinanda
1746 2522 1974 2563 universalia,
2001 2528 2033 2555 et
2050 2523 2094 2555 ad
2119 2521 2215 2556 iudi-

1238 2573 1398 2607 candum.
