2379 2948
155 112 232 149 557

789 114 832 151 V.

527 202 766 236 Actiones.

546 277 649 309 Aliae
665 283 747 309 sunt

233 322 1054 346 [ω

672 350 691 382 Χ
707 351 925 382 oluntariae:

529 398 1091 417 w

149 347 352 382 Naturales:

150 421 362 464 Generatio,

147 472 338 517 Corruptio
350 499 358 513 ‚

146 524 397 567 Augmentatio
411 552 419 566 ,

146 574 346 609 Diminutio
359 603 367 616 ‚

145 626 329 660 Alteratio.

448 423 650 457 Intellectus
663 449 671 462 ,

447 475 574 507 artium
606 473 774 514 actiones,

446 525 574 569 partim
587 531 703 558 motus
719 525 773 557 lo-

445 577 554 614 cales,
574 576 701 620 partim
720 576 771 608 al·-

446 628 637 661 terationes
653 652 662 665 ‚
733 633 772 661 ut

443 679 684 711 aedificareest
694 690 771 712 mo·-

443 736 499 763 tus
518 730 769 770 localis,fabri-

442 793 520 813 care
545 781 672 824 partim
691 793 767 814 mo-

440 839 496 865 tus
516 832 657 870 localis,
688 844 767 876 par-

439 883 502 916 tim
520 883 700 921 alteratio,
728 892 765 917 ut

438 935 664 967 metallorum
709 936 766 968 su-

436 985 500 1026 sio,
512 986 761 1029 pingere,scri-

434 1037 535 1077 bere,
565 1049 675 1070 arare.

736 430 775 455 ut
813 420 1018 455 Voluntatis
1030 450 1039 463 ,

810 473 966 505 actiones
987 473 1138 507 interio-

810 535 864 556 res
898 525 1071 557 virtutum
1106 533 1137 560 et

809 575 978 608 vitiorum
990 600 998 613 ‚
1046 589 1137 620 quae
1163 603 1164 608 ,

808 632 926 659 tamen
944 627 1068 659 referri
1092 629 1135 661 ad

808 688 889 710 suos
909 675 1051 711 habitus
1074 690 1133 711 su-

807 740 867 772 pra
894 729 930 761 in
965 730 1134 773 qualitate

806 787 964 823 possunt.
993 779 1132 813 Sedex-

803 831 976 863 teriorum
1018 844 1130 865 mem-

803 882 950 915 brorum
974 882 1129 917 actiones

802 930 872 966 huc
891 933 1127 977 pertinent‚ut

801 996 975 1028 pugnare,
1003 997 1128 1019 nume-

799 1047 877 1068 rare
888 1036 1043 1079 precium
1061 1050 1126 1081 pro

801 1094 1001 1127 merce,etc.

235 1157 359 1191 Postea
399 1164 432 1191 et
465 1159 666 1192 voluntates
700 1160 854 1192 actiones
887 1161 1123 1194 eruditissime

133 1208 243 1241 dividi
264 1217 428 1252 possunt,
458 1216 495 1243 ut
512 1211 641 1253 gradus
661 1210 753 1243 vitae
771 1212 1051 1248 considerentur.

419 1324 597 1357 Actiones
620 1323 827 1358 voluntatis

231 1386 997 1409 w

129 1410 403 1453 Oeconomicae,

127 1479 186 1513 ut,
222 1473 352 1506 liberos
381 1473 435 1505 fo—
473 1479 522 1513 ut,
541 1473 576 1506 in
588 1480 714 1506 senatu
726 1473 782 1505 (li—
809 1480 911 1514 sunt,
941 1486 1027 1519 quas
1046 1476 1119 1508 usi-
1144 1500 1146 1511 1

283 1535 436 1567 pascere,
472 1525 782 1565 ceresententiam,
810 1531 879 1558 tate
900 1527 1117 1560 ceremonias

130 1535 230 1563 vere,

129 1574 288 1615 erudire,
318 1586 435 1618 regere
473 1576 634 1608 conferre
655 1587 781 1619 operas
808 1583 955 1617 vocant,

127 1626 325 1671 disciplina.

533 1413 713 1451 Politicae,

473 1633 506 1659 et
530 1627 712 1660 facultates
736 1628 779 1660 ad

472 1690 696 1710 communem
719 1690 779 1721 pa-

472 1741 558 1763 cem.

839 1412 1119 1458 Ecclesiasticae‚

1028 1591 1117 1623 quae

808 1634 889 1661 sunt
907 1628 1084 1671 duplices:

483 1786 1111 1804 f—de‘x

501 1809 742 1850 Sacramenta,

468 1875 506 1901 ut
517 1869 643 1902 usitate
656 1869 774 1914 quui-

468 1927 526 1952 tur
597 1917 753 1953 Ecclesia
767 1948 775 1961 ‚

466 1971 774 2004 suntactionesdi-

468 2021 601 2055 vinitus
631 2022 776 2056 institu-

467 2080 542 2114 tae,
594 2074 774 2108 faciendae

468 2124 554 2165 fide,
595 2137 657 2169 per
689 2136 775 2171 quas

468 2175 567 2208 Deus
593 2177 697 2209 nobis
717 2189 773 2209 ex-

468 2223 566 2260 hibet
602 2228 772 2272 promissa

468 2277 571 2310 bona.

865 1810 1054 1851 Sacrificia,

807 1876 889 1903 sunt

807 1920 979 1954 (livinitus
1011 1921 1115 1955 insti-

808 1978 901 2005 tutae
933 1972 1114 2006 faciendae
1139 1985 1141 1993 ³

806 2023 889 2063 fide,
918 2023 954 2055 in
982 2024 1112 2068 quibus

805 2086 870 2107 nos
891 2073 966 2107 Deo
991 2076 1111 2108 reddi·
1137 2112 1139 2119 Ι

806 2133 982 2158 muscerta
995 2139 1111 2170 opera,
1137 2167 1138 2171 Ἰ

804 2189 954 2222 quorum
972 2177 1049 2210 finis
1061 2185 1112 2211 est
1137 2186 1138 2200 ¹

803 2228 1027 2272 principalis,
1071 2237 1111 2263 ut

802 2292 881 2312 eum
902 2277 1038 2313 honore
1057 2280 1110 2313 af-

802 2331 971 2372 ficiamus,
985 2338 1034 2372 ut,
1058 2332 1109 2364 la-

800 2383 868 2415 bor
896 2383 1046 2416 docendi
1072 2383 1108 2415 in

803 2432 916 2466 Paulo
947 2441 997 2467 est
1023 2434 1108 2467 obe-

801 2484 955 2527 dientia,
1002 2498 1107 2530 quam

798 2535 874 2569 Deo
889 2535 1108 2570 redditPau-

800 2586 866 2625 lus,
889 2594 928 2620 ut
945 2599 1024 2621 eum
1041 2585 1107 2621 ho-

800 2648 889 2670 nore
905 2638 1044 2675 afficiat.

1102 431 1168 458 ut,

884 109 1209 148 EROTEMATA
1235 110 1572 154 DIALECTICES.

1173 234 1175 251 2
1354 204 1500 239 Rursus
1524 206 1719 255 sacrificia
1745 208 1915 254 duplicia
1936 217 2038 246 sunt.

1171 260 1175 285 l
1341 271 1863 291 ”W

1170 290 1173 335 ξ’
1264 296 1374 330 Aliud
1393 308 1443 333 est
1785 302 1867 339 Alia
1885 316 1969 342 sunt

1167 384 1170 392 Ι
1249 346 1450 388 [accon-abr,
1758 354 2006 403 εὐχαριστικὰ,

1168 396 1170 447 l
1196 410 1257 432 seu
1290 400 1503 444 propitiato-
1699 417 1787 448 quae
1813 420 1884 441 non
1918 423 2056 444 meren-

1166 476 1167 488 ,
1195 450 1308 490 rium,
1364 451 1399 484 id
1434 460 1504 494 est,
1697 462 1755 487 tur
1809 460 2053 495 remissionem

1165 503 1167 508 ’
1193 502 1288 545 quod
1330 508 1379 535 est
1425 515 1502 546 pre-

1192 552 1284 585 cium
1304 565 1367 597 pro
1380 565 1501 596 pecca—

1163 633 1164 638 ,
1190 603 1253 643 tis,
1282 611 1314 637 et
1344 612 1501 639 meretur

1162 684 1163 687 ,
1189 655 1435 688 remissionem

1160 719 1162 741 ῑ,
1189 713 1411 748 peccatorum
1431 707 1496 739 ali-

1187 756 1225 790 is.
1262 755 1350 790 Tale
1370 766 1419 792 est
1439 771 1496 791 so-

1186 807 1254 840 lius
1309 809 1372 840 filii
1430 808 1495 843 Dei

1186 858 1387 892 obedientia
1456 861 1493 893 in

1155 909 1350 943 :omnibus
1399 912 1491 943 affli-

1182 960 1359 994 ctionibus
1383 962 1465 996 suis.

1696 514 1916 548 peccatorum
1929 539 1937 550 ‚
1993 514 2051 546 sed

1695 568 1773 588 curn
1789 557 1877 592 fiunt
1893 572 1910 593 a
1927 573 2051 595 recon—

1693 607 1838 649 ciliatis,
1874 617 1913 643 ut
1937 610 2051 646 Deum

1694 655 1830 692 honore
1882 661 2048 702 afficiant,

1691 709 1831 752 placent
1847 711 1897 752 ei,
1921 720 1961 747 ut
1978 712 2049 747 Ba-

1690 760 1814 803 ptistae
1877 764 2048 797 obedien-

1690 811 1736 843 tia
1756 812 1793 844 in
1812 821 1935 848 morte.
1977 815 2049 849 Ta-

1688 862 1734 894 lia
1746 871 1827 897 sunt
1839 866 1958 898 omnia
1969 867 2048 910 pio-

1687 925 1765 946 rum
1777 914 1877 956 facta,
1894 928 2045 961 congru-

1687 965 1779 998 entia
1793 978 1870 999 cum
1885 967 1958 1010 lege
1968 969 2045 1009 Dei,

2118 127 2191 163 558

958 1870 1114 1904 actiones
1140 1913 1142 1924 Ι

1130 2616 1134 2668 Ι

1129 2721 1133 2741 l

1685 1027 1765 1048 cum
1781 1017 1869 1051 fiunt
1886 1018 1923 1051 in
1944 1021 2044 1062 agni—

1685 1066 1782 1100 tione
1815 1075 1848 1101 et
1880 1069 1948 1103 fide
1977 1071 2041 1103 filii

1684 1116 1764 1158 Dei,
1791 1125 1824 1152 et
1840 1121 2043 1155 reseruntur
2094 1164 2097 1165 ⁷

1683 1168 1727 1200 ad
1745 1165 1840 1203 hunc
1857 1171 1981 1213 finem,
2004 1179 2042 1205 ut

1682 1218 1777 1252 Deus
1803 1218 1939 1256 honore
1965 1223 2041 1255 affi-

1683 1270 1808 1306 ciatur.

1278 1335 1374 1369 Haec
1394 1337 1537 1380 partitio
1556 1338 1735 1371 actionum
1755 1345 1864 1373 totam
1883 1341 1990 1374 vitam
2012 1339 2168 1375 hominis

1176 1387 1441 1429 complectitur,
1470 1394 1503 1421 et
1528 1389 1658 1430 gradus
1687 1395 1719 1422 et
1745 1390 1909 1423 ordinem
1945 1392 2168 1425 considerare

1174 1437 1262 1470 utile
1279 1444 1340 1479 est,
1369 1444 1408 1470 ut
1425 1438 1617 1481 cogitemus
1636 1439 1844 1474 discrimina
1861 1442 2041 1476 actionum
2061 1444 2168 1477 totius

1174 1488 1282 1529 vitae,
1310 1495 1344 1521 et
1362 1488 1464 1522 initia
1480 1497 1512 1523 et
1533 1498 1643 1525 metas
1660 1503 1792 1526 earum.

1247 1595 1352 1633 Quae
1384 1598 1475 1628 stent
1502 1595 1761 1670 proprietam}
1784 1595 2095 1640 praedicamenti

1565 1646 1754 1681 Actionis.

1273 1707 1373 1742 Duae
1390 1717 1483 1745 sunt.
1538 1711 1658 1745 Prior:
1688 1712 1882 1747 Actionum
1901 1721 1951 1747 est
1969 1714 2163 1747 contrarie-

1142 1769 1144 1774 ’
1171 1767 1233 1801 tas,
1259 1767 1296 1793 ut
1314 1761 1496 1795 calefactio
1514 1770 1647 1806 pugnat
1666 1775 1744 1795 curn
1761 1764 2013 1807 frigefactione.
2039 1765 2162 1798 Altera

1171 1817 1238 1844 est:
1276 1810 1317 1844 In
1344 1812 1546 1846 actionibus
1572 1821 1620 1846 est
1647 1814 1755 1857 magis
1782 1821 1815 1848 et
1839 1815 1975 1856 minus,
2010 1822 2048 1849 ut
2075 1816 2161 1849 alias

1169 1862 1300 1905 magis,
1328 1862 1414 1895 alias
1435 1864 1553 1896 minus
1570 1864 1682 1898 calefit
1700 1877 1827 1909 corpus
1844 1866 2004 1911 aliquod.

1327 1981 1395 2022 De
1428 1982 1775 2024 PraedIcamento
1811 1984 2002 2035 Quande.

1268 2077 1523 2121 Interroyatio
1546 2076 1701 2116 Quando
1727 2077 1820 2123 quid
1836 2077 2056 2126 significat?

1267 2140 1579 2176 Circumstantiam
1593 2168 1602 2183 ‚
1631 2156 1720 2189 quae
1738 2152 1789 2179 est
1806 2152 1956 2190 tempus.
1997 2146 2085 2179 Nam
2102 2157 2155 2179 se-

1165 2193 1356 2236 quentibus
1381 2195 1675 2238 praedicamentis
1693 2194 1903 2230 ArIStoteles
1927 2197 2087 2230 attribuit
2113 2197 2156 2230 ti-

1164 2243 1258 2276 tulos
1281 2244 1621 2288 interrogationum:
1658 2244 1833 2288 Quando,
1873 2246 1954 2281 Ubi.
2016 2246 2156 2282 Rursus

1164 2301 1280 2328 autem
1316 2296 1505 2329 consilium
1542 2297 1730 2340 diligenter
1763 2298 2062 2332 considerandum
2093 2307 2154 2334 est.

1163 2345 1356 2391 Postquam
1376 2348 1419 2380 de
1437 2348 1633 2382 substantia
1659 2355 1691 2381 et
1719 2349 1792 2381 eius
1819 2349 1966 2390 vestitu,
1992 2350 2098 2383 armis
2121 2357 2155 2383 et

1163 2397 1363 2432 actionibus
1382 2398 1516 2432 dictum
1536 2405 1597 2436 est,
1615 2398 1762 2432 attribui
1782 2399 1813 2431 ei
1831 2406 1969 2444 tempus
1986 2407 2018 2434 et
2035 2401 2152 2435 locum

1163 2460 1302 2483 necesse
1329 2457 1398 2488 est,
1429 2450 1512 2494 quia
1536 2449 1682 2483 cuilibet
1709 2449 1759 2482 rei
1787 2449 1908 2484 finitae
1937 2463 2075 2485 necesse
2104 2459 2155 2486 est

1161 2506 1300 2545 tempus
1325 2508 1357 2535 et
1383 2500 1501 2534 locum
1532 2500 1690 2534 attribui.
1746 2499 1846 2535 Sicut
1876 2501 1967 2535 infra
1997 2503 2034 2535 in
2067 2503 2154 2537 locis

1162 2551 1354 2585 dialecticis
1380 2551 1682 2594 circumstantiae,
1709 2556 1849 2596 tempus
1867 2559 1902 2586 et
1920 2553 2038 2595 locus,
2066 2567 2151 2588 con-

1161 2615 1247 2636 nexa
1267 2609 1451 2642 vocantur,
1468 2602 1549 2646 quia
1563 2602 1784 2646 impossibile
1803 2610 1852 2638 est
1870 2615 1925 2637 res
1940 2604 2059 2639 finitas
2076 2606 2151 2639 sine

1160 2660 1318 2698 tempore
1336 2659 1367 2686 et
1384 2653 1461 2686 loco
1479 2664 1564 2687 esse.
1617 2652 1710 2687 Sunt
1727 2660 1843 2688 autem
1868 2662 1902 2689 et
1925 2657 2150 2701 sequentium

1160 2705 1527 2749 praedicamentorum
1544 2704 1801 2749 appellationes
1824 2706 1971 2741 nomina
1993 2707 2150 2743 relativa.
