2379 2948
205 83 299 118 1187
792 82 916 118 PHIL.
944 82 1057 121 MEL.
1087 84 1295 121 SCRIPTA
1323 84 1622 124 ExEGEthA.
2122 95 2221 131 1188

206 166 331 212 phetae
357 174 388 201 et
405 168 566 211 Apostoli
590 167 819 212 alloquuntur
843 165 1054 202 Ecclesiam:
1083 171 1189 204 bene·
1213 174 1216 189 ’
1241 167 1366 217 πάθη,
1392 172 1583 215 gratiarum
1599 174 1771 213 actiones,
1792 181 1824 209 et
1843 177 2059 219 precationes
2078 187 2110 214 et
2130 192 2227 214 com-

208 218 361 251 diximus
387 218 505 257 vobis,
531 217 826 251 annunciavimus
843 216 1078 263 Evangelium
1090 248 1099 261 ,
1125 233 1188 254 an-
1243 223 1514 256 memorationes
1529 224 1571 256 de
1586 221 1741 258 Ecclesia
1760 232 1792 259 et
1807 226 2007 260 ministerio
2024 228 2224 275 Evangelii.

209 268 455 301 nunciavimus
488 266 582 301 hunc
616 269 838 302 benedictum
877 277 1064 304 venturum
1105 283 1189 312 esse,

208 319 427 352 narravimus
446 318 518 351 eius
535 319 702 352 beneficia
728 325 767 353 ut
781 320 906 353 domus
923 319 1069 353 Domini
1092 322 1189 355 aedi·
1384 333 1508 379 Ar9u
1519 337 1718 368 mentum
1744 346 1795 369 ac
1821 334 2079 382 dispositio

209 369 369 402 ficarctur
387 375 417 402 et
434 376 611 407 cresceret,
637 369 786 414 ideoque
803 368 887 403 haec
902 378 1075 414 postrema
1092 373 1187 405 clau—
1604 410 1615 421 ,
1705 400 1714 409 .
1807 401 1821 413 f

209 419 282 451 sula
301 416 506 452 deEcclesia
527 419 642 453 addita
661 427 721 460 est,
748 427 786 454 ut
801 421 951 454 sciamus
967 420 1081 454 Deum
1098 423 1187 455 velle
1557 399 1716 439 Pbahffl
1744 399 1901 444 CXIX·

208 467 291 502 haec
308 481 368 502 sua
385 470 551 503 beneficia
571 477 651 503 nota
669 482 740 503 csse
757 477 789 504 et
806 472 975 505 celebrari
1002 472 1038 504 in
1062 484 1187 515 genere
1638 489 1667 518 N
1693 479 1821 525 Aleph,

207 517 382 561 humano,
412 526 450 553 ut
476 520 660 563 colligatur
682 528 820 554 aeterna
846 521 1018 559 Ecclesia,
1048 530 1080 556 et
1098 522 1188 557 hanc

207 581 287 602 vere
302 568 496 603 Ecclesiam
517 583 589 604 esse
616 571 650 603 in
669 584 736 617 qua
754 580 854 606 sonat
876 571 958 605 haec
977 573 1187 615 benedictio,

208 620 244 653 id
261 626 329 657 est,
359 633 425 653 vox
440 619 635 664 Evangelii.

307 670 379 703 Hic
404 677 476 704 tota
500 672 657 705 doctrina
678 673 720 705 de
737 671 894 706 Ecclesia
921 673 1104 716 cogitanda
1127 681 1187 715 est,
1341 668 1457 702 Huius
1473 671 1570 714 longi
1586 671 1751 704 carminis
1770 673 1909 706 eaedem
1927 681 2009 708 sunt
2030 675 2223 709 sententiae

206 727 238 754 et
257 718 393 764 phrasis
419 722 466 754 sic
482 722 714 766 intelligatur:
741 720 1008 756 Beneditvimus
1027 723 1125 757 cobis
1145 722 1186 757 de
1239 720 1361 753 crebro
1384 721 1570 765 repetitae,
1598 728 1638 756 ut
1657 721 1695 754 in
1715 719 1857 767 hymnis
1881 724 1995 759 fiebat⁴
2049 724 2142 768 Quia
2166 737 2223 759 re-

206 768 312 804 domo
330 769 506 813 Domini,
533 773 568 805 id
587 781 658 814 est,
685 774 784 806 vobis
801 774 862 818 qui
879 775 960 807 estis
977 775 1101 809 domus
1112 774 1186 808 Do-
1238 770 1361 814 petitio
1391 771 1562 814 Significat
1599 772 1879 815 magnitudinem
1912 775 2119 809 affectuum:
2173 783 2224 810 est

205 822 310 861 mini,
338 822 372 854 id
397 830 464 862 est,
492 824 552 867 qui
570 825 649 856 estis
666 835 744 856 vera
761 822 827 856 Dei
843 822 1010 860 Ecclesia.
1065 825 1184 868 Signi-
1237 827 1353 854 autem
1377 819 1435 855 hic
1460 821 1620 855 psalmus
1654 823 1896 866 Prinssipaliiel'
1921 825 2101 868 docisiffli,
2133 838 2222 872 quae

206 872 282 905 licat
315 872 421 913 igitur
447 884 518 905 non
552 885 622 906 esse
648 872 839 907 Ecclesiam
863 873 930 907 Dei
952 875 1042 908 ullas
1066 883 1185 919 gentes
1238 871 1281 904 Sit
1304 879 1337 905 ei
1361 872 1424 905 Ubi
1451 873 1496 906 Sit
1520 884 1599 905 vera
1623 873 1694 905 Dei
1719 871 1894 916 Ecclesia,
1921 875 2103 918 videlicet,
2133 889 2222 922 quae

203 929 262 955 aut
279 923 580 966 congregationes,
598 936 685 969 quae
702 931 861 967 pugnant
875 937 952 958 cum
971 938 1055 959 voce
1065 925 1184 960 Evan-
1237 923 1363 957 retinet
1379 923 1566 966 puritatem
1585 924 1766 957 doctrinae
1790 937 1808 957 a
1826 923 1902 958 Deo
1919 927 2087 967 traditae,
2117 926 2221 961 Hanc

203 972 284 1013 gelii
298 999 306 1012 ,
333 980 365 1006 et
382 974 477 1018 quod
493 975 617 1007 usitate
633 975 779 1015 dicitur,
806 975 886 1008 Non
905 983 954 1009 est
977 977 1071 1010 salus
1089 985 1183 1011 extra
1236 973 1465 1017 principalem
1488 980 1521 1007 et
1546 981 1750 1017 perpetuam
1773 976 1982 1009 sententiam
2001 974 2107 1011 huius
2121 976 2220 1011 Psal-

202 1020 411 1064 Ecclesiam,
449 1024 484 1056 id
517 1024 553 1056 in
584 1023 649 1057 hoc
680 1025 852 1058 versiculo
884 1038 1085 1073 expressum
1112 1035 1182 1062 est:
1237 1024 1285 1055 mi
1307 1035 1378 1056 esse
1397 1024 1565 1064 sciamus:
1592 1025 1742 1070 idquue
1760 1032 1912 1059 vetustas
1929 1026 2043 1060 VOluii
2065 1039 2144 1060 eum
2167 1029 2220 1062 fa-

201 1071 454 1106 Benediximus
478 1075 577 1107 vohis
610 1076 653 1108 de
680 1076 784 1108 domo
812 1077 977 1112 Domini.
1031 1077 1123 1112 Sunt
1150 1086 1183 1113 et
1221 1074 1473 1107 'miliariSSime
1498 1081 1621 1108 nolum
1648 1087 1720 1108 esse
1739 1073 1963 1117 hominibus,
1999 1083 2039 1111 ut
2061 1079 2220 1122 quotidie

201 1124 379 1167 sequentia
396 1125 501 1157 verba
517 1138 582 1158 vox
600 1132 750 1169 patrum,
768 1125 1023 1170 Prophetarum
1041 1135 1074 1162 et
1083 1127 1182 1173 Apo-
1235 1125 1382 1158 lectores
1406 1125 1738 1166 commonefierent,
1774 1127 1817 1158 de
1852 1126 2036 1160 retinenda
2067 1128 2220 1172 puritate

201 1174 373 1207 stolorum
390 1176 610 1208 narrantium
629 1176 714 1221 quid
736 1178 900 1218 doceant,
925 1185 957 1211 et
982 1178 1181 1213 iubentium
1235 1175 1426 1211 doctrinae.
1479 1175 1675 1210 Miscentur
1697 1183 1813 1210 autem
1843 1177 2034 1220 gratiarum
2054 1178 2220 1221 actiones,

200 1224 399 1257 conservari
427 1225 683 1266 ministerium,
709 1226 875 1261 sonamus
900 1228 1068 1273 inquiunt
1090 1227 1182 1264 hane
1235 1227 1330 1271 quod
1353 1225 1449 1260 Deus
1475 1227 1671 1260 doctrinam
1705 1227 1925 1271 Ρθῑθῗθῦθΐῖῐ,
1959 1235 1992 1262 et
2015 1235 2128 1262 certae
2150 1228 2217 1263 EC-

199 1275 497 1316 benedictionem‚
524 1277 702 1310 videlicet:
736 1275 842 1311 Deus
865 1283 914 1312 est
937 1277 1126 1313 Dominus
1152 1284 1181 1313 et
1234 1277 1358 1310 clesiae
1375 1277 1571 1312 tradiderit.
1628 1276 1735 1318 Item,
1763 1275 1957 1319 Confessio,
1982 1291 2051 1324 qua
2065 1279 2218 1314 affirma-

200 1323 435 1358 illuminator
454 1331 585 1361 noster.
639 1326 734 1361 Haec
751 1329 857 1362 verba
872 1328 1004 1362 Psalmi
1023 1331 1112 1364 fiunt
1136 1331 1180 1364 il·
1234 1339 1312 1360 mus
1334 1340 1408 1360 non
1441 1324 1531 1360 hanc
1555 1328 1752 1361 doctrinam
1769 1329 1945 1372 amplecti.
1996 1329 2104 1370 Item,
2130 1329 2217 1364 Pre-

200 1375 365 1408 lustriora
394 1376 520 1410 collata
545 1375 729 1418 antithesi,
765 1380 864 1423 quasi
887 1380 996 1420 dicat,
1023 1381 1179 1423 gentium
1234 1378 1343 1418 catiO,
1369 1385 1408 1411 ut
1432 1378 1622 1411 doceamur
1646 1389 1685 1410 ac
1702 1378 1865 1411 iuvemur
1881 1385 2001 1412 contra
2020 1376 2137 1414 hostes
2151 1382 2216 1415 do-

200 1425 347 1458 numina
363 1434 446 1460 sunt
461 1427 716 1468 commentitia,
744 1435 881 1462 tantum
899 1427 956 1463 hic
983 1431 1091 1478 mm,
1118 1432 1180 1476 qui
1233 1428 1376 1462 cti-inae.
1434 1427 1541 1468 Item,
1563 1427 1832 1462 Consolationes
1858 1436 1991 1463 sumtae
2012 1430 2059 1463 ab
2083 1430 2215 1465 effecti-

200 1487 234 1509 se
250 1476 410 1520 patefecit
427 1477 464 1508 in
479 1476 633 1511 Ecclesia
649 1485 700 1511 est
716 1490 819 1512 verus
831 1478 927 1513 Deus
944 1478 1179 1525 omnipotens,
1232 1479 1317 1519 buS,
1353 1479 1448 1523 quod
1479 1476 1542 1511 hac
1564 1491 1647 1511 voce
1671 1477 1767 1512 Deus
1790 1485 1973 1513 convertat
2007 1486 2041 1513 et
2063 1481 2215 1517 vivificet

200 1533 234 1560 et
258 1532 306 1559 est
331 1524 566 1560 illuminator
594 1532 734 1572 noster,
762 1529 797 1561 id
816 1537 883 1573 est,
912 1532 1111 1565 consolator
1135 1533 1179 1564 li-
1232 1530 1423 1562 credentes·
1479 1527 1574 1560 Haec
1605 1529 1765 1562 membra
1787 1529 1990 1562 dulcissime
2012 1530 2214 1574 miscentur,

198 1577 326 1609 herans
343 1588 406 1609 nos
424 1589 443 1610 a
459 1584 599 1621 peccato
625 1585 659 1611 et
674 1590 691 1611 a
710 1586 839 1620 morte,
868 1580 1055 1614 restituens
1077 1582 1178 1615 iusti·
1231 1586 1269 1612 ut
1285 1580 1447 1612 ostendet
1463 1578 1535 1621 ipsa
1552 1578 1667 1614 lectio.

1290 545 1404 580 Beati
1427 547 1667 581 immaculati
1691 550 1731 582 in
1755 551 1837 591 via,
1875 550 1938 593 qui
1963 548 2157 586 ambulant
2186 555 2225 588 in

1289 595 1370 641 lege
1388 597 1542 631 Domini
1567 602 1638 632 etc.

198 1627 248 1659 cia
280 1633 312 1660 et
345 1627 448 1659 vitam
473 1634 649 1661 aeternam
673 1629 862 1662 exaudiens
890 1636 924 1663 et
950 1630 1074 1664 iuvans
1101 1643 1177 1668 nos.
1332 1628 1473 1661 Primus
1490 1640 1611 1662 versus
1628 1629 1788 1663 doctrina
1805 1636 1874 1671 est,
1901 1642 1973 1675 quo
1997 1637 2089 1665 recte
2103 1631 2213 1667 intel-

194 1676 288 1710 Haec
306 1677 426 1711 omnia
443 1676 793 1723 comprehenduntur
808 1681 978 1714 vocabulo
996 1681 1178 1715 illumina-
1229 1680 1317 1712 lecto
1335 1679 1450 1712 aditus
1466 1679 1582 1723 patefit
1600 1680 1641 1712 ad
1661 1686 1772 1713 totum
1792 1679 1988 1714 Psalmum:
2015 1679 2131 1715 Beati
2144 1682 2213 1716 im-

193 1728 291 1761 toris.
876 1744 879 1747 >
1229 1727 1412 1763 maculati
1425 1728 1464 1762 in
1485 1728 1564 1768 via,
1592 1729 1657 1776 qui
1673 1728 1870 1763 ambulant
1894 1729 1932 1764 in
1949 1729 2026 1777 lege
2040 1730 2211 1774 Domini,

295 1776 417 1811 Postea
448 1779 573 1812 iubent
599 1777 666 1812 hoc
696 1780 933 1814 ministerium
958 1782 1175 1816 conservari:
1228 1781 1264 1814 id
1281 1787 1350 1819 est,
1378 1780 1431 1813 illi
1454 1780 1520 1813 soli
1546 1788 1628 1814 sunt
1645 1781 1801 1814 membra
1819 1793 1920 1814 verae
1941 1780 2118 1817 Ecclesiae
2132 1783 2210 1826 Dei,

193 1825 484 1875 Ornatesestum
495 1826 698 1876 frondibus
721 1842 832 1879 usque
853 1829 909 1864 ad
920 1843 1056 1866 cornua
1073 1830 1175 1866 alta·
1228 1832 1288 1878 qui
1303 1831 1564 1875 amplectuntur
1576 1830 1776 1865 'doctrinam
1793 1830 1859 1865 Dei
1876 1832 2117 1878 incorruptam
2141 1835 2209 1869 fide

195 1879 264 1922 ris,
292 1880 328 1912 id
352 1886 420 1919 est,
453 1880 624 1913 celebrate
647 1881 794 1922 festum,
827 1890 1030 1917 conservate
1057 1884 1173 1927 publi·
1226 1889 1259 1917 et
1276 1883 1367 1916 bona
1385 1881 1606 1917 conscientia.

194 1942 272 1963 cum
306 1930 541 1963 ministerium
576 1937 609 1964 et
642 1932 824 1965 doctrinae
858 1934 1057 1976 puritatem.
1122 1933 1173 1968 Ita
1326 1933 1395 1966 Hic
1426 1932 1580 1976 primum
1613 1932 1783 1965 monendi
1815 1939 1898 1966 sunt
1932 1932 2087 1966 iuniores
2121 1932 2207 1970 haec

191 1979 413 2024 praecipiunt
443 1987 643 2014 reverenter
674 1982 834 2016 adiuvari
858 1984 1034 2027 publicam
1065 1985 1172 2017 mini·
1224 1985 1330 2017 verba
1349 1984 1386 2016 in
1405 1982 1627 2016 totoPsalmo
1648 1994 1776 2026 sparsa.
1812 1981 2052 2024 Immaculati‚
2077 1986 2205 2020 ambu-

193 2030 289 2064 sterii
317 2028 505 2072 Evangelii
542 2033 863 2074 conservationem,
904 2046 976 2068 non
1008 2035 1171 2079 dissipari
1224 2036 1334 2068 lantes
1359 2034 1397 2066 in
1411 2034 1487 2077 lege
1504 2032 1670 2073 Domini,
1698 2034 1932 2067 custodientes
1947 2035 2113 2068 mandata
2128 2034 2201 2070 Do-

191 2079 402 2121 Ecclesiam,
434 2092 508 2114 non
530 2081 604 2113 fieri
630 2083 844 2121 vastitatem,
872 2086 931 2118 sed
955 2085 1066 2118 foveri
1089 2099 1169 2119 vera
1225 2086 1332 2126 mini,
1368 2084 1654 2124 iustificationes,
1687 2084 1907 2125 testimonia,
1950 2096 2023 2118 non
2053 2085 2204 2130 intelligi

191 2131 372 2165 doctrinae
394 2131 526 2172 studia,
553 2142 774 2166 communem
791 2131 966 2168 Ecclesiae
990 2137 1167 2170 consocia·
1222 2137 1383 2181 νομικῶς
1406 2136 1449 2168 de
1479 2134 1683 2179 impletione
1707 2134 1809 2178 legis,
1844 2135 1887 2167 de
1918 2147 1986 2180 qua
2010 2135 2140 2170 dicitur
2163 2137 2202 2170 in

191 2182 324 2215 tionem
341 2181 507 2215 omnibus
525 2181 660 2217 officiis.
714 2183 855 2218 Pictura
879 2186 1060 2219 frondium
1084 2199 1170 2221 con-
1221 2185 1515 2221 Deuteronomio:
1544 2184 1756 2218 Maledictus
1771 2185 1831 2230 qui
1860 2197 1932 2218 non
1957 2194 2139 2230 permanet
2162 2187 2201 2221 in

189 2239 362 2266 textarum
378 2239 411 2266 et
425 2232 650 2275 alligaturum
669 2235 713 2267 ad
735 2235 863 2276 altare,
890 2236 1004 2279 imago
1029 2245 1079 2271 est
1104 2239 1168 2271 do-
1221 2239 1386 2272 omnibus
1409 2235 1483 2281 his,
1510 2247 1598 2281 quae
1623 2235 1752 2283 scripta
1779 2243 1861 2270 sunt
1884 2236 1920 2269 in
1937 2236 2028 2280 lege:
2056 2238 2114 2270 sed
2134 2235 2201 2272 hoc

189 2283 342 2317 centium
366 2290 398 2317 et
424 2283 645 2324 auditorum,
678 2285 742 2332 qui
771 2285 843 2320 sint
871 2287 1060 2321 consociati
1084 2300 1168 2322 voce
1220 2289 1296 2322 loco
1314 2296 1346 2323 et
1361 2300 1460 2331 saepe
1475 2288 1560 2321 alias
1581 2287 1740 2331 loquitur
1767 2300 1833 2320 vox
1852 2286 1973 2321 divina
1999 2289 2200 2331 evangelice

188 2333 386 2374 doctrinae,
425 2333 666 2376 invocatione,
700 2336 935 2379 confessione,
976 2338 1166 2381 gratiarum
1219 2341 1262 2373 de
1278 2340 1492 2384 professione
1508 2338 1730 2380 incorruptae
1749 2338 1947 2378 doctrinae,
1973 2349 2064 2384 quae
2080 2345 2197 2372 tamen

191 2385 344 2417 actione:
375 2392 408 2419 et
430 2384 563 2427 alligati
589 2386 633 2418 ad
664 2398 776 2420 unum
801 2387 927 2433 altare,
961 2389 996 2422 id
1024 2396 1094 2431 est,
1121 2391 1163 2423 ad
1218 2390 1256 2424 fit
1279 2391 1346 2424 fide
1367 2397 1400 2424 et
1423 2390 1516 2423 bona
1532 2388 1763 2429 conscientia,
1789 2396 1828 2423 ut
1844 2388 1940 2422 Ioan.
1961 2387 2037 2422 14.:
2064 2387 2102 2422 Si
2117 2389 2197 2434 quis

186 2433 419 2469 Mediatorem
436 2442 468 2469 et
484 2435 655 2469 unitatem
674 2435 862 2473 Ecclesiae.
1217 2441 1333 2484 diligit
1359 2453 1432 2482 me,
1465 2451 1663 2473 sermonem
1693 2451 1810 2472 meum
1833 2439 2004 2480 servabit,
2038 2445 2071 2472 et
2095 2446 2195 2483 pater

274 2484 418 2530 Reliqui
435 2497 553 2519 versus
571 2494 653 2521 sunt
668 2489 829 2532 repetitio
845 2490 1035 2533 gratiarum
1053 2491 1164 2524 actio-
1216 2503 1314 2525 meus
1338 2492 1461 2535 diliget
1484 2503 1583 2532 eum,
1607 2497 1642 2524 et
1663 2490 1844 2523 veniemus
1869 2491 1912 2523 ad
1935 2501 2013 2522 eum
2039 2495 2071 2522 et
2092 2501 2195 2524 man-

186 2534 251 2567 nis.
304 2534 415 2569 Totus
431 2536 539 2579 igitur
555 2537 714 2573 psalmus
740 2540 982 2585 principaliter
1005 2541 1161 2575 narratio
1214 2542 1350 2576 sionem
1367 2543 1460 2587 apud
1480 2554 1559 2575 eum
1575 2541 1753 2575 faciemus.
1808 2539 1857 2575 Ut
1873 2541 1965 2574 enim
1983 2539 2032 2572 ibi
2051 2551 2192 2575 servare

183 2591 234 2618 est
258 2586 430 2628 passionis
464 2594 496 2621 et
526 2588 694 2624 victoriae
718 2589 887 2631 Messiae,
918 2599 952 2626 et
977 2604 1160 2627 causarum
1213 2605 1428 2634 sermonem,
1461 2604 1684 2638 nequaquam
1713 2591 1922 2634 intelligitur
1951 2592 2113 2634 νομικῶς
2146 2592 2191 2625 de

182 2642 325 2680 propter
349 2647 434 2681 quas
458 2649 578 2681 passus
607 2647 657 2675 est
681 2648 713 2676 et
738 2642 838 2684 vicit,
865 2650 898 2678 et
920 2644 1051 2679 inserta
1077 2650 1160 2678 sunt
1184 2644 1186 2663 ³
1213 2644 1347 2688 integra
1372 2644 1578 2690 impletione
1602 2643 1705 2687 legis,
1736 2643 1794 2676 sed
1819 2643 1862 2675 de
1887 2642 2043 2676 custodia
2070 2641 2189 2676 incor-
