2379 2948
100 1516 216 1562 pum,
251 1523 372 1549 natum
398 1527 437 1548 ex
465 1515 658 1548 maioribus
684 1515 882 1560 Episcopis,

129 115 200 150 621
741 112 784 147 V.

130 197 281 231 tationes
303 208 384 231 esse.
420 197 582 231 Medicus
598 209 698 241 saepe
716 209 798 231 usus
809 197 1004 234 Zinzibere,
1030 207 1121 228 sem-

129 260 192 292 per
209 249 380 292 comperit
399 249 549 281 calefieri
572 248 828 287 ventriculum,
854 248 937 280 inde
956 258 1117 290 pronun—

129 299 196 332 ciat
215 300 257 332 de
276 306 348 333 tota
366 300 489 343 specie,
509 299 682 331 zinzibere
701 298 850 330 calefieri
868 297 1116 332 ventriculum.

127 348 217 383 Cum
236 356 352 383 autern
379 348 463 382 haec
489 348 745 391 argumentatio
769 348 805 380 in
831 349 1046 392 experientia
1072 349 1114 381 sit

128 401 231 433 obvia
251 402 416 433 omuibus
440 399 533 432 sanis
562 406 593 431 et
624 399 723 431 valde
747 399 913 439 illustris,
940 400 1114 432 Aristote-

128 451 176 483 les
201 451 334 495 inquit,
369 449 612 496 syllogismum
647 449 791 493 quidem
814 449 1004 483 firmiorem
1031 461 1113 490 esse,

125 503 185 534 sed
204 502 444 535 inductionem
462 499 564 532 nobis
584 499 777 532 faciliorem
797 512 867 533 esse
880 527 888 541 ‚
911 513 949 534 ac
965 501 1111 534 celerius

126 553 249 597 arripi.
305 551 456 595 Ideoque
480 551 688 583 nominatur
712 551 893 592 lnductio,
921 552 1002 596 quia
1027 552 1108 584 sub-

124 604 207 636 inde
225 603 326 647 plura
343 601 533 644 singularia
551 608 753 634 monstrans
772 602 907 635 inducit
925 609 959 636 et
982 603 1107 636 invitat

124 662 297 693 mentem,
323 659 362 685 ut
379 652 572 685 universali
591 653 813 686 conclusioni
829 666 902 686 non
926 660 1108 697 repugnet.

123 704 196 739 Cur
212 703 336 737 addis?
362 701 453 748 (Nec
469 709 583 746 potest
599 703 771 736 dissimile
789 704 985 748 exemplum
1009 717 1108 748 repe-

122 754 218 800 riri.)
272 753 366 797 Quia
391 761 429 787 ut
454 754 664 786 universalis
688 767 768 787 vera
791 756 856 795 sit,
892 767 1031 788 necesse
1058 762 1107 788 est

122 817 313 849 congruere
330 816 451 837 omnes
469 805 676 847 singulares.
730 804 776 838 Et
803 818 881 838 cum
907 806 1105 849 exemplum

122 856 291 890 dissimile
315 856 537 888 antecedenti
558 856 753 899 profertur,
785 858 879 901 quod
904 864 1021 889 tamen
1047 870 1105 889 ve-

119 920 197 941 rum
224 914 276 940 est
300 913 333 940 et
359 907 565 950 probatum,
590 919 662 939 non
683 907 871 948 viciosum,
899 908 1104 941 labefactata

119 966 170 992 est
193 957 366 991 inductio.
420 957 478 990 Sic
510 957 619 999 igitur
646 958 845 991 refutantur
879 959 1104 991 inductiones

117 1009 253 1054 prolato
278 1007 442 1042 dissimili
464 1009 640 1052 exemplo,
667 1020 743 1047 seu,
771 1017 810 1043 ut
837 1009 941 1052 vulgo
968 1010 1103 1048 dicunt,

116 1062 196 1094 data
212 1059 399 1098 instantia,
426 1065 479 1092 ut:

269 1108 487 1144 Athanasius
504 1110 571 1143 fuit
586 1111 719 1143 caelebs
730 1137 741 1154 ,

270 1160 481 1194 Ambrosius
496 1161 562 1193 suit
579 1161 731 1202 caelebs,

268 1211 423 1245 BasiIIus
441 1211 509 1244 fuit
522 1211 667 1253 caelebs,
689 1220 721 1245 et
737 1212 797 1245 alii
814 1212 1102 1251 innumerabiles,

270 1262 380 1305 Igitur
399 1274 520 1295 omnes
537 1260 705 1307 Episcopi
722 1264 865 1296 suerunt
885 1263 1042 1297 caelibes.

215 1312 405 1347 Rel'utatur
426 1310 492 1345 hoc
517 1314 640 1345 modo:
676 1313 771 1356 Nego
804 1314 1102 1358 consequentiam,

114 1373 147 1399 et
168 1365 257 1398 ratio
281 1371 349 1403 est,
379 1362 460 1407 quia
486 1363 635 1405 proferri
663 1372 810 1406 possunt
833 1364 1017 1396 dissimilia
1043 1375 1100 1395 ex-

113 1416 227 1460 empla
247 1427 327 1447 vera
344 1421 376 1447 et
394 1414 558 1457 probata,
584 1421 621 1446 ut
639 1414 859 1458 Spiridonis‚
887 1413 1098 1447 Nazianzeni

112 1467 221 1511 patris
240 1465 453 1511 Polycrati5‚
483 1465 543 1508 qui
559 1465 609 1497 ait
625 1476 660 1497 se
678 1473 839 1498 octavum
858 1477 930 1498 esse
951 1464 1099 1508 Episco-

934 1515 1098 1560 Denique

111 1568 294 1613 publicum
311 1574 344 1600 et
362 1566 548 1611 probatum
566 1578 698 1599 morem
717 1567 824 1600 fuisse
841 1568 967 1600 veteris
977 1566 1098 1600 Eccle-

112 1620 182 1653 siae
199 1624 351 1658 constat,
378 1617 562 1650 admittere
579 1619 622 1649 ad
645 1630 775 1651 munus
793 1617 962 1662 Episcopi
986 1616 1098 1650 bone-

111 1678 182 1704 stos
196 1677 228 1704 et
245 1671 365 1702 doctos
382 1667 538 1702 maritos.
590 1666 756 1702 Delectus
779 1677 895 1702 autem
920 1669 1098 1712 exemplo-

112 1734 191 1755 rum
216 1719 405 1759 habeatur,
443 1730 506 1750 nec
532 1718 657 1751 vitiosa
690 1720 845 1762 exempla
871 1727 1099 1763 opponantur

111 1772 286 1816 probatis,
314 1777 343 1803 et
365 1769 643 1812 congruentibus
661 1782 738 1803 cum
756 1782 837 1802 vera
853 1771 1010 1810 ratione,
1038 1782 1098 1803 scu

111 1822 268 1856 honestis
286 1822 440 1865 legibus,
467 1827 505 1853 ut
524 1820 615 1853 infra
641 1833 762 1854 rursus
788 1823 831 1854 de
858 1822 1018 1866 exemplo
1042 1822 1097 1853 di-

109 1881 217 1908 cetur.

446 1967 512 2007 De
544 1967 763 2019 Exemplo.

374 2059 467 2101 Quid
498 2063 553 2094 est
581 2057 825 2104 Exemplum?

210 2124 420 2170 Exemplum
439 2134 489 2161 est
507 2128 620 2160 forma
639 2127 855 2170 argumenti,
882 2139 951 2172 qua
974 2126 1095 2169 singu-

111 2179 183 2211 lare
209 2189 272 2221 per
295 2178 390 2211 aliud
414 2179 592 2224 singulare
617 2178 653 2210 in
679 2191 749 2211 una
773 2179 887 2222 specie
909 2178 1095 2211 confirma-

110 2240 208 2269 mus,
243 2235 386 2272 propter
408 2229 557 2262 similem
582 2229 768 2262 rationem.
823 2229 952 2262 Mirari
976 2235 1093 2262 autem

110 2280 269 2313 iuniores
284 2286 449 2322 possunt,
477 2293 584 2325 quare
599 2281 693 2314 inter
709 2281 841 2324 species
866 2286 1094 2324 argumenta-

108 2330 217 2365 tionis
239 2336 469 2374 numeretur,
500 2343 579 2364 cum
601 2332 692 2364 infra
722 2332 815 2366 inter
844 2332 940 2365 locos
969 2332 1092 2364 eodem

107 2382 212 2416 titulo
231 2387 396 2425 ponatur,
423 2388 456 2414 et
473 2379 556 2415 haec
571 2382 681 2415 forma
699 2383 861 2417 videatur
879 2383 1005 2416 similis
1020 2394 1092 2415 esse

108 2430 423 2479 enthymematum.
469 2431 539 2465 Sed
558 2433 740 2467 sciendum
758 2441 825 2474 est,
853 2447 931 2467 cum
949 2434 987 2466 in
1006 2434 1092 2466 locis

108 2484 145 2518 fit
171 2484 302 2517 mentio
329 2483 499 2527 exempII,
526 2489 663 2516 tantuin
687 2486 729 2517 de
753 2486 895 2519 materia
921 2485 1009 2524 dici,
1039 2485 1092 2517 vi-

108 2535 235 2569 delicet
260 2535 303 2567 de
325 2534 424 2567 factis
448 2534 625 2567 similibus
651 2534 686 2567 in
716 2535 832 2580 aliqua
860 2537 974 2580 specie
1006 2548 1091 2569 con-

109 2586 326 2629 gruentibus.
369 2583 437 2618 Hic
455 2597 537 2618 vero
554 2591 698 2629 propter
713 2585 863 2619 sormam
879 2587 1093 2621 discernitur

109 2648 128 2670 a
149 2637 291 2672 caeteris
317 2636 515 2695 speciebus,
547 2648 628 2669 nam
661 2637 859 2680 exemplum
890 2638 1050 2682 procedit
1072 2649 1091 2670 a

109 2687 278 2731 singulari
296 2688 340 2722 ad
357 2687 452 2721 aliud
471 2688 667 2732 singulare,
696 2688 792 2733 quod
809 2699 883 2721 non
904 2689 940 2723 fit
958 2689 996 2722 in
1014 2701 1091 2723 cae·
1114 2717 1118 2728 ,

845 109 1165 147 ΕΗΟΤΕΜΑΤΑ
1200 106 1536 147 DIALECTICES.

2083 113 2156 148 622

1172 194 1254 227 teris
1271 194 1464 237 speciebus.
1519 195 1750 241 Syllogismus
1766 209 1783 230 a
1801 208 1926 240 genere
1942 197 1984 229 ad
2003 198 2153 241 speciem

1171 244 1349 288 procedit,
1388 246 1441 277 vel
1477 254 1617 279 econtra
1652 245 1875 292 enthymema
1910 248 2152 293 syllogismum

1169 295 1347 334 imitatur,
1376 301 1409 328 et
1426 297 1462 328 in
1481 299 1707 331 antecedente
1725 299 1847 332 recitat
1868 299 1986 332 αἴτιον
2009 299 2154 343 aliquod

1169 345 1416 379 conclusionis.
1459 345 1621 380 Inductio
1640 361 1679 380 ex
1697 350 1904 383 collectione
1919 349 2152 392 singularium

1168 395 1298 429 extruit
1314 396 1559 431 universalem.
1610 396 1748 430 [lorum
1767 398 1858 432 nihil
1874 401 1911 434 fit
1927 401 1965 433 in
1982 400 2152 444 exemplo.

1167 446 1234 479 Sed
1262 446 1351 478 alius
1377 454 1523 480 eventus
1550 456 1733 487 narratur,
1769 462 1786 482 a
1813 463 1881 494 quo
1910 451 2081 485 transitur
2106 451 2150 484 ad

1165 498 1327 530 similem.
1356 497 1428 530 Nec
1447 510 1527 530 vero
1545 498 1675 531 valeret
1691 502 1950 544 consequentia,
1967 502 2035 534 nisi
2052 512 2150 534 mens

1164 548 1270 580 simul
1304 548 1477 581 rationem
1517 548 1672 593 aliquam
1718 552 1946 584 connexionis
1981 559 2150 588 cerneret.

1163 597 1308 632 Accedit
1320 599 1428 641 igitur
1449 599 1543 632 velut
1560 600 1648 632 ratio
1668 602 1939 644 consequentiae
1955 600 2037 635 baec
2053 615 2148 635 com—

1163 650 1280 682 munis
1298 651 1489 683 sententia:
1519 649 1570 682 De
1593 651 1767 683 similibus
1784 652 1876 684 idem
1899 659 1949 685 est
1966 653 2147 689 iudicium.

1162 699 1208 733 Et
1232 699 1294 733 hac
1319 701 1631 744 circumspectione
1661 708 1693 734 et
1718 702 1900 745 diligentia
1925 703 1962 734 in
1982 704 2147 746 exemplis

1162 750 1360 784 iudicandis
1378 763 1514 795 semper
1533 764 1620 795 opus
1643 759 1710 793 est,
1737 760 1775 785 ut
1799 760 2005 798 quaeratur,
2033 766 2078 786 an
2105 754 2147 787 sit

1161 802 1285 834 similis
1310 802 1347 834 in
1375 810 1526 848 utroque
1553 803 1662 840 ratio,
1691 815 1735 835 an
1761 815 1841 837 vere
1869 811 2064 847 congruant
2088 816 2146 836 ex-

1160 853 1286 896 empla.
1339 853 1450 897 Saepe
1475 853 1568 886 enim
1593 854 1819 898 decipiuntur
1844 853 2005 888 homines
2033 855 2145 899 specie

1158 903 1424 945 similitudinis,
1464 917 1542 937 cum
1576 905 1694 949 aliqua
1727 906 1809 938 sacti
1843 918 1944 939 causa
1970 906 2145 939 infinitam

1158 955 1485 988 dissimilitudinem
1503 955 1616 989 efficit.
1645 955 1736 989 Sunt
1751 956 1858 999 igitur
1875 957 2031 1001 exempla
2049 969 2144 990 com-

1158 1006 1435 1039 monefactiones
1470 1007 1512 1038 de
1549 1007 1667 1051 aliqua
1689 1007 1884 1040 universali
1907 1008 2046 1051 regula,
2082 1019 2143 1040 seu

1158 1056 1249 1099 lege,
1276 1069 1365 1101 quae
1383 1057 1628 1100 complectitur
1647 1057 1775 1090 similia
1788 1085 1796 1099 ,
1826 1065 1880 1091 ut:

1311 1106 1466 1140 Maxime
1488 1119 1567 1151 pars
1588 1108 1724 1150 generis
1757 1106 1904 1142 humani
1935 1110 1973 1142 in
2004 1108 2141 1143 diluvio

1360 1158 1464 1201 periit
1483 1166 1626 1202 propter
1645 1159 1828 1198 libidines,

1309 1207 1403 1251 Ergo
1421 1215 1451 1241 et
1469 1217 1586 1253 postea
1603 1209 1679 1242 sine
1701 1210 1923 1244 dubitatione
1941 1212 2141 1254 puniuntur

1360 1260 1537 1295 libidines.

1258 1309 1364 1344 Ratio
1390 1312 1661 1355 consequentiae
1687 1318 1754 1353 est,
1789 1313 1870 1357 quia
1896 1313 1938 1345 de
1963 1313 2140 1346 similibus

1156 1362 1250 1394 idem
1269 1368 1317 1394 est
1337 1362 1521 1396 iudicium.
1574 1361 1621 1396 Et
1640 1369 1753 1406 potest
1771 1363 2016 1396 transformari
2037 1375 2140 1406 argu—

1154 1418 1311 1444 mentum
1333 1412 1370 1443 in
1389 1412 1653 1456 syllogismum,
1686 1413 1732 1445 ita
1747 1440 1755 1454 ‚
1781 1421 1820 1447 ut
1837 1413 1909 1454 lex,
1934 1413 1971 1446 in
1994 1426 2062 1459 qua
2084 1414 2141 1446 in-

1154 1470 1203 1496 est
1219 1463 1308 1496 ratio
1326 1463 1583 1503 similitudinis,
1605 1464 1648 1496 sit
1667 1464 1791 1498 maior.
1828 1464 1924 1498 Deus
1941 1477 2021 1498 cum
2040 1475 2140 1497 mens

1153 1515 1198 1548 sit
1221 1521 1331 1552 casta,
1374 1521 1406 1546 et
1436 1514 1655 1547 severissime
1687 1516 1906 1559 praecipiens
1932 1516 2139 1555 castitatem,

1153 1563 1376 1598 horribiliter
1399 1565 1562 1598 irascitur
1585 1564 1774 1610 prohibitis
1802 1566 2026 1601 libidinibus.
2082 1564 2139 1600 Ad

1153 1614 1243 1648 lianc
1262 1616 1428 1648 maiorem
1447 1616 1689 1659 adiunguntur
1708 1625 1871 1659 eventus,
1899 1619 1959 1663 qui
1983 1625 2065 1652 sunt
2088 1625 2138 1651 te—

1152 1667 1321 1699 stimonia
1339 1664 1444 1699 huius
1464 1667 1565 1709 legis:
1593 1667 1794 1701 Declaravit
1810 1668 1906 1702 Deus
1923 1667 2014 1703 hanc
2040 1681 2137 1702 suam

1153 1718 1261 1758 iram,
1290 1730 1368 1750 cum
1387 1718 1521 1750 diluvio
1541 1721 1702 1762 perderet
1718 1719 1788 1752 fere
1807 1727 1919 1754 totum
1938 1731 2047 1762 genus
2069 1717 2137 1752 hu-

1152 1781 1315 1808 manum,
1343 1781 1421 1801 cum
1440 1769 1571 1802 deleret
1590 1769 1763 1808 Sodoma,
1791 1770 1953 1809 Sibarin‚
1982 1769 2137 1804 Thebas.

1152 1819 1203 1852 Ita
1223 1819 1381 1862 exempla
1399 1825 1480 1852 sunt
1496 1820 1696 1853 testimonia
1714 1821 1869 1855 maioris.
1919 1819 1965 1855 Et
1983 1834 2062 1855 curn
2079 1822 2136 1854 in-

1151 1877 1296 1903 currant
1313 1870 1349 1901 in
1366 1870 1496 1910 oculos,
1521 1871 1673 1904 multum
1691 1879 1835 1905 movent
1851 1870 2027 1916 homines,
2057 1873 2136 1905 ideo

1153 1920 1336 1965 peculiaris
1372 1921 1484 1953 forma
1521 1923 1791 1964 argumentandi
1825 1923 1909 1956 inde
1935 1932 2048 1959 sumta
2077 1931 2137 1957 est.

1151 1972 1319 2017 Sequitur
1339 1971 1471 2004 minor:

1303 2022 1413 2056 Fiunt
1430 2022 1594 2066 deinceps
1610 2022 1738 2059 similia
1757 2025 1901 2066 delicta,

1304 2074 1511 2118 Sequuntur
1528 2085 1609 2116 ergo
1627 2081 1659 2108 et
1676 2077 1791 2110 tristes
1807 2088 1953 2121 poenae.

1252 2125 1320 2159 Sed
1342 2125 1403 2158 ubi
1427 2125 1516 2158 ratio
1535 2125 1717 2161 dissimilis
1737 2135 1808 2169 est,
1836 2140 1908 2161 non
1933 2128 2023 2161 valet
2049 2139 2133 2160 con—

1148 2177 1350 2222 sequentia,
1377 2183 1432 2210 ut:

1301 2225 1483 2262 Abraham
1525 2234 1616 2261 recte
1658 2228 1740 2262 fecit
1785 2230 1906 2263 volens
1949 2229 2133 2262 immolare

1349 2279 1481 2319 filium,

1300 2328 1395 2373 Ergo
1406 2328 1652 2373 Agamemnon
1669 2337 1760 2364 recte
1774 2330 1856 2364 fecit
1871 2336 2021 2364 mactata
2033 2329 2132 2376 Iphi-

1353 2393 1468 2423 genia.

1249 2431 1345 2475 Nego
1364 2431 1671 2477 consequentiam,
1699 2438 1731 2465 et
1754 2432 1844 2466 ratio
1873 2439 1941 2471 est,
1969 2432 2052 2477 quia
2075 2446 2134 2467 ex-

1146 2483 1260 2527 empla
1278 2491 1360 2517 sunt
1378 2482 1573 2516 dissimilia.
1602 2482 1700 2516 Facit
1717 2483 1810 2516 enim
1827 2483 2014 2528 praecipua
2032 2497 2134 2519 causa

1146 2534 1486 2568 dissimilitudinem.
1540 2532 1645 2567 Facta
1662 2545 1751 2579 quae
1772 2542 1942 2579 reguntur
1967 2537 2133 2570 mandato

1147 2585 1269 2619 divino
1281 2609 1290 2623 ‚
1317 2591 1401 2617 sunt
1422 2581 1568 2617 honesta
1586 2591 1619 2617 et
1634 2583 1710 2618 Deo
1727 2592 1821 2628 grata
1834 2613 1843 2626 ,
1870 2597 1943 2619 non
1962 2598 2050 2631 quae
2067 2600 2132 2632 pu-

1145 2642 1256 2680 gnant
1271 2647 1350 2668 cum
1372 2635 1537 2669 mandato
1555 2635 1689 2671 divino.
1717 2634 1899 2670 Abraham
1919 2649 2012 2671 novo
2029 2650 2132 2670 man-

1145 2689 1245 2728 dato,
1279 2692 1311 2719 et
1336 2692 1427 2720 certa
1453 2697 1538 2720 voce
1567 2685 1634 2721 Dei
1660 2687 1775 2721 iussus
1799 2694 1850 2722 est
1864 2687 1990 2722 offerre
2007 2688 2131 2724 filium.
