2379 2948
151 97 227 136 245
734 97 799 134 111.

153 235 252 269 cuius
268 235 450 269 doctrinae
467 246 550 269 usus
567 235 604 267 in
622 234 811 277 eclipsibus
827 233 1058 277 conspicitur.

255 285 305 320 Ac
334 287 520 319 nominum
544 284 635 318 ratio
660 284 743 317 iude
766 284 868 317 facile
896 284 1046 327 intelligi
1071 297 1134 328 po-

151 389 242 432 ptica
267 389 483 431 digrediens,
523 386 566 418 ad
595 392 754 418 nostrum
789 386 954 419 verticem
987 387 1133 420 accedit.

151 490 245 533 ptica
260 489 440 522 discedens
456 499 474 520 a
492 494 611 520 nostro
629 487 758 520 vertice
775 494 987 522 removetur.

253 539 434 574 Secundus
451 537 548 571 orbis
566 544 615 571 est
631 538 790 571 deserens
810 550 1001 582 apogeum,
1027 545 1067 572 ut
1092 538 1135 571 de
1160 535 1162 542 ⁸

151 590 234 625 Sole
255 601 359 633 supra
381 589 513 622 dictum
540 596 600 624 est.
653 588 722 622 Hic
747 589 826 622 ideo
853 590 1017 633 ponitur,
1053 589 1135 634 quia

151 641 373 674 manifestum
397 646 447 673 est
470 639 610 673 Lunam
639 641 676 674 in
702 641 799 673 omni
824 641 1075 674 coniunctione
1103 647 1137 673 et
1161 657 1163 689 Ξ

152 690 372 736 oppositione
395 690 530 731 media,
570 703 642 725 esse
672 692 709 724 in
733 702 884 735 apogeo,
931 704 970 724 ac
995 691 1136 734 longius

151 742 321 775 sublatam
346 752 418 774 esse
445 754 462 774 a
487 748 600 783 terra,
629 755 734 788 quam
761 743 798 774 in
821 742 1046 786 quadraturis
1062 753 1136 774 me·
1162 756 1163 760 ¹

282 792 329 826 Ut
344 792 452 835 igitur
475 793 662 827 distantiae
685 800 717 827 et
743 793 1019 838 propinquitatis
1045 792 1135 825 ratio
1191 809 1327 842 medius
1347 816 1462 843 motus
1479 809 1619 851 Lunae,
1648 816 1700 843 est
1717 810 1763 843 13
1782 811 1967 854 graduum,
1992 812 2038 846 10
2056 813 2177 847 minu„

150 792 228 826 diis.

147 844 334 884 reddatur,
374 844 587 877 eccentricus
618 845 782 889 ponitur,
819 856 909 889 quae
942 851 1060 877 tamen
1099 844 1136 876 in

148 893 250 928 Luna
274 895 492 938 conspectior
516 902 584 936 est,
618 896 699 942 quia
725 902 837 928 terrae
860 894 973 929 multo
993 894 1138 939 propior
1163 892 1165 925 ἰ

146 953 215 986 est,
243 957 347 991 quam
364 946 402 978 in
418 945 512 980 Sole.

153 1047 313 1092 pliciter,
342 1048 397 1081 cui
426 1048 548 1081 affixus
566 1056 616 1082 est
633 1049 831 1094 epicyclus,
859 1046 990 1081 vehens
1015 1047 1138 1081 Lunae

150 1110 290 1144 corpus,

151 1201 238 1235 ferat
256 1201 455 1244 perigeum,
484 1208 517 1234 et
540 1201 665 1235 efficiat
687 1202 962 1235 concinnitatem
984 1207 1139 1234 caetero-

150 1263 229 1285 rum
246 1252 540 1285 circumeuntium
559 1259 720 1286 centrum
738 1253 878 1286 mundi.

256 1301 398 1333 Praeter
415 1300 479 1332 hos
496 1308 649 1343 quatuor
665 1304 768 1336 orbes
792 1311 861 1344 est,
887 1310 926 1337 ut
945 1303 1036 1340 dixi,
1064 1300 1140 1346 epi-

155 1352 272 1397 cyclus
290 1349 414 1383 affixus
429 1350 532 1383 tertio
551 1350 629 1383 orbi
647 1350 856 1395 simpliciter
872 1353 1077 1387 eccentrico.

256 1400 378 1435 Sciant
407 1407 523 1434 autem
559 1400 738 1442 iuniores,
794 1401 910 1434 vocari
941 1400 1138 1446 epicyclum

151 1453 257 1487 talem
282 1452 424 1490 orbem,
451 1451 551 1484 cuius
575 1458 734 1486 centrum
760 1465 833 1486 non
859 1452 971 1485 solum
997 1452 1103 1485 distat
1122 1462 1140 1482 a

155 1503 282 1538 mundi
313 1509 453 1543 centro,
492 1503 552 1535 sed
585 1515 630 1535 ne
656 1503 798 1548 quidem
824 1503 987 1537 circumit
1014 1501 1141 1535 mundi
1166 1530 1167 1546 3
1279 1535 1287 1543 ,
1361 1536 1368 1542 ,
1497 1536 1505 1542 ,
1534 1536 1541 1542 ,

1192 1536 1453 1579 longitudinem
1470 1537 1555 1571 duri.

156 1561 336 1593 centrum,
363 1560 403 1587 ut
424 1553 558 1587 faciunt
583 1554 705 1595 orbes,
735 1555 796 1601 qui
821 1555 954 1599 alioqui
971 1561 1142 1587 vocantur

155 1605 359 1645 eccentrici,
393 1605 453 1638 sed
476 1605 610 1638 adfixus
635 1612 704 1645 est,
739 1607 836 1639 velut
859 1606 897 1638 in
918 1605 1057 1649 apside,
1083 1610 1142 1637 aut

156 1654 285 1690 cantho
311 1662 420 1689 rotae.

151 1771 211 1792 rae
227 1759 447 1792 diametrum.

259 1808 341 1841 Ideo
369 1814 484 1840 autem
511 1808 654 1842 additur
679 1809 892 1846 eccentrico,
935 1807 1017 1853 quia
1041 1806 1144 1840 Luna
1169 1816 1170 1827 ¹

159 1860 264 1894 etiam
282 1871 361 1892 cum
388 1865 437 1891 est
462 1859 497 1890 in
524 1870 656 1902 apogeo
682 1859 886 1899 eccentrici,
922 1865 1038 1892 tamen
1061 1858 1145 1890 alias

155 1911 360 1945 remotiora
377 1916 468 1942 terra
482 1937 490 1949 ,
518 1910 602 1942 alias
619 1904 765 1954 propior
781 1909 1008 1954 conspicitur.
1055 1908 1144 1941 Pro·

157 1963 238 2007 pior
255 1974 334 1995 cum
352 1967 401 1994 est
423 1961 461 1994 in
480 1961 550 1993 imo
574 1961 742 2006 epicyclo.

158 2014 196 2046 in
211 2025 348 2046 summo
367 2012 534 2057 epicyclo.

258 2062 323 2097 Est
339 2070 370 2096 et
386 2064 423 2096 in
442 2064 516 2107 ipso
535 2074 667 2107 apogeo
688 2063 774 2096 alias
799 2063 952 2103 tardior,
980 2063 1065 2095 alias
1086 2074 1144 2094 ve-

159 2115 280 2150 locior.
333 2114 504 2155 Tardior,
532 2127 610 2148 cum
630 2115 735 2147 estin
759 2126 920 2159 suprema
946 2121 1043 2158 parte
1071 2113 1145 2157 epi-

159 2165 265 2211 cycli,
290 2165 354 2199 ubi
375 2166 446 2198 duo
471 2166 640 2199 contrarii
662 2172 777 2199 motus
802 2173 1050 2199 concurrentes
1074 2171 1145 2197 tar—

160 2217 305 2251 ditatem
330 2217 504 2257 efficiunt;
551 2217 633 2262 quia
658 2217 870 2250 eccentricus
898 2223 1059 2249 movetur
1091 2226 1145 2247 se-
1169 2236 1170 2241 =

159 2268 315 2302 cundum
333 2268 584 2301 successionem
601 2268 801 2311 signorum,
830 2268 1007 2313 epicyclus
1024 2273 1145 2300 contra
1168 2306 1170 2311 ,

583 2317 737 2353 Econtra
764 2320 920 2352 velocior
943 2325 994 2352 est
1018 2319 1054 2351 in
1076 2318 1145 2350 ima
1168 2314 1171 2320 '

159 2377 259 2417 parte
289 2369 452 2413 epicycli,
487 2370 549 2403 ubi
575 2371 645 2404 duo
668 2377 785 2404 motus
813 2376 1046 2413 congruentes
1072 2368 1146 2402 esfi-

161 2422 259 2455 ciunt
275 2419 506 2460 celeritatem,
529 2421 611 2465 quia
632 2428 664 2455 et
678 2422 892 2455 eccentricus
916 2428 949 2454 et
970 2420 1146 2466 epicyclus

160 2320 199 2352 in
222 2318 398 2362 superiori
422 2326 530 2362 parte.

163 2473 212 2506 ibi
229 2472 424 2506 secundum
441 2472 692 2505 successionem
709 2473 890 2516 signorum
913 2479 1084 2505 movetur.

269 2522 375 2566 Quod
396 2529 511 2555 autem
529 2521 629 2555 Luna
646 2522 684 2555 in
701 2535 850 2567 apogeo,
875 2524 962 2557 alias
978 2523 1147 2556 remotior

169 2574 214 2608 sit
236 2585 255 2606 a
278 2581 391 2614 terra,
434 2573 520 2606 alias
544 2573 705 2617 propior,
746 2575 851 2608 etiam
876 2575 972 2619 ipsae
1002 2574 1147 2618 eclipses

167 2626 370 2660 ostendunt.

851 94 1010 132 INITIA
1036 94 1330 134 DOCTRINAE
1354 96 1608 134 PHYSICAE.

153 182 294 218 chinam
311 184 495 225 fabricari,
524 195 591 229 qua
608 183 826 227 digrediatur
848 189 882 216 et
905 182 1135 225 regrediatur,
1158 184 1161 193 ¹

1159 392 1161 414 ἱ
1186 392 1263 420 test.

151 437 306 473 Econtm
322 432 588 482 καταβιβάζων
605 436 745 477 dicitur,
759 449 839 470 cum
855 436 958 470 Luna
975 437 1019 470 ab
1036 435 1135 470 Ecli-
1160 429 1161 448 ³

796 1960 985 1995 Remotior
999 1972 1077 1993 cum
1096 1966 1145 1992 est
1169 1951 1171 1988 ἶ

1169 2014 1171 2026 ³
1197 2000 1293 2036 vehit
1317 2003 1452 2036 nodum
1486 1999 1772 2047 ἇναβιβάζοντα
1806 2009 1839 2036 et
1867 2000 2188 2048 καταβιβάζοντα,

1169 2107 1171 2113 ⁴
1196 2118 1271 2138 eam
1293 2102 1441 2138 revehit.

1198 2484 1277 2506 cum
1315 2470 1418 2511 Sole,

423 2623 528 2658 Luna
546 2624 639 2657 enirn
658 2624 792 2659 diutius
816 2626 853 2659 in
878 2626 1004 2659 umbra
1032 2636 1148 2659 mora·
1170 2624 1172 2628 ’

170 2682 229 2710 tur
257 2675 296 2709 in
328 2676 399 2709 ima
429 2682 528 2720 parte
551 2674 721 2720 epicycli,
762 2688 866 2720 quam
892 2676 930 2709 in
956 2676 1148 2720 superiore,
1171 2675 1173 2677 ’

2101 106 2175 141 246

1188 194 1392 227 quanquam
1409 190 1492 218 tunc
1507 191 1670 219 movetur
1686 186 1857 229 velocius3
1884 189 1943 221 sed
1954 189 2035 234 quia
2048 191 2174 225 umbra

1187 233 1303 265 maior
1320 240 1379 273 est,
1407 235 1548 277 longior
1564 237 1601 270 fit
1619 249 1728 272 mora.
1767 237 1968 283 Spaciosior
1983 240 2077 273 enim
2095 254 2174 274 um-

1159 331 1160 336 1
1186 284 1250 317 bra
1268 291 1317 318 est
1333 284 1370 317 in
1390 284 1457 317 ima
1486 293 1583 328 parte
1606 288 1770 333 epicycli‚
1798 296 1838 324 ut
1862 302 1902 323 ex
1928 290 2065 324 ratione
2088 292 2175 335 figu—

151 344 233 372 test:
277 334 524 382 ἀναβιβάζων
554 335 702 374 dicitur,
741 346 819 368 cum
842 334 946 368 Luna
970 335 1014 368 ab
1037 334 1135 369 Ecli-
1159 340 1161 348 ’

1186 347 1244 368 rae
1263 334 1410 377 umbra,
1441 347 1529 379 quae
1547 344 1595 370 est
1611 337 1810 385 κωνοειὸὴς
1824 341 1925 375 facile
1943 342 2093 385 intelligi
2112 355 2175 387 po-

1318 384 1396 418 Hae
1420 396 1540 418 causae
1561 395 1703 421 movent
1724 391 1889 430 artifices,
1917 400 1956 426 ut
1980 393 2174 438 epicyclum

1187 437 1381 470 eccentrico
1400 437 1543 470 addant.

1290 495 1482 541 Postquam
1499 503 1615 529 autem
1633 503 1815 542 utcunque
1830 500 2097 536 fabricationem
2117 516 2176 537 or-

1188 547 1287 580 bium
1310 547 1472 588 recitavi,
1507 559 1602 580 nunc
1631 549 1674 581 de
1700 548 1855 583 motibus
1877 550 2030 586 breviter
2055 554 2176 588 dicen-

1188 600 1271 631 dum
1289 605 1350 631 est.

1289 654 1430 689 Diversi
1455 663 1572 690 motus
1599 663 1682 690 sunt
1709 658 1870 699 orbium,
1897 665 1935 692 ut
1952 660 2126 695 tarditatis
2143 669 2176 696 et

1189 707 1383 740 velocitatis
1400 707 1489 741 ratio
1505 707 1606 740 reddi
1630 708 1748 751 possit.
1803 708 1873 743 Sed
1888 717 2111 753 aggregatum
2138 725 2177 746 ex

1189 758 1407 791 diversarum
1434 756 1662 802 sphaerarum
1692 759 1864 800 motibus,
1911 762 2006 805 quod
2032 769 2178 796 vocatur

1190 867 1321 900 torum,
1339 858 1387 893 35
1405 862 1654 894 secundorum.

1291 918 1368 952 Etsi
1389 926 1503 953 autem
1519 917 1577 953 hic
1594 932 1763 953 numerus
1783 921 1829 954 ita
1848 921 2024 966 recitatur,
2049 933 2179 968 aequa-

252 996 396 1030 Tertius
413 997 519 1041 igitur
535 997 631 1030 orbis
651 1004 699 1030 est
716 998 790 1042 ipse
819 997 1035 1031 eccemricus
1053 996 1137 1029 Sim-
1163 990 1165 996 1
1191 970 1272 1003 liter
1296 970 1385 1004 facta
1413 970 1664 1004 distributione
1686 971 1723 1003 in
1751 971 1909 1015 singulos
1934 973 2028 1013 dies,
2061 979 2179 1006 tamen

1191 1021 1373 1054 sciendum
1391 1029 1458 1062 est,
1488 1033 1653 1054 verorum
1679 1029 1843 1056 motuum
1870 1023 2074 1056 discrimina
2096 1036 2179 1060 esse.

1164 1100 1166 1107 s
1193 1071 1377 1105 Interdum
1395 1084 1508 1105 novae
1527 1079 1559 1106 et
1577 1073 1701 1116 plenae
1718 1072 1842 1106 Lunae
1860 1074 2028 1107 velocitas
2052 1076 2180 1118 gradus

255 1149 412 1193 Qun—tus
428 1150 525 1184 orbis
544 1157 593 1184 est
618 1150 712 1184 imm
739 1151 973 1184 eccentricum
1021 1155 1059 1183 ut
1078 1150 1138 1182 de-
1164 1133 1166 1168 j
1192 1123 1460 1168 quatuordecim
1485 1130 1645 1167 superat,
1673 1124 1819 1158 tarditas
1844 1124 2024 1158 interdurn
2051 1127 2180 1169 gradus

317 1172 325 1182 ‘
985 1174 993 1188 '
1164 1187 1166 1190 ’
1192 1174 1379 1207 duodecim
1405 1180 1439 1207 et
1460 1173 1640 1219 aliquanto
1666 1174 1817 1218 amplius
1840 1182 2010 1219 peragrat.

1164 1245 1165 1262 i
1191 1225 1306 1258 diatae
1329 1236 1412 1257 vero
1435 1224 1599 1258 velocitas
1623 1224 1801 1258 interdum
1825 1226 2027 1271 quindecim
2053 1228 2181 1270 gradus

1165 1282 1349 1319 superat,
1388 1276 1533 1309 tarditas
1564 1287 1647 1308 vero
1686 1284 1847 1320 peragrat
1881 1277 2064 1322 aliquanto
2101 1277 2182 1322 plus

2062 1175 2180 1209 Dimi-

1192 1339 1296 1371 quam
1321 1327 1449 1369 gradus
1475 1327 1654 1360 undecim.
1706 1326 1802 1360 Haec
1821 1327 1969 1359 varietas
1990 1328 2081 1360 miro
2098 1340 2183 1361 con-

1164 1385 1166 1396 *
1192 1377 1272 1407 silio
1295 1373 1363 1407 Dei
1388 1374 1523 1418 opificis
1547 1374 1708 1408 instituta
1731 1381 1799 1416 est,
1831 1382 1869 1409 ut
1894 1377 2064 1420 rapiditas
2090 1378 2184 1411 vices

1190 1423 1330 1459 habeat.

1294 1482 1472 1518 Hactenus
1498 1496 1580 1518 vero
1607 1491 1746 1519 tantum
1780 1486 1824 1519 de
1856 1493 1955 1520 motu
1989 1488 2183 1521 secundum

1609 1533 1673 1569 Est
1690 1543 1721 1570 et
1744 1537 1832 1570 alter
1853 1544 1970 1571 motus
1995 1538 2033 1571 in
2057 1539 2185 1572 latitu-

1193 1588 1313 1621 dinem
1326 1615 1334 1628 ,
1362 1600 1440 1620 cum
1460 1594 1626 1631 evagatur
1642 1587 1686 1620 ab
1702 1585 1888 1632 Ecliptica.
1930 1588 2019 1621 Nam
2037 1590 2064 1623 si
2083 1589 2185 1623 Luna

473 1655 606 1698 Bhgna
635 1663 753 1690 tamen
780 1658 971 1690 diametros
996 1655 1143 1700 Epicydi
1167 1641 1169 1685 ]
1194 1651 1267 1671 non
1302 1639 1497 1672 discederet
1526 1638 1569 1671 ab
1594 1635 1788 1682 Ecliptica,
1825 1639 1972 1682 singulis
2004 1640 2186 1674 mensibus

155 1708 338 1752 cogitanda
364 1713 430 1744 est,
464 1706 630 1740 videlicet
649 1708 839 1753 quinquies
863 1708 1049 1740 continens
1073 1713 1143 1739 ter-
1168 1738 1169 1743 ,
1566 1741 1574 1747 ,
1702 1740 1710 1747 ‚
1873 1740 1881 1747 ‚

1169 1769 1170 1772 ,
1194 1753 1272 1773 rum
1299 1747 1447 1781 natura,
1482 1747 1521 1773 ut
1546 1747 1617 1774 sint
1640 1751 1792 1773 rariores
1817 1741 1982 1784 eclipses,
2016 1747 2186 1786 tanquam

1194 1697 1309 1724 essent
1332 1690 1437 1723 binae
1461 1689 1617 1734 eclipses.
1673 1688 1732 1722 Sic
1749 1695 1865 1722 autem
1883 1690 2045 1724 ordinata
2062 1697 2113 1724 est
2131 1703 2187 1724 re-

1196 1792 1366 1835 prodigia.
1403 1790 1691 1825 Consentaneum
1709 1797 1759 1824 est
1783 1791 1876 1823 enim
1895 1791 2107 1825 detrimento
2123 1792 2187 1825 ad-

1194 1843 1248 1876 fici
1266 1850 1428 1876 naturam
1450 1841 1654 1874 inferiorem
1667 1866 1676 1880 ‚
1705 1853 1782 1874 cum
1802 1841 1949 1875 luminis
1966 1842 2098 1875 vivifici
2115 1842 2187 1876 ful-

1169 1893 1170 1924 }
1194 1904 1257 1936 gor
1272 1893 1505 1937 intercipitur.

1297 1951 1380 1985 Dixi
1406 1952 1514 1994 igitur
1531 1958 1631 1984 antea
1650 1952 1772 1985 orbem
1792 1957 1986 1985 extremum
2004 1964 2097 1991 esse,
2125 1953 2187 1998 qui

1196 2054 1256 2099 qui
1282 2053 1422 2087 Lunam
1448 2053 1617 2098 paulatim
1648 2055 1691 2087 ab
1717 2052 1890 2098 Ecliptica
1916 2052 2054 2097 avehit,
2086 2061 2119 2087 et
2142 2055 2187 2087 ad

1490 2102 1556 2138 Est
1573 2111 1689 2137 autern
1710 2105 1818 2138 trium
1836 2105 2055 2137 minutorum
2071 2111 2187 2138 motus

1197 2157 1365 2194 diurnus,
1394 2155 1660 2201 completurque
1677 2156 1844 2200 periodus
1860 2152 1966 2187 huius
1982 2161 2099 2188 motus
2123 2167 2186 2188 an-

1195 2208 1250 2241 nis
1269 2207 1484 2248 octodecim,
1513 2207 1636 2240 diebus
1654 2206 1816 2240 ducentis
1831 2205 1959 2248 viginti
1983 2217 2058 2245 sex,
2089 2204 2186 2239 horis

1196 2265 1339 2303 septem.

1547 2343 1607 2376 De
1632 2340 1833 2376 Blensibus.

1301 2419 1390 2455 Cum
1414 2426 1530 2453 autem
1547 2417 1670 2451 Lunae
1697 2416 1891 2457 curricula,
1918 2416 2185 2452 coniunctiones

1462 2469 1649 2509 discessus,
1689 2467 1923 2508 incrementa,
1963 2469 2185 2504 decrementa

1198 2531 1231 2557 et
1256 2522 1391 2555 reditus
1414 2521 1458 2553 ad
1480 2519 1617 2558 Solem,
1654 2518 1843 2552 conficiant
1865 2518 1980 2563 spacia
2009 2519 2184 2553 mensium

1199 2573 1401 2610 lunarium,
1438 2582 1590 2615 quorum
1615 2569 1758 2603 collatio
1777 2570 1822 2602 ad
1837 2568 1933 2603 Solis
1958 2569 2043 2612 iter,
2078 2570 2183 2604 initio

1199 2623 1356 2659 humano
1376 2621 1494 2665 generi
1509 2619 1718 2655 monstravit
1734 2620 1820 2653 anni
1835 2633 2047 2663 mensuram,
2074 2632 2184 2666 pauca

1199 2674 1258 2708 hic
1277 2675 1321 2708 de
1335 2672 1517 2706 mensibus
1533 2672 1696 2706 addenda
1718 2678 1809 2706 sunt.

1499 2718 1574 2757 16*
