2379 2948
207 102 279 137 859

209 186 323 219 solum
360 186 403 218 de
434 184 588 229 potentia
621 181 709 223 Dei,
750 182 811 215 sed
847 181 952 216 etiam
983 183 1026 216 de
1060 183 1189 215 volun-

209 243 299 275 tate,
334 237 428 280 quod
462 234 557 268 Deus
592 233 677 266 velit
711 233 846 266 iuvare:
889 240 1007 275 tamen
1034 233 1119 266 fides
1147 235 1190 266 de

210 287 382 332 praesenti
419 284 626 317 liberatione
663 284 763 317 addit
797 284 1056 324 conditionem,
1098 284 1191 316 scili-

210 345 278 371 cet:
318 336 355 369 Si
385 334 458 368 Deo
496 334 685 379 placuerit,
722 347 776 367 me
810 334 1074 378 inpraesentia
1103 335 1192 367 libe-

210 388 313 421 rabit.
365 385 486 430 Neque
508 386 667 419 conditio
689 392 821 430 pugnat
846 398 924 418 cum
948 392 1072 419 natura
1100 385 1193 426 fidei,

211 439 269 470 sed
297 443 448 481 praestat
472 436 731 480 obedientiam,
758 436 838 481 quia
871 436 976 469 simul
1001 436 1191 481 requirun-

210 495 267 521 tur
283 488 359 528 ista,
388 494 427 520 ut
441 488 549 520 simus
565 488 674 531 parati
693 489 736 520 ad
753 487 988 520 obedientiam
1000 514 1009 526 ,
1035 493 1074 520 ut
1090 487 1193 519 invo-

209 550 344 578 cemus,
379 544 553 582 petamus,
592 546 626 573 et
657 545 875 583 expectemus
906 537 1097 576 auxilium,
1133 537 1192 570 sed

209 590 304 623 iuxta
326 589 513 622 consilium
532 589 606 622 Dei.

310 639 361 673 Ita
386 647 463 674 orat
485 639 620 673 David:
649 638 686 673 Si
708 637 883 673 Dominus
905 638 1018 677 volet,
1051 638 1194 672 reducet

210 703 283 731 me,
315 690 344 723 si
371 702 443 723 non
462 690 574 731 volet,
601 690 661 723 fiat
678 690 840 723 voluntas
856 688 1015 723 Domini.

314 740 364 774 lta
388 742 511 774 dicunt
534 747 567 774 et
588 739 655 774 hoc
678 741 755 773 loco
780 740 837 773 isti
862 740 1084 773 confitentes:
1113 738 1193 772 Non

210 798 349 836 oportet
373 804 436 824 nos
464 792 695 835 respondere,
722 791 757 823 id
782 797 846 823 est:
875 788 932 823 An
950 789 1045 823 Deus
1069 790 1110 823 sit
1129 802 1193 823 nos

209 848 409 875 exemturus
425 854 463 874 ex
481 839 548 875 hoc
567 842 723 879 camino,
751 853 823 873 nou
839 841 985 881 scimus,
1012 840 1122 883 Quasi
1139 841 1193 873 di-

210 899 308 925 cant:
337 891 482 925 Exitum
507 900 540 926 et
563 899 726 925 eventum
748 899 781 925 et
802 892 947 924 modum
973 892 1193 925 liberationis

209 943 358 976 consilio
376 942 440 976 Dei
464 943 716 986 permittimus,
743 954 863 975 sumus
883 942 986 974 etiam
1011 943 1123 985 parati
1149 943 1190 975 ad

209 993 456 1026 obedientiam.
497 993 564 1027 Sed
584 993 732 1036 gloriam
748 991 811 1026 Dei
830 993 1072 1031 defendimus,
1100 994 1193 1026 affir-

209 1056 345 1077 mamus
379 1056 458 1076 eum
495 1055 559 1076 nos
596 1055 697 1087 posse
731 1044 899 1083 liberare,
935 1050 968 1076 et
992 1040 1086 1076 hunc
1115 1056 1194 1076 vere

208 1092 323 1127 Deum
339 1106 428 1133 esse,
455 1106 557 1138 quem
575 1094 740 1133 colimus,
764 1094 799 1126 id
818 1101 887 1134 est,
915 1094 975 1139 qui
996 1095 1100 1127 nobis
1116 1107 1194 1127 ver-

208 1144 292 1178 bum
317 1151 351 1177 et
375 1144 489 1177 cultus
512 1144 677 1184 tradidit,
706 1142 753 1178 Et
777 1145 908 1177 interea
932 1145 1090 1188 ipsorum
1110 1146 1194 1178 fides

209 1201 325 1227 tamen
349 1202 503 1238 expectat
525 1207 542 1228 a
567 1194 640 1228 Deo
666 1195 949 1240 qualemcunque
981 1197 1193 1230 consolatio-

209 1257 289 1278 nem
310 1252 341 1279 et
359 1245 550 1286 auxilium,
578 1246 672 1279 iuxta
690 1246 878 1279 consilium
896 1245 972 1279 Dei.

692 1340 753 1373 VI.

311 1395 362 1430 Ac
378 1397 564 1439 diligenter
582 1394 639 1430 hic
657 1397 917 1431 observandum
935 1404 1002 1437 est,
1030 1397 1109 1431 ideo
1128 1410 1192 1430 no-

209 1448 263 1481 bis
290 1447 427 1491 imponi
450 1447 658 1480 afflictiones
689 1448 906 1491 corporales,
939 1455 978 1481 ut
1002 1448 1192 1481 excitemur

208 1499 252 1532 ad
270 1498 527 1531 invocationem
549 1504 581 1531 et
598 1498 712 1533 fidem.
766 1497 864 1531 Sicut
883 1496 1008 1531 Esaiae
1025 1499 1085 1533 26.
1103 1499 1191 1531 dici-

207 1556 282 1583 tur:
318 1546 490 1591 Angustia
515 1549 558 1580 ad
591 1548 813 1581 clamandum
838 1549 1025 1593 disciplina
1047 1557 1105 1583 tua
1130 1550 1188 1582 eis.

209 1599 292 1633 Ideo
311 1611 383 1631 non
401 1605 451 1631 est
472 1598 728 1640 indulgendum
748 1599 980 1639 diffidentiae,
1009 1612 1072 1632 nec
1095 1600 1189 1642 cogi-

207 1650 372 1689 tandum,
399 1649 527 1681 frustra
551 1648 625 1680 fieri
649 1648 927 1689 invocationem,
956 1657 1015 1683 aut
1039 1650 1189 1693 promis-

208 1701 323 1733 siones
350 1711 421 1732 esse
446 1699 581 1739 irritas,
614 1699 746 1732 etiamsi
770 1699 829 1731 illa
856 1700 1012 1733 conditio
1035 1701 1188 1735 additur.

208 1750 350 1784 Liberat
383 1749 477 1782 enim
501 1748 614 1789 Deus,
647 1761 725 1782 cum
759 1749 981 1789 invocamus,
1016 1758 1055 1784 ut
1085 1751 1189 1784 nobis

207 1800 406 1834 testimonia
423 1800 581 1833 ostendat
599 1811 679 1832 suae
695 1801 930 1843 praesentiae,
957 1802 1045 1835 sicut
1071 1802 1188 1846 inquit

207 1851 244 1884 in
261 1850 417 1884 Psalmo:
443 1849 603 1894 Eripiam
623 1856 672 1888 te,
699 1858 730 1885 et
745 1851 955 1893 glorificabis
969 1861 1038 1893 me.-

309 1899 355 1934 Et
371 1913 450 1934 cum
466 1912 538 1933 non
553 1901 628 1933 vult
643 1908 858 1943 praesentem
873 1903 1105 1936 calamitatem
1119 1904 1187 1936 tol—

207 1952 297 1992 lere,
332 1959 451 1985 tamen
482 1951 579 1984 addit
604 1952 891 1988 consolati0nem.
945 1952 1063 1996 Quare
1092 1966 1186 1987 nun-

207 2014 313 2047 quam
336 2002 522 2045 promissio
545 2007 594 2034 est
623 2001 739 2041 irrita,
774 2002 872 2036 iubet
893 2003 1000 2046 igitur
1025 2001 1187 2038 Christus

207 2053 422 2086 incessanter
440 2063 559 2091 orare,
584 2051 620 2084 id
638 2058 702 2085 est:
737 2050 813 2085 Etsi
833 2053 997 2087 differtur
1012 2055 1188 2097 liberatio,

205 2110 244 2136 ut
268 2114 506 2141 exerceamur,
540 2108 657 2135 tamen
682 2114 781 2136 orare
811 2115 884 2137 non
908 2106 1068 2146 desinas,
1104 2107 1185 2151 quia

205 2153 384 2187 invocatio
400 2165 473 2185 non
490 2159 539 2185 est
556 2152 664 2185 irrita.

306 2204 374 2238 Sed
394 2201 462 2236 hoc
481 2215 580 2246 agere
601 2203 743 2235 difficile
758 2209 808 2236 est
824 2204 966 2245 rationi,
994 2220 1071 2241 cum
1090 2207 1186 2242 Deus

204 2267 277 2288 non
294 2255 438 2294 liberat,
464 2255 676 2297 franguntur
692 2254 818 2294 animi,
847 2255 1045 2292 existimant
1062 2271 1184 2293 senon

204 2305 379 2345 exaudiri,
405 2305 582 2348 incipiunt
607 2304 784 2347 indignari
806 2317 845 2338 ac
869 2317 1012 2348 prorsus
1036 2310 1184 2344 deficere

204 2367 222 2388 a
239 2355 313 2389 Deo
325 2381 334 2393 ‚
361 2356 448 2389 sicut
465 2354 549 2389 Saul
568 2355 704 2389 defecit.

304 2405 398 2439 Huic
429 2405 614 2439 tentationi
647 2405 731 2438 fides
760 2417 954 2449 repugnare
989 2409 1110 2448 debet,
1145 2418 1183 2445 ut

206 2463 335 2489 crescat
359 2464 391 2490 et
417 2456 598 2489 ardentius
621 2462 732 2499 petat,
767 2463 799 2489 et
825 2464 978 2500 expectet
1001 2460 1183 2501 auxilium,

204 2506 337 2539 etiamsi
361 2518 433 2539 non
460 2507 575 2540 statim
599 2513 659 2540 aut
683 2518 825 2548 prorsus
855 2508 992 2542 tollitur
1021 2523 1181 2552 praesens

204 2556 391 2589 calamitas.
442 2556 530 2589 Nam
563 2557 644 2601 quia
675 2555 770 2590 Deus
801 2555 892 2592 hanc
921 2559 1179 2595 invocationem

203 2606 362 2645 exaudit,
386 2606 636 2649 opitulabitur,
663 2608 718 2640 vel
741 2609 913 2652 praesenti
939 2612 1179 2647 consolatione

800 96 926 134 PHIL.
952 95 1070 134 MEL.
1097 95 1303 132 SCRIPTA
1328 96 1630 134 EXEGETICA.

2153 100 2228 136 840

1245 183 1399 217 mirabili
1422 184 1571 217 consilio
1598 184 1734 217 bonum
1759 190 1942 222 eventum,
1974 185 2062 219 sicut
2095 184 2227 218 Paulus

1245 233 1379 279 inquit:
1420 233 1553 268 Fidelis
1585 233 1700 276 Deus,
1740 235 1802 280 qui
1829 236 1889 268 dat
1922 246 2002 268 cum
2036 235 2228 270 tentatione

1245 291 1428 327 eventum,
1449 293 1512 322 etc.

1697 364 1776 397 Vll.

1348 426 1563 462 Miraculum
1581 429 1714 463 editum
1731 435 1800 469 est,
1826 434 1866 462 ut
1884 439 1943 461 rex
1968 433 2230 462 converteretur

1246 477 1289 510 ad
1323 479 1538 521 agnitionem
1570 479 1657 521 Dei,
1693 480 1753 525 qui
1787 490 1977 513 conversus
2018 478 2121 512 etiam
2156 477 2232 512 edit

1246 528 1500 563 confessionem
1511 557 1520 571 ,
1545 538 1579 565 et
1596 528 1760 575 prohibet
1774 527 2022 574 blasphemias,

1344 587 1412 622 Hic
1435 590 1610 623 discamus
1634 591 1678 623 ad
1701 590 1856 623 officium
1889 589 2088 632 principum
2119 586 2231 631 perti-

1247 649 1348 677 nere,
1372 645 1411 672 ut
1428 640 1572 683 impiam
1589 641 1786 674 doctrinam
1805 647 1837 673 et
1857 640 1985 684 impios
2007 639 2122 673 cultus
2145 638 2231 670 abo-

1247 689 1362 729 leant,
1390 696 1424 723 et
1447 697 1571 724 curent
1604 691 1697 735 piam
1723 691 1920 724 doctrinam
1945 698 1977 724 et
2010 690 2086 734 pios
2116 687 2231 721 cultus

1247 740 1413 783 proponi.
1465 741 1554 774 Nam
1573 742 1796 785 magistratus
1812 748 1862 775 est
1879 748 1994 774 custos
2011 741 2118 774 totius
2135 738 2233 781 legis,

1248 791 1342 834 quod
1367 792 1408 824 ad
1436 792 1659 836 disciplinam
1684 793 1826 826 attinet:
1863 792 1952 825 sicut
1974 789 2140 835 prohibet
2165 786 2231 822 ho-

1247 841 1408 882 micidia,
1437 844 1572 876 etiamsi
1595 855 1667 875 non
1687 850 1797 876 mutet
1820 843 1946 881 corda,
1969 843 2016 875 ita
2039 841 2231 886 prohibere

1247 892 1353 925 debet
1369 900 1546 927 externam
1576 894 1795 935 idolatriam,
1822 890 2077 937 blasphemias,
2103 890 2232 935 impios

1248 943 1372 978 cultus.

1349 1002 1563 1047 Quanquam
1588 1003 1683 1035 enim
1708 1003 1931 1046 magistratus
1951 1013 2024 1035 non
2053 1006 2105 1034 est
2121 998 2231 1032 mini-

1247 1052 1391 1085 sterium
1405 1053 1568 1096 spiritus,
1596 1054 1630 1086 id
1654 1061 1721 1094 est,
1748 1065 1949 1099 quanquam
1969 1064 2042 1085 non
2058 1049 2232 1084 convertit

1248 1104 1365 1144 corda,
1393 1110 1509 1137 tamen
1528 1111 1577 1137 est
1595 1105 1756 1138 minister
1772 1106 1922 1138 tuendae
1941 1111 2104 1137 externae
2122 1100 2229 1134 disci-

1247 1154 1364 1197 plinae
1380 1155 1488 1188 totius
1502 1155 1600 1198 legis,
1628 1162 1659 1188 et
1676 1162 1714 1189 ut
1731 1156 1927 1188 membrum
1938 1152 2114 1188 Ecclesiae
2130 1163 2231 1196 prae—

1247 1204 1407 1249 cipuum,
1433 1206 1600 1239 adiuvare
1626 1206 1761 1252 reliqua
1785 1207 1943 1240 membra
1966 1206 2090 1248 debet,
2113 1209 2153 1236 ut
2173 1201 2231 1247 pia

1247 1256 1407 1290 doctrina
1424 1263 1650 1301 propagetur.

1519 1365 1628 1405 Loci
1658 1365 1751 1406 1111.
1778 1364 1952 1417 Capitis.

1721 1463 1748 1499 Ι.

1345 1520 1574 1566 Exemplum,
1611 1524 1704 1567 quod
1729 1522 1862 1555 indicat
1893 1532 2080 1554 conversos
2110 1528 2229 1566 postea

1243 1571 1368 1604 subiici
1396 1570 1583 1606 horrendis
1608 1573 1883 1606 adflictionibus.
1947 1571 2048 1607 Sicut
2071 1585 2131 1606 rex
2155 1572 2229 1606 Na-

1245 1622 1468 1664 bogdonosor
1491 1630 1571 1668 post
1598 1624 1865 1658 conversionem
1892 1621 1950 1657 hic
1974 1624 2012 1656 in
2043 1624 2228 1657 acerbissi—

1243 1684 1334 1705 mam
1358 1674 1590 1707 calamitatem
1616 1675 1760 1715 incidit,
1793 1675 1889 1708 iuxta
1908 1674 2014 1707 illud:
2051 1674 2227 1708 Iudicium

1243 1735 1259 1755 a
1276 1724 1382 1757 domo
1401 1724 1465 1757 Dei
1480 1725 1616 1770 incipit.
1672 1724 1773 1758 ltem:
1802 1724 2052 1758 Humiliamini
2074 1726 2139 1759 sub
2162 1737 2228 1769 po-

1242 1774 1330 1807 tenti
1346 1787 1456 1807 manu
1477 1775 1552 1809 Dei.
1605 1776 1675 1810 Nec
1693 1776 1841 1809 dubium
1860 1783 1928 1815 est,
1955 1777 2061 1810 fuisse
2086 1776 2228 1817 multos,

1242 1824 1302 1869 qui
1319 1825 1484 1860 dixerunt
1501 1839 1579 1859 eum
1598 1839 1727 1872 poenas
1744 1828 1827 1859 dare
1845 1833 1998 1861 mutatae
2016 1827 2208 1870 religionis.

1714 1911 1759 1948 11.

1341 1967 1459 2002 Poena
1486 1971 1701 2011 securitatis,
1728 1971 1913 2015 superbiae
1933 1977 1966 2003 et
1991 1969 2224 2013 negligentiae

1240 2017 1276 2050 in
1295 2020 1459 2053 secundis
1473 2022 1594 2059 rebus,
1622 2021 1703 2066 qula
1728 2028 1840 2054 textus
1859 2022 1961 2054 dicit:
1989 2020 2074 2054 Erat
2093 2021 2224 2054 florens

1241 2069 1277 2101 in
1294 2070 1435 2113 palatio.
1488 2069 1535 2105 Et
1557 2079 1694 2116 postea:
1722 2071 1848 2105 Nonne
1873 2069 1957 2105 haec
1984 2079 2033 2105 est
2049 2071 2224 2117 Babylon,

1239 2132 1343 2164 quam
1362 2132 1424 2164 ego
1447 2122 1651 2155 aedificavi?
1682 2122 1728 2157 Et
1749 2123 1892 2165 angelus
1916 2123 1989 2166 ipse
2011 2123 2112 2156 dicit:
2145 2120 2223 2155 Hoc

1239 2171 1435 2214 exemplum
1451 2173 1621 2216 proponi,
1647 2180 1686 2207 ut
1705 2185 1827 2206 omnes
1841 2180 1959 2217 gentes
1975 2172 2089 2207 Deum
2114 2184 2224 2216 agno-

1239 2228 1354 2262 scant,
1381 2229 1413 2256 et
1434 2224 1544 2257 sciant
1567 2236 1646 2258 eum
1672 2225 1831 2259 resistere
1849 2225 2026 2269 superbis,
2055 2231 2088 2258 et
2103 2220 2223 2257 humi-

1240 2272 1288 2305 les
1308 2273 1411 2309 tueri.

1699 2350 1762 2387 111.

1331 2408 1456 2453 ‘Imago
1474 2410 1589 2453 regni,
1617 2423 1676 2443 rex
1693 2418 1742 2444 cst
1760 2412 1877 2450 arbor,
1905 2413 1969 2445 sub
1985 2423 2051 2456 qua
2069 2421 2219 2454 pascun-

1237 2466 1293 2492 tur
1310 2460 1513 2496 animantia.
1564 2458 1658 2504 Ergo
1684 2462 1860 2507 principes
1878 2475 1950 2495 non
1973 2462 2042 2494 sint
2066 2461 2220 2506 tyranni,

1235 2511 1293 2542 sed
1312 2511 1500 2553 praebcant
1518 2513 1700 2553 umbram,
1724 2513 1758 2545 id
1779 2521 1847 2552 cst,
1875 2513 2114 2546 defensionem
2134 2512 2219 2545 sub-

1234 2560 1332 2601 ditis,
1370 2569 1403 2595 et
1429 2563 1624 2596 concedant
1648 2564 1714 2603 eis,
1750 2570 1788 2597 ut
1810 2575 1974 2608 quaerere
2001 2563 2150 2602 victum,
2185 2568 2218 2595 et

1232 2611 1302 2644 frui
1327 2612 1398 2645 suis
1422 2613 1568 2657 possint.

1625 2613 1729 2647 Item:
1757 2614 1914 2658 Angelus
1935 2614 2079 2647 additur
2102 2619 2218 2646 custos

202 2667 239 2690 ac
271 2656 490 2699 mitigatione
517 2657 739 2699 calamitatis,
781 2659 836 2692 vel
867 2661 1082 2696 constituens
1113 2661 1204 2702 suol
1232 2662 1332 2705 regis.
