2379 2948
197 123 269 161 715
399 115 606 154 SCRlPTA
635 115 708 150 PII.
737 112 851 148 MEL.
880 110 948 147 AD
975 111 1101 147 HIST.
1128 108 1276 149 PROF.
1307 110 1372 147 ET
1401 110 1590 148 PHILOS.
1618 109 1938 148 SPECTANTIA.
2142 114 2215 149 716

201 220 292 254 quo,
326 219 390 240 nec
414 206 456 239 de
486 204 534 237 eis
558 200 747 234 certamina
772 209 917 239 moveo,
951 197 1115 232 videlicet
1139 197 1182 230 de

203 258 431 293 distinctione
454 252 605 288 formali.
658 250 713 285 Sit
730 250 855 282 modus
873 248 1001 294 aliquis
1025 249 1184 292 disputa-

204 311 362 346 tionum,
389 314 421 340 et
438 304 609 349 quaedam
629 302 878 346 relinquantur
900 300 1087 333 iudicanda
1106 311 1186 331 ern-

205 361 306 399 ditis,
333 368 484 402 quorum
501 362 593 387 aetas
612 352 799 391 maturuit,
827 358 859 384 et
878 351 939 396 qui
958 357 1088 383 norunt
1106 351 1186 382 fon-

204 420 254 445 tes
274 409 379 442 huius
402 406 583 439 doctrinae
604 405 646 437 de
663 402 952 437 distinctionibus
976 408 1008 434 et
1030 399 1187 445 philoso—

205 460 288 506 phia
306 467 337 492 et
356 458 392 491 in
408 455 574 491 Ecclesia.

230 571 298 612 De
334 567 497 609 ratione
534 561 797 605 dissolvendi
837 562 992 602 vitiosa
1029 570 1166 614 argu-

618 624 766 660 menta.

309 706 417 741 Vetus
435 705 570 738 dictum
589 710 651 741 est,
679 700 937 734 contrariorum
956 701 1101 733 eandem
1119 711 1190 733 esse

205 760 422 797 doctrinam,
449 762 488 788 ut
518 754 578 799 qui
603 759 694 785 recte
717 752 860 795 pingere
885 762 1026 784 cervum
1056 751 1191 792 didicit,

204 812 361 847 iudicare
395 812 507 851 potest
538 816 578 837 ex
610 803 735 835 iisdem
769 802 979 846 praeceptis,
1017 802 1189 845 picturam

205 861 299 898 cervi
318 859 491 893 vitiosam.
547 853 597 887 lta
620 860 805 898 postquam
823 864 927 897 supra
947 853 1036 886 ratio
1061 853 1188 886 tradita

206 921 256 948 est
281 907 489 944 inveniendi
516 917 597 939 vera
623 910 850 947 argumenta,
883 909 916 936 et
940 910 1031 937 recte
1056 916 1188 937 conne—

205 962 324 998 ctendi
349 971 444 993 nunc
469 959 512 991 de
542 956 741 990 iudicandis
764 954 900 988 vitiosis
930 967 1002 987 non
1028 961 1079 988 est
1102 966 1190 999 opus

205 1013 308 1049 novis
330 1008 541 1056 praeceptis,
567 1008 626 1039 sed
646 1013 783 1039 tantum
802 1005 997 1038 videndum
1018 1013 1078 1043 est,
1098 1017 1187 1050 quae

205 1067 249 1100 ad
266 1062 446 1107 superiora
465 1064 646 1104 praecepta
665 1062 870 1098 congruant,
890 1062 929 1089 ut
946 1056 1061 1089 bonus
1078 1056 1190 1099 pictor

207 1115 350 1160 inspicit
380 1113 493 1145 ideam
520 1109 633 1146 cervi,
673 1113 706 1139 et
737 1118 816 1139 cum
843 1106 931 1138 vidit
955 1113 1188 1139 monstrosam

205 1165 397 1209 imaginem
413 1161 506 1195 cervi
523 1160 566 1192 ab
583 1171 621 1192 ea
639 1158 845 1201 discrepare,
873 1157 1006 1190 iudicat
1029 1157 1188 1191 vitiosam

206 1229 291 1251 esse.
343 1213 501 1247 Tantum
527 1211 634 1252 igitur
659 1208 827 1241 monendi
852 1215 933 1241 sunt
950 1208 1125 1246 iunior-es,
1152 1215 1190 1241 ut

206 1270 243 1302 ini
271 1263 471 1300 iudicandis
494 1260 630 1294 vitiosis
655 1260 871 1303 argumentis
896 1266 1003 1292 totam
1032 1259 1191 1303 superio-

206 1331 282 1353 rem
297 1314 507 1350 Dialecticae
524 1318 670 1356 partem,
691 1318 731 1344 ut
748 1310 808 1342 ille
828 1311 939 1353 pictor
956 1310 1069 1343 ideam
1088 1309 1192 1350 cervi,

207 1372 426 1403 intueantur.
498 1362 538 1396 ld
575 1363 755 1406 quomodo
789 1361 989 1393 faciendum
1022 1361 1084 1401 sit,
1122 1360 1191 1394 iam

207 1419 444 1455 ostendemus.
503 1413 573 1447 Sed
599 1423 736 1444 necesse
761 1419 811 1444 est
836 1413 1000 1444 accedere
1023 1411 1191 1444 exercita-

208 1473 360 1508 tionem,
401 1476 506 1511 quam
541 1469 682 1506 propter
717 1461 998 1504 magnitudinem
1029 1461 1193 1494 utilitatis

208 1533 282 1556 nou
299 1519 462 1561 defugere
479 1514 656 1548 studiosos
674 1513 783 1545 decet.
838 1511 997 1545 Primum
1023 1512 1116 1545 enim
1137 1523 1192 1545 as-

209 1570 354 1607 suefacit
377 1568 550 1601 discentes
572 1564 615 1596 ad
640 1562 880 1605 diligentiam,
917 1570 950 1595 et
976 1563 1068 1596 acuit
1096 1563 1192 1605 inge·-

208 1625 287 1661 nia,
314 1628 353 1654 ut
377 1618 506 1652 rectius
529 1621 563 1648 et
589 1613 737 1646 celerius
754 1613 914 1653 videant,
941 1613 978 1644 in
1004 1625 1071 1657 qua
1097 1620 1192 1654 parte

209 1678 497 1717 argumentorum
522 1666 593 1698 sint
614 1664 719 1704 vitia,
747 1670 781 1696 et
804 1662 993 1707 respiciant
1012 1665 1053 1696 ad
1080 1663 1193 1696 fontes

206 1725 376 1758 falsarum
396 1717 696 1764 propositionum:
729 1712 867 1747 Deinde
892 1714 929 1746 in
949 1720 1020 1747 tota
1037 1715 1127 1751 vita,
1156 1714 1192 1745 in

209 1775 308 1809 omni
325 1781 485 1806 sermone
502 1775 535 1801 et
550 1765 794 1804 collocutione,
822 1765 924 1798 affert
943 1763 1027 1798 haec
1043 1776 1193 1797 consue—

209 1827 295 1860 tudo
330 1832 485 1857 amorem
519 1818 694 1854 veritatis,
735 1816 858 1848 odium
895 1814 1121 1859 sophistices,
1162 1821 1193 1848 et

211 1875 451 1910 dexteritatem
481 1870 519 1902 in
550 1867 765 1912 explicandis
797 1866 1058 1901 controversiis.
1119 1864 1194 1898 Hae

211 1927 358 1960 virtutes
382 1929 464 1956 sunt
489 1921 611 1962 ingens
630 1919 754 1958 decus,
780 1924 811 1951 et
837 1917 1001 1961 inprimis
1017 1915 1194 1950 Ecclesiae

212 1978 379 2013 salutare,
413 1979 447 2006 et
477 1972 519 2004 ad
544 1970 766 2003 retinendam
796 1969 977 2001 veritatem
1007 1980 1045 2000 ac
1076 1979 1193 2011 pacem

211 2029 310 2062 utile.

210 2078 315 2112 multi
332 2074 550 2110 existimant,
579 2082 769 2114 puerorum
788 2071 997 2103 certantium
1014 2070 1051 2102 in
1067 2067 1195 2102 scholis

212 2130 342 2164 talibus
359 2123 518 2160 ridiculis
534 2121 772 2165 captionibus,
801 2119 926 2162 Qualis
944 2120 1028 2154 haec
1047 2127 1111 2154 est:

365 2175 499 2210 Omnia
516 2185 605 2218 quae
623 2171 735 2205 cernis
754 2177 835 2203 sunt
852 2169 1033 2216 Episcopi,

366 2227 496 2261 Asinos
513 2223 637 2263 cernis,

364 2277 459 2319 Ergo
479 2275 567 2309 asini
586 2280 666 2307 sunt
683 2270 862 2317 Episcopi.

317 2330 385 2364 Sed
413 2316 634 2362 horribiliter
660 2324 697 2356 in
725 2323 794 2357 vita
825 2329 1002 2367 grassatur
1026 2334 1143 2356 serens
1165 2331 1196 2356 et

216 2382 427 2417 confirmans
442 2378 544 2411 falsas
562 2376 748 2419 opiniones
775 2374 811 2407 in
830 2372 1000 2410 Ecclesia,
1029 2374 1064 2406 in
1091 2375 1199 2412 curia,

215 2435 254 2466 in
277 2433 372 2473 foro,
400 2443 439 2463 ex
456 2428 585 2474 quibus
615 2426 786 2458 maximae
806 2425 1021 2463 discordiae,
1050 2425 1139 2457 bella
1167 2432 1196 2457 et
1225 2434 1226 2446 ³

1061 2476 1199 2508 Adver·
1225 2493 1226 2513 3

215 2545 274 2567 sus
301 2530 392 2565 hanc
417 2531 527 2563 (liram
554 2535 683 2572 pestem
703 2539 840 2560 necesse
862 2534 911 2560 est
930 2528 1017 2558 hene
1036 2538 1197 2569 praemu-
1225 2527 1226 2573 J

709 2576 959 2612 Existimemus
980 2577 1086 2619 igitur
1108 2575 1199 2610 hanc
1225 2575 1226 2589 l

215 2633 411 2669 doctrinam
444 2630 603 2663 solvendi
630 2628 753 2661 vitiosa
787 2635 1010 2671 argumenta,
1043 2640 1060 2660 a
1088 2629 1199 2662 doctis
1225 2625 1226 2638 ³

214 2695 248 2722 et
274 2682 472 2718 amantibus
494 2680 675 2713 veritatem
708 2692 834 2723 magno
860 2679 1007 2713 consilio
1034 2680 1196 2713 traditam
1224 2677 1227 2726 j

216 2482 461 2525 dissipationes
493 2478 629 2521 generis
654 2475 800 2509 humani
831 2477 1008 2509 oriuntur.

215 2583 288 2618 niri
305 2589 436 2615 mentes
454 2588 485 2613 et
503 2587 654 2623 pectora.

1236 209 1309 231 esse
1332 197 1515 235 studiosis,
1548 202 1588 230 ut
1617 194 1710 230 hanc
1729 195 1934 240 Gorgonem
1956 210 2135 243 opponere
2160 199 2217 233 di-

1237 255 1335 282 scant
1360 248 1556 293 praestigiis
1580 245 1818 291 sophistarum
1851 254 1885 281 et
1907 247 2217 294 sycophantarum,

1238 299 1298 344 qui
1316 312 1537 332 communem
1557 299 1663 332 vitam
1675 323 1684 337 ,
1713 299 1874 342 dogmata
1888 305 1920 332 et
1936 299 2082 333 consilia
2099 300 2219 343 publi-

1236 362 1275 383 ca
1303 350 1494 384 mendaciis
1525 356 1557 383 et
1588 348 1776 382 calumniis
1803 349 1917 393 specie
1943 349 2062 395 aliqua
2096 351 2220 384 fucatis

1239 401 1393 436 turbant.
1446 400 1523 434 Etsi
1549 407 1665 433 autem
1692 400 1729 432 in
1755 397 1976 442 Rhetoricis,
2008 406 2047 433 ut
2068 400 2106 433 in
2130 401 2221 435 libro

1213 451 1215 470 ³
1240 453 1283 485 ad
1309 450 1532 485 Herennium
1564 451 1713 494 scripto,
1745 451 1935 484 traduntur
1965 457 2148 496 praecepta
2179 452 2223 485 de

1241 502 1378 536 vitiosis
1401 502 1617 545 argumentis
1634 501 1854 542 iudicandis,
1882 508 1999 535 tamen
2015 502 2075 535 illa
2094 509 2128 536 et
2143 514 2224 535 mu·

1241 553 1301 586 tila
1319 559 1419 593 sunt,
1442 559 1475 586 et
1490 553 1576 585 adeo
1595 552 1741 596 agrestia
1759 564 1798 585 ac
1814 553 1974 590 obscura,
2005 559 2045 587 ut
2062 553 2106 586 ab
2124 552 2225 595 igna-

1242 603 1290 636 ris
1308 603 1522 636 Dialecticae
1546 615 1619 635 non
1644 602 1897 646 intelligantur.
1948 602 2095 638 Rectior
2118 610 2168 637 est
2192 609 2226 636 et

1243 652 1382 698 planior
1414 651 1498 686 haec
1531 653 1732 686 Aristotelis
1761 654 1941 695 doctrina,
1971 667 2076 699 quam
2109 653 2224 699 sequi-

1242 717 1330 738 mur.
1388 703 1460 737 Nec
1483 704 1579 737 aliud
1598 710 1647 737 est
1670 704 1760 737 liber
1778 705 1820 737 de
1840 705 2005 746 fallaciis,
2033 712 2072 739 ut
2089 711 2226 745 vocant,

1242 756 1310 789 nisi
1336 755 1412 788 viae
1435 754 1595 788 solvendi
1626 754 1711 787 falsa
1736 763 1958 797 argumenta,
1994 762 2227 799 congruentes

1243 807 1284 840 ad
1304 807 1399 840 locos
1414 805 1634 843 dialecticos,
1669 812 1707 839 ut
1723 805 1813 838 infra
1832 807 2025 841 ostendam.
2061 806 2224 841 Primum

1242 864 1357 891 autem
1398 854 1482 890 haec
1519 856 1635 889 brevis
1665 856 1870 890 distributio
1904 863 2084 896 teneatur,
2120 869 2226 903 quam

1242 920 1378 952 semper
1400 908 1435 940 in
1459 914 1647 950 conspectu
1672 906 1839 940 omnibus
1867 907 2014 941 eruditis
2032 920 2103 942 esse
2121 920 2227 953 opor-

1242 966 1310 999 tet,
1337 959 1416 993 ideo
1436 958 1532 991 velut
1554 957 1590 989 in
1609 957 1739 990 tabella
1759 969 1833 990 eam
1853 957 2049 1001 pingemus.

1313 1072 1431 1112 Medi
1470 1072 1664 1113 solvendi
1694 1074 1849 1114 vitiosa
1877 1074 2152 1128 Argumenta.

1344 1153 1452 1189 Ratio
1469 1155 1629 1188 solvendi
1644 1155 1769 1189 vitiosa
1784 1163 1989 1199 argumenta
2008 1156 2137 1201 duplex
2163 1163 2229 1190 est:

1245 1206 1317 1240 Aut
1341 1206 1436 1239 enim
1454 1206 1581 1239 vitium
1605 1213 1655 1240 est
1673 1207 1709 1239 in
1729 1207 1840 1240 forma
1859 1214 2016 1246 tantum,
2043 1208 2080 1241 id
2098 1214 2165 1249 est,
2191 1207 2230 1240 in

1244 1258 1504 1302 consequentia.
1568 1256 1663 1291 Haec
1690 1258 1785 1291 enim
1814 1265 1959 1291 vocatur
1983 1259 2096 1292 forma
2126 1269 2231 1302 argu-

1245 1316 1444 1342 mentorum
1457 1335 1464 1348 ‚
1498 1307 1571 1341 Aut
1590 1315 1639 1342 est
1656 1309 1692 1342 in
1710 1309 1854 1342 materia
1872 1320 1933 1342 seu
1950 1310 2065 1344 rebus.

1346 1358 1384 1392 Si
1405 1359 1529 1391 vitium
1555 1366 1604 1392 est
1631 1359 1668 1391 in
1695 1360 1968 1403 consequentia,
1996 1359 2230 1393 rectissimum

1246 1417 1278 1443 et
1305 1410 1603 1452 expeditissimum
1630 1416 1698 1449 est,
1733 1409 1879 1442 reiicere
1904 1416 2150 1453 argumentum
2175 1422 2231 1443 re-

1245 1457 1479 1505 prehensione
1496 1460 1779 1504 consequentiae.

1345 1510 1411 1543 Sin
1436 1517 1551 1543 autem
1573 1511 1700 1544 vitium
1726 1517 1777 1544 est
1797 1510 1835 1542 in
1858 1510 2002 1543 materia
2031 1522 2091 1544 seu
2114 1511 2232 1555 rebus,

1245 1561 1300 1594 via
1321 1561 1449 1604 triplex
1467 1568 1516 1594 est
1533 1561 1711 1593 solvendi:

1346 1610 1419 1642 Aut
1435 1611 1528 1642 enim
1550 1611 1765 1643 inficiatione
1783 1610 1935 1653 utimur,
1969 1610 2004 1643 id
2029 1618 2099 1652 est,
2126 1623 2233 1655 nega-

1247 1661 1343 1694 tione
1368 1660 1528 1693 tollimus
1559 1661 1682 1693 falsam
1707 1661 2005 1705 propositionem,
2038 1668 2071 1695 et
2099 1662 2232 1696 falsitas

1246 1712 1445 1746 ostenditur
1463 1723 1503 1744 ex
1520 1712 1690 1752 sontibus,
1717 1712 1753 1745 id
1770 1719 1830 1749 est,
1856 1724 1895 1745 ex
1912 1724 2031 1745 rerum
2045 1713 2145 1754 locis,
2171 1714 2232 1746 de-

1246 1763 1426 1800 finitione,
1455 1762 1649 1802 divisione,
1677 1763 1789 1796 causis
1805 1770 1836 1796 et
1853 1763 1940 1798 aliis.

1352 1814 1425 1846 Ant
1444 1813 1581 1846 utimur
1599 1813 1846 1854 distinctione,
1873 1814 2036 1857 ambigua
2061 1814 2154 1847 enim
2177 1814 2234 1848 di-

1247 1864 1377 1907 stingui
1399 1871 1557 1907 oportet,
1585 1871 1624 1898 ut
1639 1865 1730 1898 infra
1751 1865 1877 1900 dicam.

1350 1915 1424 1948 Aut
1448 1915 1616 1948 solvimus
1643 1927 1704 1959 per
1727 1916 1951 1956 instantiam,
1978 1915 2012 1947 id
2041 1922 2110 1955 est,
2136 1915 2232 1948 tolli-

1221 1997 1223 2016 ;
1251 1977 1328 1998 mus
1347 1965 1622 2009 propositionem
1640 1967 1794 2010 aliquam
1811 1973 1946 1999 ostensa
1966 1966 2128 2004 falsitate,
2151 1977 2233 2010 pro-

362 2024 452 2058 Nam
475 2018 662 2065 sophistica
682 2031 754 2052 non
774 2026 824 2053 cst
846 2026 982 2052 tantuin
1009 2019 1131 2059 ludus,
1157 2025 1195 2051 ut
1221 2033 1223 2042 ³

1250 2018 1319 2049 lato
1338 2016 1500 2060 opposito
1518 2017 1691 2060 exemplo.

1614 2107 1728 2138 Prima
1751 2107 1874 2148 reyula.

1354 2170 1394 2203 In
1411 2169 1509 2202 omni
1527 2169 1829 2212 argumentatione
1852 2169 1964 2212 prima
1987 2181 2069 2202 cura
2087 2170 2150 2209 sit,
2178 2170 2234 2204 in-

1252 2222 1451 2266 spiciendae
1483 2227 1513 2252 et
1547 2220 1756 2253 iudicandae
1787 2220 2078 2265 consequentiae,
2111 2233 2156 2254 an
2188 2222 2233 2255 ad

1252 2273 1381 2305 formas
1404 2279 1435 2305 et
1454 2271 1589 2314 regulas
1612 2282 1715 2314 supra
1735 2271 1771 2303 in
1789 2278 1858 2304 tota
1875 2270 2065 2305 Dialectica
2089 2272 2233 2306 traditas

1253 2325 1341 2368 quad
1350 2329 1410 2358 ret.
1465 2322 1513 2356 Ut
1529 2321 1621 2354 enim
1639 2333 1695 2354 ars
1710 2321 1747 2354 in
1764 2329 1952 2365 conspectu
1971 2322 2030 2360 sit,
2053 2321 2116 2355 hac
2133 2334 2232 2355 exer·

1253 2374 1419 2407 citatione
1442 2372 1592 2405 maxime
1616 2372 1804 2416 perficitur.
1859 2373 1950 2406 Cum
1970 2380 2085 2406 autem
2110 2384 2232 2406 conse-

1253 2425 1394 2470 quentia
1422 2424 1595 2467 discrepat
1625 2424 1669 2455 ab
1696 2424 1812 2468 aliqua
1840 2424 1957 2467 regula
1986 2430 2097 2457 totum
2128 2434 2232 2466 argu-

1254 2482 1409 2509 mentum
1442 2472 1716 2518 reprehensione
1746 2474 2016 2519 consequentiae
2043 2474 2232 2515 reficiatur,

1253 2534 1285 2559 et
1302 2532 1516 2559 monstretur
1539 2525 1676 2567 regula,
1704 2538 1720 2558 a
1741 2538 1809 2570 qua
1827 2526 2009 2568 discrepat.
2064 2524 2157 2557 Haec
2176 2537 2232 2559 ra-

1254 2578 1301 2610 tio
1318 2578 1458 2610 laudem
1475 2576 1575 2609 affert
1592 2576 1778 2610 celeritatis
1795 2583 1827 2609 et
1848 2575 1998 2617 ingenii,
2026 2575 2105 2620 quia
2124 2588 2231 2619 parvo

1253 2628 1396 2671 negocio
1415 2638 1580 2670 magnum
1603 2627 1795 2670 periculum
1815 2626 1913 2671 quasi
1929 2626 2048 2670 aliquo
2067 2633 2231 2670 stratege-

1253 2687 1343 2713 mate
1361 2679 1554 2712 discussum
1582 2689 1653 2711 esse
1670 2678 1829 2717 videtur,
1856 2683 1888 2710 et
1911 2677 2129 2711 existimatur
2149 2689 2231 2710 acu-
