2379 2948
129 92 226 130 1325

229 177 281 213 Ea
297 179 469 214 acerbitas
487 180 562 214 odii
578 180 647 213 iam
665 192 806 226 quoque
823 188 968 225 apparet
993 182 1032 214 in
1056 183 1120 215 ad-

126 231 289 265 versariis
316 229 521 274 Evangelii,
548 243 700 277 quorum
722 232 827 266 multi
851 232 956 266 etiam
981 232 1018 266 in
1042 244 1120 277 spe-

125 283 213 316 ciem
239 280 377 316 honesti
406 283 494 324 viri,
522 289 641 316 tamen
667 283 715 316 ita
744 284 870 317 ardent
887 284 970 317 odio
990 285 1118 317 adver-

125 344 183 368 sus
199 334 293 378 pios,
320 340 360 367 ut
378 340 502 378 optent
517 334 615 367 omni
639 345 765 377 genere
783 335 1000 369 crudelitatis
1026 334 1118 368 affici

125 392 158 419 et
183 385 302 418 necari
328 396 449 418 omnes
475 396 494 417 a
519 385 649 429 quibus
672 386 899 420 dissentiunt.
953 385 1034 419 Non
1052 398 1118 430 po-

124 443 191 471 test
206 436 313 479 igitur
334 435 372 467 in
388 435 508 479 impiis
526 436 768 469 misericordia
782 448 852 469 esse
862 437 992 477 debita,
1012 448 1117 482 quam

121 485 217 520 Deus
232 485 400 531 requirit,
427 486 509 531 quia
524 498 598 519 non
614 487 734 520 omnia
757 487 893 521 obiecta
912 489 1116 533 complecti—

121 545 198 577 tur,
227 549 316 584 quae
332 537 435 570 debet
454 537 652 581 complecti.

224 589 277 622 Ac
293 588 454 622 Psalmus
470 589 657 633 praecipue
673 589 833 624 intuetur
850 590 940 623 illud
959 590 1112 634 primum

124 647 157 674 et
180 652 357 674 summum
380 651 469 683 opus
499 640 721 679 dilectionis,
757 642 890 675 scilicet
914 642 1115 675 misericor—

122 692 216 726 diam
239 702 321 735 erga
346 688 555 724 Ecclesiam.
609 690 737 735 Arguit
763 699 796 726 et
818 699 911 727 taxat
938 693 1113 726 infinitam

121 743 288 777 duritiem
321 742 492 774 maximae
523 743 631 785 partis
666 740 870 785 hominum,
904 756 992 789 quae
1023 742 1115 777 nibil

121 794 273 828 afficitur
296 793 554 827 calamitatibus
579 791 766 828 Ecclesiae.
818 794 969 828 Accusat
992 803 1114 841 tyran-

121 858 186 879 nos
213 853 246 879 et
275 842 497 890 hypocritas,
533 845 593 889 qui
627 851 808 889 praetextu
841 846 1020 887 iusticiae,
1055 853 1115 880 aut

121 897 364 931 defendendae
382 895 474 940 pacis
487 922 494 936 ‚
523 908 628 929 omne
652 908 763 940 genus
780 897 999 931 crudelitatis
1017 910 1114 931 exer-

119 955 217 989 cent,
244 948 333 981 sicut
358 953 391 980 et
415 946 484 980 alio
509 947 586 980 loco
614 948 657 980 de
684 948 928 981 misericordia
948 960 1027 992 erga
1047 949 1114 982 Ec-

120 999 262 1033 clesiam
285 998 532 1032 concionatur:
567 997 697 1033 Beatus
723 999 784 1044 qui
816 999 983 1043 intelligit
1007 1012 1112 1043 super

119 1062 269 1095 egenum
287 1057 319 1085 et
335 1061 538 1094 pauperem.

221 1100 310 1136 Cum
327 1101 436 1145 igitur
451 1098 508 1134 hic
524 1100 674 1146 requirit
690 1102 984 1143 misericordiam,
1008 1102 1113 1136 intel-

119 1154 269 1197 ligamus
293 1164 369 1185 eam
394 1152 549 1197 requiri,
574 1163 664 1197 quae
688 1153 826 1187 obiecta
851 1155 987 1192 debita,
1017 1154 1112 1187 iuxta

117 1205 325 1238 mandatum
343 1202 411 1237 Dei
434 1204 691 1248 complectitur.
746 1204 846 1237 Talis
870 1205 1112 1238 misericordia

117 1256 310 1290 adnmdum
329 1266 407 1288 rara
427 1261 496 1296 est'
522 1256 582 1288 sed
599 1261 736 1289 tamum
755 1267 792 1288 m
811 1253 865 1289 h¹⁵
883 1263 951 1298 est'
979 1268 1017 1288 m
1033 1269 1112 1301 qm*
1138 1283 1141 1311 ἵ
1167 1278 1426 1319 misericordia,
1457 1290 1560 1322 quam
1579 1276 1674 1311 Deus
1693 1279 1881 1323 praecipit,
1910 1291 1999 1324 quae
2017 1285 2162 1326 propter

1139 1330 1140 1333 ’
1166 1329 1280 1362 Deum
1305 1336 1503 1373 praestatur
1527 1336 1559 1362 et
1586 1329 1623 1361 in
1648 1330 1828 1372 agnitione
1845 1328 1911 1363 Dei
1937 1337 1969 1363 et
1994 1342 2076 1362 vera
2094 1330 2162 1362 fide

1019 1356 1109 1391 cum
1166 1387 1356 1414 exercetur.

115 1409 359 1443 misericordia
384 1408 526 1452 piorum
551 1414 601 1441 est
626 1408 812 1441 coniuncta
837 1409 942 1448 fides,
966 1409 1112 1449 scilicet,
1165 1431 1226 1471 lis,
1255 1431 1316 1475 qui
1332 1430 1369 1464 fit
1388 1430 1591 1474 impellente
1608 1430 1744 1474 Spiritu
1763 1438 1903 1473 sancto,
1931 1444 1996 1465 nec
2016 1438 2065 1464 est
2083 1438 2161 1465 tan-

115 1473 204 1506 quae
220 1460 350 1498 credit,
368 1471 442 1492 non
461 1459 575 1492 solum
593 1470 658 1492 nos
676 1459 814 1503 placere
824 1459 911 1502 Deo,
928 1461 988 1493 sed
1005 1460 1109 1493 etiam
1137 1466 1139 1504 j
1165 1489 1238 1515 mm
1257 1482 1361 1514 civile
1379 1481 1532 1515 Officium

1136 1507 1139 1519 ,
1539 1508 1544 1514 .

114 1512 183 1557 ipsi
206 1523 309 1545 curae
334 1522 406 1544 esse
429 1517 538 1544 totam
556 1510 664 1543 vitam
681 1517 857 1555 nostram,
886 1511 1107 1556 suppeditari
1137 1521 1138 1531 ¹

117 1308 184 1342 bus
203 1313 252 1341 est
269 1318 350 1340 vera
372 1306 505 1349 agnitio
524 1305 603 1341 Dei,

217 1357 338 1391 Tertia
354 1357 553 1390 differentia
579 1363 630 1390 est
656 1357 693 1389 in
713 1358 820 1390 modo
837 1359 964 1402 operis.

114 1563 219 1597 nobis
237 1563 373 1607 abipso
397 1561 627 1594 necessariam
645 1562 886 1595 defensionem
911 1570 945 1596 et
967 1563 1110 1603 victum,

115 1622 148 1650 et
164 1614 245 1660 quia
264 1613 419 1658 postulat
436 1619 474 1646 ut
490 1624 554 1646 nos
573 1613 734 1646 iuvemus
752 1614 857 1655 alios,
885 1626 924 1647 ac
944 1614 1110 1657 promisit
1136 1618 1137 1622 ’

113 1665 290 1712 praemia,
330 1665 380 1709 pii
411 1671 555 1709 propter
576 1663 690 1697 Deum
720 1671 899 1708 praestant
928 1665 1110 1705 beneficia,

113 1724 147 1752 et
163 1717 318 1751 vicissim
334 1716 403 1749 fide
421 1722 604 1759 expectant
621 1715 794 1749 auxilium
810 1715 889 1751 Dei.

224 1767 294 1801 Hic
335 1768 463 1800 modus
499 1767 614 1810 operis
658 1778 732 1799 non
776 1774 827 1800 est
861 1768 899 1800 in
935 1766 1108 1811 Augusto.

113 1818 192 1855 Etsi
209 1820 304 1853 enim
318 1825 370 1852 est
387 1818 603 1858 misericors,
628 1824 747 1851 tamen
773 1830 847 1851 non
873 1820 985 1852 credit
1007 1831 1107 1852 suam

112 1878 225 1906 totam
250 1871 358 1904 vitam
381 1881 486 1903 curae
511 1881 584 1902 esse
608 1867 703 1910 Deo,
735 1881 798 1902 nec
829 1882 892 1914 pro
918 1871 1109 1904 clementer
1134 1904 1136 1912 ⁴

112 1923 214 1957 factis
239 1928 395 1966 expectat
420 1921 574 1953 vicissim
599 1921 771 1954 auxilinm
795 1919 881 1960 Dei,
916 1923 975 1955 sed
999 1922 1108 1955 hene-

112 1974 197 2008 facit
224 1974 299 2007 sine
323 1978 482 2016 respectu
503 1971 588 2013 Dei,
622 1971 796 2017 impulsus
824 1974 979 2018 quodam
1004 1980 1108 2006 natu-
1134 1979 1135 2011 ξ
1181 2012 1187 2018 .
1347 2012 1354 2018 ι

1134 2013 1136 2033 '¹
1162 2019 1260 2046 tione
1279 2018 1311 2045 et
1328 2023 1403 2044 sine
1421 2012 1578 2047 foenore.

112 2025 178 2059 rali
197 2026 314 2063 dono,
342 2024 399 2056 vel
416 2030 576 2056 metuens
601 2035 644 2056 ne
662 2035 680 2056 a
704 2024 842 2057 civibus
865 2031 1010 2069 propter
1034 2037 1108 2058 sae-

111 2076 235 2110 vitiam
261 2075 477 2115 excutiatur,
505 2075 595 2108 sicut
620 2082 725 2108 norat
750 2076 909 2119 exempla
936 2083 1108 2121 tyranno-

112 2140 211 2168 rum,
236 2127 354 2172 quiab
370 2126 530 2160 honestis
547 2126 684 2159 civibus
702 2127 843 2160 fuerant
861 2128 1030 2171 oppressi.

215 2177 370 2213 Econtra
389 2189 473 2210 vero
488 2170 580 2211 lucet
597 2178 633 2210 in
652 2178 831 2211 beneficiis
854 2178 994 2222 piorum
1020 2180 1106 2212 fides

112 2232 255 2265 intuens
265 2229 381 2263 Deum
394 2256 403 2269 ,
431 2240 499 2274 qua
515 2237 658 2273 propter
667 2228 784 2263 Deum
803 2237 981 2273 praestant
998 2232 1107 2264 bene-
1134 2248 1135 2254 κ

1134 2288 1135 2316 ἔ
1161 2284 1328 2318 Secundo
1348 2285 1486 2318 addunt
1503 2285 1628 2326 fidem,
1656 2287 1804 2319 credunt
1822 2284 1898 2318 Deo
1919 2285 1953 2317 id
1974 2296 2063 2328 opus
2081 2284 2158 2328 pla-

111 2283 208 2323 ficia,
237 2288 270 2315 et
289 2286 473 2325 expectant
490 2280 643 2313 vicissim
663 2281 856 2320 auxilium,
885 2289 920 2315 0t
946 2283 1107 2316 sentiunt

111 2346 210 2368 suam
242 2339 350 2366 totam
381 2331 490 2364 vitam
521 2329 597 2365 Deo
633 2345 737 2366 curae
768 2345 851 2368 esse.
908 2333 966 2367 Sic
989 2332 1106 2366 David

111 2385 261 2429 ignoscit
291 2384 426 2416 civibus
460 2389 537 2425 post
560 2384 788 2425 seditionem,
824 2384 905 2430 quia
937 2385 1002 2418 scit
1030 2384 1106 2418 Deo

111 2437 248 2481 placere
265 2433 356 2468 hanc
371 2434 652 2467 moderationem
669 2435 706 2467 in
723 2436 888 2476 victoria,
922 2444 952 2470 et
981 2448 1016 2469 se
1045 2438 1107 2469 de-
1133 2441 1135 2445 ⁴

108 2489 206 2522 feudi
229 2487 415 2520 divinitus,
469 2484 663 2529 Sareptana
682 2487 811 2520 mulier
838 2488 1012 2533 quidquid
1043 2485 1106 2520 ha-

109 2541 168 2573 bet
185 2539 253 2572 cibi
272 2539 331 2571 dat
348 2533 566 2580 Prophetae,
595 2543 627 2570 et
645 2538 756 2571 credit
778 2540 853 2572 fore
866 2566 874 2579 ,
903 2546 941 2572 ut
967 2539 1105 2572 divini-

110 2599 165 2625 tus
183 2590 351 2624 offeratur
368 2588 502 2633 aliquid
514 2612 526 2632 ,
554 2588 648 2621 unde
665 2601 699 2621 se
718 2596 749 2621 et
767 2589 878 2623 filium
896 2597 1079 2625 sustentet.

213 2640 255 2674 In
272 2638 326 2673 his
343 2639 512 2684 exemplis
529 2639 625 2672 cerni
643 2647 757 2683 potest
775 2641 977 2675 differentia
997 2642 1103 2675 etiam
1131 2679 1132 2684 ¹

516 2689 563 2724 Et
595 2688 681 2724 haec
712 2693 902 2736 descriptio
937 2694 1103 2734 ostendit,
1130 2686 1132 2698 ‘

108 2694 146 2726 in
179 2694 285 2727 modo
316 2692 444 2736 operis.

729 93 790 128 IX.
843 92 1208 131 COMMENTARII
1240 95 1291 132 IN
1323 95 1566 134 PSALMOS.

1142 773 1144 785 v
1170 757 1339 800 largiores
1362 755 1628 803 Eleemosynae.

1135 1808 1136 1815 ¹
1163 1813 1195 1840 et
1211 1808 1306 1852 quod
1325 1807 1427 1839 facile
1447 1814 1627 1850 praestant
1644 1808 1749 1841 etiam
1769 1808 1884 1853 impii.

1134 2162 1135 2166 ,
1161 2142 1260 2169 rum,
1297 2130 1386 2163 sicut
1412 2137 1444 2163 et
1465 2138 1600 2164 caetera
1627 2129 1733 2166 huius
1761 2131 1898 2175 generis
1922 2131 2048 2165 officia.

2074 102 2170 138 1326

1173 185 1353 229 quomodo
1369 184 1573 219 liberalitati
1593 185 1732 229 piorum
1749 186 1788 220 fit
1805 186 1993 220 coniuncta
2009 187 2106 227 fides,
2122 188 2166 221 de

1173 248 1243 280 quo
1277 236 1371 276 loco,
1407 242 1524 280 postea
1556 236 1684 270 iterum
1719 237 1784 271 erit
1809 238 2013 272 dicendum.
2073 238 2164 272 Nam

1173 299 1252 320 cum
1269 287 1415 325 dicitur,
1445 285 1499 319 his
1524 288 1690 331 operibus
1705 289 1807 322 fidem
1828 290 2058 323 exercendam
2082 301 2164 331 esse,

1172 338 1373 382 postulatur
1390 350 1461 370 non
1481 340 1605 378 modo,
1632 346 1671 372 nt
1688 339 1774 373 fiant
1791 353 1914 384 opera,
1944 342 2001 374 sed
2021 347 2059 374 ut
2080 340 2163 374 talia

1172 401 1276 433 opera
1295 389 1400 429 fiant,
1430 389 1465 421 in
1486 389 1614 434 quibus
1637 390 1722 423 fides
1749 391 1862 425 luceat
1887 399 1920 425 et
1939 392 2163 432 exuscitetur,

1171 441 1336 473 videlicet
1372 442 1467 484 quod
1506 438 1562 473 hic
1599 441 1712 474 cultus
1737 441 1812 475 Deo
1849 443 1892 476 sit
1920 444 2163 487 praestandus,

1171 493 1266 536 quod
1292 492 1425 535 placeat
1450 490 1523 524 Deo
1550 499 1692 535 propter
1713 491 1914 534 Christum,
1949 495 2043 539 quod
2068 493 2164 527 Deus

1143 552 1145 584 j
1170 551 1267 576 curet
1285 550 1392 576 totam
1412 543 1518 574 vitam
1538 550 1712 582 nostram,
1745 551 1777 577 et
1800 552 1945 592 propter
1964 544 2029 579 lios
2048 545 2163 579 cultus

1142 603 1144 627 ς
1170 594 1322 627 vicissim
1359 593 1396 626 in
1428 593 1557 626 nostris
1593 594 1760 641 periculis
1790 596 1893 629 nobis
1927 597 2165 641 opitulaturus

1143 657 1144 663 ¹
1169 653 1224 681 sit.

1272 705 1309 740 Si
1342 704 1427 739 haec
1452 705 1536 738 fides
1562 712 1649 739 esset
1676 706 1714 739 in
1737 707 1877 746 multis,
1913 708 2024 741 multo
2049 714 2163 741 essent

1683 757 1772 790 Nam
1792 758 1991 792 diffidentia
2011 759 2164 792 deterret

1169 809 1212 841 ab
1230 807 1284 840 his
1303 809 1469 852 operibus
1482 836 1489 848 ‚
1519 809 1600 853 quia
1620 805 1783 841 homines
1801 810 1956 852 cogitant
1981 821 2015 842 se
2033 809 2163 852 negligi

1168 872 1186 892 a
1212 858 1306 898 Deo,
1342 866 1374 892 et
1402 860 1582 893 somniant
1606 859 1719 893 Deum
1753 872 1827 893 non
1857 867 2063 894 curaturum
2090 871 2162 893 esse

1168 911 1253 954 ipsis
1271 911 1505 944 necessarium
1526 911 1678 951 victum,
1705 911 1784 944 ideo
1808 911 1952 956 rapiunt
1977 912 2163 945 undecun-

1168 974 1254 1007 que,
1282 969 1315 995 et
1333 970 1431 1006 parto
1448 962 1636 1003 incubant,
1664 975 1708 995 ne
1728 962 1813 1008 quid
1835 969 1964 1006 pereat.

1270 1021 1450 1055 Hactenus
1487 1022 1558 1054 dixi
1595 1023 1637 1055 de
1672 1021 1786 1065 prima
1822 1023 1994 1067 particula
2026 1034 2161 1056 versus:

1167 1072 1298 1107 Beatus
1326 1074 1387 1118 qui
1411 1073 1608 1108 miseretur.
1662 1072 1796 1119 Estque
1825 1074 2015 1117 diligenter
2040 1075 2161 1107 obser-

1140 1152 1142 1163 ,
1168 1126 1325 1158 vandum
1352 1124 1543 1157 discrimen
1570 1125 1832 1158 misericordiae
1857 1126 1998 1169 piorum
2033 1133 2065 1159 et
2095 1125 2163 1157 im-

1167 1176 1326 1220 piorum,
1355 1183 1394 1209 ut
1418 1175 1568 1208 sciamus
1594 1176 1733 1220 qualem
1759 1177 2038 1210 misericordiam
2061 1176 2162 1218 flagi-

1167 1234 1225 1262 tet.
1276 1225 1421 1260 Certum
1440 1233 1489 1260 est
1508 1228 1600 1259 enim
1621 1226 1800 1261 Psalmum
1820 1228 2024 1261 concionari
2043 1228 2084 1260 de
2101 1227 2162 1260 illa

1412 1379 1512 1412 Talis
1531 1380 1774 1414 misericordia
1792 1388 1841 1414 est
1862 1382 1977 1414 cultus
1994 1380 2162 1424 spiritua-

1602 1481 1653 1515 lta
1670 1482 1902 1516 iudicandum
1918 1483 1985 1517 erit
2002 1490 2034 1517 et
2050 1483 2092 1516 de
2109 1494 2163 1516 se-

1166 1533 1356 1578 quentibus
1374 1533 1552 1577 operibus.

1215 1623 1270 1659 Et
1288 1630 1414 1660 mutuo
1431 1624 1508 1660 dat.

1266 1702 1423 1737 Bliretur
1443 1704 1572 1749 aliquis
1590 1705 1802 1739 nominatim
1827 1705 1985 1750 praecipi
2012 1705 2056 1738 de
2080 1717 2160 1739 mu—

1163 1755 1335 1795 tuatione,
1353 1767 1431 1788 cum
1448 1755 1611 1789 videatur
1625 1767 1697 1789 esse
1714 1764 1851 1790 tantum
1869 1757 1973 1790 civile
1992 1756 2159 1800 officium,

1939 1808 1995 1841 Ad
2015 1805 2083 1841 hoc
2102 1820 2159 1841 re-

1162 1858 1321 1902 spondeo
1341 1858 1429 1891 sicut
1447 1869 1552 1901 supra
1564 1883 1572 1897 ‚
1602 1857 1783 1892 Mutuatio
1801 1860 2017 1904 praecipitur
2033 1857 2091 1892 hic
2107 1865 2158 1892 ta-

1162 1910 1225 1950 lis,
1259 1909 1399 1953 qualern
1423 1909 1557 1951 flagitat
1578 1909 1690 1951 Deus,
1724 1911 1856 1944 scilicet
1878 1922 1967 1956 quae
1989 1910 2049 1944 fiat
2074 1922 2160 1955 pro-

1163 1968 1239 2004 pter
1255 1960 1393 2000 Deum,
1421 1967 1454 1993 et
1470 1961 1507 1992 in
1525 1960 1611 2001 fide,
1642 1968 1675 1994 et
1694 1962 1910 2004 liberaliter,
1938 1962 2013 1995 sine
2037 1968 2158 2006 capta-

1265 2077 1448 2112 Differunt
1471 2079 1566 2112 enim
1593 2081 1769 2114 mutuatio
1787 2080 1928 2125 piorum
1960 2086 1993 2113 et
2028 2079 2159 2123 impio-

2104 2130 2159 2164 Pii

1162 2183 1249 2215 dant
1271 2188 1415 2222 mutuo,
1443 2190 1588 2227 propter
1611 2181 1746 2224 Deum,
1777 2183 1858 2228 quia
1885 2183 2001 2215 sciunt
2024 2182 2159 2227 requiri

1162 2231 1230 2266 hoc
1253 2245 1342 2276 opus
1370 2245 1388 2266 a
1413 2231 1509 2274 Deo,
1543 2242 1714 2279 tanquam
1745 2234 1982 2267 necessarium
2011 2233 2158 2268 cultum.

1161 2348 1255 2374 cere,
1274 2343 1307 2369 et
1322 2348 1357 2369 se
1375 2332 1504 2369 habere
1521 2335 1635 2370 Deum
1652 2337 1852 2381 propicium
1871 2343 1904 2369 et
1923 2336 2158 2376 defensorem,

1160 2399 1199 2420 ac
1215 2387 1330 2421 Deum
1346 2387 1500 2420 vicissim
1519 2387 1603 2431 ipsis
1623 2388 1929 2432 suppeditaturum
1947 2398 2018 2419 esse
2037 2398 2158 2419 neces-

1161 2439 1251 2471 saria
1268 2439 1375 2472 bona.
1431 2438 1555 2471 Tertio
1574 2439 1712 2473 obiecta
1736 2440 2022 2482 complectuntur
2045 2449 2062 2470 a
2079 2435 2155 2471 Deo

1159 2490 1339 2534 proposita
1353 2517 1361 2529 ‚
1380 2490 1465 2522 dant
1484 2497 1609 2523 mutuo
1626 2503 1707 2523 vere
1725 2491 1909 2533 egentibus
1929 2489 2014 2533 piis,
2032 2496 2066 2522 et
2083 2500 2156 2522 non

1159 2548 1321 2574 exercent
1353 2548 1538 2586 quaestum
1563 2541 1726 2585 pactione
1752 2553 1954 2576 usurarum.
2007 2539 2158 2584 Propter

1132 2587 1222 2633 {has
1258 2599 1328 2625 tres
1362 2591 1644 2625 circumstantias
1679 2592 1860 2626 Mutuatio
1893 2592 1932 2625 fit
1972 2591 2157 2635 spirituale

1159 2655 1248 2687 opus
1271 2651 1304 2676 et
1337 2643 1454 2677 cultus
1479 2641 1565 2682 Dei,
1601 2644 1689 2677 sicut
1715 2656 1819 2689 supra
1843 2644 1886 2677 de
1911 2643 2161 2676 misericordia

1160 2695 1293 2728 dictum
1316 2701 1383 2729 esti
