2379 2948
234 129 306 164 639
467 122 674 160 SCRIPTA
703 119 778 154 PH.
804 115 919 152 MEL,
948 113 1018 150 AD
1045 110 1171 147 HtsT.
1198 104 1343 144 PROF.
1367 102 1434 140 ΕΤ
1460 101 1652 140 PHILOS.
1680 104 2001 145 SPECTANTIA.

495 207 594 252 Quid
619 210 675 241 est
704 199 960 239 disiunctiva?

342 276 561 314 Disiunctiva
588 280 658 313 est,
690 271 726 304 in
753 282 820 315 qua
847 270 936 302 duae
961 263 1219 312 propositiones

242 335 436 375 iunguntur
461 338 521 370 per
541 322 747 368 particulam
772 319 1040 358 disiunctivam‚
1065 323 1118 350 ut:
1148 315 1220 348 Aut

243 383 402 425 voluptas
418 384 467 411 est
483 376 563 410 finis
578 372 755 411 hominis,
781 378 842 405 aut
860 371 983 404 virtus.

422 463 497 496 Dic
524 459 698 506 reyulam
727 455 773 490 de
802 454 1040 489 disiunctiva.

342 529 399 565 Ad
424 529 605 562 veritatem
629 524 861 559 disiunctivae
888 521 971 554 satis
1004 526 1053 552 est
1078 518 1221 551 alteram

243 590 374 629 partem
393 592 464 614 esse
481 590 615 611 veram:
646 575 692 610 Ut
715 581 874 617 stuprum
904 571 1056 604 offerens
1083 567 1223 610 virgini,

243 642 301 668 ant
326 635 430 666 ducat
454 642 546 669 eam,
573 634 633 661 aut
649 628 705 658 det
723 626 850 657 dotem.
906 621 995 663 Lege
1013 619 1130 652 Attica
1149 624 1222 650 erat

243 685 354 718 oratio
374 680 599 715 disiunctiva.
651 674 699 709 At
714 675 786 717 lege
806 672 960 706 Mosaica
981 677 1054 703 erat
1080 668 1222 713 copula-

244 737 330 770 tiva:
359 733 528 775 Stuprum
545 728 695 762 offerens
712 725 859 768 virgini,
886 729 918 755 et
943 723 1047 754 ducat
1072 732 1166 760 eam,
1192 725 1224 751 et

244 788 287 820 de
306 797 367 818 sno
388 785 504 815 dotem
531 777 732 812 constituat.
785 774 880 807 Haec
902 771 1073 805 sermonis
1099 769 1223 803 discri-

244 837 359 873 mina,
388 833 448 866 etsi
471 841 574 863 sensu
591 826 771 861 communi
798 825 1017 862 iudicantur,
1044 828 1160 854 tamen
1186 826 1224 853 ut

244 885 446 928 diligentius
466 883 698 914 observentur
725 884 757 910 et
781 876 1043 919 expendantur,
1072 871 1161 905 tradi
1187 871 1223 903 in

244 944 316 970 arte
333 936 457 968 solent.

393 1014 579 1060 Quomodo
606 1012 704 1062 fiunt
733 1012 819 1047 inde
842 1007 1071 1057 sylloqqismz'?

347 1086 448 1119 Valet
462 1082 709 1127 consequentia
726 1093 744 1113 a
763 1080 959 1112 remotione
976 1076 1082 1110 unius
1107 1074 1226 1119 partis,

247 1146 305 1172 aut
327 1137 499 1182 plurium,
534 1135 577 1167 ad
607 1131 897 1165 asseverationem
925 1127 1080 1172 reliquae
1107 1125 1225 1170 partis.

248 1190 408 1232 Suntque
427 1185 481 1219 hic
498 1185 689 1229 prudenter
704 1182 875 1215 tenendae
891 1178 954 1212 hae
971 1180 1060 1211 duae
1076 1177 1226 1219 regulae,

247 1251 394 1285 quarum
422 1237 518 1281 prior
542 1241 606 1268 est:
643 1232 690 1267 Ut
718 1233 753 1264 in
790 1231 964 1264 divisione
996 1229 1225 1261 sufficientem

248 1289 548 1323 enumerationem
565 1284 770 1329 specierum,
786 1289 845 1315 aut
861 1281 1013 1325 partium
1029 1279 1103 1311 fieri
1121 1289 1227 1322 opor-

247 1349 313 1379 tet,
343 1341 389 1373 ita
408 1339 443 1371 in
462 1335 683 1371 disiunctivis
701 1334 745 1367 sit
761 1334 894 1375 integra
916 1330 1145 1368 enumeratio,
1171 1334 1226 1361 ut:

248 1391 384 1425 Iustum
410 1396 459 1422 est
484 1385 649 1430 suspendi
678 1385 811 1424 furem,
848 1382 928 1427 quia
956 1382 991 1413 id
1017 1387 1077 1413 aut
1104 1379 1226 1412 divino

249 1444 324 1475 iure
338 1468 346 1480 ,
374 1447 431 1473 aut
449 1438 557 1471 veteri
572 1435 757 1472 Romano,
785 1441 843 1466 aut
861 1433 963 1465 novis
982 1431 1116 1474 legibus
1141 1441 1228 1462 con-

250 1493 412 1526 stitutum
446 1496 515 1528 est,
551 1493 611 1520 ant
638 1484 815 1529 probabili
845 1481 1100 1516 consuetudine
1132 1480 1228 1523 longi

251 1541 417 1586 temporis
435 1545 609 1582 receptum
628 1543 689 1569 est.
744 1534 865 1569 Altera
891 1533 1009 1576 regula
1035 1538 1100 1565 est:
1130 1531 1229 1564 Tan—

251 1602 324 1627 tum
353 1591 419 1624 hoc
443 1591 510 1622 iter
532 1587 683 1621 traditur
708 1586 744 1618 in
769 1583 833 1618 hac
859 1585 990 1623 forma,
1018 1590 1057 1616 nt
1080 1594 1098 1615 a
1114 1594 1230 1615 remo-

252 1645 347 1677 tione
372 1642 476 1675 unius
501 1638 608 1683 partis
634 1637 844 1680 procedatur
866 1636 907 1667 ad
938 1633 1229 1667 asseverationem

252 1694 407 1727 alterius.
441 1690 487 1724 Et
502 1688 677 1734 praecepti
693 1685 799 1720 huius
817 1698 896 1718 vera
916 1696 1017 1718 causa
1035 1690 1103 1723 est,
1127 1694 1230 1728 quam

252 1751 394 1789 propter
413 1741 617 1775 tenuitatem
634 1738 769 1772 omittO.

318 1832 390 1864 Dic
416 1825 584 1873 formam
611 1823 818 1870 syllogismi
845 1825 885 1856 in
914 1820 1165 1855 disiunctivis.

358 1895 464 1928 Initio
475 1900 642 1937 tanquam
659 1892 736 1923 loco
755 1889 899 1922 maioris
916 1888 1060 1932 ponitur
1077 1894 1148 1919 tota
1162 1885 1232 1918 dis-

257 1947 430 1985 iuncfiva,
457 1944 584 1977 deinde
600 1942 718 1974 minor
741 1941 847 1973 unius
874 1940 981 1984 partis
1002 1937 1150 1970 remotio
1175 1942 1235 1969 est.

257 1998 424 2043 Sequitur
434 2007 513 2037 ergo
526 1992 715 2031 conclusio,
728 1991 934 2024 asseveratio
947 1990 1101 2032 reliquae
1113 1987 1233 2031 partis:

408 2055 480 2086 Aut
495 2057 638 2096 propter
652 2050 774 2091 legem,
788 2055 847 2081 aut
865 2054 1005 2091 propter
1021 2045 1151 2078 Filium
1169 2043 1236 2077 Dei

459 2101 581 2146 ἱκέτην
607 2098 669 2135 καὶ
695 2096 846 2143 μεσίτην
874 2099 940 2131 fide
974 2096 1165 2140 recipimur
1198 2095 1234 2127 in

460 2153 607 2197 gratiam
624 2163 641 2183 a
663 2149 755 2194 Deo,

411 2205 478 2239 Sed
501 2210 642 2248 propter
659 2202 767 2243 legem
786 2211 859 2232 non
885 2198 1074 2241 recipimur
1099 2197 1134 2229 in
1159 2209 1237 2240 gra-

465 2255 568 2294 tiam,
602 2252 682 2297 quia
718 2252 752 2284 in
791 2248 855 2282 hae
882 2248 1084 2281 infirmitate
1114 2255 1235 2280 natura

462 2303 617 2337 humana
635 2315 706 2335 non
724 2300 888 2335 satisfacit
908 2299 973 2342 legi
993 2298 1070 2339 Dei,
1098 2306 1130 2331 et
1149 2310 1237 2330 sem-

466 2367 526 2399 per
544 2355 746 2387 circnmsert
763 2352 879 2396 aliqua
897 2356 1053 2394 peccata,

412 2406 504 2449 Ergo
519 2411 663 2450 propter
680 2403 809 2437 Filium
829 2401 895 2434 Dei
912 2400 1102 2444 recipimur
1119 2400 1196 2432 fide.

365 2466 475 2507 Quae,
504 2463 628 2508 qualis,
657 2469 785 2506 quanta
803 2468 852 2494 est
867 2458 953 2492 haec
973 2458 1189 2503 propositio?

364 2523 444 2556 Non
459 2536 547 2567 opus
562 2529 611 2555 est
629 2521 792 2554 exercitio
818 2520 851 2552 in
881 2518 1073 2551 levioribus
1097 2517 1241 2556 artibus,

265 2582 296 2609 et
315 2585 387 2607 non
406 2581 454 2606 est
470 2584 557 2616 opus
574 2573 609 2605 in
626 2571 895 2604 difficilioribus,

365 2630 428 2665 Est
445 2628 678 2675 hypothetica,
706 2629 926 2668 affirmativa,
954 2627 1147 2661 indefinita.
1184 2625 1241 2659 Sic

265 2685 357 2717 enim
377 2681 636 2725 interpretanda
654 2687 717 2713 est:
744 2679 833 2713 Cum
852 2691 938 2723 opus
957 2679 1000 2712 sit
1017 2676 1181 2711 exercitio
1204 2677 1240 2708 in

2173 109 2247 145 640

1269 190 1462 226 levioribus
1481 189 1633 230 artibus,
1660 197 1934 224 consentaneum
1953 199 2003 226 est
2018 199 2051 226 et
2066 193 2103 226 in
2119 193 2245 226 diffici-

1270 242 1420 275 liorihus
1443 241 1577 275 artibus
1599 240 1763 274 exercitio
1787 252 1875 285 opus
1894 253 1976 276 esse.
2030 242 2111 277 Ideo
2130 250 2244 277 autem

1270 290 1362 326 hanc
1376 293 1524 325 formam
1544 289 1600 324 hie
1621 302 1803 333 recenseo,
1830 292 1911 336 quia
1935 293 2026 336 apud
2043 292 2245 327 Ciceronem

1272 343 1406 388 aliquot
1435 342 1592 386 exempla
1624 349 1752 377 extant.
1809 341 1855 376 Et
1882 340 2026 375 Graecis
2055 345 2245 377 admodum

1273 394 1456 427 familiaris
1471 401 1532 428 est.
1583 393 1626 425 In
1646 392 1806 426 oratione
1823 405 1886 437 pro
1907 392 2044 426 Milone
2061 391 2127 426 hoc
2144 406 2247 438 argu-

1273 451 1430 477 mentum
1447 445 1490 477 de
1507 443 1731 488 providentia
1747 444 1860 477 obiter
1876 444 2058 477 recitatur:
2086 443 2165 477 Non
2182 444 2248 478 hoc

1274 495 1396 538 fragile
1421 506 1547 538 corpus
1575 491 1769 527 humanum
1792 500 1908 527 mente
1930 495 2084 537 regitur,
2119 501 2152 528 et
2176 506 2249 528 non

1275 546 1408 588 regitur
1437 552 1553 578 mente
1586 544 1790 578 universum
1823 545 1947 578 mundi
1977 556 2120 587 corpuS‚
2154 547 2248 590 quod

1275 602 1370 629 tanta
1388 595 1554 628 varietate
1571 595 1724 638 partium
1741 602 1904 629 ornatum
1932 603 1999 636 cst,
2025 602 2058 628 et
2079 602 2147 628 tam
2170 601 2251 638 apto

1276 646 1400 679 ordine
1429 645 1652 686 distinctum,
1690 653 1723 678 et
1747 653 1816 679 tam
1842 653 1951 680 certas
1976 653 2134 680 motuum
2161 646 2253 678 vices

1276 695 1400 736 habet,
1427 696 1470 728 ad
1494 694 1680 729 utilitatem
1707 696 1938 730 animantium
1964 697 2255 736 accommodatas,

1278 754 1311 780 et
1330 747 1421 789 leges
1436 746 1599 779 immotas
1617 747 1868 790 procreationis
1888 748 1924 780 in
1940 748 2106 780 omnibus
2124 747 2254 791 specie-

1278 799 1353 831 bus.
1388 796 1499 841 Saepe
1518 804 1633 830 autem
1653 797 1805 840 comperi
1824 809 1895 830 non
1914 798 2152 842 praemonitos
2170 795 2256 830 hae-

1278 860 1353 881 rere
1372 848 1407 880 in
1423 859 1462 880 eo
1480 848 1556 880 loco
1574 846 1794 881 Milonianae
1813 848 1994 889 orationis,
2020 856 2053 882 et
2069 849 2255 883 similibus,

1278 899 1426 932 Prodest
1442 899 1550 942 igitur
1567 897 1602 929 in
1620 895 1683 930 hac
1701 905 1797 941 parte
1816 897 2024 931 Dialectices
2036 926 2045 940 ‚
2072 898 2162 932 hanc
2178 899 2253 932 for-

1278 962 1371 982 mam
1391 949 1574 993 explicari‚
1600 949 1802 992 praesertim
1822 961 1899 982 cum
1925 956 2057 982 veteres
2073 948 2255 983 Dialectici

1279 1001 1403 1033 crebro
1428 1011 1502 1032 eam
1530 999 1752 1042 usurparint,
1778 1006 1816 1033 ut
1842 1001 1878 1032 in
1908 999 2051 1043 Topicis
2075 999 2255 1033 Ciceronis

1279 1057 1434 1095 apparet.
1474 1048 1535 1083 Est
1554 1056 1668 1082 autem
1687 1050 1887 1094 imperfecta
1905 1051 2077 1095 syntaxis,
2105 1063 2193 1096 quae
2209 1051 2257 1083 sie

1280 1100 1491 1134 absolvitur:
1519 1099 1600 1133 Non
1620 1108 1892 1134 consentaneum
1913 1108 1979 1142 est,
2007 1113 2084 1134 cum
2101 1099 2168 1134 hoc
2185 1102 2257 1134 sra-

1280 1152 1348 1196 gile
1372 1163 1498 1195 corpus
1521 1148 1715 1184 humanum
1746 1158 1862 1185 mente
1896 1159 2053 1194 regatur,
2087 1163 2159 1185 non
2185 1152 2258 1195 regi

1281 1209 1396 1236 mente
1419 1203 1569 1247 quadam
1596 1202 1800 1235 universum
1826 1203 2009 1237 mundum.
2063 1202 2120 1237 Sic
2136 1201 2259 1236 Cicero

1281 1260 1314 1287 et
1334 1254 1371 1286 in
1396 1253 1489 1286 libro
1515 1254 1558 1285 de
1574 1250 1804 1286 Divinatione
1830 1253 1963 1298 inquit:
1991 1253 2072 1286 Non
2098 1259 2181 1286 sunt
2196 1253 2259 1293 dii,

1281 1311 1314 1338 et
1329 1316 1402 1337 non
1418 1303 1615 1346 significant
1628 1330 1636 1344 ‚
1661 1303 1696 1335 id
1715 1310 1781 1337 est:
1807 1303 1888 1336 Non
1903 1311 1953 1337 est
1976 1311 2260 1343 consentaneum,

1282 1367 1361 1388 cum
1387 1355 1431 1388 sit
1453 1353 1567 1394 Deus,
1594 1365 1667 1387 non
1692 1354 1887 1396 significare
1909 1366 1987 1387 eum
2007 1355 2136 1390 futura.
2189 1353 2259 1388 Sed

1281 1406 1318 1438 in
1337 1404 1482 1438 Graecis
1499 1403 1728 1446 scriptoribus
1751 1404 1950 1447 saepissime
1973 1405 2076 1438 obvia
2102 1411 2152 1438 est
2174 1404 2260 1437 haec

1281 1456 1411 1496 forma,
1453 1461 1493 1488 ut
1522 1455 1615 1499 apud
1643 1452 1932 1498 Xenophontem:
1975 1453 2260 1489 Existimandum

1283 1513 1352 1547 est,
1385 1518 1457 1539 non
1483 1503 1655 1538 humanos
1680 1506 1801 1538 oculos
1825 1517 1879 1538 res
1903 1506 2116 1551 longinquas
2142 1506 2260 1538 videre

1285 1568 1401 1601 posse,
1427 1556 1494 1590 Dei
1513 1567 1593 1589 vero
1613 1555 1733 1588 oculos
1757 1568 1829 1588 non
1853 1567 1953 1599 posse
1975 1557 2098 1600 procul
2125 1556 2262 1600 prospi-

1284 1619 1371 1641 cere.
1398 1607 1511 1639 Yideo
1531 1613 1644 1639 autem
1666 1607 1845 1650 propriam
1864 1606 1969 1639 fuisse
1988 1605 2076 1640 hanc
2093 1607 2262 1652 loquendi

1285 1659 1434 1690 formam
1460 1656 1678 1694 Geometris‚
1716 1659 1809 1701 quod
1843 1657 1930 1690 scire
1953 1664 1986 1691 et
2006 1658 2202 1691 iucundum
2229 1665 2261 1692 et

1285 1708 1371 1742 utile
1390 1715 1449 1742 est.
1502 1706 1578 1740 Fiet
1603 1708 1696 1739 enim
1719 1708 1913 1748 illustrior,
1947 1720 2025 1741 cum
2053 1709 2262 1752 geometrica

1287 1759 1442 1802 exempla
1462 1758 1791 1792 considerabuntur.
1827 1757 1956 1793 Extant
1972 1766 2088 1792 autem
2107 1760 2261 1804 exempla

1286 1810 1324 1842 in
1367 1809 1668 1843 demonstratione
1703 1810 1954 1853 propositionis
1993 1817 2133 1844 octavae
2180 1810 2260 1843 libri

1287 1860 1392 1905 primi
1413 1859 1589 1899 Euclidis‚
1617 1866 1647 1892 et
1672 1860 1708 1892 in
1732 1861 2031 1894 demonstratione
2054 1861 2265 1905 propositio-

1287 1912 1343 1944 nis
1354 1911 1535 1943 vicesimae
1552 1917 1693 1955 quartae
1708 1911 1792 1943 libri
1808 1913 1916 1945 tertii:
1945 1911 2024 1945 Non
2040 1918 2122 1944 sunt
2137 1923 2264 1956 aequa—

1289 1963 1337 1994 les
1357 1959 1529 2001 chordae,
1558 1968 1591 1994 et
1608 1974 1679 1994 non
1706 1969 1787 1995 sunt
1810 1963 1970 2006 aequales
1993 1973 2111 2000 arcu5‚
2137 1962 2170 1994 id
2199 1969 2262 1995 est:

1288 2012 1369 2046 Non
1389 2019 1438 2045 est
1454 2018 1743 2051 consentaneum,
1772 2012 1833 2045 ubi
1858 2010 2008 2045 chordae
2033 2018 2114 2045 sunt
2137 2024 2266 2057 aequa--

1290 2065 1356 2104 les,
1384 2075 1455 2095 non
1477 2074 1547 2095 esse
1565 2064 1726 2107 aequales
1744 2074 1856 2096 arcus,

1290 2152 1390 2185 Haec
1403 2147 1530 2194 forma
1547 2152 1650 2181 estne
1665 2146 1929 2182 conditionalis
1946 2153 2012 2182 azct
2027 2149 2239 2193 copulativa
2250 2147 2267 2182 ,⁹

1392 2215 1467 2251 Etsi
1490 2216 1598 2260 aliqui
1624 2216 1858 2259 copulativam
1884 2227 1956 2249 esse
1978 2216 2118 2255 dicunt,
2151 2223 2265 2249 tamen

1291 2280 1391 2313 saepe
1406 2267 1530 2301 similis
1546 2272 1594 2298 est
1612 2266 1864 2303 conditionali,
1892 2267 1925 2299 id
1947 2274 2014 2303 est,
2042 2267 2264 2300 etiamsinon

1292 2331 1429 2354 causam
1446 2328 1581 2361 semper
1598 2316 1703 2349 altera
1723 2329 1800 2361 pars
1819 2318 1993 2357 continet,
2017 2325 2134 2351 tamen
2158 2318 2265 2350 colla-

1292 2372 1342 2406 tio
1360 2370 1555 2415 plerunque
1572 2367 1731 2400 ordinem
1745 2376 1777 2402 et
1791 2369 2074 2414 consequentiam
2087 2368 2264 2410 significat*

1292 2421 1361 2455 Hic
1379 2431 1500 2453 causae
1518 2419 1759 2462 praeponitur:
1787 2417 1867 2452 Non
1884 2427 1965 2453 sunt
1986 2419 2053 2458 dii,
2080 2424 2113 2451 et
2129 2430 2200 2451 non
2218 2419 2266 2451 si-

1294 2472 1478 2516 gnificant,
1506 2470 1540 2501 id
1559 2476 1627 2508 est,
1657 2482 1734 2502 cnm
1752 2470 1795 2503 sit
1809 2469 1921 2509 Deus,
1948 2477 2039 2502 certe
2057 2469 2129 2502 edit
2147 2470 2265 2513 provi-

1294 2522 1432 2557 dentiae
1456 2520 1667 2554 testimonia.
1727 2519 1794 2553 Hie
1818 2521 1975 2556 collatio,
2001 2531 2071 2551 non
2095 2531 2194 2552 causa
2218 2521 2267 2552 si-

1294 2574 1486 2618 gnificatur,
1508 2583 1586 2604 cuin
1605 2572 1766 2604 addimus
1785 2570 2059 2615 propositionem
2074 2570 2266 2613 planiorem

1294 2622 1504 2658 obscuriori:
1541 2621 1619 2655 Non
1651 2629 1732 2655 sunt
1765 2621 1924 2665 aequales
1956 2618 2108 2653 chordae
2139 2628 2170 2654 et
2195 2632 2267 2653 non

1294 2682 1375 2710 sunt
1397 2673 1558 2718 aequales
1581 2684 1690 2706 arcus.
1743 2671 1862 2705 Sciant
1895 2672 1987 2704 enim
2021 2671 2167 2704 studiosi
2197 2682 2268 2703 non
