2379 2948
194 131 265 165 463
431 118 637 157 SCRtPTA
667 115 740 150 PH.
769 110 882 147 MEL.
910 110 976 146 AD
1005 109 1131 146 HlsT.
1161 107 1301 143 PROF.
1330 105 1393 141 ET
1425 104 1616 142 PHILOS.
1645 106 1962 143 SPECTANTIA.

198 215 347 249 subsunt
376 221 430 242 res
463 207 554 240 ullae
582 200 782 244 cognitione
814 198 940 241 dignae
970 203 1030 230 aut
1062 195 1180 228 utiles.

201 313 371 349 orationis
390 305 537 342 iudicari
561 303 659 336 solet.
712 300 953 334 Certissimum
971 298 1065 331 enim
1089 295 1180 329 iudi-

203 368 294 400 cium
322 368 371 394 est
398 364 614 390 monstrosae
637 352 784 391 mentiS,
825 351 938 383 oratio
972 354 1181 402 monstrosa,

204 426 309 461 quare
343 410 529 452 diligenter
558 404 765 446 fugiendum
800 408 847 434 est
874 411 983 443 genus
1012 408 1183 431 sermonis

206 464 420 498 inusitatum.

206 612 496 651 consuetudinem
509 634 517 647 ‚
543 615 582 640 ut
600 613 733 639 certum
750 603 920 636 sermonis
937 612 1063 645 genus,
1091 599 1187 644 quod

209 677 344 710 semper
361 660 512 702 intelligi
537 657 662 701 possit,
691 655 772 700 quia
797 652 903 686 habet
926 651 1082 694 exempla
1105 655 1187 706 nota

209 726 242 752 et
258 716 421 760 probata,
448 710 551 743 nobis
567 717 819 750 comparemus.
856 703 942 737 Cum
961 708 1079 735 autem
1097 707 1189 756 opti-

209 781 264 802 ma
289 774 321 799 et
338 763 486 797 maxime
504 758 685 804 perspicua
705 756 748 788 sit
766 755 897 794 oratio,
926 765 992 797 qua
1011 751 1191 785 Ciceronis

211 826 303 852 aetas
332 826 393 848 usa
420 819 487 851 cst,
523 811 695 842 discemus
726 807 881 848 linguam
907 805 950 837 ab
976 803 1049 836 cius
1070 801 1191 835 aetatis

212 866 461 912 scriptoribus,
489 867 548 893 aut
573 859 632 903 qui
657 869 729 890 non
751 857 854 898 longe
879 862 958 887 ante
976 853 1193 891 Ciceronem,
1219 865 1220 869 ¹

213 927 271 953 aut
297 922 413 960 postea
436 912 644 947 extiterunt,
678 915 718 942 ut
749 920 767 939 a
791 906 978 945 Terentio,
1012 904 1194 940 Cicerone,

212 970 378 1005 Caesare,
403 963 514 997 Livio.
889 1008 896 1014 ·

212 1032 291 1054 cuin
310 1023 464 1051 nostram
484 1015 526 1046 de
542 1010 956 1044 imitationesententiam
969 1016 1196 1050 exponemus.

591 1087 648 1120 De
674 1082 820 1131 figuris.

318 1151 436 1184 Prima
453 1157 534 1180 cura
550 1145 653 1177 debet
670 1154 742 1175 esse
755 1141 890 1186 proprii
910 1139 1082 1173 sermonis
1094 1165 1102 1179 ,
1130 1148 1200 1182 quo

216 1204 403 1238 maximam
421 1196 591 1232 orationis
610 1200 743 1238 partem
762 1199 922 1225 constare
939 1198 1088 1234 oportet.
1143 1189 1202 1221 ln-
1227 1195 1229 1199 “

219 1255 358 1289 teritum
388 1256 505 1282 tamen
534 1253 593 1279 aut
615 1244 831 1277 necessitatis
855 1249 915 1275 aut
939 1241 1076 1274 decoris
1100 1251 1201 1273 causa

219 1302 454 1348 aspergendam
471 1305 572 1331 erunt
590 1297 733 1339 figurae.
786 1293 875 1327 Nam
897 1292 959 1325 ubi
979 1293 1104 1325 desunt
1122 1302 1204 1335 pro-

220 1356 316 1400 pria,
343 1352 433 1394 cogit
455 1350 576 1392 inopia
599 1359 639 1379 ex
663 1346 779 1377 vicino
805 1344 889 1376 alias
913 1354 1013 1375 voces
1037 1341 1205 1379 mutuari,

221 1414 262 1440 ut
285 1406 322 1436 in
345 1402 476 1434 vitibus
498 1408 669 1440 gemmam
700 1396 822 1428 dicunt
847 1393 984 1433 Latini,
1019 1400 1053 1425 et
1077 1391 1205 1424 Graeci

223 1450 438 1502 ὀφθαλμῶν,
460 1447 756 1494 quemadmodum
773 1451 806 1477 et
817 1443 1001 1482 Germani,
1021 1443 1102 1486 quia
1122 1453 1204 1484 pro-

223 1507 340 1552 prium
360 1504 467 1536 deest.
929 1544 935 1550 .
1062 1543 1068 1549 ἰ

225 1559 292 1596 ris,
317 1554 378 1588 ubi
400 1550 540 1596 propria
558 1550 712 1580 deerant.
765 1545 868 1578 Tunc
891 1550 996 1576 etiarn
1024 1543 1120 1575 aliud
1148 1553 1207 1574 su-

225 1618 320 1641 mere
353 1605 466 1641 decet,
493 1611 572 1632 cum
606 1597 669 1630 etsi
697 1594 825 1628 habeas
853 1594 1054 1638 proprium,
1089 1600 1206 1626 tamen

227 1653 480 1701 significantius
503 1657 553 1682 est
579 1648 693 1687 aliud,
728 1645 874 1688 figurate
903 1645 1056 1683 dictum,
1090 1649 1129 1676 ut
1152 1643 1208 1675 in·
1234 1655 1235 1659 ¹

228 1710 426 1742 flammatus
450 1704 516 1741 ira,
551 1711 614 1743 pro
640 1699 748 1736 irato,
781 1694 847 1728 hoc
880 1695 972 1727 enim
1004 1694 1116 1727 levius
1148 1700 1209 1727 est.

228 1758 406 1792 Invadunt
423 1754 545 1786 urbem
564 1761 687 1782 somno
706 1748 859 1791 vinoque
883 1746 1053 1789 sepultam
1067 1772 1074 1786 ,
1102 1744 1211 1787 signi-

228 1808 388 1843 ficantius
413 1811 480 1843 est,
515 1813 618 1845 quam
646 1799 674 1831 si
696 1798 839 1830 dixisset
866 1796 1028 1839 sopitam.

232 1920 333 1954 parce
356 1910 561 1947 usurpatae,
595 1901 641 1933 ita
674 1898 902 1931 viciosissima
930 1903 963 1929 et
993 1896 1213 1940 ineptissima

234 1959 346 1993 oratio
366 1963 435 1995 est,
462 1954 499 1985 in
521 1963 588 1996 qua
614 1951 702 1983 bene
725 1946 816 1981 nibil
842 1947 1049 1992 simpliciter
1072 1947 1214 1981 dicitur.

235 2011 366 2045 Seneca
389 2005 510 2039 scribit
536 2001 714 2037 portium,
740 2000 911 2031 latronem
935 1998 1079 2038 dixisse,
1108 1997 1215 2031 Sum-

234 2072 328 2093 mam
345 2069 416 2090 esse
431 2052 661 2090 dementiam,
689 2051 898 2093 detorquere
916 2049 1133 2088 orationem,
1160 2048 1216 2081 cui

236 2117 365 2144 rectam
383 2118 454 2139 esse
472 2105 581 2137 liceat.
609 2100 704 2134 Haec
723 2111 791 2131 vox
807 2099 977 2141 significat
999 2105 1217 2143 quantopere

236 2159 465 2194 immodicum
484 2156 674 2197 figurarum
690 2161 791 2183 usum
813 2156 943 2182 veteres
962 2150 1112 2183 oderint.

454 2242 512 2275 De
541 2239 658 2282 tropis
684 2240 720 2270 et
747 2233 1014 2269 schematibus.

342 2301 469 2336 Graeci
497 2305 623 2331 vocant
645 2291 821 2340 τρόπους,
844 2305 922 2325 cum
948 2305 1015 2325 vox
1040 2304 1058 2325 a
1077 2294 1219 2337 propria

242 2353 495 2397 significatione
512 2351 555 2382 ad
571 2359 644 2380 rem
659 2345 809 2378 similem
827 2343 1046 2376 autvicinam
1060 2345 1220 2385 vertitur,
1245 2349 1247 2377 2

242 2414 280 2437 ut
296 2399 550 2437 Demosthenes
576 2397 712 2441 inquit,
746 2392 951 2437 Philippum
976 2393 1220 2436 magnitudine

245 2466 360 2487 rerum
387 2459 558 2495 gestarum
591 2447 727 2481 ebrium
753 2457 841 2485 esse,
875 2442 931 2477 hic
954 2451 1116 2488 apparet,
1149 2458 1219 2478 nou

245 2504 390 2538 retineri
408 2501 585 2546 propriam
601 2497 890 2541 significationem
909 2495 1097 2528 ebrietatis.

653 2565 830 2608 Σχῆμα.

350 2622 532 2670 Σχήματα
556 2629 682 2656 vocant
707 2621 805 2666 quasi
830 2627 945 2664 gestus
972 2620 1159 2660 orationis,
1186 2620 1223 2652 in

250 2679 378 2724 quibus
395 2687 468 2710 non
483 2681 533 2708 est
549 2684 684 2706 necesse
703 2678 837 2705 mutare
854 2670 1143 2714 significationem
1162 2684 1223 2704 vo-

1234 206 1333 232 cum,
1366 200 1404 226 ut
1426 192 1462 224 in
1488 192 1781 234 interrogatione.

200 265 296 308 Quid
313 262 405 308 quod
426 258 529 290 etiam
547 256 590 286 de
607 251 742 284 naturis
760 256 792 283 et
809 248 969 281 moribus
995 259 1035 280 ex
1057 257 1181 289 genere
1208 255 1209 260 ¹

475 456 567 499 Quia
589 466 671 487 vero
696 461 767 487 tota
793 452 897 484 nobis
919 451 1027 483 latina
1050 449 1185 491 lingua,
1209 464 1211 474 π

206 526 301 548 nunc
329 523 402 544 non
431 521 450 542 a
474 506 625 551 populo,
659 505 717 537 sed
743 515 783 536 ex
808 502 907 535 libris
933 501 1097 533 discenda
1124 504 1186 537 est,
1210 521 1213 544 4

206 572 299 600 certa
313 569 406 596 aetas
423 556 610 593 authorum
628 555 786 597 eligenda
804 559 865 592 est,
893 552 992 584 cuius
1008 550 1187 582 imitemur

569 960 638 994 Sed
657 960 700 991 de
721 956 785 990 hac
811 970 847 990 re
873 957 999 989 iterum
1027 957 1196 993 dicemus,
1222 991 1223 994 Ἰ

520 1498 607 1531 Nam
629 1496 731 1528 initio
752 1494 934 1527 necessitas
958 1492 1093 1536 peperit
1119 1493 1206 1534 figu-
1231 1509 1233 1516 ·

2139 107 2214 142 464

1841 192 1923 235 Quo
1949 191 2037 225 milii
2063 193 2217 231 fortuna,

1234 245 1261 276 si
1287 256 1359 277 non
1379 243 1586 276 conceditur
1607 242 1685 274 uti?
1733 242 1807 275 Nos
1833 243 1930 286 prius
1956 243 2217 276 recensebimus

1237 302 1373 338 tropos,
1401 305 1488 339 quos
1506 300 1622 326 tamen
1643 304 1715 324 non
1732 300 1782 326 est
1799 305 1936 326 necesse
1953 294 2130 327 subtiliter
2146 294 2218 326 dis-

1235 357 1396 385 cernere,
1425 346 1483 376 sed
1512 341 1738 384 metaphorae
1762 345 1907 377 nomine
1931 355 2032 387 saepe
2053 344 2156 377 etiam
2180 344 2217 376 in

1235 396 1314 429 aliis
1332 395 1512 440 speciebus
1530 394 1674 428 utimur,

1575 458 1746 507 Τρόποι
1776 469 1874 495 sunt:

1442 519 1668 567 ΒΙεταφορά.

1445 568 1678 617 Λίὶετάληψις.

1448 620 1680 666 Συνὲκδοχὴ.

1450 672 1698 715 Μετωνυμία.

1443 720 1737 766 Ἀντωνομασία.

1444 771 1747 816 Ὀιόλιιατοποιΐα.

1449 821 1696 869 Κατάχρησις.

1347 879 1560 928 ΆΙεταφορά
1586 889 1652 922 est,
1687 894 1766 914 cum
1792 888 1934 925 propter
1961 881 2230 916 similitudinem

1249 934 1458 966 transfertur
1476 933 1687 966 vocabulum
1704 945 1721 965 a
1742 933 1884 976 propria
1900 932 2166 975 significatione,
2193 941 2232 967 ut

1250 986 1402 1016 ferreum
1420 990 1560 1027 pectuS,
1589 996 1653 1028 pro
1677 996 1740 1024 eo,
1768 985 1860 1028 quod
1885 983 1979 1016 flecti
2006 989 2087 1016 ante
2108 983 2233 1016 terreri

1252 1046 1323 1066 uon
1341 1041 1463 1077 potest.
1516 1032 1638 1067 Cicero
1655 1035 1753 1067 miris
1775 1034 1941 1067 laudibus
1964 1031 2060 1068 vehit
2085 1033 2151 1066 hoc
2174 1045 2234 1077 ge-

1255 1096 1337 1125 nus,
1364 1092 1397 1118 et
1412 1091 1513 1117 vocat
1529 1085 1670 1118 brevem
1687 1085 1967 1118 similitudinem.
2002 1083 2090 1117 Nam
2107 1085 2234 1117 simili-

1255 1136 1376 1168 tudine
1402 1135 1602 1168 declaratur
1627 1148 1665 1168 ea
1693 1148 1764 1176 res,
1792 1148 1880 1180 quae
1909 1148 1970 1179 per
1995 1133 2233 1179 metaphoram

1253 1186 1480 1229 significatur.
1536 1185 1637 1219 Valet
1657 1194 1772 1220 autem
1797 1186 1912 1219 omnis
1938 1185 2079 1218 collatio
2105 1185 2149 1218 ad
2172 1197 2235 1219 au-

1228 1267 1229 1278 2
1255 1238 1403 1282 gendam
1424 1237 1718 1280 perspicuitatem,
1740 1237 1944 1281 praesertim
1962 1237 1991 1269 si
2008 1237 2238 1270 admoveatur

1229 1318 1230 1324 ,
1255 1288 1452 1321 similitudo
1469 1290 1511 1321 ad
1531 1300 1683 1323 sensum.

1738 1287 1922 1330 Quantum
1940 1286 2121 1330 dignitatis
2139 1287 2238 1320 addit

1255 1339 1379 1383 apibus
1405 1337 1597 1381 Yirgilius,
1626 1351 1704 1371 cum
1728 1339 1791 1371 ait:
1830 1338 1929 1381 lpsae
1953 1349 2069 1381 regem
2094 1349 2238 1381 parvos—

1257 1401 1321 1434 que
1345 1388 1504 1430 Quirites
1533 1389 1723 1423 sufficiunt.
1784 1388 1873 1421 Nam
1902 1401 1981 1421 cum
2006 1388 2110 1421 vellet
2134 1389 2240 1421 sobo-

1257 1441 1324 1471 lem
1351 1440 1485 1480 dicere,
1514 1446 1695 1473 mutuatur
1719 1449 1848 1471 nomen
1872 1437 2014 1481 populi,
2042 1443 2075 1470 et
2095 1437 2238 1483 quidem

1274 1489 1412 1522 'tomani
1428 1489 1588 1521 omnium
1605 1488 1760 1531 gentium
1780 1488 1940 1525 victoris,
1970 1495 2008 1521 ut
2032 1487 2240 1531 dignitatem

1260 1539 1373 1581 exigui
1391 1539 1513 1572 insecti
1532 1546 1684 1581 augeret.
1713 1538 1920 1572 Similitudo
1936 1545 2050 1571 autem
2067 1545 2127 1579 est,
2145 1539 2240 1583 quod

1259 1601 1339 1632 apes
1359 1587 1489 1622 liabent
1504 1601 1602 1622 suam
1619 1590 1795 1634 quandam
1814 1589 2079 1633 rempublicam.
2105 1583 2153 1622 Et
2165 1588 2243 1623 Ro-

1262 1651 1362 1672 mana
1380 1641 1520 1684 respub.
1537 1641 1696 1672 omnium
1715 1640 1845 1684 optime
1862 1640 2051 1673 constituta
2066 1646 2149 1673 erat.

1364 1695 1585 1744 ΒΙετάληψις
1601 1699 1748 1739 dicitur,
1776 1699 1837 1732 ubi
1855 1710 1925 1731 non
1944 1699 2154 1732 transfertur
2176 1710 2244 1732 no-

1089 1794 1115 1827 P
1236 1778 1237 1781 ,
1262 1761 1343 1782 men
1366 1761 1385 1782 a
1407 1750 1534 1791 simili,
1562 1757 1599 1783 ut
1624 1762 1747 1793 supra,
1768 1751 1827 1782 sed
1851 1749 2003 1783 sumitur
2023 1762 2041 1782 a
2062 1761 2164 1783 causa
2186 1757 2246 1784 aut

1119 1807 1238 1834 erro,¹

230 1867 268 1893 ut
293 1857 484 1902 plurimum
509 1851 662 1884 afferunt
685 1848 814 1891 gratiae
839 1847 968 1889 figurae
992 1847 1029 1878 in
1054 1846 1151 1885 loco,
1179 1852 1213 1878 et
1237 1855 1238 1860 ¹

1263 1801 1406 1840 effectu,
1433 1807 1473 1834 ut
1497 1801 1626 1845 pallida
1655 1812 1769 1841 mors,
1796 1801 1877 1845 quia
1905 1801 1988 1833 facit
2014 1800 2144 1844 pallere
2165 1812 2245 1833 cor·

1265 1863 1361 1895 pora.
1421 1850 1555 1883 Vinum
1581 1851 1753 1891 calidum,
1796 1851 1878 1896 quia
1905 1852 2061 1884 calefacit
2085 1861 2245 1894 corpora.

1265 1902 1470 1935 lmmoritur
1492 1902 1618 1934 studiis
1644 1908 1676 1934 et
1698 1914 1815 1934 amore
1839 1903 1985 1935 senescit
2007 1899 2181 1940 habendi,
2209 1902 2246 1934 id

1267 1959 1334 1993 est,
1360 1952 1590 1986 consumitur.
1643 1951 1790 1986 Laetum
1808 1951 2060 1995 Evangelium,
2087 1952 2169 1997 quia
2184 1964 2245 1996 pa-

1268 2004 1313 2036 rit
1329 2003 1515 2036 laeticiam.
1551 2003 1679 2036 Tristis
1699 2004 1763 2040 lex,
1793 2003 1873 2046 quia
1890 2010 1997 2035 terret
2014 2010 2044 2036 et
2061 2003 2246 2036 tristiciam

1269 2054 1390 2087 adfert.
1444 2051 1520 2096 Ego
1540 2065 1616 2086 sum
1634 2053 1842 2086 resurrectio
1862 2060 1894 2086 et
1917 2054 2006 2093 vita,
2034 2054 2070 2086 id
2095 2061 2162 2091 est,
2190 2066 2246 2087 re-

1269 2106 1453 2137 suscitator
1477 2111 1511 2137 et
1527 2105 1728 2137 vivificator.
1782 2102 1941 2136 Fortasse
1958 2104 2175 2146 grammatici
2193 2105 2247 2137 di-

1271 2156 1383 2188 xerint
1398 2153 1483 2187 haec
1501 2167 1573 2187 esse
1590 2154 1836 2199 metonymias‚
1860 2156 1918 2187 sed
1939 2166 2010 2187 non
2027 2162 2109 2188 sunt
2126 2166 2247 2199 super-

1271 2206 1403 2239 stitiose
1420 2206 1671 2238 discernendae
1694 2206 1835 2248 figurae.
1889 2204 1963 2248 Ego
1986 2207 2131 2239 nomina
2153 2218 2248 2239 sum-

1273 2264 1328 2300 pta
1353 2270 1371 2289 a
1397 2256 1508 2289 causis
1533 2263 1592 2289 aut
1608 2255 1807 2295 effectibus,
1837 2254 2052 2289 Graecorum
2071 2262 2184 2295 more,
2211 2256 2249 2289 in

1274 2306 1336 2340 hac
1358 2308 1467 2350 figura
1490 2307 1645 2347 colloco,
1679 2319 1717 2339 ac
1741 2307 1854 2339 maius
1882 2308 2059 2352 quoddam
2081 2307 2250 2340 interval-

1274 2359 1345 2390 lum
1366 2364 1398 2390 et
1414 2357 1602 2390 discrimen
1622 2357 1710 2390 facio
1734 2357 1828 2390 inter
1851 2358 2056 2401 metalepsin
2079 2365 2112 2390 et
2137 2365 2250 2390 meto-

1274 2408 1426 2453 nymiam
1438 2434 1447 2448 ,
1474 2420 1578 2452 quam
1595 2407 1655 2440 alii
1672 2408 1823 2450 faciunt,
1849 2415 1888 2442 ut
1904 2408 2042 2441 facilius
2061 2408 2202 2451 agnosci
2219 2415 2252 2443 et

1273 2458 1424 2492 discerni
1443 2458 1586 2501 possint.

1375 2516 1595 2563 Συνεκὸοχὴ
1620 2516 1884 2562 comprehensio
1909 2517 2056 2558 dicitur,
2095 2531 2172 2552 cum
2197 2521 2253 2552 vel

1276 2576 1387 2603 totum
1404 2576 1499 2613 parte
1516 2567 1865 2613 comprehendimus,
1890 2575 1930 2602 ut
1946 2581 2148 2602 mucronem
2164 2570 2252 2602 dici-

1277 2631 1355 2653 mus
1371 2632 1434 2664 pro
1452 2620 1581 2663 gladio.
1634 2620 1800 2653 Animam
1820 2631 1882 2663 pro
1904 2619 2082 2653 animante
2103 2632 2163 2653 seu
2187 2618 2253 2653 ho-

1279 2671 1395 2711 mine,
1428 2678 1467 2704 ut
1491 2669 1621 2705 Omnis
1646 2671 1759 2704 anima
1784 2670 1925 2703 subdita
1945 2671 1990 2704 sit
2014 2671 2253 2715 potestatibus,

2354 802 2361 845 ,-,
2354 733 2361 782 „cc
