<?xml version="1.0" encoding="UTF-8"?>
<!DOCTYPE html PUBLIC "-//W3C//DTD XHTML 1.0 Transitional//EN"
    "http://www.w3.org/TR/xhtml1/DTD/xhtml1-transitional.dtd">
<html xmlns="http://www.w3.org/1999/xhtml" xml:lang="en" lang="en">
 <head>
  <title>
</title>
<meta http-equiv="Content-Type" content="text/html;charset=utf-8" />
  <meta name='ocr-system' content='tesseract 3.04.00' />
  <meta name='ocr-capabilities' content='ocr_page ocr_carea ocr_par ocr_line ocrx_word'/>
</head>
<body>
  <div class='ocr_page' id='page_1' title='image "./operaquaesupersu13melauoft_0474.png"; bbox 0 0 2379 2948; ppageno 0'>
   <div class='ocr_carea' id='block_1_1' title="bbox 226 95 300 130">
    <p class='ocr_par' dir='ltr' id='par_1_1' title="bbox 226 95 300 130">
     <span class='ocr_line' id='line_1_1' title="bbox 226 95 300 130; baseline 0.014 -1"><span class='ocrx_word' id='word_1_1' title='bbox 226 95 300 130; x_wconf 70' lang='lat'><strong>925</strong></span> 
     </span>
    </p>
   </div>
   <div class='ocr_carea' id='block_1_2' title="bbox 231 171 1219 920">
    <p class='ocr_par' dir='ltr' id='par_1_2' title="bbox 231 171 1219 920">
     <span class='ocr_line' id='line_1_2' title="bbox 332 171 1210 218; baseline -0.01 -6"><span class='ocrx_word' id='word_1_2' title='bbox 332 178 509 212; x_wconf 75' lang='lat' dir='ltr'>Miserunt</span> <span class='ocrx_word' id='word_1_3' title='bbox 541 181 655 209; x_wconf 79' lang='lat' dir='ltr'><strong>autem</strong></span> <span class='ocrx_word' id='word_1_4' title='bbox 687 171 851 218; x_wconf 66' lang='lat' dir='ltr'><strong>Aegyptii</strong></span> <span class='ocrx_word' id='word_1_5' title='bbox 881 173 1012 216; x_wconf 85' lang='lat' dir='ltr'><strong>legatos</strong></span> <span class='ocrx_word' id='word_1_6' title='bbox 1046 171 1210 210; x_wconf 84' lang='lat' dir='ltr'><strong>Romam,</strong></span> 
     </span>
     <span class='ocr_line' id='line_1_3' title="bbox 231 221 1211 278; baseline -0.012 -13"><span class='ocrx_word' id='word_1_7' title='bbox 231 243 268 264; x_wconf 81' lang='lat' dir='ltr'><strong>ac</strong></span> <span class='ocrx_word' id='word_1_8' title='bbox 287 230 507 278; x_wconf 72' lang='lat' dir='ltr'><strong>petiverunt,</strong></span> <span class='ocrx_word' id='word_1_9' title='bbox 533 233 572 259; x_wconf 87' lang='lat' dir='ltr'><strong>ut</strong></span> <span class='ocrx_word' id='word_1_10' title='bbox 590 226 739 259; x_wconf 85' lang='lat' dir='ltr'><strong>Senatus</strong></span> <span class='ocrx_word' id='word_1_11' title='bbox 757 222 942 257; x_wconf 80' lang='lat' dir='ltr'><strong>Romanus</strong></span> <span class='ocrx_word' id='word_1_12' title='bbox 961 223 1105 258; x_wconf 88' lang='lat' dir='ltr'><strong>tutelam</strong></span> <span class='ocrx_word' id='word_1_13' title='bbox 1125 221 1211 264; x_wconf 82' lang='lat' dir='ltr'><strong>regii</strong></span> 
     </span>
     <span class='ocr_line' id='line_1_4' title="bbox 231 273 1211 325; baseline -0.009 -12"><span class='ocrx_word' id='word_1_14' title='bbox 231 282 329 325; x_wconf 88' lang='lat' dir='ltr'><strong>pueri</strong></span> <span class='ocrx_word' id='word_1_15' title='bbox 355 279 556 321; x_wconf 85' lang='lat' dir='ltr'><strong>susciperet.</strong></span> <span class='ocrx_word' id='word_1_16' title='bbox 611 276 717 317; x_wconf 83' lang='lat' dir='ltr'><strong>Quod</strong></span> <span class='ocrx_word' id='word_1_17' title='bbox 734 286 812 307; x_wconf 89' lang='lat' dir='ltr'><strong>cum</strong></span> <span class='ocrx_word' id='word_1_18' title='bbox 829 281 913 307; x_wconf 91' lang='lat' dir='ltr'><strong>esset</strong></span> <span class='ocrx_word' id='word_1_19' title='bbox 931 275 1073 314; x_wconf 85' lang='lat' dir='ltr'><strong>factum,</strong></span> <span class='ocrx_word' id='word_1_20' title='bbox 1102 273 1211 307; x_wconf 88' lang='lat' dir='ltr'><strong>Sena-</strong></span> 
     </span>
     <span class='ocr_line' id='line_1_5' title="bbox 233 321 1212 371; baseline -0.013 -5"><span class='ocrx_word' id='word_1_21' title='bbox 233 340 288 366; x_wconf 88' lang='lat' dir='ltr'><strong>tus</strong></span> <span class='ocrx_word' id='word_1_22' title='bbox 314 331 411 363; x_wconf 83' lang='lat' dir='ltr'><strong>iussit</strong></span> <span class='ocrx_word' id='word_1_23' title='bbox 440 324 656 362; x_wconf 72' lang='lat' dir='ltr'>Antiochum</span> <span class='ocrx_word' id='word_1_24' title='bbox 683 326 725 358; x_wconf 89' lang='lat' dir='ltr'><strong>ab</strong></span> <span class='ocrx_word' id='word_1_25' title='bbox 752 323 908 371; x_wconf 68' lang='lat' dir='ltr'><strong>Aegypto</strong></span> <span class='ocrx_word' id='word_1_26' title='bbox 933 325 1119 358; x_wconf 88' lang='lat' dir='ltr'><strong>abstinere.</strong></span> <span class='ocrx_word' id='word_1_27' title='bbox 1174 321 1212 354; x_wconf 89' lang='lat' dir='ltr'><strong>Id</strong></span> 
     </span>
     <span class='ocr_line' id='line_1_6' title="bbox 233 374 1212 425; baseline -0.011 -10"><span class='ocrx_word' id='word_1_28' title='bbox 233 393 331 425; x_wconf 71' lang='lat' dir='ltr'><strong>aegre</strong></span> <span class='ocrx_word' id='word_1_29' title='bbox 358 382 490 418; x_wconf 85' lang='lat' dir='ltr'><strong>serens,</strong></span> <span class='ocrx_word' id='word_1_30' title='bbox 531 385 564 411; x_wconf 87' lang='lat' dir='ltr'><strong>et</strong></span> <span class='ocrx_word' id='word_1_31' title='bbox 594 375 766 420; x_wconf 77' lang='lat' dir='ltr'><strong>hospitem</strong></span> <span class='ocrx_word' id='word_1_32' title='bbox 802 375 934 409; x_wconf 89' lang='lat' dir='ltr'><strong>habens</strong></span> <span class='ocrx_word' id='word_1_33' title='bbox 964 374 1212 410; x_wconf 86' lang='lat' dir='ltr'><strong>Hannibalem,</strong></span> 
     </span>
     <span class='ocr_line' id='line_1_7' title="bbox 234 425 1214 477; baseline -0.01 -12"><span class='ocrx_word' id='word_1_34' title='bbox 234 435 293 477; x_wconf 90' lang='lat' dir='ltr'><strong>qui</strong></span> <span class='ocrx_word' id='word_1_35' title='bbox 318 438 391 463; x_wconf 89' lang='lat' dir='ltr'><strong>erat</strong></span> <span class='ocrx_word' id='word_1_36' title='bbox 417 428 596 468; x_wconf 87' lang='lat' dir='ltr'><strong>hortator,</strong></span> <span class='ocrx_word' id='word_1_37' title='bbox 632 434 671 460; x_wconf 90' lang='lat' dir='ltr'><strong>ut</strong></span> <span class='ocrx_word' id='word_1_38' title='bbox 697 427 822 459; x_wconf 83' lang='lat' dir='ltr'><strong>caeteri</strong></span> <span class='ocrx_word' id='word_1_39' title='bbox 845 438 940 469; x_wconf 84' lang='lat' dir='ltr'><strong>reges</strong></span> <span class='ocrx_word' id='word_1_40' title='bbox 965 438 999 458; x_wconf 86' lang='lat' dir='ltr'><strong>se</strong></span> <span class='ocrx_word' id='word_1_41' title='bbox 1023 425 1214 466; x_wconf 81' lang='lat' dir='ltr'><strong>coniunge-</strong></span> 
     </span>
     <span class='ocr_line' id='line_1_8' title="bbox 233 476 1213 523; baseline -0.008 -8"><span class='ocrx_word' id='word_1_42' title='bbox 233 489 310 516; x_wconf 85' lang='lat' dir='ltr'><strong>rent</strong></span> <span class='ocrx_word' id='word_1_43' title='bbox 337 482 378 513; x_wconf 86' lang='lat' dir='ltr'><strong>ad</strong></span> <span class='ocrx_word' id='word_1_44' title='bbox 412 479 654 523; x_wconf 79' lang='lat' dir='ltr'><strong>reprimendos</strong></span> <span class='ocrx_word' id='word_1_45' title='bbox 673 476 875 517; x_wconf 80' lang='lat' dir='ltr'><strong>Romanos,</strong></span> <span class='ocrx_word' id='word_1_46' title='bbox 908 477 1103 510; x_wconf 88' lang='lat' dir='ltr'><strong>societatem</strong></span> <span class='ocrx_word' id='word_1_47' title='bbox 1135 486 1213 507; x_wconf 87' lang='lat' dir='ltr'><strong>cum</strong></span> 
     </span>
     <span class='ocr_line' id='line_1_9' title="bbox 234 526 1215 575; baseline -0.009 -10"><span class='ocrx_word' id='word_1_48' title='bbox 234 531 399 575; x_wconf 87' lang='lat' dir='ltr'><strong>Philippo</strong></span> <span class='ocrx_word' id='word_1_49' title='bbox 425 529 661 563; x_wconf 54' lang='lat' dir='ltr'><strong>Blacedonum</strong></span> <span class='ocrx_word' id='word_1_50' title='bbox 696 539 773 571; x_wconf 83' lang='lat' dir='ltr'><strong>rege</strong></span> <span class='ocrx_word' id='word_1_51' title='bbox 807 529 896 561; x_wconf 86' lang='lat' dir='ltr'><strong>fecit.</strong></span> <span class='ocrx_word' id='word_1_52' title='bbox 950 527 1045 560; x_wconf 77' lang='lat' dir='ltr'><strong>Haec</strong></span> <span class='ocrx_word' id='word_1_53' title='bbox 1073 526 1215 558; x_wconf 83' lang='lat' dir='ltr'><strong>fuerunt</strong></span> 
     </span>
     <span class='ocr_line' id='line_1_10' title="bbox 236 575 1215 623; baseline -0.009 -7"><span class='ocrx_word' id='word_1_54' title='bbox 236 583 368 617; x_wconf 87' lang='lat' dir='ltr'><strong>semina</strong></span> <span class='ocrx_word' id='word_1_55' title='bbox 388 581 470 614; x_wconf 87' lang='lat' dir='ltr'><strong>belli</strong></span> <span class='ocrx_word' id='word_1_56' title='bbox 497 593 574 613; x_wconf 78' lang='lat' dir='ltr'><strong>cum</strong></span> <span class='ocrx_word' id='word_1_57' title='bbox 591 579 780 618; x_wconf 84' lang='lat' dir='ltr'><strong>Romanis,</strong></span> <span class='ocrx_word' id='word_1_58' title='bbox 807 579 901 623; x_wconf 88' lang='lat' dir='ltr'><strong>quod</strong></span> <span class='ocrx_word' id='word_1_59' title='bbox 926 591 943 610; x_wconf 90' lang='lat' dir='ltr'><strong>a</strong></span> <span class='ocrx_word' id='word_1_60' title='bbox 959 577 1061 610; x_wconf 80' lang='lat' dir='ltr'><strong>Livio</strong></span> <span class='ocrx_word' id='word_1_61' title='bbox 1086 575 1215 608; x_wconf 84' lang='lat' dir='ltr'><strong>descri-</strong></span> 
     </span>
     <span class='ocr_line' id='line_1_11' title="bbox 234 625 1217 667; baseline -0.01 0"><span class='ocrx_word' id='word_1_62' title='bbox 234 635 342 667; x_wconf 80' lang='lat' dir='ltr'><strong>bitur.</strong></span> <span class='ocrx_word' id='word_1_63' title='bbox 403 631 564 664; x_wconf 80' lang='lat' dir='ltr'>Tandem</span> <span class='ocrx_word' id='word_1_64' title='bbox 594 637 708 663; x_wconf 86' lang='lat' dir='ltr'><strong>autem</strong></span> <span class='ocrx_word' id='word_1_65' title='bbox 733 631 843 662; x_wconf 83' lang='lat' dir='ltr'><strong>victus</strong></span> <span class='ocrx_word' id='word_1_66' title='bbox 868 625 1082 667; x_wconf 78' lang='lat' dir='ltr'>Antiochus,</span> <span class='ocrx_word' id='word_1_67' title='bbox 1117 626 1217 659; x_wconf 88' lang='lat' dir='ltr'><strong>cessit</strong></span> 
     </span>
     <span class='ocr_line' id='line_1_12' title="bbox 234 679 1217 719; baseline -0.011 0"><span class='ocrx_word' id='word_1_68' title='bbox 234 683 407 719; x_wconf 79' lang='lat' dir='ltr'><strong>Romanis</strong></span> <span class='ocrx_word' id='word_1_69' title='bbox 428 688 499 715; x_wconf 87' lang='lat' dir='ltr'><strong>tota</strong></span> <span class='ocrx_word' id='word_1_70' title='bbox 528 679 611 714; x_wconf 83' lang='lat' dir='ltr'><strong>Asia</strong></span> <span class='ocrx_word' id='word_1_71' title='bbox 637 680 720 713; x_wconf 89' lang='lat' dir='ltr'><strong>citra</strong></span> <span class='ocrx_word' id='word_1_72' title='bbox 744 679 903 712; x_wconf 72' lang='lat' dir='ltr'><strong>&#39;l&#39;aurum</strong></span> <span class='ocrx_word' id='word_1_73' title='bbox 926 685 1102 711; x_wconf 87' lang='lat' dir='ltr'><strong>montem:</strong></span> <span class='ocrx_word' id='word_1_74' title='bbox 1137 690 1217 709; x_wconf 88' lang='lat' dir='ltr'><strong>coa-</strong></span> 
     </span>
     <span class='ocr_line' id='line_1_13' title="bbox 237 725 1216 769; baseline -0.009 -1"><span class='ocrx_word' id='word_1_75' title='bbox 237 743 311 769; x_wconf 87' lang='lat' dir='ltr'><strong>ctus</strong></span> <span class='ocrx_word' id='word_1_76' title='bbox 337 741 384 766; x_wconf 86' lang='lat' dir='ltr'><strong>est</strong></span> <span class='ocrx_word' id='word_1_77' title='bbox 411 740 440 765; x_wconf 79' lang='lat' dir='ltr'><strong>et</strong></span> <span class='ocrx_word' id='word_1_78' title='bbox 467 732 605 766; x_wconf 86' lang='lat' dir='ltr'><strong>obsides</strong></span> <span class='ocrx_word' id='word_1_79' title='bbox 629 732 712 763; x_wconf 82' lang='lat' dir='ltr'><strong>dare</strong></span> <span class='ocrx_word' id='word_1_80' title='bbox 736 731 824 763; x_wconf 89' lang='lat' dir='ltr'><strong>duos</strong></span> <span class='ocrx_word' id='word_1_81' title='bbox 857 729 966 769; x_wconf 86' lang='lat' dir='ltr'><strong>filios,</strong></span> <span class='ocrx_word' id='word_1_82' title='bbox 1001 725 1216 762; x_wconf 81' lang='lat' dir='ltr'>Antiochum</span> 
     </span>
     <span class='ocr_line' id='line_1_14' title="bbox 237 778 1218 828; baseline -0.009 -10"><span class='ocrx_word' id='word_1_83' title='bbox 237 783 458 828; x_wconf 77' lang='lat' dir='ltr'><strong>Epiplianem</strong></span> <span class='ocrx_word' id='word_1_84' title='bbox 471 810 479 823; x_wconf 90' lang='lat'><strong>,</strong></span> <span class='ocrx_word' id='word_1_85' title='bbox 505 789 536 815; x_wconf 89' lang='lat' dir='ltr'><strong>et</strong></span> <span class='ocrx_word' id='word_1_86' title='bbox 552 781 782 814; x_wconf 70' lang='lat' dir='ltr'><strong>Demetrium.</strong></span> <span class='ocrx_word' id='word_1_87' title='bbox 836 778 1030 824; x_wconf 78' lang='lat' dir='ltr'>Aliquanto</span> <span class='ocrx_word' id='word_1_88' title='bbox 1048 786 1124 823; x_wconf 89' lang='lat' dir='ltr'><strong>post</strong></span> <span class='ocrx_word' id='word_1_89' title='bbox 1140 790 1218 822; x_wconf 90' lang='lat' dir='ltr'><strong>spo-</strong></span> 
     </span>
     <span class='ocr_line' id='line_1_15' title="bbox 238 830 1219 880; baseline -0.008 -12"><span class='ocrx_word' id='word_1_90' title='bbox 238 837 385 869; x_wconf 89' lang='lat' dir='ltr'><strong>liaturus</strong></span> <span class='ocrx_word' id='word_1_91' title='bbox 414 834 583 880; x_wconf 84' lang='lat' dir='ltr'><strong>templum</strong></span> <span class='ocrx_word' id='word_1_92' title='bbox 611 832 789 876; x_wconf 75' lang='lat' dir='ltr'><strong>quoddam</strong></span> <span class='ocrx_word' id='word_1_93' title='bbox 815 831 852 862; x_wconf 88' lang='lat' dir='ltr'><strong>in</strong></span> <span class='ocrx_word' id='word_1_94' title='bbox 876 830 997 875; x_wconf 81' lang='lat' dir='ltr'><strong>Syria,</strong></span> <span class='ocrx_word' id='word_1_95' title='bbox 1026 842 1044 863; x_wconf 87' lang='lat' dir='ltr'><strong>a</strong></span> <span class='ocrx_word' id='word_1_96' title='bbox 1066 830 1138 863; x_wconf 88' lang='lat' dir='ltr'><strong>suis</strong></span> <span class='ocrx_word' id='word_1_97' title='bbox 1165 830 1219 861; x_wconf 91' lang='lat' dir='ltr'><strong>in-</strong></span> 
     </span>
     <span class='ocr_line' id='line_1_16' title="bbox 238 887 481 920; baseline -0.016 0"><span class='ocrx_word' id='word_1_98' title='bbox 238 887 402 920; x_wconf 78' lang='lat' dir='ltr'><strong>terfectus</strong></span> <span class='ocrx_word' id='word_1_99' title='bbox 420 890 481 917; x_wconf 84' lang='lat' dir='ltr'><strong>est.</strong></span> 
     </span>
    </p>
   </div>
   <div class='ocr_carea' id='block_1_3' title="bbox 240 935 1228 1535">
    <p class='ocr_par' dir='ltr' id='par_1_3' title="bbox 240 935 1228 1535">
     <span class='ocr_line' id='line_1_17' title="bbox 340 935 1221 978; baseline -0.006 -3"><span class='ocrx_word' id='word_1_100' title='bbox 340 943 467 976; x_wconf 81' lang='lat' dir='ltr'><strong>Facilis</strong></span> <span class='ocrx_word' id='word_1_101' title='bbox 486 949 536 975; x_wconf 87' lang='lat' dir='ltr'><strong>est</strong></span> <span class='ocrx_word' id='word_1_102' title='bbox 550 947 665 973; x_wconf 86' lang='lat' dir='ltr'><strong>autem</strong></span> <span class='ocrx_word' id='word_1_103' title='bbox 682 939 900 978; x_wconf 85' lang='lat' dir='ltr'><strong>coniectura,</strong></span> <span class='ocrx_word' id='word_1_104' title='bbox 930 937 1094 971; x_wconf 76' lang='lat' dir='ltr'><strong>Iudaeam</strong></span> <span class='ocrx_word' id='word_1_105' title='bbox 1114 939 1149 970; x_wconf 90' lang='lat' dir='ltr'><strong>in</strong></span> <span class='ocrx_word' id='word_1_106' title='bbox 1166 935 1221 970; x_wconf 89' lang='lat' dir='ltr'><strong>bis</strong></span> 
     </span>
     <span class='ocr_line' id='line_1_18' title="bbox 240 989 1221 1040; baseline -0.009 -11"><span class='ocrx_word' id='word_1_107' title='bbox 240 995 361 1040; x_wconf 75' lang='lat' dir='ltr'><strong>Syriae</strong></span> <span class='ocrx_word' id='word_1_108' title='bbox 382 994 482 1026; x_wconf 86' lang='lat' dir='ltr'><strong>bellis</strong></span> <span class='ocrx_word' id='word_1_109' title='bbox 498 992 648 1035; x_wconf 71' lang='lat' dir='ltr'><strong>graviter</strong></span> <span class='ocrx_word' id='word_1_110' title='bbox 665 997 821 1022; x_wconf 83' lang='lat' dir='ltr'><strong>vexatam</strong></span> <span class='ocrx_word' id='word_1_111' title='bbox 841 1001 929 1029; x_wconf 88' lang='lat' dir='ltr'><strong>esse,</strong></span> <span class='ocrx_word' id='word_1_112' title='bbox 957 1002 1051 1022; x_wconf 91' lang='lat' dir='ltr'><strong>nunc</strong></span> <span class='ocrx_word' id='word_1_113' title='bbox 1069 1002 1084 1021; x_wconf 87' lang='lat' dir='ltr'><strong>a</strong></span> <span class='ocrx_word' id='word_1_114' title='bbox 1102 989 1221 1033; x_wconf 70' lang='lat' dir='ltr'><strong>Syria-</strong></span> 
     </span>
     <span class='ocr_line' id='line_1_19' title="bbox 240 1036 1220 1086; baseline -0.009 -7"><span class='ocrx_word' id='word_1_115' title='bbox 240 1048 287 1080; x_wconf 89' lang='lat' dir='ltr'><strong>cis</strong></span> <span class='ocrx_word' id='word_1_116' title='bbox 300 1071 307 1084; x_wconf 84' lang='lat'><strong>,</strong></span> <span class='ocrx_word' id='word_1_117' title='bbox 335 1056 429 1077; x_wconf 90' lang='lat' dir='ltr'><strong>nunc</strong></span> <span class='ocrx_word' id='word_1_118' title='bbox 447 1044 490 1075; x_wconf 77' lang='lat' dir='ltr'><strong>ab</strong></span> <span class='ocrx_word' id='word_1_119' title='bbox 506 1041 685 1086; x_wconf 52' lang='lat' dir='ltr'><strong>⁴&amp;egyptiis</strong></span> <span class='ocrx_word' id='word_1_120' title='bbox 701 1040 861 1073; x_wconf 89' lang='lat' dir='ltr'><strong>ducibus.</strong></span> <span class='ocrx_word' id='word_1_121' title='bbox 905 1039 1127 1073; x_wconf 86' lang='lat' dir='ltr'><strong>Ptolemaeus</strong></span> <span class='ocrx_word' id='word_1_122' title='bbox 1138 1036 1220 1071; x_wconf 83' lang='lat' dir='ltr'><strong>Phi-</strong></span> 
     </span>
     <span class='ocr_line' id='line_1_20' title="bbox 241 1090 1223 1141; baseline -0.009 -11"><span class='ocrx_word' id='word_1_123' title='bbox 241 1098 379 1141; x_wconf 87' lang='lat' dir='ltr'><strong>lopator</strong></span> <span class='ocrx_word' id='word_1_124' title='bbox 398 1094 493 1126; x_wconf 71' lang='lat' dir='ltr'><strong>veuit</strong></span> <span class='ocrx_word' id='word_1_125' title='bbox 513 1092 761 1136; x_wconf 73' lang='lat' dir='ltr'><strong>lerosolymam</strong></span> <span class='ocrx_word' id='word_1_126' title='bbox 780 1091 908 1128; x_wconf 86' lang='lat' dir='ltr'><strong>victor,</strong></span> <span class='ocrx_word' id='word_1_127' title='bbox 932 1103 1081 1135; x_wconf 91' lang='lat' dir='ltr'><strong>cumque</strong></span> <span class='ocrx_word' id='word_1_128' title='bbox 1098 1090 1223 1123; x_wconf 84' lang='lat' dir='ltr'><strong>usitata</strong></span> 
     </span>
     <span class='ocr_line' id='line_1_21' title="bbox 241 1141 1222 1190; baseline -0.008 -10"><span class='ocrx_word' id='word_1_129' title='bbox 241 1147 382 1190; x_wconf 78' lang='lat' dir='ltr'><strong>regibus</strong></span> <span class='ocrx_word' id='word_1_130' title='bbox 406 1144 606 1177; x_wconf 73' lang='lat' dir='ltr'><strong>curiositate</strong></span> <span class='ocrx_word' id='word_1_131' title='bbox 624 1143 762 1174; x_wconf 64' lang='lat' dir='ltr'><strong>visurus</strong></span> <span class='ocrx_word' id='word_1_132' title='bbox 779 1149 865 1174; x_wconf 85' lang='lat' dir='ltr'><strong>esset</strong></span> <span class='ocrx_word' id='word_1_133' title='bbox 883 1142 1053 1184; x_wconf 89' lang='lat' dir='ltr'><strong>templum</strong></span> <span class='ocrx_word' id='word_1_134' title='bbox 1072 1141 1222 1174; x_wconf 78' lang='lat' dir='ltr'><strong>celebra·-</strong></span> 
     </span>
     <span class='ocr_line' id='line_1_22' title="bbox 241 1192 1226 1238; baseline -0.008 -7"><span class='ocrx_word' id='word_1_135' title='bbox 241 1198 433 1235; x_wconf 89' lang='lat' dir='ltr'><strong>tissimum‚</strong></span> <span class='ocrx_word' id='word_1_136' title='bbox 469 1195 609 1238; x_wconf 86' lang='lat' dir='ltr'><strong>iamque</strong></span> <span class='ocrx_word' id='word_1_137' title='bbox 633 1193 669 1224; x_wconf 89' lang='lat' dir='ltr'><strong>in</strong></span> <span class='ocrx_word' id='word_1_138' title='bbox 693 1193 905 1225; x_wconf 86' lang='lat' dir='ltr'><strong>vestibulum</strong></span> <span class='ocrx_word' id='word_1_139' title='bbox 931 1192 1107 1234; x_wconf 86' lang='lat' dir='ltr'><strong>ingressus</strong></span> <span class='ocrx_word' id='word_1_140' title='bbox 1129 1198 1226 1231; x_wconf 86' lang='lat' dir='ltr'><strong>esset,</strong></span> 
     </span>
     <span class='ocr_line' id='line_1_23' title="bbox 242 1244 1224 1292; baseline -0.008 -10"><span class='ocrx_word' id='word_1_141' title='bbox 242 1246 416 1292; x_wconf 84' lang='lat' dir='ltr'><strong>deprecati</strong></span> <span class='ocrx_word' id='word_1_142' title='bbox 438 1252 520 1278; x_wconf 91' lang='lat' dir='ltr'><strong>sunt</strong></span> <span class='ocrx_word' id='word_1_143' title='bbox 538 1244 755 1283; x_wconf 79' lang='lat' dir='ltr'><strong>sacerdotes,</strong></span> <span class='ocrx_word' id='word_1_144' title='bbox 783 1254 827 1275; x_wconf 87' lang='lat' dir='ltr'><strong>ne</strong></span> <span class='ocrx_word' id='word_1_145' title='bbox 852 1250 1028 1286; x_wconf 76' lang='lat' dir='ltr'><strong>pergeret,</strong></span> <span class='ocrx_word' id='word_1_146' title='bbox 1056 1254 1120 1275; x_wconf 91' lang='lat' dir='ltr'><strong>nec</strong></span> <span class='ocrx_word' id='word_1_147' title='bbox 1141 1254 1224 1284; x_wconf 93' lang='lat' dir='ltr'><strong>pro-</strong></span> 
     </span>
     <span class='ocr_line' id='line_1_24' title="bbox 241 1293 1227 1343; baseline -0.007 -11"><span class='ocrx_word' id='word_1_148' title='bbox 241 1298 410 1343; x_wconf 86' lang='lat' dir='ltr'><strong>phanaret</strong></span> <span class='ocrx_word' id='word_1_149' title='bbox 426 1297 581 1341; x_wconf 68' lang='lat' dir='ltr'><strong>adytum.</strong></span> <span class='ocrx_word' id='word_1_150' title='bbox 634 1293 794 1338; x_wconf 89' lang='lat' dir='ltr'><strong>Cumque</strong></span> <span class='ocrx_word' id='word_1_151' title='bbox 812 1294 925 1327; x_wconf 87' lang='lat' dir='ltr'><strong>subita</strong></span> <span class='ocrx_word' id='word_1_152' title='bbox 945 1293 1227 1327; x_wconf 83' lang='lat' dir='ltr'><strong>consternatione</strong></span> 
     </span>
     <span class='ocr_line' id='line_1_25' title="bbox 243 1345 1227 1389; baseline -0.006 -7"><span class='ocrx_word' id='word_1_153' title='bbox 243 1349 414 1383; x_wconf 75' lang='lat' dir='ltr'><strong>divinitus</strong></span> <span class='ocrx_word' id='word_1_154' title='bbox 448 1357 625 1389; x_wconf 87' lang='lat' dir='ltr'><strong>repressus</strong></span> <span class='ocrx_word' id='word_1_155' title='bbox 657 1351 764 1384; x_wconf 89' lang='lat' dir='ltr'><strong>esset,</strong></span> <span class='ocrx_word' id='word_1_156' title='bbox 798 1356 836 1377; x_wconf 89' lang='lat' dir='ltr'><strong>ac</strong></span> <span class='ocrx_word' id='word_1_157' title='bbox 869 1356 886 1376; x_wconf 90' lang='lat' dir='ltr'><strong>e</strong></span> <span class='ocrx_word' id='word_1_158' title='bbox 912 1345 1043 1387; x_wconf 87' lang='lat' dir='ltr'><strong>templo</strong></span> <span class='ocrx_word' id='word_1_159' title='bbox 1073 1345 1227 1382; x_wconf 59' lang='lat' dir='ltr'><strong>eductus</strong></span> 
     </span>
     <span class='ocr_line' id='line_1_26' title="bbox 244 1395 1228 1438; baseline -0.007 -5"><span class='ocrx_word' id='word_1_160' title='bbox 244 1398 469 1433; x_wconf 77' lang='lat' dir='ltr'><strong>vehementer</strong></span> <span class='ocrx_word' id='word_1_161' title='bbox 487 1396 588 1429; x_wconf 87' lang='lat' dir='ltr'><strong>irasci</strong></span> <span class='ocrx_word' id='word_1_162' title='bbox 607 1395 743 1427; x_wconf 90' lang='lat' dir='ltr'><strong>Iudaeis</strong></span> <span class='ocrx_word' id='word_1_163' title='bbox 763 1395 897 1438; x_wconf 89' lang='lat' dir='ltr'><strong>coepit,</strong></span> <span class='ocrx_word' id='word_1_164' title='bbox 924 1401 958 1427; x_wconf 90' lang='lat' dir='ltr'><strong>et</strong></span> <span class='ocrx_word' id='word_1_165' title='bbox 974 1402 1090 1437; x_wconf 88' lang='lat' dir='ltr'><strong>postea</strong></span> <span class='ocrx_word' id='word_1_166' title='bbox 1115 1395 1153 1426; x_wconf 90' lang='lat' dir='ltr'><strong>in</strong></span> <span class='ocrx_word' id='word_1_167' title='bbox 1171 1405 1228 1426; x_wconf 89' lang='lat' dir='ltr'><strong>eos</strong></span> 
     </span>
     <span class='ocr_line' id='line_1_27' title="bbox 244 1444 1227 1490; baseline -0.008 -6"><span class='ocrx_word' id='word_1_168' title='bbox 244 1449 406 1484; x_wconf 89' lang='lat' dir='ltr'><strong>atrociter</strong></span> <span class='ocrx_word' id='word_1_169' title='bbox 424 1447 527 1480; x_wconf 88' lang='lat' dir='ltr'><strong>etiam</strong></span> <span class='ocrx_word' id='word_1_170' title='bbox 543 1446 580 1478; x_wconf 88' lang='lat' dir='ltr'><strong>in</strong></span> <span class='ocrx_word' id='word_1_171' title='bbox 598 1444 756 1490; x_wconf 83' lang='lat' dir='ltr'><strong>Aegypto</strong></span> <span class='ocrx_word' id='word_1_172' title='bbox 779 1445 913 1480; x_wconf 85' lang='lat' dir='ltr'><strong>saeviit.</strong></span> <span class='ocrx_word' id='word_1_173' title='bbox 965 1444 1060 1479; x_wconf 89' lang='lat' dir='ltr'><strong>Haec</strong></span> <span class='ocrx_word' id='word_1_174' title='bbox 1077 1445 1227 1478; x_wconf 90' lang='lat' dir='ltr'><strong>recitan-</strong></span> 
     </span>
     <span class='ocr_line' id='line_1_28' title="bbox 244 1497 800 1535; baseline -0.014 0"><span class='ocrx_word' id='word_1_175' title='bbox 244 1509 303 1535; x_wconf 92' lang='lat' dir='ltr'><strong>tur</strong></span> <span class='ocrx_word' id='word_1_176' title='bbox 321 1501 357 1533; x_wconf 88' lang='lat' dir='ltr'><strong>in</strong></span> <span class='ocrx_word' id='word_1_177' title='bbox 374 1498 475 1532; x_wconf 81' lang='lat' dir='ltr'><strong>tertio</strong></span> <span class='ocrx_word' id='word_1_178' title='bbox 497 1497 800 1531; x_wconf 77' lang='lat' dir='ltr'><strong>Maccahaeorum.</strong></span> 
     </span>
    </p>
   </div>
   <div class='ocr_carea' id='block_1_4' title="bbox 246 1551 1232 2198">
    <p class='ocr_par' dir='ltr' id='par_1_4' title="bbox 246 1551 1232 2198">
     <span class='ocr_line' id='line_1_29' title="bbox 347 1551 1228 1600; baseline -0.006 -9"><span class='ocrx_word' id='word_1_179' title='bbox 347 1558 471 1591; x_wconf 87' lang='lat' dir='ltr'><strong>Postea</strong></span> <span class='ocrx_word' id='word_1_180' title='bbox 503 1555 632 1599; x_wconf 87' lang='lat' dir='ltr'><strong>Scopas</strong></span> <span class='ocrx_word' id='word_1_181' title='bbox 671 1556 741 1587; x_wconf 73' lang='lat' dir='ltr'><strong>dux</strong></span> <span class='ocrx_word' id='word_1_182' title='bbox 772 1556 815 1587; x_wconf 90' lang='lat' dir='ltr'><strong>ab</strong></span> <span class='ocrx_word' id='word_1_183' title='bbox 840 1553 1013 1600; x_wconf 82' lang='lat' dir='ltr'><strong>Aegyptio</strong></span> <span class='ocrx_word' id='word_1_184' title='bbox 1043 1551 1228 1598; x_wconf 81' lang='lat' dir='ltr'><strong>Epiphane</strong></span> 
     </span>
     <span class='ocr_line' id='line_1_30' title="bbox 246 1604 1226 1650; baseline -0.008 -7"><span class='ocrx_word' id='word_1_185' title='bbox 246 1611 382 1646; x_wconf 87' lang='lat' dir='ltr'><strong>missus,</strong></span> <span class='ocrx_word' id='word_1_186' title='bbox 411 1607 593 1650; x_wconf 88' lang='lat' dir='ltr'><strong>occupavit</strong></span> <span class='ocrx_word' id='word_1_187' title='bbox 612 1606 781 1649; x_wconf 84' lang='lat' dir='ltr'><strong>quaedam</strong></span> <span class='ocrx_word' id='word_1_188' title='bbox 801 1605 948 1637; x_wconf 80' lang='lat' dir='ltr'><strong>Iudaeae</strong></span> <span class='ocrx_word' id='word_1_189' title='bbox 966 1605 1106 1649; x_wconf 88' lang='lat' dir='ltr'><strong>oppida.</strong></span> <span class='ocrx_word' id='word_1_190' title='bbox 1160 1604 1226 1637; x_wconf 86' lang='lat' dir='ltr'><strong>Sed</strong></span> 
     </span>
     <span class='ocr_line' id='line_1_31' title="bbox 247 1653 1230 1699; baseline -0.007 -5"><span class='ocrx_word' id='word_1_191' title='bbox 247 1673 325 1694; x_wconf 90' lang='lat' dir='ltr'><strong>cum</strong></span> <span class='ocrx_word' id='word_1_192' title='bbox 341 1660 383 1692; x_wconf 89' lang='lat' dir='ltr'><strong>ad</strong></span> <span class='ocrx_word' id='word_1_193' title='bbox 404 1657 589 1691; x_wconf 87' lang='lat' dir='ltr'><strong>Iordanem</strong></span> <span class='ocrx_word' id='word_1_194' title='bbox 607 1657 650 1688; x_wconf 88' lang='lat' dir='ltr'><strong>ab</strong></span> <span class='ocrx_word' id='word_1_195' title='bbox 666 1653 843 1688; x_wconf 75' lang='lat' dir='ltr'><strong>Antiocho</strong></span> <span class='ocrx_word' id='word_1_196' title='bbox 856 1655 988 1699; x_wconf 85' lang='lat' dir='ltr'><strong>Magno</strong></span> <span class='ocrx_word' id='word_1_197' title='bbox 1006 1656 1117 1688; x_wconf 89' lang='lat' dir='ltr'><strong>victus</strong></span> <span class='ocrx_word' id='word_1_198' title='bbox 1133 1662 1230 1695; x_wconf 88' lang='lat' dir='ltr'><strong>esset,</strong></span> 
     </span>
     <span class='ocr_line' id='line_1_32' title="bbox 247 1706 1225 1750; baseline -0.007 -5"><span class='ocrx_word' id='word_1_199' title='bbox 247 1710 367 1746; x_wconf 86' lang='lat' dir='ltr'><strong>Iudaei</strong></span> <span class='ocrx_word' id='word_1_200' title='bbox 387 1710 521 1742; x_wconf 89' lang='lat' dir='ltr'><strong>dedunt</strong></span> <span class='ocrx_word' id='word_1_201' title='bbox 538 1718 572 1740; x_wconf 91' lang='lat' dir='ltr'><strong>se</strong></span> <span class='ocrx_word' id='word_1_202' title='bbox 590 1706 732 1743; x_wconf 84' lang='lat' dir='ltr'><strong>victori,</strong></span> <span class='ocrx_word' id='word_1_203' title='bbox 760 1706 820 1750; x_wconf 88' lang='lat' dir='ltr'><strong>qui</strong></span> <span class='ocrx_word' id='word_1_204' title='bbox 838 1707 899 1739; x_wconf 84' lang='lat' dir='ltr'><strong>etsi</strong></span> <span class='ocrx_word' id='word_1_205' title='bbox 926 1707 1086 1739; x_wconf 87' lang='lat' dir='ltr'><strong>nondum</strong></span> <span class='ocrx_word' id='word_1_206' title='bbox 1105 1706 1225 1738; x_wconf 89' lang='lat' dir='ltr'><strong>crude-</strong></span> 
     </span>
     <span class='ocr_line' id='line_1_33' title="bbox 247 1757 1230 1802; baseline -0.007 -7"><span class='ocrx_word' id='word_1_207' title='bbox 247 1762 327 1795; x_wconf 88' lang='lat' dir='ltr'><strong>liter</strong></span> <span class='ocrx_word' id='word_1_208' title='bbox 343 1760 391 1793; x_wconf 89' lang='lat' dir='ltr'><strong>eis</strong></span> <span class='ocrx_word' id='word_1_209' title='bbox 408 1758 612 1802; x_wconf 88' lang='lat' dir='ltr'><strong>imperavit,</strong></span> <span class='ocrx_word' id='word_1_210' title='bbox 640 1763 755 1790; x_wconf 87' lang='lat' dir='ltr'><strong>tamen</strong></span> <span class='ocrx_word' id='word_1_211' title='bbox 775 1757 905 1790; x_wconf 89' lang='lat' dir='ltr'><strong>tributa</strong></span> <span class='ocrx_word' id='word_1_212' title='bbox 923 1757 1071 1795; x_wconf 77' lang='lat' dir='ltr'><strong>indixit,</strong></span> <span class='ocrx_word' id='word_1_213' title='bbox 1100 1763 1131 1789; x_wconf 86' lang='lat' dir='ltr'><strong>et</strong></span> <span class='ocrx_word' id='word_1_214' title='bbox 1150 1768 1230 1799; x_wconf 84' lang='lat' dir='ltr'><strong>par-</strong></span> 
     </span>
     <span class='ocr_line' id='line_1_34' title="bbox 248 1805 1229 1851; baseline -0.006 -5"><span class='ocrx_word' id='word_1_215' title='bbox 248 1820 318 1846; x_wconf 90' lang='lat' dir='ltr'><strong>tem</strong></span> <span class='ocrx_word' id='word_1_216' title='bbox 341 1811 428 1850; x_wconf 89' lang='lat' dir='ltr'><strong>sibi,</strong></span> <span class='ocrx_word' id='word_1_217' title='bbox 456 1815 592 1851; x_wconf 86' lang='lat' dir='ltr'><strong>partem</strong></span> <span class='ocrx_word' id='word_1_218' title='bbox 619 1819 745 1850; x_wconf 83' lang='lat' dir='ltr'><strong>genero</strong></span> <span class='ocrx_word' id='word_1_219' title='bbox 766 1806 964 1840; x_wconf 88' lang='lat' dir='ltr'><strong>Ptolemaeo</strong></span> <span class='ocrx_word' id='word_1_220' title='bbox 983 1805 1163 1850; x_wconf 86' lang='lat' dir='ltr'><strong>Epiphani</strong></span> <span class='ocrx_word' id='word_1_221' title='bbox 1180 1813 1229 1840; x_wconf 89' lang='lat' dir='ltr'><strong>at-</strong></span> 
     </span>
     <span class='ocr_line' id='line_1_35' title="bbox 248 1857 1231 1896; baseline -0.006 0"><span class='ocrx_word' id='word_1_222' title='bbox 248 1861 385 1896; x_wconf 85' lang='lat' dir='ltr'><strong>tribuit.</strong></span> <span class='ocrx_word' id='word_1_223' title='bbox 436 1859 530 1892; x_wconf 82' lang='lat' dir='ltr'><strong>Haec</strong></span> <span class='ocrx_word' id='word_1_224' title='bbox 560 1859 704 1891; x_wconf 84' lang='lat' dir='ltr'><strong>fuerunt</strong></span> <span class='ocrx_word' id='word_1_225' title='bbox 733 1858 832 1890; x_wconf 89' lang='lat' dir='ltr'><strong>initia</strong></span> <span class='ocrx_word' id='word_1_226' title='bbox 856 1859 1034 1892; x_wconf 88' lang='lat' dir='ltr'><strong>servitutis</strong></span> <span class='ocrx_word' id='word_1_227' title='bbox 1070 1857 1231 1891; x_wconf 89' lang='lat' dir='ltr'><strong>Iudaicae</strong></span> 
     </span>
     <span class='ocr_line' id='line_1_36' title="bbox 251 1907 1227 1955; baseline -0.005 -9"><span class='ocrx_word' id='word_1_228' title='bbox 251 1914 316 1946; x_wconf 89' lang='lat' dir='ltr'><strong>sub</strong></span> <span class='ocrx_word' id='word_1_229' title='bbox 330 1910 385 1944; x_wconf 90' lang='lat' dir='ltr'><strong>bis</strong></span> <span class='ocrx_word' id='word_1_230' title='bbox 402 1909 555 1955; x_wconf 81' lang='lat' dir='ltr'><strong>Syriacis</strong></span> <span class='ocrx_word' id='word_1_231' title='bbox 572 1909 723 1950; x_wconf 76' lang='lat' dir='ltr'><strong>regibus.</strong></span> <span class='ocrx_word' id='word_1_232' title='bbox 778 1907 860 1940; x_wconf 82' lang='lat' dir='ltr'><strong>Ideo</strong></span> <span class='ocrx_word' id='word_1_233' title='bbox 879 1907 935 1941; x_wconf 89' lang='lat' dir='ltr'><strong>hic</strong></span> <span class='ocrx_word' id='word_1_234' title='bbox 953 1910 1082 1943; x_wconf 88' lang='lat' dir='ltr'><strong>dicitur</strong></span> <span class='ocrx_word' id='word_1_235' title='bbox 1101 1909 1138 1940; x_wconf 90' lang='lat' dir='ltr'><strong>in</strong></span> <span class='ocrx_word' id='word_1_236' title='bbox 1158 1910 1227 1942; x_wconf 86' lang='lat' dir='ltr'><strong>Da—</strong></span> 
     </span>
     <span class='ocr_line' id='line_1_37' title="bbox 252 1956 1232 1998; baseline -0.005 -2"><span class='ocrx_word' id='word_1_237' title='bbox 252 1963 361 1996; x_wconf 89' lang='lat' dir='ltr'><strong>niele:</strong></span> <span class='ocrx_word' id='word_1_238' title='bbox 391 1958 510 1993; x_wconf 68' lang='lat' dir='ltr'><strong>Stabit</strong></span> <span class='ocrx_word' id='word_1_239' title='bbox 535 1959 573 1991; x_wconf 87' lang='lat' dir='ltr'><strong>in</strong></span> <span class='ocrx_word' id='word_1_240' title='bbox 598 1963 692 1991; x_wconf 78' lang='lat' dir='ltr'><strong>terra</strong></span> <span class='ocrx_word' id='word_1_241' title='bbox 712 1956 967 1998; x_wconf 79' lang='lat' dir='ltr'><strong>desiderabili,</strong></span> <span class='ocrx_word' id='word_1_242' title='bbox 997 1960 1127 1992; x_wconf 85' lang='lat' dir='ltr'><strong>scilicet</strong></span> <span class='ocrx_word' id='word_1_243' title='bbox 1156 1958 1232 1993; x_wconf 87' lang='lat' dir='ltr'><strong>An—</strong></span> 
     </span>
     <span class='ocr_line' id='line_1_38' title="bbox 252 2006 1231 2058; baseline -0.005 -11"><span class='ocrx_word' id='word_1_244' title='bbox 252 2010 390 2048; x_wconf 90' lang='lat' dir='ltr'><strong>tiochus</strong></span> <span class='ocrx_word' id='word_1_245' title='bbox 408 2010 571 2053; x_wconf 84' lang='lat' dir='ltr'><strong>Magnus.</strong></span> <span class='ocrx_word' id='word_1_246' title='bbox 625 2006 771 2041; x_wconf 66' lang='lat' dir='ltr'><strong>Deinde</strong></span> <span class='ocrx_word' id='word_1_247' title='bbox 787 2015 955 2042; x_wconf 58' lang='lat' dir='ltr'><strong>converte!</strong></span> <span class='ocrx_word' id='word_1_248' title='bbox 966 2010 1111 2058; x_wconf 79' lang='lat' dir='ltr'><strong>faciem</strong></span> <span class='ocrx_word' id='word_1_249' title='bbox 1126 2022 1231 2043; x_wconf 79' lang='lat' dir='ltr'><strong>suam</strong></span> 
     </span>
     <span class='ocr_line' id='line_1_39' title="bbox 254 2058 1230 2104; baseline -0.003 -7"><span class='ocrx_word' id='word_1_250' title='bbox 254 2066 305 2097; x_wconf 78' lang='lat' dir='ltr'><strong>ad</strong></span> <span class='ocrx_word' id='word_1_251' title='bbox 328 2059 502 2100; x_wconf 73' lang='lat' dir='ltr'><strong>Insulas,</strong></span> <span class='ocrx_word' id='word_1_252' title='bbox 536 2064 565 2092; x_wconf 78' lang='lat' dir='ltr'><strong>el</strong></span> <span class='ocrx_word' id='word_1_253' title='bbox 591 2063 704 2104; x_wconf 61' lang='lat' dir='ltr'><strong>capis!</strong></span> <span class='ocrx_word' id='word_1_254' title='bbox 735 2058 891 2098; x_wconf 70' lang='lat' dir='ltr'><strong>inultas,</strong></span> <span class='ocrx_word' id='word_1_255' title='bbox 920 2061 953 2092; x_wconf 89' lang='lat' dir='ltr'><strong>id</strong></span> <span class='ocrx_word' id='word_1_256' title='bbox 986 2069 1052 2098; x_wconf 74' lang='lat' dir='ltr'><strong>est,</strong></span> <span class='ocrx_word' id='word_1_257' title='bbox 1081 2062 1230 2094; x_wconf 73' lang='lat' dir='ltr'><strong>discedet</strong></span> 
     </span>
     <span class='ocr_line' id='line_1_40' title="bbox 254 2110 1230 2155; baseline -0.003 -7"><span class='ocrx_word' id='word_1_258' title='bbox 254 2115 336 2147; x_wconf 89' lang='lat' dir='ltr'><strong>inde</strong></span> <span class='ocrx_word' id='word_1_259' title='bbox 354 2113 486 2146; x_wconf 89' lang='lat' dir='ltr'><strong>bellum</strong></span> <span class='ocrx_word' id='word_1_260' title='bbox 505 2118 663 2155; x_wconf 84' lang='lat' dir='ltr'><strong>gesturus</strong></span> <span class='ocrx_word' id='word_1_261' title='bbox 683 2122 760 2143; x_wconf 89' lang='lat' dir='ltr'><strong>cum</strong></span> <span class='ocrx_word' id='word_1_262' title='bbox 780 2110 952 2144; x_wconf 80' lang='lat' dir='ltr'><strong>Romanis</strong></span> <span class='ocrx_word' id='word_1_263' title='bbox 972 2112 1008 2144; x_wconf 89' lang='lat' dir='ltr'><strong>in</strong></span> <span class='ocrx_word' id='word_1_264' title='bbox 1028 2110 1177 2145; x_wconf 86' lang='lat' dir='ltr'><strong>Graecia</strong></span> <span class='ocrx_word' id='word_1_265' title='bbox 1202 2120 1230 2145; x_wconf 89' lang='lat' dir='ltr'><strong>et</strong></span> 
     </span>
     <span class='ocr_line' id='line_1_41' title="bbox 252 2163 402 2198; baseline -0.013 0"><span class='ocrx_word' id='word_1_266' title='bbox 252 2165 290 2198; x_wconf 88' lang='lat' dir='ltr'><strong>in</strong></span> <span class='ocrx_word' id='word_1_267' title='bbox 308 2163 402 2198; x_wconf 91' lang='lat' dir='ltr'><strong>Asia.</strong></span> 
     </span>
    </p>
   </div>
   <div class='ocr_carea' id='block_1_5' title="bbox 358 2245 1238 2290">
    <p class='ocr_par' dir='ltr' id='par_1_5' title="bbox 358 2245 1238 2290">
     <span class='ocr_line' id='line_1_42' title="bbox 358 2245 1238 2290; baseline 0 -9"><span class='ocrx_word' id='word_1_268' title='bbox 358 2245 557 2282; x_wconf 84' lang='lat' dir='ltr'><strong>Antiochus</strong></span> <span class='ocrx_word' id='word_1_269' title='bbox 581 2246 733 2289; x_wconf 84' lang='lat' dir='ltr'><strong>Magnus</strong></span> <span class='ocrx_word' id='word_1_270' title='bbox 757 2246 901 2290; x_wconf 84' lang='lat' dir='ltr'><strong>reliquit</strong></span> <span class='ocrx_word' id='word_1_271' title='bbox 931 2252 999 2279; x_wconf 79' lang='lat' dir='ltr'><strong>tres</strong></span> <span class='ocrx_word' id='word_1_272' title='bbox 1030 2247 1142 2287; x_wconf 79' lang='lat' dir='ltr'><strong>filios,</strong></span> <span class='ocrx_word' id='word_1_273' title='bbox 1178 2247 1238 2281; x_wconf 87' lang='lat' dir='ltr'><strong>Se-</strong></span> 
     </span>
    </p>
   </div>
   <div class='ocr_carea' id='block_1_6' title="bbox 257 2295 1237 2385">
    <p class='ocr_par' dir='ltr' id='par_1_6' title="bbox 257 2295 1237 2385">
     <span class='ocr_line' id='line_1_43' title="bbox 257 2295 1237 2342; baseline -0.004 -8"><span class='ocrx_word' id='word_1_274' title='bbox 257 2302 393 2334; x_wconf 83' lang='lat' dir='ltr'><strong>leucum</strong></span> <span class='ocrx_word' id='word_1_275' title='bbox 428 2297 676 2342; x_wconf 87' lang='lat' dir='ltr'><strong>Philopatora,</strong></span> <span class='ocrx_word' id='word_1_276' title='bbox 713 2295 930 2330; x_wconf 77' lang='lat' dir='ltr'><strong>Antiochum</strong></span> <span class='ocrx_word' id='word_1_277' title='bbox 959 2295 1181 2342; x_wconf 85' lang='lat' dir='ltr'><strong>Epiphanem</strong></span> <span class='ocrx_word' id='word_1_278' title='bbox 1210 2307 1237 2331; x_wconf 86' lang='lat' dir='ltr'><strong>et</strong></span> 
     </span>
     <span class='ocr_line' id='line_1_44' title="bbox 258 2350 492 2385; baseline -0.021 0"><span class='ocrx_word' id='word_1_279' title='bbox 258 2350 492 2385; x_wconf 85' lang='lat' dir='ltr'><strong>Demetrium.</strong></span> 
     </span>
    </p>
   </div>
   <div class='ocr_carea' id='block_1_7' title="bbox 558 2429 939 2459">
    <p class='ocr_par' dir='ltr' id='par_1_7' title="bbox 558 2429 939 2459">
     <span class='ocr_line' id='line_1_45' title="bbox 558 2429 939 2459; baseline -0.003 -6"><span class='ocrx_word' id='word_1_280' title='bbox 558 2430 598 2453; x_wconf 71' lang='lat' dir='ltr'><strong>Se</strong></span> <span class='ocrx_word' id='word_1_281' title='bbox 610 2429 640 2453; x_wconf 83' lang='lat' dir='ltr'><strong>Ie</strong></span> <span class='ocrx_word' id='word_1_282' title='bbox 650 2436 664 2452; x_wconf 77' lang='grc' dir='ltr'><strong>ιι</strong></span> <span class='ocrx_word' id='word_1_283' title='bbox 675 2435 688 2452; x_wconf 85' lang='lat' dir='ltr'><strong>c</strong></span> <span class='ocrx_word' id='word_1_284' title='bbox 698 2436 715 2452; x_wconf 79' lang='lat' dir='ltr'><strong>u</strong></span> <span class='ocrx_word' id='word_1_285' title='bbox 726 2436 738 2452; x_wconf 84' lang='lat' dir='ltr'><strong>s</strong></span> <span class='ocrx_word' id='word_1_286' title='bbox 762 2429 939 2459; x_wconf 77' lang='lat' dir='ltr'><strong>Philopator.</strong></span> 
     </span>
    </p>
   </div>
   <div class='ocr_carea' id='block_1_8' title="bbox 264 2488 1242 2637">
    <p class='ocr_par' dir='ltr' id='par_1_8' title="bbox 264 2488 1242 2637">
     <span class='ocr_line' id='line_1_46' title="bbox 362 2488 1241 2532; baseline 0 -11"><span class='ocrx_word' id='word_1_287' title='bbox 362 2488 526 2522; x_wconf 82' lang='lat' dir='ltr'><strong>Seleucus</strong></span> <span class='ocrx_word' id='word_1_288' title='bbox 546 2490 670 2531; x_wconf 73' lang='lat' dir='ltr'><strong>exiguo</strong></span> <span class='ocrx_word' id='word_1_289' title='bbox 691 2495 847 2532; x_wconf 84' lang='lat' dir='ltr'><strong>tempore</strong></span> <span class='ocrx_word' id='word_1_290' title='bbox 869 2496 946 2532; x_wconf 91' lang='lat' dir='ltr'><strong>post</strong></span> <span class='ocrx_word' id='word_1_291' title='bbox 965 2495 1097 2532; x_wconf 89' lang='lat' dir='ltr'><strong>patrem</strong></span> <span class='ocrx_word' id='word_1_292' title='bbox 1119 2500 1241 2531; x_wconf 88' lang='lat' dir='ltr'><strong>regna-</strong></span> 
     </span>
     <span class='ocr_line' id='line_1_47' title="bbox 264 2537 1242 2584; baseline 0 -12"><span class='ocrx_word' id='word_1_293' title='bbox 264 2540 326 2572; x_wconf 76' lang='lat' dir='ltr'><strong>vit.</strong></span> <span class='ocrx_word' id='word_1_294' title='bbox 380 2537 485 2571; x_wconf 91' lang='lat' dir='ltr'><strong>Hunc</strong></span> <span class='ocrx_word' id='word_1_295' title='bbox 503 2538 687 2571; x_wconf 68' lang='lat' dir='ltr'><strong>Seleucum</strong></span> <span class='ocrx_word' id='word_1_296' title='bbox 707 2539 910 2571; x_wconf 89' lang='lat' dir='ltr'><strong>describens</strong></span> <span class='ocrx_word' id='word_1_297' title='bbox 927 2539 1083 2582; x_wconf 75' lang='lat' dir='ltr'><strong>Angelus</strong></span> <span class='ocrx_word' id='word_1_298' title='bbox 1108 2540 1242 2584; x_wconf 87' lang='lat' dir='ltr'><strong>inquit:</strong></span> 
     </span>
     <span class='ocr_line' id='line_1_48' title="bbox 265 2586 1240 2637; baseline 0 -15"><span class='ocrx_word' id='word_1_299' title='bbox 265 2587 387 2624; x_wconf 78' lang='lat' dir='ltr'><strong>Stabit</strong></span> <span class='ocrx_word' id='word_1_300' title='bbox 404 2590 441 2620; x_wconf 86' lang='lat' dir='ltr'><strong>in</strong></span> <span class='ocrx_word' id='word_1_301' title='bbox 461 2586 536 2620; x_wconf 87' lang='lat' dir='ltr'><strong>loco</strong></span> <span class='ocrx_word' id='word_1_302' title='bbox 553 2586 628 2621; x_wconf 77' lang='lat' dir='ltr'><strong>eius</strong></span> <span class='ocrx_word' id='word_1_303' title='bbox 649 2587 732 2621; x_wconf 62' lang='lat' dir='ltr'><strong>cilis</strong></span> <span class='ocrx_word' id='word_1_304' title='bbox 759 2587 814 2621; x_wconf 66' lang='lat' dir='ltr'><strong>rel</strong></span> <span class='ocrx_word' id='word_1_305' title='bbox 831 2589 987 2634; x_wconf 60' lang='lat' dir='ltr'><strong>ignavus</strong></span> <span class='ocrx_word' id='word_1_306' title='bbox 1004 2594 1175 2637; x_wconf 79' lang='lat' dir='ltr'><strong>quaestor</strong></span> <span class='ocrx_word' id='word_1_307' title='bbox 1190 2602 1240 2622; x_wconf 83' lang='lat' dir='ltr'><strong>re-</strong></span> 
     </span>
    </p>
   </div>
   <div class='ocr_carea' id='block_1_9' title="bbox 264 2637 1243 2686">
    <p class='ocr_par' dir='ltr' id='par_1_9' title="bbox 264 2637 1243 2686">
     <span class='ocr_line' id='line_1_49' title="bbox 264 2637 1243 2686; baseline 0.001 -13"><span class='ocrx_word' id='word_1_308' title='bbox 264 2639 321 2686; x_wconf 78' lang='lat' dir='ltr'><strong>gii</strong></span> <span class='ocrx_word' id='word_1_309' title='bbox 334 2637 495 2672; x_wconf 74' lang='lat' dir='ltr'><strong>honoris.</strong></span> <span class='ocrx_word' id='word_1_310' title='bbox 548 2637 662 2671; x_wconf 60' lang='lat' dir='ltr'><strong>Vitem</strong></span> <span class='ocrx_word' id='word_1_311' title='bbox 679 2639 734 2672; x_wconf 66' lang='lat' dir='ltr'><strong>vel</strong></span> <span class='ocrx_word' id='word_1_312' title='bbox 752 2639 917 2683; x_wconf 80' lang='lat' dir='ltr'><strong>ignavum</strong></span> <span class='ocrx_word' id='word_1_313' title='bbox 932 2649 1031 2675; x_wconf 83' lang='lat' dir='ltr'><strong>vocat</strong></span> <span class='ocrx_word' id='word_1_314' title='bbox 1049 2653 1164 2684; x_wconf 86' lang='lat' dir='ltr'><strong>regem</strong></span> <span class='ocrx_word' id='word_1_315' title='bbox 1182 2653 1243 2674; x_wconf 89' lang='lat' dir='ltr'><strong>ne-</strong></span> 
     </span>
    </p>
   </div>
   <div class='ocr_carea' id='block_1_10' title="bbox 818 79 1647 122">
    <p class='ocr_par' dir='ltr' id='par_1_10' title="bbox 818 79 1647 122">
     <span class='ocr_line' id='line_1_50' title="bbox 818 79 1647 122; baseline -0.008 0"><span class='ocrx_word' id='word_1_316' title='bbox 818 85 942 122; x_wconf 90' lang='lat' dir='ltr'><strong>PHIL.</strong></span> <span class='ocrx_word' id='word_1_317' title='bbox 971 83 1086 122; x_wconf 82' lang='lat' dir='ltr'><strong>MEL.</strong></span> <span class='ocrx_word' id='word_1_318' title='bbox 1115 83 1323 121; x_wconf 81' lang='lat' dir='ltr'><strong>SCRIPTA</strong></span> <span class='ocrx_word' id='word_1_319' title='bbox 1350 79 1647 118; x_wconf 84' lang='lat' dir='ltr'><strong>EXEGETICA.</strong></span> 
     </span>
    </p>
   </div>
   <div class='ocr_carea' id='block_1_11' title="bbox 2167 77 2241 115">
    <p class='ocr_par' dir='ltr' id='par_1_11' title="bbox 2167 77 2241 115">
     <span class='ocr_line' id='line_1_51' title="bbox 2167 77 2241 115; baseline -0.027 0"><span class='ocrx_word' id='word_1_320' title='bbox 2167 77 2241 115; x_wconf 71' lang='lat'><strong>924</strong></span> 
     </span>
    </p>
   </div>
   <div class='ocr_carea' id='block_1_12' title="bbox 1261 164 2254 765">
    <p class='ocr_par' dir='ltr' id='par_1_12' title="bbox 1261 164 2254 765">
     <span class='ocr_line' id='line_1_52' title="bbox 1261 164 2244 212; baseline -0.004 -11"><span class='ocrx_word' id='word_1_321' title='bbox 1261 168 1447 212; x_wconf 88' lang='lat' dir='ltr'><strong>gligentem</strong></span> <span class='ocrx_word' id='word_1_322' title='bbox 1469 166 1581 200; x_wconf 85' lang='lat' dir='ltr'><strong>officia</strong></span> <span class='ocrx_word' id='word_1_323' title='bbox 1605 177 1686 207; x_wconf 88' lang='lat' dir='ltr'><strong>sua,</strong></span> <span class='ocrx_word' id='word_1_324' title='bbox 1718 177 1763 198; x_wconf 89' lang='lat' dir='ltr'><strong>ne</strong></span> <span class='ocrx_word' id='word_1_325' title='bbox 1787 164 1883 198; x_wconf 89' lang='lat' dir='ltr'><strong>domi</strong></span> <span class='ocrx_word' id='word_1_326' title='bbox 1906 164 2032 198; x_wconf 87' lang='lat' dir='ltr'><strong>iudicia</strong></span> <span class='ocrx_word' id='word_1_327' title='bbox 2057 165 2244 208; x_wconf 84' lang='lat' dir='ltr'><strong>diligenter</strong></span> 
     </span>
     <span class='ocr_line' id='line_1_53' title="bbox 1263 215 2244 260; baseline -0.004 -8"><span class='ocrx_word' id='word_1_328' title='bbox 1263 225 1495 259; x_wconf 78' lang='lat' dir='ltr'><strong>exercentem,</strong></span> <span class='ocrx_word' id='word_1_329' title='bbox 1538 229 1601 250; x_wconf 90' lang='lat' dir='ltr'><strong>nec</strong></span> <span class='ocrx_word' id='word_1_330' title='bbox 1630 216 1852 260; x_wconf 84' lang='lat' dir='ltr'><strong>disciplinam</strong></span> <span class='ocrx_word' id='word_1_331' title='bbox 1894 215 2042 258; x_wconf 88' lang='lat' dir='ltr'><strong>graviter</strong></span> <span class='ocrx_word' id='word_1_332' title='bbox 2077 222 2244 255; x_wconf 88' lang='lat' dir='ltr'><strong>tuentem,</strong></span> 
     </span>
     <span class='ocr_line' id='line_1_54' title="bbox 1265 265 2245 313; baseline -0.004 -11"><span class='ocrx_word' id='word_1_333' title='bbox 1265 282 1328 302; x_wconf 84' lang='lat' dir='ltr'><strong>nec</strong></span> <span class='ocrx_word' id='word_1_334' title='bbox 1348 270 1468 313; x_wconf 89' lang='lat' dir='ltr'><strong>populi</strong></span> <span class='ocrx_word' id='word_1_335' title='bbox 1486 268 1700 302; x_wconf 81' lang='lat' dir='ltr'><strong>utilitatibus</strong></span> <span class='ocrx_word' id='word_1_336' title='bbox 1718 266 1977 305; x_wconf 83' lang='lat' dir='ltr'><strong>consulentem,</strong></span> <span class='ocrx_word' id='word_1_337' title='bbox 2002 277 2065 298; x_wconf 91' lang='lat' dir='ltr'><strong>nec</strong></span> <span class='ocrx_word' id='word_1_338' title='bbox 2080 265 2165 299; x_wconf 88' lang='lat' dir='ltr'><strong>soris</strong></span> <span class='ocrx_word' id='word_1_339' title='bbox 2184 267 2245 298; x_wconf 88' lang='lat' dir='ltr'><strong>de-</strong></span> 
     </span>
     <span class='ocr_line' id='line_1_55' title="bbox 1264 315 2245 364; baseline -0.005 -11"><span class='ocrx_word' id='word_1_340' title='bbox 1264 320 1448 364; x_wconf 73' lang='lat' dir='ltr'><strong>pellentem</strong></span> <span class='ocrx_word' id='word_1_341' title='bbox 1479 317 1614 358; x_wconf 90' lang='lat' dir='ltr'><strong>hostes,</strong></span> <span class='ocrx_word' id='word_1_342' title='bbox 1655 318 1715 350; x_wconf 90' lang='lat' dir='ltr'><strong>sed</strong></span> <span class='ocrx_word' id='word_1_343' title='bbox 1745 316 1903 349; x_wconf 87' lang='lat' dir='ltr'><strong>deditum</strong></span> <span class='ocrx_word' id='word_1_344' title='bbox 1934 315 2173 359; x_wconf 81' lang='lat' dir='ltr'><strong>voluptatibus</strong></span> <span class='ocrx_word' id='word_1_345' title='bbox 2212 322 2245 349; x_wconf 86' lang='lat' dir='ltr'><strong>et</strong></span> 
     </span>
     <span class='ocr_line' id='line_1_56' title="bbox 1265 365 2246 414; baseline -0.006 -11"><span class='ocrx_word' id='word_1_346' title='bbox 1265 371 1536 414; x_wconf 85' lang='lat' dir='ltr'><strong>profundentem</strong></span> <span class='ocrx_word' id='word_1_347' title='bbox 1553 369 1710 413; x_wconf 86' lang='lat' dir='ltr'><strong>publicas</strong></span> <span class='ocrx_word' id='word_1_348' title='bbox 1729 375 1761 401; x_wconf 93' lang='lat' dir='ltr'><strong>et</strong></span> <span class='ocrx_word' id='word_1_349' title='bbox 1779 367 1933 411; x_wconf 86' lang='lat' dir='ltr'><strong>privatas</strong></span> <span class='ocrx_word' id='word_1_350' title='bbox 1950 365 2115 409; x_wconf 88' lang='lat' dir='ltr'><strong>pecunias</strong></span> <span class='ocrx_word' id='word_1_351' title='bbox 2138 366 2173 397; x_wconf 93' lang='lat' dir='ltr'><strong>in</strong></span> <span class='ocrx_word' id='word_1_352' title='bbox 2192 376 2246 397; x_wconf 87' lang='lat' dir='ltr'><strong>res</strong></span> 
     </span>
     <span class='ocr_line' id='line_1_57' title="bbox 1266 415 2249 464; baseline -0.007 -10"><span class='ocrx_word' id='word_1_353' title='bbox 1266 422 1427 461; x_wconf 86' lang='lat' dir='ltr'><strong>inutiles,</strong></span> <span class='ocrx_word' id='word_1_354' title='bbox 1454 432 1618 464; x_wconf 90' lang='lat' dir='ltr'><strong>pompas,</strong></span> <span class='ocrx_word' id='word_1_355' title='bbox 1643 418 1826 460; x_wconf 83' lang='lat' dir='ltr'><strong>convivia,</strong></span> <span class='ocrx_word' id='word_1_356' title='bbox 1844 416 2099 450; x_wconf 83' lang='lat' dir='ltr'><strong>aedificationes</strong></span> <span class='ocrx_word' id='word_1_357' title='bbox 2118 415 2249 449; x_wconf 84' lang='lat' dir='ltr'><strong>Lucul-</strong></span> 
     </span>
     <span class='ocr_line' id='line_1_58' title="bbox 1266 466 2251 515; baseline -0.005 -11"><span class='ocrx_word' id='word_1_358' title='bbox 1266 473 1354 512; x_wconf 89' lang='lat' dir='ltr'><strong>leas,</strong></span> <span class='ocrx_word' id='word_1_359' title='bbox 1387 478 1420 504; x_wconf 87' lang='lat' dir='ltr'><strong>ct</strong></span> <span class='ocrx_word' id='word_1_360' title='bbox 1453 471 1534 515; x_wconf 89' lang='lat' dir='ltr'><strong>quia</strong></span> <span class='ocrx_word' id='word_1_361' title='bbox 1566 470 1682 503; x_wconf 83' lang='lat' dir='ltr'><strong>nullae</strong></span> <span class='ocrx_word' id='word_1_362' title='bbox 1709 480 1792 513; x_wconf 89' lang='lat' dir='ltr'><strong>opes</strong></span> <span class='ocrx_word' id='word_1_363' title='bbox 1817 466 1871 501; x_wconf 91' lang='lat' dir='ltr'><strong>his</strong></span> <span class='ocrx_word' id='word_1_364' title='bbox 1894 467 2036 511; x_wconf 86' lang='lat' dir='ltr'><strong>ineptiis</strong></span> <span class='ocrx_word' id='word_1_365' title='bbox 2063 467 2251 505; x_wconf 82' lang='lat' dir='ltr'><strong>sufficiunt,</strong></span> 
     </span>
     <span class='ocr_line' id='line_1_59' title="bbox 1268 517 2250 566; baseline -0.007 -11"><span class='ocrx_word' id='word_1_366' title='bbox 1268 521 1540 566; x_wconf 83' lang='lat' dir='ltr'><strong>expilationibus</strong></span> <span class='ocrx_word' id='word_1_367' title='bbox 1563 520 1712 553; x_wconf 77' lang='lat' dir='ltr'><strong>infinitis</strong></span> <span class='ocrx_word' id='word_1_368' title='bbox 1744 517 2007 552; x_wconf 83' lang='lat' dir='ltr'><strong>exhaurientem</strong></span> <span class='ocrx_word' id='word_1_369' title='bbox 2033 517 2250 561; x_wconf 85' lang='lat' dir='ltr'><strong>privatorum</strong></span> 
     </span>
     <span class='ocr_line' id='line_1_60' title="bbox 1268 564 2252 614; baseline -0.006 -9"><span class='ocrx_word' id='word_1_370' title='bbox 1268 573 1463 605; x_wconf 82' lang='lat' dir='ltr'><strong>facultates.</strong></span> <span class='ocrx_word' id='word_1_371' title='bbox 1517 570 1599 604; x_wconf 87' lang='lat' dir='ltr'><strong>Ideo</strong></span> <span class='ocrx_word' id='word_1_372' title='bbox 1618 576 1836 614; x_wconf 83' lang='lat' dir='ltr'><strong>quaestorem</strong></span> <span class='ocrx_word' id='word_1_373' title='bbox 1853 575 1972 609; x_wconf 73' lang='lat' dir='ltr'><strong>vocat,</strong></span> <span class='ocrx_word' id='word_1_374' title='bbox 1997 569 2056 601; x_wconf 89' lang='lat' dir='ltr'><strong>sed</strong></span> <span class='ocrx_word' id='word_1_375' title='bbox 2073 567 2168 610; x_wconf 87' lang='lat' dir='ltr'><strong>regio</strong></span> <span class='ocrx_word' id='word_1_376' title='bbox 2185 564 2252 599; x_wconf 91' lang='lat' dir='ltr'><strong>ho-</strong></span> 
     </span>
     <span class='ocr_line' id='line_1_61' title="bbox 1272 617 2251 664; baseline -0.006 -9"><span class='ocrx_word' id='word_1_377' title='bbox 1272 635 1376 663; x_wconf 86' lang='lat' dir='ltr'><strong>nore,</strong></span> <span class='ocrx_word' id='word_1_378' title='bbox 1404 623 1437 655; x_wconf 90' lang='lat' dir='ltr'><strong>id</strong></span> <span class='ocrx_word' id='word_1_379' title='bbox 1456 628 1525 664; x_wconf 89' lang='lat' dir='ltr'><strong>est,</strong></span> <span class='ocrx_word' id='word_1_380' title='bbox 1554 622 1656 654; x_wconf 90' lang='lat' dir='ltr'><strong>titulo</strong></span> <span class='ocrx_word' id='word_1_381' title='bbox 1675 620 1769 663; x_wconf 81' lang='lat' dir='ltr'><strong>regio</strong></span> <span class='ocrx_word' id='word_1_382' title='bbox 1789 620 2041 653; x_wconf 82' lang='lat' dir='ltr'><strong>dominantem.</strong></span> <span class='ocrx_word' id='word_1_383' title='bbox 2086 617 2158 651; x_wconf 86' lang='lat' dir='ltr'><strong>Nec</strong></span> <span class='ocrx_word' id='word_1_384' title='bbox 2176 617 2251 649; x_wconf 88' lang='lat' dir='ltr'><strong>sine</strong></span> 
     </span>
     <span class='ocr_line' id='line_1_62' title="bbox 1270 667 2253 715; baseline -0.007 -9"><span class='ocrx_word' id='word_1_385' title='bbox 1270 685 1370 707; x_wconf 88' lang='lat' dir='ltr'><strong>causa</strong></span> <span class='ocrx_word' id='word_1_386' title='bbox 1389 673 1545 715; x_wconf 82' lang='lat' dir='ltr'><strong>Angelus</strong></span> <span class='ocrx_word' id='word_1_387' title='bbox 1570 671 1729 715; x_wconf 83' lang='lat' dir='ltr'><strong>depingit</strong></span> <span class='ocrx_word' id='word_1_388' title='bbox 1754 668 1849 703; x_wconf 89' lang='lat' dir='ltr'><strong>hunc</strong></span> <span class='ocrx_word' id='word_1_389' title='bbox 1876 678 2115 715; x_wconf 86' lang='lat' dir='ltr'><strong>quaestorem,</strong></span> <span class='ocrx_word' id='word_1_390' title='bbox 2141 667 2253 710; x_wconf 82' lang='lat' dir='ltr'><strong>signi-</strong></span> 
     </span>
     <span class='ocr_line' id='line_1_63' title="bbox 1270 718 2254 765; baseline -0.007 -8"><span class='ocrx_word' id='word_1_391' title='bbox 1270 725 1348 757; x_wconf 87' lang='lat' dir='ltr'><strong>ficat</strong></span> <span class='ocrx_word' id='word_1_392' title='bbox 1372 724 1467 756; x_wconf 90' lang='lat' dir='ltr'><strong>enim</strong></span> <span class='ocrx_word' id='word_1_393' title='bbox 1494 722 1626 755; x_wconf 86' lang='lat' dir='ltr'><strong>ultimis</strong></span> <span class='ocrx_word' id='word_1_394' title='bbox 1651 721 1870 765; x_wconf 85' lang='lat' dir='ltr'><strong>temporibus</strong></span> <span class='ocrx_word' id='word_1_395' title='bbox 1897 721 1979 753; x_wconf 89' lang='lat' dir='ltr'><strong>talia</strong></span> <span class='ocrx_word' id='word_1_396' title='bbox 2008 721 2082 753; x_wconf 88' lang='lat' dir='ltr'><strong>fore</strong></span> <span class='ocrx_word' id='word_1_397' title='bbox 2106 718 2254 761; x_wconf 83' lang='lat' dir='ltr'><strong>imperia</strong></span> 
     </span>
    </p>
   </div>
   <div class='ocr_carea' id='block_1_13' title="bbox 1271 769 2254 860">
    <p class='ocr_par' dir='ltr' id='par_1_13' title="bbox 1271 769 2254 860">
     <span class='ocr_line' id='line_1_64' title="bbox 1271 769 2254 822; baseline -0.007 -14"><span class='ocrx_word' id='word_1_398' title='bbox 1271 786 1392 817; x_wconf 85' lang='lat' dir='ltr'><strong>regum</strong></span> <span class='ocrx_word' id='word_1_399' title='bbox 1425 782 1458 809; x_wconf 89' lang='lat' dir='ltr'><strong>et</strong></span> <span class='ocrx_word' id='word_1_400' title='bbox 1488 772 1710 822; x_wconf 84' lang='lat' dir='ltr'><strong>principum,</strong></span> <span class='ocrx_word' id='word_1_401' title='bbox 1753 771 1882 816; x_wconf 84' lang='lat' dir='ltr'><strong>quibus</strong></span> <span class='ocrx_word' id='word_1_402' title='bbox 1910 770 2064 805; x_wconf 83' lang='lat' dir='ltr'><strong>Ecclesia</strong></span> <span class='ocrx_word' id='word_1_403' title='bbox 2097 769 2254 804; x_wconf 85' lang='lat' dir='ltr'><strong>subiecta</strong></span> 
     </span>
     <span class='ocr_line' id='line_1_65' title="bbox 1273 832 1350 860; baseline 0.013 -1"><span class='ocrx_word' id='word_1_404' title='bbox 1273 832 1350 860; x_wconf 78' lang='lat' dir='ltr'><strong>erit.</strong></span> 
     </span>
    </p>
   </div>
   <div class='ocr_carea' id='block_1_14' title="bbox 1275 900 2267 1865">
    <p class='ocr_par' dir='ltr' id='par_1_14' title="bbox 1275 900 2260 1253">
     <span class='ocr_line' id='line_1_66' title="bbox 1376 900 2256 940; baseline -0.005 -1"><span class='ocrx_word' id='word_1_405' title='bbox 1376 903 1440 939; x_wconf 81' lang='lat' dir='ltr'><strong>Est</strong></span> <span class='ocrx_word' id='word_1_406' title='bbox 1454 913 1569 940; x_wconf 88' lang='lat' dir='ltr'><strong>autem</strong></span> <span class='ocrx_word' id='word_1_407' title='bbox 1588 907 1703 938; x_wconf 86' lang='lat' dir='ltr'><strong>bonae</strong></span> <span class='ocrx_word' id='word_1_408' title='bbox 1719 903 1845 937; x_wconf 89' lang='lat' dir='ltr'><strong>mentis</strong></span> <span class='ocrx_word' id='word_1_409' title='bbox 1861 903 2083 937; x_wconf 89' lang='lat' dir='ltr'><strong>considerare</strong></span> <span class='ocrx_word' id='word_1_410' title='bbox 2112 914 2165 936; x_wconf 91' lang='lat' dir='ltr'><strong>res</strong></span> <span class='ocrx_word' id='word_1_411' title='bbox 2187 900 2256 936; x_wconf 92' lang='lat' dir='ltr'><strong>hu-</strong></span> 
     </span>
     <span class='ocr_line' id='line_1_67' title="bbox 1275 953 2257 997; baseline -0.005 -7"><span class='ocrx_word' id='word_1_412' title='bbox 1275 968 1413 997; x_wconf 85' lang='lat' dir='ltr'><strong>manas,</strong></span> <span class='ocrx_word' id='word_1_413' title='bbox 1458 964 1490 990; x_wconf 89' lang='lat' dir='ltr'><strong>et</strong></span> <span class='ocrx_word' id='word_1_414' title='bbox 1520 957 1609 989; x_wconf 86' lang='lat' dir='ltr'><strong>affici</strong></span> <span class='ocrx_word' id='word_1_415' title='bbox 1640 955 1885 988; x_wconf 88' lang='lat' dir='ltr'><strong>communibus</strong></span> <span class='ocrx_word' id='word_1_416' title='bbox 1917 953 2107 988; x_wconf 82' lang='lat' dir='ltr'><strong>aerumnis.</strong></span> <span class='ocrx_word' id='word_1_417' title='bbox 2163 953 2257 991; x_wconf 78' lang='lat' dir='ltr'><strong>Ideo,</strong></span> 
     </span>
     <span class='ocr_line' id='line_1_68' title="bbox 1275 1002 2258 1048; baseline -0.004 -8"><span class='ocrx_word' id='word_1_418' title='bbox 1275 1008 1402 1048; x_wconf 89' lang='lat' dir='ltr'><strong>lector,</strong></span> <span class='ocrx_word' id='word_1_419' title='bbox 1429 1014 1462 1041; x_wconf 86' lang='lat' dir='ltr'><strong>te</strong></span> <span class='ocrx_word' id='word_1_420' title='bbox 1489 1005 1679 1046; x_wconf 79' lang='lat' dir='ltr'><strong>adhortor,</strong></span> <span class='ocrx_word' id='word_1_421' title='bbox 1706 1012 1745 1038; x_wconf 85' lang='lat' dir='ltr'><strong>ut</strong></span> <span class='ocrx_word' id='word_1_422' title='bbox 1768 1006 1812 1038; x_wconf 92' lang='lat' dir='ltr'><strong>ad</strong></span> <span class='ocrx_word' id='word_1_423' title='bbox 1830 1002 1920 1037; x_wconf 86' lang='lat' dir='ltr'><strong>hanc</strong></span> <span class='ocrx_word' id='word_1_424' title='bbox 1936 1004 2123 1047; x_wconf 85' lang='lat' dir='ltr'><strong>imaginem</strong></span> <span class='ocrx_word' id='word_1_425' title='bbox 2140 1002 2258 1037; x_wconf 89' lang='lat' dir='ltr'><strong>Euro-</strong></span> 
     </span>
     <span class='ocr_line' id='line_1_69' title="bbox 1276 1054 2257 1102; baseline -0.004 -11"><span class='ocrx_word' id='word_1_426' title='bbox 1276 1070 1338 1102; x_wconf 87' lang='lat' dir='ltr'><strong>pae</strong></span> <span class='ocrx_word' id='word_1_427' title='bbox 1370 1058 1518 1102; x_wconf 82' lang='lat' dir='ltr'><strong>imperia</strong></span> <span class='ocrx_word' id='word_1_428' title='bbox 1550 1058 1619 1090; x_wconf 90' lang='lat' dir='ltr'><strong>iam</strong></span> <span class='ocrx_word' id='word_1_429' title='bbox 1645 1057 1817 1089; x_wconf 88' lang='lat' dir='ltr'><strong>conferas.</strong></span> <span class='ocrx_word' id='word_1_430' title='bbox 1877 1054 2038 1087; x_wconf 85' lang='lat' dir='ltr'><strong>Primum</strong></span> <span class='ocrx_word' id='word_1_431' title='bbox 2064 1054 2147 1099; x_wconf 89' lang='lat' dir='ltr'><strong>quid</strong></span> <span class='ocrx_word' id='word_1_432' title='bbox 2175 1060 2257 1088; x_wconf 89' lang='lat' dir='ltr'><strong>sunt</strong></span> 
     </span>
     <span class='ocr_line' id='line_1_70' title="bbox 1276 1106 2260 1153; baseline -0.004 -12"><span class='ocrx_word' id='word_1_433' title='bbox 1276 1109 1511 1153; x_wconf 70' lang='lat' dir='ltr'><strong>Episcopatus</strong></span> <span class='ocrx_word' id='word_1_434' title='bbox 1531 1109 1680 1152; x_wconf 87' lang='lat' dir='ltr'><strong>ubique,</strong></span> <span class='ocrx_word' id='word_1_435' title='bbox 1709 1107 1777 1139; x_wconf 89' lang='lat' dir='ltr'><strong>nisi</strong></span> <span class='ocrx_word' id='word_1_436' title='bbox 1796 1113 1915 1150; x_wconf 89' lang='lat' dir='ltr'><strong>turpes</strong></span> <span class='ocrx_word' id='word_1_437' title='bbox 1942 1112 1976 1139; x_wconf 92' lang='lat' dir='ltr'><strong>et</strong></span> <span class='ocrx_word' id='word_1_438' title='bbox 1995 1106 2137 1138; x_wconf 87' lang='lat' dir='ltr'><strong>acerbae</strong></span> <span class='ocrx_word' id='word_1_439' title='bbox 2152 1117 2260 1149; x_wconf 86' lang='lat' dir='ltr'><strong>quae-</strong></span> 
     </span>
     <span class='ocr_line' id='line_1_71' title="bbox 1278 1155 2259 1201; baseline -0.004 -9"><span class='ocrx_word' id='word_1_440' title='bbox 1278 1166 1404 1192; x_wconf 88' lang='lat' dir='ltr'><strong>sturae.</strong></span> <span class='ocrx_word' id='word_1_441' title='bbox 1457 1158 1556 1201; x_wconf 85' lang='lat' dir='ltr'><strong>Quae</strong></span> <span class='ocrx_word' id='word_1_442' title='bbox 1574 1159 1685 1191; x_wconf 85' lang='lat' dir='ltr'><strong>osficia</strong></span> <span class='ocrx_word' id='word_1_443' title='bbox 1704 1157 1838 1191; x_wconf 86' lang='lat' dir='ltr'><strong>faciunt</strong></span> <span class='ocrx_word' id='word_1_444' title='bbox 1859 1155 1917 1195; x_wconf 90' lang='lat' dir='ltr'><strong>hi,</strong></span> <span class='ocrx_word' id='word_1_445' title='bbox 1945 1156 2007 1201; x_wconf 90' lang='lat' dir='ltr'><strong>qui</strong></span> <span class='ocrx_word' id='word_1_446' title='bbox 2023 1155 2259 1200; x_wconf 88' lang='lat' dir='ltr'><strong>amplissimos</strong></span> 
     </span>
     <span class='ocr_line' id='line_1_72' title="bbox 1278 1208 1875 1253; baseline 0 -10"><span class='ocrx_word' id='word_1_447' title='bbox 1278 1210 1412 1243; x_wconf 86' lang='lat' dir='ltr'><strong>reditus</strong></span> <span class='ocrx_word' id='word_1_448' title='bbox 1429 1208 1667 1243; x_wconf 85' lang='lat' dir='ltr'><strong>Ecclesiarum</strong></span> <span class='ocrx_word' id='word_1_449' title='bbox 1685 1209 1875 1253; x_wconf 86' lang='lat' dir='ltr'><strong>possident.</strong></span> 
     </span>
    </p>

    <p class='ocr_par' dir='ltr' id='par_1_15' title="bbox 1279 1265 2267 1865">
     <span class='ocr_line' id='line_1_73' title="bbox 1387 1265 2261 1310; baseline -0.005 -9"><span class='ocrx_word' id='word_1_450' title='bbox 1387 1268 1526 1302; x_wconf 89' lang='lat' dir='ltr'><strong>Deinde</strong></span> <span class='ocrx_word' id='word_1_451' title='bbox 1558 1279 1680 1310; x_wconf 84' lang='lat' dir='ltr'><strong>regum</strong></span> <span class='ocrx_word' id='word_1_452' title='bbox 1728 1273 1761 1300; x_wconf 85' lang='lat' dir='ltr'><strong>et</strong></span> <span class='ocrx_word' id='word_1_453' title='bbox 1801 1265 2001 1310; x_wconf 89' lang='lat' dir='ltr'><strong>principum</strong></span> <span class='ocrx_word' id='word_1_454' title='bbox 2037 1265 2134 1298; x_wconf 89' lang='lat' dir='ltr'><strong>aulas</strong></span> <span class='ocrx_word' id='word_1_455' title='bbox 2169 1265 2261 1310; x_wconf 86' lang='lat' dir='ltr'><strong>vide.</strong></span> 
     </span>
     <span class='ocr_line' id='line_1_74' title="bbox 1282 1315 2262 1363; baseline -0.005 -10"><span class='ocrx_word' id='word_1_456' title='bbox 1282 1320 1389 1363; x_wconf 89' lang='lat' dir='ltr'><strong>Quod</strong></span> <span class='ocrx_word' id='word_1_457' title='bbox 1425 1326 1475 1352; x_wconf 88' lang='lat' dir='ltr'><strong>est</strong></span> <span class='ocrx_word' id='word_1_458' title='bbox 1510 1319 1665 1352; x_wconf 89' lang='lat' dir='ltr'><strong>studium</strong></span> <span class='ocrx_word' id='word_1_459' title='bbox 1691 1318 1742 1350; x_wconf 90' lang='lat' dir='ltr'><strong>rei</strong></span> <span class='ocrx_word' id='word_1_460' title='bbox 1769 1316 1956 1350; x_wconf 81' lang='lat' dir='ltr'><strong>militaris?</strong></span> <span class='ocrx_word' id='word_1_461' title='bbox 2009 1315 2106 1358; x_wconf 87' lang='lat' dir='ltr'><strong>Quid</strong></span> <span class='ocrx_word' id='word_1_462' title='bbox 2135 1321 2262 1358; x_wconf 87' lang='lat' dir='ltr'><strong>gerunt</strong></span> 
     </span>
     <span class='ocr_line' id='line_1_75' title="bbox 1279 1366 2263 1413; baseline -0.005 -10"><span class='ocrx_word' id='word_1_463' title='bbox 1279 1372 1445 1404; x_wconf 87' lang='lat' dir='ltr'><strong>adversus</strong></span> <span class='ocrx_word' id='word_1_464' title='bbox 1464 1369 1650 1402; x_wconf 86' lang='lat' dir='ltr'><strong>Turcicam</strong></span> <span class='ocrx_word' id='word_1_465' title='bbox 1666 1367 1910 1413; x_wconf 86' lang='lat' dir='ltr'><strong>tyrannidem,</strong></span> <span class='ocrx_word' id='word_1_466' title='bbox 1938 1377 2026 1411; x_wconf 88' lang='lat' dir='ltr'><strong>quae</strong></span> <span class='ocrx_word' id='word_1_467' title='bbox 2042 1366 2111 1399; x_wconf 87' lang='lat' dir='ltr'><strong>iam</strong></span> <span class='ocrx_word' id='word_1_468' title='bbox 2127 1366 2263 1410; x_wconf 88' lang='lat' dir='ltr'><strong>aliquot</strong></span> 
     </span>
     <span class='ocr_line' id='line_1_76' title="bbox 1280 1416 2262 1464; baseline -0.007 -10"><span class='ocrx_word' id='word_1_469' title='bbox 1280 1419 1444 1464; x_wconf 88' lang='lat' dir='ltr'><strong>Europae</strong></span> <span class='ocrx_word' id='word_1_470' title='bbox 1460 1431 1565 1462; x_wconf 87' lang='lat' dir='ltr'><strong>regna</strong></span> <span class='ocrx_word' id='word_1_471' title='bbox 1582 1418 1773 1463; x_wconf 85' lang='lat' dir='ltr'><strong>oppressit,</strong></span> <span class='ocrx_word' id='word_1_472' title='bbox 1798 1424 1830 1451; x_wconf 91' lang='lat' dir='ltr'><strong>et</strong></span> <span class='ocrx_word' id='word_1_473' title='bbox 1847 1417 1990 1451; x_wconf 89' lang='lat' dir='ltr'><strong>caeteris</strong></span> <span class='ocrx_word' id='word_1_474' title='bbox 2008 1416 2165 1450; x_wconf 88' lang='lat' dir='ltr'><strong>minatur</strong></span> <span class='ocrx_word' id='word_1_475' title='bbox 2189 1427 2262 1449; x_wconf 89' lang='lat' dir='ltr'><strong>non</strong></span> 
     </span>
     <span class='ocr_line' id='line_1_77' title="bbox 1280 1465 2264 1511; baseline -0.006 -7"><span class='ocrx_word' id='word_1_476' title='bbox 1280 1473 1385 1504; x_wconf 89' lang='lat' dir='ltr'><strong>modo</strong></span> <span class='ocrx_word' id='word_1_477' title='bbox 1416 1471 1639 1510; x_wconf 85' lang='lat' dir='ltr'><strong>servitutem,</strong></span> <span class='ocrx_word' id='word_1_478' title='bbox 1674 1470 1732 1502; x_wconf 89' lang='lat' dir='ltr'><strong>sed</strong></span> <span class='ocrx_word' id='word_1_479' title='bbox 1763 1467 1985 1501; x_wconf 76' lang='lat' dir='ltr'><strong>vastitatem?</strong></span> <span class='ocrx_word' id='word_1_480' title='bbox 2036 1465 2143 1500; x_wconf 90' lang='lat' dir='ltr'><strong>Domi</strong></span> <span class='ocrx_word' id='word_1_481' title='bbox 2175 1478 2264 1511; x_wconf 88' lang='lat' dir='ltr'><strong>quo—</strong></span> 
     </span>
     <span class='ocr_line' id='line_1_78' title="bbox 1281 1515 2264 1563; baseline -0.005 -9"><span class='ocrx_word' id='word_1_482' title='bbox 1281 1523 1387 1554; x_wconf 89' lang='lat' dir='ltr'><strong>modo</strong></span> <span class='ocrx_word' id='word_1_483' title='bbox 1407 1520 1649 1563; x_wconf 86' lang='lat' dir='ltr'><strong>disciplinam,</strong></span> <span class='ocrx_word' id='word_1_484' title='bbox 1666 1519 1844 1563; x_wconf 89' lang='lat' dir='ltr'><strong>quomodo</strong></span> <span class='ocrx_word' id='word_1_485' title='bbox 1860 1517 1989 1551; x_wconf 89' lang='lat' dir='ltr'><strong>iudicia</strong></span> <span class='ocrx_word' id='word_1_486' title='bbox 2010 1516 2161 1560; x_wconf 82' lang='lat' dir='ltr'><strong>regunt?</strong></span> <span class='ocrx_word' id='word_1_487' title='bbox 2188 1515 2264 1549; x_wconf 84' lang='lat' dir='ltr'><strong>Imo</strong></span> 
     </span>
     <span class='ocr_line' id='line_1_79' title="bbox 1282 1568 2266 1617; baseline -0.005 -12"><span class='ocrx_word' id='word_1_488' title='bbox 1282 1573 1365 1617; x_wconf 92' lang='lat' dir='ltr'><strong>quid</strong></span> <span class='ocrx_word' id='word_1_489' title='bbox 1386 1572 1448 1604; x_wconf 82' lang='lat' dir='ltr'><strong>ista</strong></span> <span class='ocrx_word' id='word_1_490' title='bbox 1466 1570 1614 1603; x_wconf 80' lang='lat' dir='ltr'><strong>curant?</strong></span> <span class='ocrx_word' id='word_1_491' title='bbox 1667 1569 1746 1603; x_wconf 90' lang='lat' dir='ltr'><strong>Una</strong></span> <span class='ocrx_word' id='word_1_492' title='bbox 1765 1580 1847 1602; x_wconf 82' lang='lat' dir='ltr'><strong>cura</strong></span> <span class='ocrx_word' id='word_1_493' title='bbox 1873 1576 1923 1602; x_wconf 90' lang='lat' dir='ltr'><strong>est</strong></span> <span class='ocrx_word' id='word_1_494' title='bbox 1940 1568 2207 1612; x_wconf 86' lang='lat' dir='ltr'><strong>profundendae</strong></span> <span class='ocrx_word' id='word_1_495' title='bbox 2233 1573 2266 1600; x_wconf 89' lang='lat' dir='ltr'><strong>et</strong></span> 
     </span>
     <span class='ocr_line' id='line_1_80' title="bbox 1283 1618 2266 1667; baseline -0.005 -12"><span class='ocrx_word' id='word_1_496' title='bbox 1283 1622 1502 1667; x_wconf 82' lang='lat' dir='ltr'><strong>quaerendae</strong></span> <span class='ocrx_word' id='word_1_497' title='bbox 1526 1620 1706 1664; x_wconf 88' lang='lat' dir='ltr'><strong>pecuniae.</strong></span> <span class='ocrx_word' id='word_1_498' title='bbox 1758 1619 1890 1663; x_wconf 87' lang='lat' dir='ltr'><strong>Estque</strong></span> <span class='ocrx_word' id='word_1_499' title='bbox 1915 1630 2002 1662; x_wconf 88' lang='lat' dir='ltr'><strong>pene</strong></span> <span class='ocrx_word' id='word_1_500' title='bbox 2026 1618 2185 1651; x_wconf 88' lang='lat' dir='ltr'><strong>omnium</strong></span> <span class='ocrx_word' id='word_1_501' title='bbox 2210 1629 2266 1651; x_wconf 89' lang='lat' dir='ltr'><strong>re-</strong></span> 
     </span>
     <span class='ocr_line' id='line_1_81' title="bbox 1281 1667 2267 1716; baseline -0.006 -10"><span class='ocrx_word' id='word_1_502' title='bbox 1281 1685 1363 1716; x_wconf 87' lang='lat' dir='ltr'><strong>gum</strong></span> <span class='ocrx_word' id='word_1_503' title='bbox 1391 1679 1423 1704; x_wconf 93' lang='lat' dir='ltr'><strong>et</strong></span> <span class='ocrx_word' id='word_1_504' title='bbox 1446 1671 1646 1715; x_wconf 89' lang='lat' dir='ltr'><strong>principum</strong></span> <span class='ocrx_word' id='word_1_505' title='bbox 1670 1670 1807 1704; x_wconf 87' lang='lat' dir='ltr'><strong>infinita</strong></span> <span class='ocrx_word' id='word_1_506' title='bbox 1823 1667 2027 1714; x_wconf 48' lang='grc' dir='ltr'><strong>’βουλιμίιῃ</strong></span> <span class='ocrx_word' id='word_1_507' title='bbox 2056 1681 2160 1714; x_wconf 85' lang='lat' dir='ltr'><strong>quam</strong></span> <span class='ocrx_word' id='word_1_508' title='bbox 2183 1668 2267 1714; x_wconf 90' lang='lat' dir='ltr'><strong>quia</strong></span> 
     </span>
     <span class='ocr_line' id='line_1_82' title="bbox 1282 1719 2265 1764; baseline -0.006 -7"><span class='ocrx_word' id='word_1_509' title='bbox 1282 1723 1416 1757; x_wconf 88' lang='lat' dir='ltr'><strong>diutius</strong></span> <span class='ocrx_word' id='word_1_510' title='bbox 1441 1723 1612 1756; x_wconf 89' lang='lat' dir='ltr'><strong>sustinere</strong></span> <span class='ocrx_word' id='word_1_511' title='bbox 1637 1722 1760 1754; x_wconf 88' lang='lat' dir='ltr'><strong>misera</strong></span> <span class='ocrx_word' id='word_1_512' title='bbox 1787 1721 1884 1764; x_wconf 88' lang='lat' dir='ltr'><strong>plebs</strong></span> <span class='ocrx_word' id='word_1_513' title='bbox 1915 1731 1988 1753; x_wconf 90' lang='lat' dir='ltr'><strong>non</strong></span> <span class='ocrx_word' id='word_1_514' title='bbox 2012 1719 2157 1764; x_wconf 84' lang='lat' dir='ltr'><strong>poterit,</strong></span> <span class='ocrx_word' id='word_1_515' title='bbox 2191 1731 2265 1752; x_wconf 87' lang='lat' dir='ltr'><strong>non</strong></span> 
     </span>
     <span class='ocr_line' id='line_1_83' title="bbox 1283 1771 2267 1814; baseline -0.005 -7"><span class='ocrx_word' id='word_1_516' title='bbox 1283 1774 1431 1807; x_wconf 89' lang='lat' dir='ltr'><strong>dubium</strong></span> <span class='ocrx_word' id='word_1_517' title='bbox 1458 1780 1506 1806; x_wconf 92' lang='lat' dir='ltr'><strong>est</strong></span> <span class='ocrx_word' id='word_1_518' title='bbox 1532 1773 1734 1814; x_wconf 86' lang='lat' dir='ltr'><strong>impendere</strong></span> <span class='ocrx_word' id='word_1_519' title='bbox 1753 1771 1874 1804; x_wconf 84' lang='lat' dir='ltr'><strong>fatales</strong></span> <span class='ocrx_word' id='word_1_520' title='bbox 1898 1771 2127 1814; x_wconf 89' lang='lat' dir='ltr'><strong>imperiorum</strong></span> <span class='ocrx_word' id='word_1_521' title='bbox 2153 1777 2267 1803; x_wconf 83' lang='lat' dir='ltr'><strong>muta-</strong></span> 
     </span>
     <span class='ocr_line' id='line_1_84' title="bbox 1283 1817 2267 1865; baseline -0.005 -7"><span class='ocrx_word' id='word_1_522' title='bbox 1283 1825 1407 1858; x_wconf 84' lang='lat' dir='ltr'><strong>tiones,</strong></span> <span class='ocrx_word' id='word_1_523' title='bbox 1459 1822 1548 1856; x_wconf 76' lang='lat' dir='ltr'><strong>Nam</strong></span> <span class='ocrx_word' id='word_1_524' title='bbox 1566 1820 1734 1856; x_wconf 82' lang='lat' dir='ltr'><strong>historiae</strong></span> <span class='ocrx_word' id='word_1_525' title='bbox 1753 1823 1943 1855; x_wconf 88' lang='lat' dir='ltr'><strong>ostendunt</strong></span> <span class='ocrx_word' id='word_1_526' title='bbox 1966 1822 2082 1855; x_wconf 87' lang='lat' dir='ltr'><strong>statim</strong></span> <span class='ocrx_word' id='word_1_527' title='bbox 2102 1828 2180 1865; x_wconf 89' lang='lat' dir='ltr'><strong>post</strong></span> <span class='ocrx_word' id='word_1_528' title='bbox 2203 1817 2267 1853; x_wconf 88' lang='lat' dir='ltr'><strong>has</strong></span> 
     </span>
    </p>
   </div>
   <div class='ocr_carea' id='block_1_15' title="bbox 1283 1870 2267 1960">
    <p class='ocr_par' dir='ltr' id='par_1_16' title="bbox 1283 1870 2267 1960">
     <span class='ocr_line' id='line_1_85' title="bbox 1283 1870 2267 1920; baseline -0.005 -11"><span class='ocrx_word' id='word_1_529' title='bbox 1283 1871 1480 1920; x_wconf 69' lang='grc' dir='ltr'><em>βουλιμίας</em></span> <span class='ocrx_word' id='word_1_530' title='bbox 1505 1885 1642 1918; x_wconf 89' lang='lat' dir='ltr'><strong>semper</strong></span> <span class='ocrx_word' id='word_1_531' title='bbox 1664 1879 1833 1906; x_wconf 91' lang='lat' dir='ltr'><strong>mutatam</strong></span> <span class='ocrx_word' id='word_1_532' title='bbox 1859 1884 1931 1906; x_wconf 89' lang='lat' dir='ltr'><strong>esse</strong></span> <span class='ocrx_word' id='word_1_533' title='bbox 1955 1873 2104 1906; x_wconf 87' lang='lat' dir='ltr'><strong>formam</strong></span> <span class='ocrx_word' id='word_1_534' title='bbox 2130 1870 2267 1915; x_wconf 86' lang='lat' dir='ltr'><strong>Reipu-</strong></span> 
     </span>
     <span class='ocr_line' id='line_1_86' title="bbox 1284 1927 1407 1960; baseline 0 0"><span class='ocrx_word' id='word_1_535' title='bbox 1284 1927 1407 1960; x_wconf 87' lang='lat' dir='ltr'><strong>blicae.</strong></span> 
     </span>
    </p>
   </div>
   <div class='ocr_carea' id='block_1_16' title="bbox 1286 1978 2275 2683">
    <p class='ocr_par' dir='ltr' id='par_1_17' title="bbox 1286 1978 2275 2683">
     <span class='ocr_line' id='line_1_87' title="bbox 1386 1978 2269 2024; baseline -0.002 -9"><span class='ocrx_word' id='word_1_536' title='bbox 1386 1983 1481 2016; x_wconf 84' lang='lat' dir='ltr'><strong>Haec</strong></span> <span class='ocrx_word' id='word_1_537' title='bbox 1505 1983 1632 2023; x_wconf 84' lang='lat' dir='ltr'><strong>recito,</strong></span> <span class='ocrx_word' id='word_1_538' title='bbox 1657 1989 1696 2016; x_wconf 89' lang='lat' dir='ltr'><strong>ut</strong></span> <span class='ocrx_word' id='word_1_539' title='bbox 1717 1982 1803 2015; x_wconf 84' lang='lat' dir='ltr'><strong>boni</strong></span> <span class='ocrx_word' id='word_1_540' title='bbox 1828 1987 2016 2024; x_wconf 85' lang='lat' dir='ltr'><strong>agnoscant</strong></span> <span class='ocrx_word' id='word_1_541' title='bbox 2039 1978 2102 2013; x_wconf 87' lang='lat' dir='ltr'><strong>has</strong></span> <span class='ocrx_word' id='word_1_542' title='bbox 2125 1981 2269 2014; x_wconf 84' lang='lat' dir='ltr'><strong>calami-</strong></span> 
     </span>
     <span class='ocr_line' id='line_1_88' title="bbox 1286 2032 2269 2075; baseline -0.003 -8"><span class='ocrx_word' id='word_1_543' title='bbox 1286 2040 1373 2067; x_wconf 88' lang='lat' dir='ltr'><strong>tates</strong></span> <span class='ocrx_word' id='word_1_544' title='bbox 1404 2040 1560 2067; x_wconf 89' lang='lat' dir='ltr'><strong>senectae</strong></span> <span class='ocrx_word' id='word_1_545' title='bbox 1592 2033 1717 2066; x_wconf 91' lang='lat' dir='ltr'><strong>mundi</strong></span> <span class='ocrx_word' id='word_1_546' title='bbox 1748 2032 1920 2065; x_wconf 89' lang='lat' dir='ltr'><strong>divinitus</strong></span> <span class='ocrx_word' id='word_1_547' title='bbox 1957 2032 2151 2075; x_wconf 88' lang='lat' dir='ltr'><strong>praedictas</strong></span> <span class='ocrx_word' id='word_1_548' title='bbox 2178 2043 2269 2065; x_wconf 90' lang='lat' dir='ltr'><strong>esse:</strong></span> 
     </span>
     <span class='ocr_line' id='line_1_89' title="bbox 1290 2083 2271 2126; baseline -0.002 -8"><span class='ocrx_word' id='word_1_549' title='bbox 1290 2085 1385 2118; x_wconf 90' lang='lat' dir='ltr'><strong>Tum</strong></span> <span class='ocrx_word' id='word_1_550' title='bbox 1411 2092 1449 2118; x_wconf 87' lang='lat' dir='ltr'><strong>ut</strong></span> <span class='ocrx_word' id='word_1_551' title='bbox 1472 2084 1645 2117; x_wconf 83' lang='lat' dir='ltr'><strong>admoniti</strong></span> <span class='ocrx_word' id='word_1_552' title='bbox 1676 2084 1724 2126; x_wconf 91' lang='lat' dir='ltr'><strong>pii</strong></span> <span class='ocrx_word' id='word_1_553' title='bbox 1747 2084 1998 2125; x_wconf 86' lang='lat' dir='ltr'><strong>gubernatores</strong></span> <span class='ocrx_word' id='word_1_554' title='bbox 2031 2083 2192 2125; x_wconf 86' lang='lat' dir='ltr'><strong>mitigare</strong></span> <span class='ocrx_word' id='word_1_555' title='bbox 2215 2094 2271 2116; x_wconf 85' lang='lat' dir='ltr'><strong>eas</strong></span> 
     </span>
     <span class='ocr_line' id='line_1_90' title="bbox 1294 2133 2271 2177; baseline -0.002 -9"><span class='ocrx_word' id='word_1_556' title='bbox 1294 2136 1477 2176; x_wconf 85' lang='lat' dir='ltr'><strong>studeant,</strong></span> <span class='ocrx_word' id='word_1_557' title='bbox 1509 2142 1582 2168; x_wconf 90' lang='lat' dir='ltr'><strong>tum</strong></span> <span class='ocrx_word' id='word_1_558' title='bbox 1609 2142 1647 2168; x_wconf 86' lang='lat' dir='ltr'><strong>ut</strong></span> <span class='ocrx_word' id='word_1_559' title='bbox 1669 2133 1792 2166; x_wconf 89' lang='lat' dir='ltr'><strong>caeteri</strong></span> <span class='ocrx_word' id='word_1_560' title='bbox 1819 2145 1950 2177; x_wconf 91' lang='lat' dir='ltr'><strong>poenas</strong></span> <span class='ocrx_word' id='word_1_561' title='bbox 1976 2140 2194 2177; x_wconf 88' lang='lat' dir='ltr'><strong>peccatorum</strong></span> <span class='ocrx_word' id='word_1_562' title='bbox 2215 2134 2271 2166; x_wconf 91' lang='lat' dir='ltr'><strong>in-</strong></span> 
     </span>
     <span class='ocr_line' id='line_1_91' title="bbox 1296 2184 2272 2229; baseline -0.001 -10"><span class='ocrx_word' id='word_1_563' title='bbox 1296 2187 1472 2229; x_wconf 80' lang='lat' dir='ltr'><strong>telligant,</strong></span> <span class='ocrx_word' id='word_1_564' title='bbox 1506 2192 1538 2218; x_wconf 89' lang='lat' dir='ltr'><strong>et</strong></span> <span class='ocrx_word' id='word_1_565' title='bbox 1562 2186 1653 2218; x_wconf 86' lang='lat' dir='ltr'><strong>ferre</strong></span> <span class='ocrx_word' id='word_1_566' title='bbox 1675 2192 1748 2218; x_wconf 86' lang='lat' dir='ltr'><strong>arte</strong></span> <span class='ocrx_word' id='word_1_567' title='bbox 1773 2184 1927 2225; x_wconf 89' lang='lat' dir='ltr'><strong>discant,</strong></span> <span class='ocrx_word' id='word_1_568' title='bbox 1956 2195 1995 2217; x_wconf 90' lang='lat' dir='ltr'><strong>ac</strong></span> <span class='ocrx_word' id='word_1_569' title='bbox 2018 2184 2134 2217; x_wconf 91' lang='lat' dir='ltr'><strong>Deum</strong></span> <span class='ocrx_word' id='word_1_570' title='bbox 2161 2191 2272 2225; x_wconf 88' lang='lat' dir='ltr'><strong>orent,</strong></span> 
     </span>
     <span class='ocr_line' id='line_1_92' title="bbox 1294 2232 2272 2280; baseline -0.001 -10"><span class='ocrx_word' id='word_1_571' title='bbox 1294 2244 1332 2270; x_wconf 89' lang='lat' dir='ltr'><strong>ut</strong></span> <span class='ocrx_word' id='word_1_572' title='bbox 1356 2239 1413 2270; x_wconf 87' lang='lat' dir='ltr'><strong>det</strong></span> <span class='ocrx_word' id='word_1_573' title='bbox 1436 2236 1581 2280; x_wconf 88' lang='lat' dir='ltr'><strong>imperia</strong></span> <span class='ocrx_word' id='word_1_574' title='bbox 1611 2236 1699 2268; x_wconf 88' lang='lat' dir='ltr'><strong>iusta</strong></span> <span class='ocrx_word' id='word_1_575' title='bbox 1733 2242 1766 2268; x_wconf 85' lang='lat' dir='ltr'><strong>et</strong></span> <span class='ocrx_word' id='word_1_576' title='bbox 1791 2235 1955 2268; x_wconf 88' lang='lat' dir='ltr'><strong>salutaria</strong></span> <span class='ocrx_word' id='word_1_577' title='bbox 1983 2232 2180 2275; x_wconf 85' lang='lat' dir='ltr'><strong>Ecclesiae,</strong></span> <span class='ocrx_word' id='word_1_578' title='bbox 2213 2236 2272 2269; x_wconf 88' lang='lat' dir='ltr'><strong>det</strong></span> 
     </span>
     <span class='ocr_line' id='line_1_93' title="bbox 1295 2285 2272 2334; baseline -0.003 -13"><span class='ocrx_word' id='word_1_579' title='bbox 1295 2285 1524 2334; x_wconf 72' lang='grc' dir='ltr'><em>στρατηγοὺς</em></span> <span class='ocrx_word' id='word_1_580' title='bbox 1544 2286 1651 2319; x_wconf 85' lang='lat' dir='ltr'><strong>sortes</strong></span> <span class='ocrx_word' id='word_1_581' title='bbox 1675 2292 1708 2318; x_wconf 90' lang='lat' dir='ltr'><strong>et</strong></span> <span class='ocrx_word' id='word_1_582' title='bbox 1731 2286 1868 2326; x_wconf 87' lang='lat' dir='ltr'><strong>felices,</strong></span> <span class='ocrx_word' id='word_1_583' title='bbox 1898 2287 1957 2319; x_wconf 88' lang='lat' dir='ltr'><strong>det</strong></span> <span class='ocrx_word' id='word_1_584' title='bbox 1980 2292 2127 2318; x_wconf 88' lang='lat' dir='ltr'><strong>rectores</strong></span> <span class='ocrx_word' id='word_1_585' title='bbox 2153 2286 2272 2329; x_wconf 91' lang='lat' dir='ltr'><strong>politi-</strong></span> 
     </span>
     <span class='ocr_line' id='line_1_94' title="bbox 1295 2337 2273 2383; baseline -0.003 -12"><span class='ocrx_word' id='word_1_586' title='bbox 1295 2350 1370 2378; x_wconf 91' lang='lat' dir='ltr'><strong>cos,</strong></span> <span class='ocrx_word' id='word_1_587' title='bbox 1399 2338 1570 2381; x_wconf 85' lang='lat' dir='ltr'><strong>sapientes</strong></span> <span class='ocrx_word' id='word_1_588' title='bbox 1587 2344 1618 2370; x_wconf 91' lang='lat' dir='ltr'><strong>et</strong></span> <span class='ocrx_word' id='word_1_589' title='bbox 1636 2337 1744 2370; x_wconf 90' lang='lat' dir='ltr'><strong>iustos</strong></span> <span class='ocrx_word' id='word_1_590' title='bbox 1759 2363 1768 2377; x_wconf 92' lang='lat'>‚</span> <span class='ocrx_word' id='word_1_591' title='bbox 1795 2337 1856 2383; x_wconf 81' lang='lat' dir='ltr'><strong>qui</strong></span> <span class='ocrx_word' id='word_1_592' title='bbox 1882 2343 2026 2380; x_wconf 88' lang='lat' dir='ltr'><strong>paterno</strong></span> <span class='ocrx_word' id='word_1_593' title='bbox 2052 2347 2169 2369; x_wconf 90' lang='lat' dir='ltr'><strong>amore</strong></span> <span class='ocrx_word' id='word_1_594' title='bbox 2191 2348 2273 2369; x_wconf 91' lang='lat' dir='ltr'><strong>suos</strong></span> 
     </span>
     <span class='ocr_line' id='line_1_95' title="bbox 1296 2386 2275 2432; baseline -0.001 -10"><span class='ocrx_word' id='word_1_595' title='bbox 1296 2389 1583 2432; x_wconf 88' lang='lat' dir='ltr'><strong>complectantur.</strong></span> <span class='ocrx_word' id='word_1_596' title='bbox 1643 2386 1748 2420; x_wconf 87' lang='lat' dir='ltr'><strong>Tales</strong></span> <span class='ocrx_word' id='word_1_597' title='bbox 1790 2387 1884 2420; x_wconf 91' lang='lat' dir='ltr'><strong>enim</strong></span> <span class='ocrx_word' id='word_1_598' title='bbox 1928 2387 2085 2430; x_wconf 86' lang='lat' dir='ltr'><strong>Angelus</strong></span> <span class='ocrx_word' id='word_1_599' title='bbox 2125 2387 2275 2430; x_wconf 87' lang='lat' dir='ltr'><strong>opponit</strong></span> 
     </span>
     <span class='ocr_line' id='line_1_96' title="bbox 1296 2436 2274 2484; baseline -0.001 -12"><span class='ocrx_word' id='word_1_600' title='bbox 1296 2438 1560 2484; x_wconf 86' lang='lat' dir='ltr'><strong>quaestoribus,</strong></span> <span class='ocrx_word' id='word_1_601' title='bbox 1588 2449 1675 2482; x_wconf 90' lang='lat' dir='ltr'><strong>quos</strong></span> <span class='ocrx_word' id='word_1_602' title='bbox 1699 2436 1756 2471; x_wconf 86' lang='lat' dir='ltr'><strong>hic</strong></span> <span class='ocrx_word' id='word_1_603' title='bbox 1779 2438 1965 2477; x_wconf 89' lang='lat' dir='ltr'><strong>describit,</strong></span> <span class='ocrx_word' id='word_1_604' title='bbox 1991 2436 2083 2479; x_wconf 87' lang='lat' dir='ltr'><strong>Quia</strong></span> <span class='ocrx_word' id='word_1_605' title='bbox 2107 2438 2274 2471; x_wconf 84' lang='lat' dir='ltr'><strong>salutares</strong></span> 
     </span>
     <span class='ocr_line' id='line_1_97' title="bbox 1296 2487 2275 2534; baseline 0 -12"><span class='ocrx_word' id='word_1_606' title='bbox 1296 2490 1471 2534; x_wconf 88' lang='lat' dir='ltr'><strong>principes</strong></span> <span class='ocrx_word' id='word_1_607' title='bbox 1494 2495 1631 2532; x_wconf 85' lang='lat' dir='ltr'><strong>oportet</strong></span> <span class='ocrx_word' id='word_1_608' title='bbox 1657 2496 1690 2522; x_wconf 89' lang='lat' dir='ltr'><strong>et</strong></span> <span class='ocrx_word' id='word_1_609' title='bbox 1708 2488 1794 2521; x_wconf 87' lang='lat' dir='ltr'><strong>foris</strong></span> <span class='ocrx_word' id='word_1_610' title='bbox 1813 2488 1987 2532; x_wconf 82' lang='lat' dir='ltr'><strong>depellere</strong></span> <span class='ocrx_word' id='word_1_611' title='bbox 2011 2487 2213 2527; x_wconf 84' lang='lat' dir='ltr'><strong>latrocinia,</strong></span> <span class='ocrx_word' id='word_1_612' title='bbox 2241 2495 2275 2522; x_wconf 86' lang='lat' dir='ltr'><strong>et</strong></span> 
     </span>
     <span class='ocr_line' id='line_1_98' title="bbox 1297 2539 2274 2583; baseline 0 -11"><span class='ocrx_word' id='word_1_613' title='bbox 1297 2540 1392 2572; x_wconf 92' lang='lat' dir='ltr'><strong>domi</strong></span> <span class='ocrx_word' id='word_1_614' title='bbox 1410 2539 1540 2572; x_wconf 86' lang='lat' dir='ltr'><strong>iudicia</strong></span> <span class='ocrx_word' id='word_1_615' title='bbox 1558 2551 1595 2572; x_wconf 91' lang='lat' dir='ltr'><strong>ac</strong></span> <span class='ocrx_word' id='word_1_616' title='bbox 1611 2539 1831 2583; x_wconf 85' lang='lat' dir='ltr'><strong>disciplinam</strong></span> <span class='ocrx_word' id='word_1_617' title='bbox 1849 2550 1964 2581; x_wconf 85' lang='lat' dir='ltr'><strong>regere</strong></span> <span class='ocrx_word' id='word_1_618' title='bbox 1976 2564 1985 2577; x_wconf 89' lang='lat'><strong>,</strong></span> <span class='ocrx_word' id='word_1_619' title='bbox 2012 2544 2045 2570; x_wconf 90' lang='lat' dir='ltr'><strong>et</strong></span> <span class='ocrx_word' id='word_1_620' title='bbox 2064 2539 2274 2572; x_wconf 87' lang='lat' dir='ltr'><strong>utilitatibus</strong></span> 
     </span>
     <span class='ocr_line' id='line_1_99' title="bbox 1298 2588 2273 2635; baseline -0.001 -12"><span class='ocrx_word' id='word_1_621' title='bbox 1298 2590 1421 2635; x_wconf 89' lang='lat' dir='ltr'><strong>populi</strong></span> <span class='ocrx_word' id='word_1_622' title='bbox 1440 2590 1644 2630; x_wconf 90' lang='lat' dir='ltr'><strong>consulere,</strong></span> <span class='ocrx_word' id='word_1_623' title='bbox 1671 2596 1709 2622; x_wconf 92' lang='lat' dir='ltr'><strong>ut</strong></span> <span class='ocrx_word' id='word_1_624' title='bbox 1728 2588 1993 2634; x_wconf 84' lang='lat' dir='ltr'><strong>patresfamilias</strong></span> <span class='ocrx_word' id='word_1_625' title='bbox 2017 2588 2163 2622; x_wconf 89' lang='lat' dir='ltr'><strong>educare</strong></span> <span class='ocrx_word' id='word_1_626' title='bbox 2185 2590 2273 2623; x_wconf 89' lang='lat' dir='ltr'><strong>libe-</strong></span> 
     </span>
     <span class='ocr_line' id='line_1_100' title="bbox 1298 2638 2274 2683; baseline -0.001 -9"><span class='ocrx_word' id='word_1_627' title='bbox 1298 2652 1356 2674; x_wconf 90' lang='lat' dir='ltr'><strong>ros</strong></span> <span class='ocrx_word' id='word_1_628' title='bbox 1384 2648 1417 2675; x_wconf 89' lang='lat' dir='ltr'><strong>et</strong></span> <span class='ocrx_word' id='word_1_629' title='bbox 1438 2638 1593 2675; x_wconf 87' lang='lat' dir='ltr'><strong>honestis</strong></span> <span class='ocrx_word' id='word_1_630' title='bbox 1620 2641 1753 2674; x_wconf 87' lang='lat' dir='ltr'><strong>artibus</strong></span> <span class='ocrx_word' id='word_1_631' title='bbox 1781 2639 1920 2672; x_wconf 90' lang='lat' dir='ltr'><strong>erudire</strong></span> <span class='ocrx_word' id='word_1_632' title='bbox 1947 2639 2102 2683; x_wconf 86' lang='lat' dir='ltr'><strong>possint,</strong></span> <span class='ocrx_word' id='word_1_633' title='bbox 2131 2647 2168 2675; x_wconf 87' lang='lat' dir='ltr'><strong>ut</strong></span> <span class='ocrx_word' id='word_1_634' title='bbox 2189 2651 2274 2674; x_wconf 91' lang='lat' dir='ltr'><strong>con-</strong></span> 
     </span>
    </p>
   </div>
  </div>
 </body>
</html>
