2379 2948
114 111 185 146 22t
700 111 762 149 III.

111 197 149 228 in
167 195 263 229 coelo
279 195 417 239 paravit
434 196 552 229 sedem
571 208 681 231 suam.
725 196 884 230 Sciamus
902 194 1017 228 Deum
1041 206 1104 227 no-

112 246 268 284 hiscum,
296 252 463 291 tanquam
483 246 594 280 civem
611 244 715 279 huius
731 246 855 278 mundi
879 256 968 285 esse,
996 243 1102 278 huius

110 297 235 330 mundi
262 298 442 330 custodem
471 304 503 330 et
533 303 744 329 servatorem
770 307 862 334 esse,
890 293 995 328 huius
1015 296 1102 328 coeli

112 353 228 380 motus
256 358 394 389 regere,
428 355 460 381 et
485 347 661 379 moderari
685 346 977 389 significationes,
1013 344 1103 379 hanc

110 404 238 430 terram
262 398 491 436 foecundam,
518 403 551 429 et
576 408 639 429 nos
663 408 744 429 vere
769 408 913 436 curare,
944 409 1015 429 non
1033 396 1102 429 fiu-

109 459 231 490 gamus
248 460 326 481 eum
344 448 462 480 abesse
480 447 516 479 in
534 447 603 480 alio
630 449 785 485 mundo,
816 454 848 480 et
873 447 960 480 alios
987 445 1102 480 homi-

112 510 173 532 nes
189 510 322 533 curare.

214 556 439 599 Adiungatur
456 567 536 599 ergo
555 556 597 589 ad
616 556 777 599 superius
794 564 1042 599 argumentum
1061 558 1103 590 de

111 609 246 643 unitate
270 607 415 646 mundi,
444 613 476 639 et
500 605 584 639 haec
609 607 850 648 confirmatio,
887 620 974 652 quae
999 608 1101 640 valde

108 660 206 692 firma
237 665 295 690 est.
353 656 452 690 Unus
483 664 531 690 est
557 657 649 690 filius
667 656 751 697 Dei,
779 657 956 691 Dominus
982 665 1102 691 noster

108 710 204 742 Iesus
229 705 409 746 Christus,
437 708 498 752 qui
525 720 604 741 cum
631 709 665 740 in
695 706 789 741 hunc
812 711 987 741 mundum
1014 721 1099 752 pro-

111 761 246 798 diisset,
272 765 410 791 tantum
434 759 541 791 semel
569 765 730 792 mortuus
753 766 820 798 est,
854 767 886 792 et
914 760 1099 792 resuscita-

107 818 172 844 tus.
225 808 298 842 Nec
320 809 404 842 alibi
424 820 458 842 se
477 809 648 849 ostendit,
675 821 738 842 nee
758 809 841 842 alibi
860 817 1021 843 mortuus
1041 816 1099 842 aut

108 860 333 894 resuscitatus
364 867 424 894 est.
486 859 565 893 Non
602 859 710 902 igitur
739 860 1005 903 imaginandum
1038 868 1097 900 est,

108 912 226 955 plures
252 922 323 943 esse
347 911 519 951 mundos,
553 911 635 954 quia
658 922 721 943 nec
746 911 1014 953 imaginandum
1040 918 1099 951 est,

110 962 246 1006 saepius
269 959 450 994 Christum
482 968 661 994 mortuum
688 969 720 994 et
745 962 987 995 resuscitatum
1013 973 1097 1001 esse,

111 1024 173 1045 nec
190 1013 415 1055 cogitandum
435 1018 495 1053 est,
521 1013 558 1045 in
576 1013 650 1045 ullo
669 1012 738 1044 alio
756 1013 889 1045 mundo
907 1013 980 1044 sine
998 1013 1098 1055 agni-

106 1064 202 1096 tione
220 1063 283 1095 filii
303 1061 379 1102 Dei,
408 1060 614 1096 hominibus
630 1062 768 1096 restitui
787 1063 893 1096 vitam
911 1070 1097 1096 aeternam.

108 1112 184 1147 Etsi
204 1121 320 1146 autem
340 1111 423 1146 haec
438 1121 642 1155 argumenta
660 1125 733 1145 non
753 1120 834 1146 sunt
857 1111 1016 1158 physica,
1045 1120 1098 1146 ta-

104 1176 185 1197 men
204 1165 307 1197 nobis
324 1164 579 1197 consideranda
598 1171 690 1204 sunt,
715 1176 759 1195 ne
776 1164 803 1196 si
823 1164 1002 1205 tingantur
1019 1165 1098 1208 plu-

107 1226 160 1246 res
178 1215 320 1253 mundi,
348 1215 572 1247 somnientur
590 1215 694 1248 etiam
719 1214 805 1247 aliae
830 1214 1037 1257 religiones,
1065 1222 1097 1248 et

108 1265 177 1298 alia
194 1262 378 1297 hominum
397 1271 535 1299 natura.

126 1376 183 1408 Λη
199 1376 249 1408 sit
268 1378 444 1408 aeternus
458 1372 643 1415 mundns,
672 1385 723 1407 an
740 1385 825 1407 veru
844 1380 984 1418 coperit
996 1403 1009 1415 ,
1036 1382 1072 1411 et

401 1436 452 1459 an
470 1427 520 1459 sit
536 1424 801 1469 corruptibilis.

206 1500 406 1535 Necessaria
433 1500 616 1543 diligentia
643 1509 691 1535 est
719 1501 754 1534 in
780 1502 947 1535 omnibus
967 1502 1097 1535 doctri-

106 1553 179 1593 nis,
208 1552 345 1593 videre,
370 1564 458 1597 quae
477 1559 572 1584 certo
598 1553 795 1585 adseverat-i
825 1553 980 1595 possint,
1009 1564 1098 1597 quae

105 1616 176 1635 non
206 1603 361 1647 possint,
398 1609 430 1635 et
459 1604 502 1635 de
535 1603 665 1647 quibus
692 1605 796 1636 rebus
824 1601 978 1636 humana
1007 1604 1095 1636 ratio

105 1661 232 1686 certam
252 1661 283 1686 et
305 1654 485 1686 immotam
506 1654 703 1686 doctrinam
726 1652 871 1695 habeat,
899 1656 941 1687 de
967 1655 1096 1699 quibus

105 1717 188 1737 vero
214 1705 350 1737 arcanis
374 1704 497 1748 positis
522 1712 616 1737 extra
644 1712 870 1749 conspectum
897 1703 1096 1746 hominum,

105 1755 244 1788 erudiat
267 1767 331 1787 nos
356 1767 422 1787 vox
451 1755 618 1787 coelestis.
674 1755 846 1788 Neutrum
864 1753 1021 1788 humana
1039 1768 1096 1788 ra-

106 1806 155 1838 tio
174 1805 337 1838 invenire
354 1818 415 1849 per
433 1817 505 1837 sese
525 1812 647 1848 potest,
676 1807 850 1846 videlicet,
868 1807 973 1839 fuisse
990 1818 1096 1839 mun—

105 1858 190 1890 dum
209 1857 292 1888 inde
310 1868 421 1900 usque
446 1857 489 1888 ab
514 1856 651 1889 infinita
675 1857 899 1897 aeternitate,
925 1864 985 1890 aut
1010 1869 1096 1889 con—

105 1908 217 1942 ditum
249 1919 322 1940 esse
349 1918 469 1940 recens
501 1915 581 1940 ante
605 1918 716 1939 annos
739 1907 851 1941 5507.
905 1907 975 1940 Tot
1001 1908 1094 1940 enim

106 1959 191 1991 anni
219 1965 453 1992 numerantur
477 1964 570 1990 retro
599 1959 641 1990 ad
675 1959 819 1991 initium
854 1959 1021 1992 traditum
1058 1959 1095 1990 in

105 2009 220 2042 Nloise
236 2011 278 2042 ab
297 2007 361 2042 hoc
377 2022 490 2048 anno,
519 2009 578 2053 qui
595 2016 644 2042 est
667 2021 685 2041 a
703 2009 812 2042 natali
831 2007 966 2042 Christi
988 2007 1095 2042 1545.

106 2059 201 2092 Haec
226 2073 303 2093 cum
330 2061 467 2093 ratione
489 2060 640 2092 inveniri
669 2060 910 2103 nonpossint,
937 2060 1093 2094 contenti

105 2111 213 2143 simus
230 2123 268 2143 ea
285 2111 443 2144 doctrina
455 2139 463 2150 ,
489 2123 593 2156 quam
614 2109 708 2143 Deus
726 2112 828 2144 certis
846 2120 878 2145 et
896 2111 1095 2145 illustribus

106 2161 316 2195 testimoniis
333 2162 496 2203 tradidit,
525 2173 613 2207 quae
626 2162 808 2202 adfirmat,
838 2160 928 2194 nibil
947 2174 1019 2195 esse
1037 2174 1094 2194 ae-

106 2220 265 2249 ternum,
297 2213 367 2246 uisi
389 2212 502 2246 Deum
528 2220 681 2255 patrem,
717 2213 829 2246 tilium
859 2220 891 2246 et
919 2212 1093 2257 Spiritum

104 2270 273 2301 sanctuni,
302 2276 340 2296 ac
357 2264 481 2296 tribuit
500 2271 633 2297 certum
658 2264 799 2297 initium
816 2265 963 2303 mundo,
990 2276 1092 2308 quem

103 2315 150 2347 ait
168 2314 351 2347 conditum
369 2325 441 2346 esse
455 2327 473 2347 a
492 2314 578 2354 Deo,
607 2322 640 2348 et
658 2317 702 2347 ab
721 2313 782 2348 hac
800 2315 1005 2349 conditione
1020 2328 1093 2348 cer-

104 2372 174 2398 tam
192 2365 316 2398 seriem
335 2376 511 2397 annorum
529 2365 686 2399 traditlit.

206 2422 282 2457 Etsi
301 2431 414 2456 autem
434 2423 534 2456 valde
546 2426 708 2458 turbatur
721 2423 877 2459 humana
894 2427 982 2459 ratio
1001 2433 1093 2459 retro

105 2475 279 2518 cogitans,
309 2486 372 2507 nec
388 2473 501 2507 Deum
518 2474 555 2506 in
579 2475 641 2507 illa
658 2476 795 2509 infinita
815 2479 1020 2510 aeternitate
1039 2490 1093 2510 re-

105 2534 158 2559 tro
184 2526 341 2559 ociosum
369 2526 476 2558 fuisse
501 2525 671 2568 disputat.
728 2526 774 2560 Et
797 2541 874 2560 cum
903 2529 995 2561 videt
1021 2541 1092 2560 non

105 2577 232 2610 mutari
260 2577 351 2618 leges
376 2583 536 2609 motuum
562 2575 786 2616 coelestiuin,
824 2580 976 2612 somniat
1003 2576 1091 2611 hanc

107 2628 232 2660 molent
254 2639 392 2670 seu-per
406 2627 531 2663 fuisse,
559 2634 588 2658 et
610 2638 747 2669 semper
771 2628 816 2660 ita
842 2630 1089 2662 circumactam

107 2690 196 2719 esse,
223 2685 256 2711 et
272 2678 426 2712 eft'ecISse
443 2678 556 2711 varias
575 2677 664 2710 vices
680 2678 946 2720 generationum
964 2688 996 2714 et
1012 2692 1090 2713 cor-

816 108 973 145 lNITlA
1001 107 1295 145 DOCTRINAE
1322 111 1574 151 PHYSICAE.

1117 2332 1121 2436 ἐ

1110 2650 1118 2722 l

2075 120 2148 154 5222

1158 195 1366 238 ruptionum
1394 198 1430 231 in
1458 200 1705 242 inferioribus,
1740 201 1893 247 denique
1918 203 2026 236 multa
2053 212 2144 243 sunt,

1158 257 1247 289 quae
1267 244 1492 281 vehementer
1516 252 1703 285 offendunt
1725 252 1919 293 rationem,
1946 253 1975 286 si
2000 260 2068 286 tam
2089 267 2142 286 re-

1156 307 1237 328 cens
1257 296 1396 328 initium
1416 301 1539 331 muudi
1557 304 1809 343 constituatur,
1836 311 1952 337 tamen
1970 303 2143 337 frenanda

1157 354 1205 379 est
1224 344 1375 379 lmmana
1402 349 1602 390 curiositas,
1630 359 1662 385 et
1681 354 1912 387 continendae
1934 361 2016 388 sunt
2042 367 2140 387 men-

1155 403 1205 429 tes
1231 396 1323 430 intra
1359 406 1483 439 metas,
1526 412 1611 443 quas
1653 400 1746 435 Deus
1776 405 1878 437 nobis
1908 405 2140 438 circundedit.

1156 446 1254 480 Plato
1274 448 1399 481 ludens
1417 449 1452 481 in
1472 450 1671 491 Atlantico,
1698 452 1797 494 fingit
1812 461 1890 488 ante
1908 467 2033 488 noveni
2058 456 2140 488 mit-

1155 497 1201 530 lia
1218 510 1413 539 annorum,
1442 500 1527 533 alias
1545 501 1650 534 fuisse
1668 500 1846 542 Athenas,
1872 511 1904 536 et
1922 506 2024 549 longe
2041 518 2139 550 prae-

1154 549 1342 582 stantiores
1367 551 1478 591 cives,
1512 564 1600 595 quae
1623 552 1709 585 dicit
1735 553 1778 585 ad
1804 554 2031 588 deridendam
2057 569 2139 590 suae

1155 600 1277 633 aetatis
1299 600 1485 643 ignaviam.
1541 601 1744 636 Herodotus
1769 615 1842 636 non
1866 605 1941 637 vult
1955 606 2066 639 videri
2086 608 2139 640 Iu—

1154 650 1246 691 dere,
1276 653 1332 683 sed
1351 651 1398 684 ait
1417 653 1462 684 ab
1479 650 1660 698 Aegyptiis
1680 655 1798 686 decem
1824 654 1934 687 millia
1952 667 2139 693 annorum.

1154 707 1186 733 et
1209 701 1360 744 amplius
1386 704 1577 744 recenseri,
1614 711 1645 737 et
1668 705 1891 738 observatum
1918 716 1988 738 esse
2015 706 2049 738 in
2076 705 2140 738 hoe

1153 758 1250 784 tanto
1269 753 1385 795 spacio
1400 765 1575 786 annorum
1596 755 1648 786 bis
1665 761 1795 789 mutata
1815 767 1886 788 esse
1903 756 1977 789 loca
1998 764 2140 790 ortuum

1152 808 1184 835 et
1208 814 1393 835 occasuum
1420 803 1533 844 Solis,
1562 805 1608 838 ita
1638 812 1674 838 nt
1699 804 1760 838 Sol
1784 813 1881 839 ortus
1908 807 1951 839 sit
1978 808 2051 845 bis,
2080 808 2137 840 ubi

1151 865 1246 885 nunc
1265 854 1393 887 occidit
1406 882 1413 894 ‚
1442 862 1473 888 et
1495 856 1548 888 bis
1565 856 1798 897 descenderit,
1828 857 1890 890 ubi
1905 870 1999 891 nunc
2016 858 2140 892 oritur.

1255 919 1323 954 Sed
1357 918 1441 954 haec
1465 923 1600 956 somnia
1626 924 1849 964 omittamus,
1883 932 1914 958 et
1938 937 2138 969 quanquam

1150 970 1302 1004 brevitas
1319 978 1515 1016 temporum
1543 976 1668 1007 mundi
1697 974 1849 1020 physicis
1874 975 2022 1008 ridicula
2044 975 2140 1008 vide-

1151 1028 1226 1059 tur,
1259 1028 1377 1055 tamen
1403 1024 1600 1057 doctrinam
1630 1027 1802 1059 divinitus
1835 1027 2038 1070 patefactam
2066 1038 2139 1059 aui-

1151 1072 1361 1114 plectamur‚
1390 1086 1451 1106 nec
1471 1076 1514 1107 ab
1535 1087 1571 1108 ea
1591 1078 1694 1109 avelli
1721 1089 1784 1110 nos
1799 1078 1973 1117 sinamuS,
2001 1089 2060 1110 seu
2086 1077 2140 1109 lu-

1150 1122 1204 1155 dis
1219 1121 1391 1163 Platonis,
1410 1135 1470 1157 seu
1488 1132 1616 1159 temere
1633 1127 1709 1160 licta
1728 1125 2139 1172 antiquitateAegyptiu-

1150 1185 1248 1212 rum,
1275 1181 1335 1207 aut
1350 1172 1607 1215 Chaldeorum,
1633 1185 1693 1212 aut
1709 1179 1871 1214 aliorum.

1252 1232 1460 1266 Aristoteles
1477 1235 1598 1268 recitat
1618 1243 1840 1278 argumenta,
1868 1237 1996 1281 quibus
2020 1248 2139 1268 mox-v-

1151 1290 1225 1321 tur‚
1253 1289 1292 1316 ut
1318 1284 1426 1326 magis
1452 1285 1626 1319 existimet
1651 1288 1823 1319 mundum
1851 1294 2031 1320 aeternum
2057 1298 2139 1325 esse,

1151 1331 1216 1366 hoc
1228 1340 1288 1374 est,
1312 1335 1388 1367 sine
1406 1335 1522 1376 initio,
1545 1343 1578 1369 et
1594 1337 1668 1369 sine
1687 1337 1765 1370 fine.
1790 1336 1841 1370 Ea
1858 1343 2062 1379 argumenta
2081 1338 2137 1369 di-

1151 1385 1289 1417 luemus
1308 1385 1411 1423 insra,
1432 1392 1463 1417 et
1481 1388 1719 1427 ostendemus,
1737 1399 1808 1419 non
1827 1399 1899 1420 esse
1917 1389 2138 1420 demonstra-

1149 1433 1273 1465 tiones.
1328 1434 1580 1469 Adsentiamur
1598 1443 1714 1470 autem
1735 1438 1917 1471 doctrinae
1933 1450 1952 1470 a
1968 1436 2043 1471 Deo
2068 1444 2140 1470 tra-

1149 1484 1262 1525 ditae,
1290 1496 1377 1529 quae
1394 1486 1441 1519 ait
1466 1484 1560 1519 hunc
1586 1489 1758 1521 mundum
1782 1489 1964 1522 conditum
1991 1500 2081 1528 esse,
2107 1495 2138 1521 et

1149 1535 1233 1567 inde
1256 1547 1366 1580 usque
1385 1538 1428 1569 ab
1453 1538 1557 1571 initio
1578 1551 1690 1572 annos
1714 1547 1894 1581 numerat,
1923 1547 1955 1574 et
1972 1539 2137 1583 deinceps

1148 1586 1308 1620 adfirmat
1329 1589 1500 1621 mundum
1520 1589 1594 1622 sine
1618 1591 1684 1623 fine
1702 1602 1907 1624 mansurum
1931 1602 2003 1623 esse
2021 1590 2137 1623 donii-

1147 1637 1269 1670 cilium
1294 1638 1499 1680 angelorum
1526 1646 1557 1673 et
1580 1638 1786 1681 hominum,
1814 1642 1874 1686 qui
1893 1642 2018 1685 partim
2044 1641 2134 1673 beati

1146 1689 1401 1722 consuetudine
1421 1689 1486 1723 Dei
1506 1691 1685 1731 fruentur,
1715 1693 1840 1736 partim
1860 1693 2015 1726 damnati
2033 1692 2136 1725 susti-

1146 1740 1282 1772 nebunt
1301 1747 1463 1774 aeternos
1487 1742 1670 1775 cruciatus.
1724 1742 1819 1775 Ilaec
1845 1743 2016 1776 sententia
2042 1749 2135 1774 extra

1147 1790 1318 1822 iudicium
1339 1788 1513 1824 humanae
1533 1793 1679 1825 rationis
1706 1793 1815 1835 posita
1840 1800 1899 1828 est.
1952 1793 2020 1827 Sed
2042 1791 2136 1825 Deus

1145 1841 1343 1874 illustribus
1362 1842 1583 1882 testimoniis,
1608 1844 1793 1876 eductione
1810 1844 1932 1887 populi
1952 1843 2056 1877 lsrael
2077 1854 2138 1886 per

1146 1890 1247 1923 Mare
1265 1893 1423 1932 rubrum,
1450 1893 1716 1927 resuscitatione
1733 1902 1974 1935 mortuorum,
2001 1905 2136 1938 repres-

1145 1954 1183 1975 so
1202 1941 1295 1975 Solis
1313 1955 1428 1982 cursu,
1459 1944 1679 1978 confirmavit
1696 1957 1793 1978 suam
1811 1946 2020 1979 doctrinam.
2056 1944 2135 1977 Non

1146 1992 1252 2035 igitur
1272 2005 1521 2036 repugnemus,
1539 2006 1602 2028 nec
1618 1996 1797 2028 audaciam
1819 1996 2040 2038 ingeniorum
2061 1995 2136 2027 lau-

1146 2045 1279 2083 demus,
1307 2056 1395 2088 quae
1419 2044 1549 2078 talibus
1570 2046 1779 2079 testimoniis
1796 2047 2027 2090 refragantur,
2056 2058 2133 2078 cum

1146 2094 1288 2139 quidem
1306 2096 1624 2129 demonstrationes
1645 2109 1823 2140 opponere
1842 2110 1913 2131 non
1934 2097 2078 2141 possint.

1236 2160 1444 2195 Coniectura
1463 2175 1544 2195 vero
1562 2175 1633 2195 non
1654 2165 1850 2205 spernenda
1870 2162 1952 2196 haec
1969 2171 2028 2200 est,
2046 2176 2134 2207 quae.

1145 2213 1316 2254 significat
1343 2220 1375 2246 et
1401 2213 1541 2245 initium
1570 2214 1713 2258 aliquod
1743 2215 1866 2255 fuisse,
1899 2222 1930 2248 et
1961 2222 2133 2247 senectam

1145 2275 1216 2295 esse
1232 2264 1369 2305 generis
1389 2262 1555 2303 humani,
1585 2267 1677 2309 quud
1701 2265 1860 2298 videlicet
1887 2273 1966 2297 ante
1982 2273 2133 2309 quatuor

1146 2315 1254 2346 millia
1271 2327 1449 2347 annorum
1470 2317 1609 2347 suerunt
1634 2314 1792 2347 homines
1811 2315 1983 2358 longaevi,
1994 2316 2054 2360 qui
2070 2328 2133 2348 an-

1146 2377 1208 2397 nos
1228 2373 1424 2408 nongentos
1443 2373 1475 2398 et
1494 2366 1631 2398 circiter
1650 2367 1828 2404 vixerunt,
1856 2366 1984 2398 deinde
2008 2374 2132 2398 natura

1144 2424 1259 2449 secuta
1281 2425 1329 2450 est
1346 2417 1456 2449 mutto
1475 2417 1696 2449 imbecillior.
1749 2414 1829 2448 Erit
1854 2416 1960 2458 igitur
1985 2417 2133 2459 insignis

1144 2469 1292 2500 mutatio
1310 2467 1464 2500 universi
1482 2468 1616 2509 generis
1637 2465 1794 2499 humani.

1245 2525 1291 2559 Et
1316 2526 1344 2558 si
1371 2527 1531 2568 longiora
1561 2525 1674 2568 spacia
1705 2527 1829 2559 mundi
1856 2534 1946 2559 retro
1975 2528 2132 2565 fuissent.

1143 2589 1215 2610 nou
1234 2585 1320 2610 esset
1347 2578 1432 2608 adeo
1454 2577 1592 2617 ignotus
1614 2582 1728 2608 motus
1752 2589 1964 2620 apogenrum
1994 2585 2024 2611 et
2051 2579 2130 2610 fixa-

1142 2640 1219 2660 rum
1246 2628 1438 2660 stellarum.
1502 2626 1591 2658 Nam
1618 2627 1653 2658 in
1688 2634 1756 2659 tam
1785 2629 1888 2671 longa
1925 2630 2130 2662 aeternitate

1142 2678 1290 2722 insignis
1310 2676 1491 2710 diversitas
1507 2674 1722 2721 deprehensa
1743 2687 1840 2714 esset.
