2379 2948
101 95 178 132 835
505 91 551 127 V.

201 177 392 212 Politicum
419 184 491 219 est,
526 178 622 222 quod
653 178 887 211 admonemur
918 175 1091 209 divinitus

605 90 657 126 IN
681 87 945 126 DANIELEM
971 85 1291 124 PROPHETAM
1317 85 1740 126 COMMENTARIUS.

2060 90 2134 126 834

1140 172 1401 219 Babylonicum
1419 173 1519 207 Deus
1534 173 1726 207 admonere
1742 172 1874 214 voluit,
1902 174 1946 207 de
1961 174 2133 210 brevitate

99 229 266 264 constitui
291 229 451 273 imperia.
479 230 482 231 ⁷
509 228 614 269 ltem,
641 229 734 273 quod
762 227 916 260 mirabili
941 227 1090 259 consilio
1113 256 1117 273 ζ
1140 232 1340 269 temporum
1362 225 1508 265 mundi,
1537 226 1580 258 de
1599 233 1747 259 venturo
1766 225 1921 267 iudicio,
1949 226 1993 259 de
2020 227 2131 261 salute

96 280 195 315 Deus
229 280 343 314 voluit
370 280 572 313 consociare
600 278 732 312 Gentes
757 290 820 322 per
853 275 1090 316 monarchias,

98 332 171 365 sive
188 338 227 365 ut
247 332 371 364 melius
396 337 601 373 regerentur
617 329 824 372 disciplina,
852 329 1007 371 legibus,
1036 329 1091 361 iu-

98 383 219 424 diciis,
247 383 389 426 poenis,
413 383 485 414 sive
514 387 553 413 ut
576 392 638 423 per
661 391 735 411 eam
763 381 983 412 occasionem
1006 380 1090 412 faci-

98 434 169 466 lius
193 433 380 478 propagari
408 439 442 465 et
467 431 686 464 innotescere
710 428 946 474 Evangelium
965 438 1090 474 posset.

99 484 199 518 Sicut
231 485 267 517 in
301 483 449 526 singulis
481 478 698 514 monarchiis
728 481 827 516 fulsit
850 481 1088 525 Evangelium

98 535 355 580 aliquantisper
375 533 466 577 apud
483 531 629 565 Gentes.

203 593 361 628 Aureum
403 598 508 636 caput
550 592 724 635 significat
760 592 909 636 primam
945 604 1089 625 monar—

99 643 235 686 chiam,
263 656 351 689 quae
373 643 619 687 complectitur
643 644 897 677 successionem
915 640 1089 677 Chaldae-

99 709 201 730 orum
218 702 250 729 et
269 694 510 740 Assyriorum.

198 753 416 797 Argenteum
458 760 578 798 pectus
615 755 806 787 secundam
845 751 1089 787 monarchiam

101 806 291 850 significat,
319 805 608 850 complectentem
628 804 817 838 Medorum
841 805 1030 849 imperium
1058 812 1091 839 et

99 856 290 890 Persicum.

201 914 336 948 Venter
359 927 508 954 aeneus,
544 915 787 949 Alexandrum
811 921 845 949 et
874 926 1090 948 successores

97 966 330 1011 potentiores,
360 967 420 1012 qui
441 974 542 1001 erant
560 967 741 1000 coniuncti
759 967 911 1000 foedere.

201 1026 329 1059 Tibiae
349 1027 482 1059 ferreae
499 1026 704 1061 Romanum
723 1027 924 1070 imperium,
953 1026 1008 1059 cui
1027 1026 1090 1058 ad-

97 1078 173 1111 iicit
189 1078 462 1122 descriptionem
477 1105 485 1118 ,
509 1079 602 1123 quod
623 1078 729 1111 fuerit
747 1078 908 1110 futurum
933 1077 1090 1121 asperius

98 1129 266 1169 caeteris,
293 1129 374 1173 quia
400 1129 514 1173 reipsa
540 1129 665 1161 durius
689 1129 954 1172 imperaverunt
975 1128 1090 1171 genti-

97 1180 165 1212 hus
177 1206 186 1220 ‚
213 1186 245 1212 et
265 1179 357 1213 inter
373 1191 409 1212 se
427 1187 608 1223 gesserunt
626 1180 717 1212 bella
736 1180 852 1212 civilia
866 1207 874 1220 ,
901 1185 934 1212 et
951 1179 1090 1211 deleve-

100 1237 185 1263 runt
200 1237 338 1273 gentem
358 1230 536 1263 Iudaicam
551 1258 559 1271 ‚
588 1238 621 1264 et
639 1236 870 1263 exercuerunt
889 1230 1092 1263 crudelissi-

98 1293 173 1314 mas
191 1281 452 1326 persecutiones
473 1282 508 1313 in
525 1280 730 1314 Ecclesiam.

204 1339 314 1373 Pedes
337 1340 465 1383 partim
491 1340 653 1379 testacei,
681 1340 809 1383 partim
829 1340 954 1378 ferrei,
981 1339 1092 1383 signi-

98 1392 204 1425 ficant
219 1402 324 1433 regna
344 1398 424 1424 nata
443 1397 521 1434 post
537 1391 741 1434 dissipatam
758 1389 1015 1433 monarchiam,
1039 1391 1092 1422 vi-

98 1442 241 1483 delicet,
269 1441 501 1481 Francicum‚
535 1440 790 1485 Hispanicum,
824 1440 1091 1482 Germanicum,

99 1493 386 1533 Sarracenicum,
414 1491 626 1533 Turcicum,
653 1499 687 1525 et
707 1492 743 1524 in
760 1489 814 1525 his
829 1493 897 1525 alia
916 1499 998 1525 sunt
1014 1492 1093 1525 aliis

99 1544 335 1577 bellicosiora.
389 1541 435 1576 Et
453 1555 655 1588 quanquam
675 1543 767 1576 inter
782 1555 816 1576 se
833 1543 1033 1583 luctantur,
1060 1550 1093 1576 et

100 1601 276 1628 conantur
305 1594 441 1627 efficere
470 1592 734 1635 monarchiam,
769 1601 886 1628 tamen
915 1607 987 1628 non
1013 1607 1094 1639 per-

102 1646 233 1679 ficient.

203 1696 316 1729 Porro
352 1696 388 1728 in
425 1702 548 1741 quarta
580 1693 785 1728 monarchia
815 1695 932 1740 inquit
965 1695 1093 1729 Daniel

101 1755 291 1782 venturum
315 1759 387 1780 esse
410 1745 611 1787 Christum,
643 1747 703 1792 qui
731 1746 775 1780 sit
807 1747 1011 1779 incoaturus
1038 1759 1094 1780 re-

101 1811 210 1843 gnum
227 1805 409 1831 aeternum
427 1798 639 1842 promissum
650 1797 828 1831 Patribus.
863 1797 1094 1832 VoluitDeus

102 1849 257 1895 patelieri
275 1857 411 1893 tempus
429 1851 601 1881 adventus
619 1846 774 1888 Christi,
800 1855 839 1881 ut
854 1848 946 1881 inter
962 1856 1094 1881 caetera

102 1901 303 1935 testimonia
328 1901 371 1932 de
388 1898 528 1934 Christo
554 1899 656 1931 etiam
679 1900 941 1932 circumstantia
959 1907 1094 1942 tempo-

104 1953 152 1985 ris
177 1952 252 1996 pios
283 1952 508 1989 admoneret,
545 1958 578 1984 et
604 1951 778 1983 refelleret
805 1951 943 1994 impios.
997 1950 1096 1984 Sicut

105 2003 227 2036 ludaei
245 2014 340 2035 nunc
359 2002 542 2035 manifeste
560 2002 674 2034 refelli
692 2008 839 2045 possunt
864 2014 924 2046 per
942 2001 1095 2034 circum-

107 2054 271 2086 stantiam
296 2053 477 2097 temporis.
532 2051 683 2096 Oportet
703 2049 883 2086 Christum
906 2052 999 2085 nasci
1017 2059 1097 2084 ante

106 2103 371 2148 dissipationem
402 2104 514 2146 gentis
540 2103 702 2136 Iudaicae
734 2103 769 2135 in
802 2111 925 2148 quarta
954 2115 1097 2136 monar-

108 2152 207 2195 chia,
235 2155 384 2187 durante
413 2152 528 2188 adhuc
554 2155 676 2198 politia
700 2154 863 2195 Iudaica,
890 2155 927 2186 in
954 2153 1098 2188 Bethle-

108 2204 190 2239 hem
209 2211 272 2239 etc.
325 2202 419 2248 Ergo
436 2217 575 2238 necesse
592 2212 642 2239 est
663 2205 784 2246 fateri,
810 2207 904 2250 quod
922 2206 968 2239 sit
985 2212 1099 2246 natus,

108 2257 191 2302 quia
208 2267 304 2289 nunc
323 2267 440 2288 eversa
457 2264 507 2290 est
526 2254 758 2295 Bethlehem,
786 2264 819 2290 et
843 2257 942 2290 nulla
965 2263 1016 2290 est
1035 2269 1097 2301 po-

108 2308 185 2341 litia
207 2306 362 2341 Iudaica.

213 2357 302 2391 Item
329 2358 493 2401 proderat
516 2358 593 2402 pios
623 2365 742 2391 tenere
772 2358 1031 2392 consolationes
1056 2359 1098 2391 de

109 2416 289 2453 tempore,
316 2415 356 2442 ut
377 2409 508 2441 interea
529 2409 737 2442 afflictiones
762 2410 934 2444 sustinere
959 2416 1100 2454 possent

111 2468 145 2494 et
167 2466 391 2504 expectarent
415 2465 598 2492 venturam
623 2460 890 2503 liberationem,
915 2473 979 2495 nec
1005 2472 1101 2494 erra-

110 2518 208 2550 rent,
236 2510 450 2544 arbitrantes
470 2517 606 2553 tempus
624 2511 857 2552 praeteriisse.

213 2569 397 2603 Postrrmo
413 2570 554 2613 prodest
569 2569 735 2601 omnibus
750 2570 856 2608 scire,
884 2570 978 2614 quod
996 2581 1103 2603 mun-

1116 1044 1118 1053 ι

1142 277 1280 321 piorum
1292 299 1301 313 ‚
1329 276 1373 308 de
1389 275 1538 309 aeternis
1556 276 1678 320 poenis
1697 276 1901 321 impiorum,
1931 288 1975 309 ne
1991 288 2049 310 rex
2066 290 2132 321 pu-

1141 333 1232 361 taret
1247 325 1366 359 omnia
1383 338 1464 359 casu
1484 327 1570 367 fieri,
1597 328 1655 359 sed
1673 328 1821 361 disceret
1841 339 1912 361 esse
1929 326 2043 361 Deum
2061 328 2133 361 sal—

1143 385 1282 412 vantem
1301 377 1392 421 pios,
1420 384 1450 410 et
1468 377 1672 420 punientem
1690 378 1830 422 impios,
1858 378 2130 413 constituentem

1143 428 1309 474 imperia,
1337 435 1369 461 et
1385 429 1613 461 adiuvantem
1631 428 1740 461 iustos
1758 429 1946 473 principes.
2001 429 2052 463 Ita
2072 427 2130 463 hic

1144 481 1240 513 locus
1267 479 1512 523 complectitur
1534 478 1642 512 totius
1673 479 1854 521 religionis
1885 488 1917 514 et
1938 479 2127 523 Evangelii

1143 532 1350 565 doctrinam.
1403 529 1486 563 Dixi
1504 531 1547 562 de
1566 536 1735 573 tempore.

1245 582 1303 615 Sic
1321 588 1438 614 autem
1458 580 1623 614 describit
1643 578 1711 614 hoc
1727 591 1888 623 regnum.
1923 580 1996 623 Ait,
2020 582 2133 626 Lapi-

1144 634 1222 666 dem
1241 632 1430 666 abscissum
1449 643 1521 665 esse
1538 633 1581 664 de
1600 639 1719 665 monte
1743 631 1817 664 sine
1836 632 2010 667 manibus.
2063 632 2132 666 La·

1146 685 1197 728 pis
1216 684 1387 727 significat
1404 681 1587 717 Christum
1600 710 1608 723 ,
1634 683 1694 727 qui
1713 684 1755 716 de
1771 689 1911 722 monte,
1940 683 1975 716 id
1996 690 2065 724 est,
2092 696 2132 716 ex

1146 735 1276 780 populo
1302 733 1410 768 Israel
1435 741 1536 768 natus
1562 741 1630 774 est,
1666 735 1724 766 sed
1752 733 1827 766 sine
1855 734 2019 767 manibus
2050 734 2132 766 iude

1145 787 1316 819 abscissus
1342 792 1408 825 est,
1436 786 1470 818 id
1497 791 1563 825 est,
1591 797 1663 817 non
1686 782 1842 817 humano
1862 785 2011 818 consilio
2031 786 2133 818 datus

1145 844 1194 871 est
1211 835 1293 870 huic
1311 837 1454 880 populo,
1483 848 1547 869 nec
1565 843 1682 879 postea
1701 847 1847 879 regnum
1864 836 2047 869 constituit
2065 833 2133 868 hu-

1145 900 1246 921 mana
1267 888 1422 931 potentia
1442 894 1501 921 aut
1521 887 1656 920 viribus
1674 887 1770 920 illius
1788 887 1920 930 populi.
1969 886 2061 920 Tota
2079 898 2133 919 res

1144 940 1276 983 geritur
1291 939 1476 979 divinitus,
1504 937 1617 972 Filius
1633 937 1700 971 Dei
1719 938 1815 971 venit
1837 950 1853 970 a
1871 936 1974 972 Patre
1990 944 2132 970 aeterno

1146 991 1287 1029 missus,
1316 990 1473 1023 nascitur
1492 989 1566 1022 sine
1583 989 1677 1021 virili
1696 989 1846 1028 semine,
1874 1000 2021 1032 regnum
2047 1000 2133 1021 con-

1147 1042 1258 1075 stituit
1277 1041 1352 1073 sine
1373 1039 1536 1073 humanis
1553 1040 1710 1073 consiliis
1728 1047 1760 1073 et
1781 1040 1926 1074 viribus.
1968 1038 2064 1072 Haec
2082 1045 2134 1072 est

1146 1091 1403 1136 simplicissima
1429 1091 1627 1133 enarratio,
1663 1098 1701 1124 ut
1726 1102 1829 1123 mons
1853 1091 2074 1133 intelligatur
2090 1090 2133 1123 de

1147 1156 1251 1187 regno
1269 1155 1329 1175 seu
1349 1143 1481 1186 populo
1502 1141 1665 1179 ludaico,
1693 1142 1774 1187 quia
1801 1148 1918 1185 postea
1936 1152 2057 1174 rursus
2078 1140 2133 1173 di-

1146 1196 1207 1228 cit:
1236 1193 1342 1226 Hunc
1365 1194 1516 1237 lapidem
1538 1193 1612 1225 fieri
1636 1204 1801 1236 magnum
1821 1199 1998 1233 montem,
2020 1192 2055 1224 id
2074 1198 2134 1232 est,

1146 1247 1267 1289 ingens
1286 1256 1445 1286 regnum.

1246 1295 1318 1328 Alii
1338 1294 1556 1338 interpretati
1576 1301 1657 1328 sunt
1680 1300 1836 1327 montem
1857 1294 1900 1326 de
1923 1299 2033 1325 matre
2051 1292 2133 1326 Ma-

1146 1346 1206 1386 ria,
1232 1346 1293 1379 alii
1312 1347 1355 1378 de
1373 1346 1483 1385 coelo,
1511 1346 1567 1377 sed
1588 1343 1650 1377 has
1668 1344 1978 1387 interpretationes
1995 1344 2132 1377 omitto.

1146 1397 1230 1430 Sine
1255 1397 1419 1429 manibus
1441 1396 1544 1429 etiam
1572 1396 1631 1428 alii
1660 1396 1957 1438 interpretantur,
1991 1394 2134 1438 impoli-

1146 1455 1217 1481 tum
1236 1448 1409 1491 lapidem,
1436 1447 1470 1479 id
1492 1453 1562 1486 est,
1590 1453 1746 1491 spretum
1768 1452 1801 1478 et
1824 1446 2020 1485 abiectum,
2046 1444 2135 1478 sicut

1148 1500 1181 1531 in
1214 1498 1303 1532 Psal.
1333 1498 1416 1533 118.
1447 1498 1596 1531 dicitur:
1638 1496 1745 1541 Lapis
1781 1509 1884 1541 quem
1922 1496 2135 1539 reprobave-

1147 1558 1227 1583 runt
1243 1556 1305 1584 etc.
1361 1549 1430 1583 Sed
1448 1546 1539 1581 hanc
1555 1547 1882 1592 interpretationem
1901 1554 2019 1580 nostra
2039 1559 2135 1579 com-

1146 1601 1329 1644 plectitur,
1365 1600 1451 1633 Sine
1477 1600 1660 1639 manibus,
1695 1599 1730 1631 id
1759 1605 1825 1639 est,
1859 1598 1936 1631 sine
1968 1595 2135 1630 humanis

1145 1652 1321 1691 consiliis,
1349 1652 1424 1683 sine
1442 1649 1595 1683 humana
1615 1649 1781 1694 potentia.

1245 1702 1408 1735 Breviter
1431 1708 1547 1734 autem
1575 1700 1808 1734 concionatur
1823 1697 1952 1732 Daniel
1975 1699 2018 1730 de
2036 1705 2135 1731 utro-

1147 1766 1214 1798 que
1233 1755 1385 1786 adventu
1404 1750 1558 1791 Christi,
1585 1751 1681 1785 Deus
1697 1749 1877 1784 suscitabit
1900 1760 2047 1792 regnum
2067 1750 2135 1782 du-

1147 1805 1304 1838 rantibus
1338 1802 1453 1836 adhuc
1489 1802 1568 1835 aliis
1603 1802 1729 1844 reguis.
1798 1799 1925 1842 Qualis
1961 1797 2046 1832 haec
2082 1807 2131 1833 est

1148 1855 1358 1898 pugnantia,
1387 1866 1456 1899 quo
1482 1854 1588 1885 modo
1605 1854 1755 1885 durante
1776 1848 1982 1884 monarchia
2000 1849 2135 1884 Roma-

1148 1919 1208 1946 na,
1259 1913 1375 1939 tamen
1419 1904 1579 1947 regnabit
1615 1901 1802 1936 Christus?
1854 1900 1922 1934 Hic
1963 1901 2136 1943 significat

1149 1969 1293 2000 reguum
1319 1954 1451 1990 Christi
1476 1967 1548 1987 non
1573 1954 1731 1987 futurum
1750 1952 1950 1997 politicum,
1979 1953 2036 1984 sed
2064 1952 2136 1996 spi-

1150 2008 1291 2047 rituale,
1325 2008 1418 2052 quod
1447 2018 1508 2049 per
1541 2007 1687 2038 verbum
1718 2003 2037 2037 administrabitur.
2090 2000 2137 2036 Et

1149 2059 1231 2091 dicit
1250 2059 1396 2091 diserte:
1424 2057 1519 2091 Deus
1530 2056 1716 2089 constituet
1735 2055 1770 2087 id
1788 2066 1947 2097 regnum,
1971 2065 2052 2086 nam
2069 2051 2136 2086 hoc

1150 2122 1294 2151 regnum
1328 2109 1529 2141 immediate
1559 2107 1741 2140 constituit
1765 2112 1798 2146 et
1827 2105 1915 2148 regit
1945 2104 2037 2148 ipse,
2076 2116 2137 2147 per

1150 2162 1294 2194 verbum
1320 2172 1422 2193 suum
1454 2159 1567 2202 palam
1594 2157 1782 2196 traditum,
1819 2163 1851 2189 et
1877 2167 1938 2199 per
1963 2154 2135 2197 Spiritum

1149 2219 1320 2245 sanctum.
1355 2210 1498 2245 Caetera
1515 2209 1651 2242 etiamsi
1670 2207 1843 2240 divinitus
1860 2206 2138 2245 constituuntur,

1149 2271 1267 2297 tamen
1291 2262 1442 2295 mediate
1471 2272 1533 2304 per
1562 2257 1754 2292 humanam
1788 2256 1979 2302 potentiam
2006 2255 2138 2289 consti-

1152 2321 1303 2348 tuuntur
1319 2320 1351 2347 et
1367 2319 1548 2356 reguntur.

1255 2364 1457 2398 locoabitur
1481 2373 1563 2404 ergo
1597 2357 1665 2392 hoc
1700 2358 1952 2401 sempiternum
1991 2368 2138 2399 regnum

1152 2416 1363 2450 durantibus
1382 2412 1499 2447 adhuc
1517 2410 1691 2455 imperiis,
1715 2420 1804 2453 quae
1829 2408 1862 2440 id
1890 2419 2036 2450 regnum
2054 2419 2140 2440 con-

1152 2474 1329 2507 temnent,
1363 2473 1394 2499 et
1427 2465 1458 2497 ei
1487 2461 1785 2500 adversabuntur,
1820 2459 1897 2491 ideo
1926 2465 2082 2492 conteret
2107 2466 2141 2492 et

1152 2519 1251 2552 finiet
1275 2517 1393 2550 omnia
1417 2525 1536 2557 regna.
1590 2511 1750 2544 Primum
1774 2509 1868 2542 enim
1891 2516 2011 2552 arguet
2034 2521 2141 2553 prae-

1153 2569 1351 2606 dicatione,
1378 2572 1497 2610 postea
1516 2568 1650 2596 evertet
1666 2568 1698 2594 et
1715 2561 1839 2593 afficiet
1855 2558 1973 2593 hostes
1991 2559 2141 2593 aeternis

113 2621 152 2654 di
169 2628 309 2664 tempus
333 2621 376 2654 sit
392 2620 556 2663 exiguum
583 2619 756 2662 spacium,
783 2621 877 2664 quod
903 2621 1009 2655 instet
1031 2621 1100 2653 iam
1126 2622 1129 2660 ἐξ
1157 2620 1288 2663 poenis.
1339 2615 1500 2651 Christus
1519 2619 1636 2647 autem
1654 2624 1732 2645 cum
1751 2623 1813 2644 sua
1830 2609 1987 2644 Ecclesia
2007 2622 2144 2654 perma-

115 2678 148 2705 et
165 2671 209 2705 sit
232 2671 268 2703 in
292 2671 428 2705 foribus
445 2671 518 2704 dies
543 2669 686 2707 iudicii,
713 2669 803 2703 sicut
821 2677 853 2703 et
872 2668 966 2704 hunc
985 2682 1100 2714 regem

173 2723 351 2754 BIELAxTn.
381 2724 483 2755 Ormi.
515 2723 595 2753 Voti.
617 2721 711 2753 XIII.

1156 2679 1234 2712 net,
1264 2669 1391 2703 retinet
1408 2677 1575 2710 regnum,
1602 2671 1634 2697 et
1651 2663 1783 2696 fruitur
1804 2670 1946 2697 aeterna
1964 2660 2083 2705 gloria.

1622 2713 1672 2751 55
