2379 2948
147 124 221 161 589
767 125 810 159 V.

147 209 321 244 sententia
338 216 408 251 est,
432 221 512 243 cum
531 210 636 244 dicis:
664 209 745 244 Non
761 209 978 254 impossibile
993 214 1044 242 est
1060 207 1136 243 Ro-

144 273 239 294 mam
267 261 345 305 capi
370 262 414 294 ab
440 259 654 294 Hannibale.
707 259 788 293 Alia
815 272 894 293 cum
921 260 1024 292 dicis:
1062 258 1134 292 Im-

145 312 314 357 possibile
331 319 380 345 est
397 311 550 346 Romam
568 323 640 344 non
656 311 734 355 capi
750 311 794 344 ab
810 309 1026 345 Hannibale.
1054 309 1134 344 Uti—
1158 316 1159 319 ’

145 364 226 396 litas
242 371 360 397 autem
376 360 482 396 huius
499 362 606 407 partis
632 362 754 405 ingens
773 368 841 402 est,
869 361 950 407 quia
978 358 1035 394 hic
1059 362 1131 394 dis-
1157 357 1160 373 ⁴

145 415 279 448 crimen
298 414 495 447 illustratur
510 413 602 446 inter
618 412 810 445 necessaria
827 419 859 445 et
876 425 949 445 non
972 423 1131 445 necessa-

144 466 209 499 ria.
262 464 337 498 Hos
356 476 470 498 rerum
489 464 613 496 modos
638 464 780 506 agnosci
805 469 838 496 et
863 463 1017 496 discerni
1042 464 1128 496 adeo
1156 464 1158 495 i

144 517 272 554 refert,
307 523 345 549 ut
372 513 554 548 horribilis
580 514 740 547 confusio
766 526 927 547 errorum
952 521 1132 559 sequatur,
1156 501 1158 547 !

144 580 224 601 cum
244 579 317 600 non
341 565 622 600 considerantur.
676 564 759 598 Alio
790 566 898 598 modo
930 565 1021 609 ignis
1047 566 1130 608 agit,
1156 552 1159 597 i

142 619 212 652 alio
227 618 331 650 modo
352 617 514 650 voluntas
531 613 697 649 humana.
741 616 838 659 Ignis
854 618 1049 650 secundum
1066 628 1130 649 na·-

143 676 240 703 turae
257 667 418 701 ordinem
438 678 511 700 non
531 674 643 710 potest
661 680 734 701 non
753 668 952 703 calefacere.
1003 666 1052 702 At
1066 680 1130 700 vo·-

141 721 259 754 luntas
279 716 433 751 humana
462 725 576 761 potest
600 719 691 753 velle
725 727 786 753 aut
816 719 932 759 nolle,
965 725 1129 763 appetere
1154 738 1157 784 s

141 778 202 805 aut
227 769 381 803 aversari
406 781 478 802 rem
502 769 694 814 inspectam
722 778 754 803 et
770 770 925 812 agnitam
941 783 958 803 a
977 770 1128 807 ratione,
1154 785 1157 813 ἐι

141 821 259 865 Scipio
284 827 398 864 potest
422 820 643 854 voluntatem
670 833 769 854 suam
795 820 980 862 iuducere,
1009 833 1053 854 ne
1075 827 1127 854 at·
1154 815 1157 839 ¹

139 873 250 915 tingat
269 883 433 916 sponsam
451 871 614 905 alienam.

344 960 416 994 Dic
442 957 684 1007 definitiones·
710 959 915 994 modorum.

237 1025 477 1060 Necessarium
496 1034 565 1068 est,
592 1028 687 1072 quod
712 1027 815 1061 aliter
839 1040 873 1061 se
898 1025 1028 1060 habere
1052 1039 1126 1059 non

136 1084 258 1123 potest.
329 1077 398 1112 Sed
434 1085 587 1122 quatuor
626 1079 754 1122 gradus
786 1086 868 1112 sunt
900 1078 1125 1113 necessitatis.

135 1129 278 1163 Primus
303 1131 433 1172 gradus
461 1136 532 1170 est,
566 1129 768 1162 Necessaria
793 1130 997 1163 necessitate
1021 1130 1124 1162 abso-

135 1180 222 1221 luta,
247 1191 306 1213 seu
328 1180 536 1225 simpliciter
552 1181 744 1214 necessaria
762 1181 941 1219 dicuntur,
971 1193 1123 1226 quorum

135 1232 294 1275 opposita
311 1231 520 1276 simpliciter
537 1239 620 1265 sunt
635 1232 879 1276 impossibilia.
922 1232 1027 1265 Tales
1042 1238 1124 1265 sunt

134 1282 394 1327 propositiones
412 1284 453 1315 de
473 1283 621 1316 essentia
649 1289 682 1316 et
701 1283 890 1316 virtutibus
915 1282 1001 1321 Dei,
1025 1281 1121 1316 Deus

134 1341 204 1374 est,
230 1333 326 1366 Deus
352 1340 401 1366 est
425 1334 574 1366 essentia
600 1334 821 1376 intelligens,
857 1346 979 1372 verax,
1015 1334 1122 1367 bene-

134 1385 214 1425 fica,
249 1384 360 1422 iusta,
395 1391 508 1424 casta,
537 1384 731 1417 liberrima.
784 1384 969 1417 Secundus
992 1386 1121 1428 gradus

134 1442 196 1476 est,
221 1435 413 1468 necessaria
432 1435 636 1468 necessitate
656 1435 904 1468 definitionum
922 1443 953 1469 et
973 1437 1121 1469 ‹lemon-

132 1486 363 1525 strationum,
390 1486 453 1519 ubi
471 1487 498 1519 si
518 1487 670 1530 fingatur
694 1487 895 1530 oppositum
909 1514 916 1527 ‚
945 1487 982 1520 fit
1001 1487 1120 1530 impli-

133 1537 222 1571 catio
247 1537 557 1577 contradictionis,
585 1544 640 1571 ut:
671 1537 709 1571 Si
732 1538 891 1581 trigonus
918 1550 990 1571 non
1015 1536 1121 1571 habet

133 1596 203 1622 tres
220 1589 388 1632 angulos,
415 1600 489 1621 non
512 1596 562 1622 est
584 1589 765 1632 trigonu5‚
793 1589 829 1623 Si
850 1589 962 1622 virtus
978 1602 1050 1623 non
1070 1595 1119 1622 est

132 1651 330 1683 congruens
355 1639 524 1684 quiddam
548 1652 627 1673 cum
658 1640 776 1683 regula
809 1641 937 1674 mentis
967 1641 1119 1682 divinae,

131 1703 203 1725 non
228 1699 278 1724 est
298 1691 421 1725 virtus,
477 1689 544 1724 Hic
566 1691 694 1734 gradus
716 1691 896 1734 proximus
918 1699 967 1725 est
993 1692 1119 1736 primo,

132 1742 214 1788 quia
237 1748 288 1775 est
313 1742 431 1785 regula
459 1742 588 1775 mentis
612 1742 753 1774 divinae
778 1743 942 1782 immota,
970 1751 1008 1777 ut
1034 1740 1118 1776 haec

131 1794 276 1827 immota
304 1800 369 1826 est:
412 1793 508 1827 Deus
533 1793 607 1826 vult
632 1793 837 1826 castitatem.
901 1792 949 1826 lta
976 1801 1008 1827 et
1033 1791 1118 1827 haec

130 1845 276 1877 immota
300 1851 368 1877 est:
396 1843 546 1878 Castitas
570 1851 619 1878 est
642 1844 765 1879 virtus,
820 1843 965 1877 Tertius
989 1846 1118 1888 gradus

129 1903 190 1937 est,
208 1895 402 1929 necessaria
417 1895 621 1929 necessitate
639 1893 794 1940 physica,
822 1908 924 1940 quae,
952 1897 1033 1941 quia
1054 1908 1118 1930 na-

128 1955 206 1982 tura
223 1946 272 1980 sic
286 1947 447 1981 ordinata
468 1954 538 1987 est,
566 1947 689 1980 eodem
711 1947 815 1980 modo
831 1957 867 1979 se
885 1944 1028 1988 habeut,
1055 1948 1114 1980 sed

128 2006 246 2033 tamen
264 2010 282 2031 a
300 1997 375 2031 Deo
392 1999 522 2032 mutari
547 2005 718 2042 possunt,
744 2005 782 2031 ut
804 1999 961 2042 exempla
986 2005 1118 2032 testan-

129 2057 198 2084 tur.
251 2047 298 2082 Et
313 2049 362 2082 sic
380 2050 520 2083 condita
540 2058 623 2083 sunt
643 2049 825 2082 liberrima
844 2050 1025 2083 voluntate
1039 2049 1117 2092 Dei,
1143 2057 1145 2065 ¹

128 2108 185 2135 ut:
215 2099 309 2143 Ignis
325 2102 518 2135 necessario
545 2101 701 2135 calefacit
727 2101 929 2135 necessitate
954 2098 1116 2146 physica,

129 2151 192 2187 Sol
209 2151 401 2185 necessario
420 2159 582 2186 movetur
601 2151 807 2185 necessitate
826 2149 981 2197 physica,
1002 2153 1034 2184 id
1055 2160 1116 2193 est,

130 2203 179 2237 sic
203 2202 364 2235 instituto
391 2203 517 2237 ordine
543 2204 725 2237 divinitus.
780 2202 848 2237 Sed
877 2210 995 2236 tamen
1020 2202 1114 2237 Deus

129 2260 242 2300 potest
258 2253 379 2286 sistere
389 2253 520 2294 Solem,
549 2262 587 2289 ut
602 2255 683 2288 fecit
702 2255 738 2287 in
757 2266 874 2299 pugna
895 2254 1028 2289 iosuae.
1062 2255 1114 2288 Ac
1140 2282 1144 2317 ι

129 2305 331 2341 Stoicorum
354 2304 518 2338 delirium
537 2307 771 2340 execrandum
793 2312 863 2346 est,
888 2307 948 2351 qui
976 2306 1114 2349 fingunt

128 2358 246 2392 Deum
268 2356 449 2398 alligatum
474 2368 546 2390 esse
571 2357 683 2390 causis
709 2357 891 2398 secundis,
925 2369 988 2391 nec
1013 2370 1114 2402 posse

128 2409 230 2442 aliter
244 2418 361 2451 agere,
387 2419 491 2452 quam
508 2414 547 2441 ut
565 2408 657 2442 cient
673 2419 798 2442 causae
814 2410 1000 2444 secundae.
1038 2407 1113 2442 Imo

128 2459 208 2493 ideo
233 2458 458 2499 invocamus,
483 2465 522 2492 ut
536 2470 597 2491 sua
613 2459 775 2493 libertate
793 2466 909 2503 regat,
939 2467 972 2493 et
990 2461 1113 2493 mode-

128 2518 226 2545 retur
241 2521 360 2544 causas
376 2510 557 2550 secundas,
586 2510 620 2542 id
639 2517 699 2550 est,
724 2507 895 2555 physicas.
929 2510 1011 2545 Non
1030 2519 1112 2545 sunt

128 2562 235 2606 igitur
253 2572 398 2606 prorsus
414 2560 650 2595 immutabilia
668 2558 765 2601 haec,
792 2574 881 2606 quae
903 2562 942 2595 in
960 2560 1027 2595 hoc
1042 2570 1112 2597 ter-

128 2614 176 2648 tio
195 2614 306 2656 gradu
323 2619 562 2653 recensentur,
589 2619 628 2646 ut
643 2611 716 2650 illa,
735 2623 825 2657 quae
839 2614 882 2645 ad
901 2614 1057 2657 primum
1077 2620 1111 2647 et

128 2665 320 2698 secundum
341 2664 487 2707 gradum
506 2664 697 2708 pertinent.
740 2662 897 2705 Quartus
915 2666 1044 2707 gradus
1061 2672 1112 2698 est

127 2716 368 2756 mutabilium,
394 2727 482 2761 quae
500 2722 618 2750 tamen
634 2720 805 2748 vocantur
831 2716 1023 2749 necessaria
1049 2728 1111 2749 ne-

863 121 1184 159 EROTEMATA
1219 123 1553 161 DlALECTICES.

2102 127 2176 162 590

1160 217 1162 226 ³
1187 210 1344 244 cessitate
1358 212 1644 257 consequentiae,
1672 212 1708 245 id
1726 218 1795 253 est,
1822 222 1911 257 quae
1930 218 2011 245 sunt
2030 213 2172 257 quidem

1187 274 1223 294 re
1252 261 1325 305 ipsa
1349 263 1552 303 mutabilia,
1590 265 1648 296 sed
1675 276 1747 296 non
1774 269 1974 304 mutantur,
2009 264 2064 295 vel
2091 265 2173 309 quia

1185 312 1234 345 sic
1253 325 1271 345 a
1289 310 1363 345 Deo
1383 314 1627 355 decreta-sunt,
1646 315 1700 347 vel
1717 315 1798 360 quia
1816 321 2014 359 sequuntur
2032 326 2070 347 ex
2091 327 2172 348 cau-

1185 363 1249 403 sis,
1276 375 1365 408 quae
1390 375 1463 396 non
1491 370 1688 405 mutantur,
1720 378 1798 398 cum
1822 373 1938 399 tamen
1963 365 2091 398 mutari
2108 377 2172 409 po—

1184 414 1351 454 tuissent,
1380 414 1434 446 vel
1452 415 1533 459 quia
1558 426 1636 447 cum
1664 416 1772 456 liunt,
1800 416 2094 450 contradictoriae
2120 417 2168 449 si-

1185 465 1262 498 mui
1283 477 1386 498 verae
1409 476 1482 498 esse
1508 477 1579 498 non
1608 473 1772 508 possunt,
1802 473 1857 499 ut:
1894 466 2095 500 Necessaria
2119 475 2169 501 est

1184 516 1401 549 resuscitatio
1428 523 1477 549 est
1502 523 1744 557 mortuorum,
1771 517 1852 561 quia
1879 516 1974 550 Deus
2000 518 2110 552 edidit
2127 520 2170 552 de

1184 580 1222 601 ea
1240 568 1430 600 decretum.
1476 566 1624 600 Necesse
1641 575 1691 600 est
1708 567 1829 611 puniri
1848 579 1956 610 genus
1973 566 2169 602 humanum

1184 618 1320 661 maguis
1339 618 1595 651 calamitatibus
1608 645 1616 658 ‚
1644 618 1725 663 quia
1743 629 1866 653 causae
1888 630 1960 650 non
1978 627 2171 661 mutantur,

1183 670 1216 701 id
1243 676 1311 708 est,
1340 669 1422 714 quia
1447 669 1641 703 multorum
1666 670 1793 702 scelera
1818 669 1959 702 irritant
1982 669 2069 701 iram
2092 669 2170 705 Dei.

1182 719 1277 754 Haec
1296 732 1517 765 nequaquam
1535 731 1672 753 necesse
1690 728 1739 753 est
1755 720 1841 755 fieri.
1884 719 1951 753 Sed
1971 731 2005 752 se
2022 720 2169 765 quisque

1183 783 1301 814 regere
1317 771 1504 815 disciplina
1522 778 1655 816 posset,
1682 778 1744 806 etc.
1774 769 1936 816 Denique
1953 771 2072 804 omnia
2089 784 2169 804 cum

1182 823 1290 861 fiunt,
1323 823 1402 855 ideo
1431 830 1515 856 tunc
1542 823 1736 855 necessaria
1761 822 1948 862 dicuntur,
1977 821 2059 866 quia
2085 834 2169 855 con-

1181 874 1406 907 tradictoriae
1423 886 1495 907 non
1513 881 1660 918 possunt
1676 874 1782 906 simul
1801 885 1902 906 verae
1923 884 2005 913 esse,
2033 880 2072 906 ut
2089 885 2169 906 cum

1182 924 1282 958 Plato
1307 926 1421 966 sedet,
1458 925 1731 958 contradictoria
1758 925 1843 958 falsa
1869 931 1940 964 est,
1969 923 2069 957 Plato
2095 937 2168 957 non

1181 977 1288 1011 sedet.
1317 975 1404 1009 Vult
1421 976 1514 1009 enim
1534 975 1629 1009 Deus
1645 976 1893 1010 certitudinem
1910 975 2065 1020 aliquam
2084 987 2168 1009 esse.

1181 1026 1257 1060 Etsi
1275 1034 1391 1061 autem
1409 1039 1529 1060 revera
1546 1025 1632 1060 haec
1648 1039 1702 1060 res
1718 1027 1901 1060 mutabilis
1926 1033 1994 1064 est,
2023 1033 2057 1059 et
2084 1024 2169 1059 haec

1180 1078 1374 1122 propositio
1404 1091 1523 1111 revera
1551 1079 1759 1122 contingens
1784 1084 1852 1116 est,
1881 1085 1998 1111 tamen
2017 1077 2168 1110 necessi-

1179 1136 1249 1163 tate
1266 1130 1539 1174 consequentiae
1559 1136 1643 1162 tunc
1659 1129 1852 1162 necessaria
1872 1129 2014 1162 dicitur.
2058 1126 2105 1162 Et
2124 1129 2167 1161 de

1177 1180 1245 1214 hoc
1263 1188 1440 1224 postremo
1463 1181 1568 1213 modo
1592 1180 1752 1225 loquitur
1767 1179 1975 1214 Aristoteles
1998 1191 2077 1212 cum
2098 1179 2165 1213 ait:

1177 1230 1296 1265 Omne
1318 1232 1413 1276 quod
1434 1238 1501 1269 est,
1530 1233 1673 1276 quando
1689 1238 1758 1272 est,
1786 1242 1925 1264 necesse
1944 1237 1993 1263 est
2013 1241 2095 1265 esse.
2124 1229 2165 1262 ld

1177 1290 1314 1316 tantum
1333 1284 1376 1315 de
1394 1282 1600 1316 necessitate
1617 1282 1888 1327 consequentiae
1906 1281 2135 1323 intelligatur.

1279 1340 1501 1385 Impossibile
1520 1349 1570 1375 est
1585 1341 1802 1374 contrarium
1820 1341 2015 1373 necessario
2027 1367 2036 1380 ‚
2063 1352 2101 1373 ac
2118 1340 2167 1373 si-

1175 1392 1318 1435 gnificat
1337 1404 1538 1436 repugnans
1556 1392 1607 1432 ei,
1632 1392 1727 1437 quod
1748 1398 1861 1435 potest
1880 1403 1951 1423 esse
1968 1397 2028 1424 aut
2045 1391 2132 1424 fieri.

1276 1450 1450 1484 Possibile
1469 1459 1518 1485 est
1534 1451 1736 1495 oppositum
1756 1451 1978 1495 impossibili,
1998 1463 2036 1484 ac
2054 1451 2165 1494 signi-

1175 1503 1252 1536 ficat
1270 1503 1305 1535 id
1325 1503 1420 1547 quod
1440 1509 1553 1546 potest
1570 1503 1664 1543 fieri,
1693 1502 1765 1535 sive
1782 1514 1922 1535 causam
1947 1499 2075 1536 habeat
2101 1514 2165 1535 ne·

1174 1554 1324 1587 cessario
1350 1561 1526 1596 agentem,
1569 1554 1642 1587 sive
1668 1565 1740 1587 non
1766 1553 1963 1586 necessario
1992 1560 2164 1597 agentem.

1176 1604 1304 1638 Graeci
1330 1612 1457 1638 vocant
1486 1602 1672 1646 δυνατὸν,
1707 1612 1762 1638 ut:
1792 1603 1966 1639 Possibile
1991 1613 2041 1639 est
2065 1605 2164 1638 iuve-

1174 1668 1253 1689 nem
1273 1656 1449 1699 vigentem
1469 1662 1501 1689 et
1518 1657 1693 1690 valentem
1711 1653 1819 1689 hodie
1836 1656 1939 1692 mori.

1275 1721 1507 1765 Contingens,
1536 1721 1672 1756 Graece
1688 1720 1942 1767 ἐνδεχόμενον,
1959 1734 2060 1767 saepe
2080 1724 2161 1756 vul—

1172 1786 1214 1817 go
1236 1786 1299 1817 pro
1319 1774 1480 1817 possibili
1501 1781 1711 1818 usurpatur,
1730 1776 1788 1806 sed
1808 1774 1928 1807 differt
1945 1785 1963 1807 a
1983 1774 2160 1817 possibili:

1172 1837 1252 1857 nam
1270 1824 1479 1867 contingens
1499 1825 1694 1868 opponitur
1712 1824 1854 1869 utrique
1872 1824 2075 1869 particulae,
2094 1825 2161 1857 im-

1173 1875 1333 1920 possibili
1352 1883 1385 1908 et
1407 1876 1615 1909 necessario.
1656 1874 1790 1920 Estque
1809 1876 2035 1919 contingens,
2064 1877 2159 1921 quod

1172 1939 1251 1960 cum
1270 1927 1326 1969 fit,
1353 1923 1459 1959 habet
1476 1938 1615 1960 causam
1635 1939 1724 1971 quae
1740 1933 1878 1970 poterat
1895 1939 1935 1960 ex
1951 1933 2077 1960 natura
2097 1938 2158 1961 sua

1171 1978 1275 2011 aliter
1292 1989 1406 2021 agere.
1450 1976 1533 2010 ldeo
1553 1984 1587 2011 et
1606 1978 1690 2011 tales
1709 1978 1880 2011 dicuntur
1897 1978 2158 2020 contingentes:

1172 2028 1309 2062 Aeneas
1349 2028 1433 2062 vicit
1466 2028 1649 2069 Turnum,
1691 2027 1792 2061 Paris
1825 2029 1942 2072 rapuit
1972 2027 2159 2063 Helenam.

1170 2079 1247 2113 Etsi
1271 2079 1366 2112 enim
1395 2086 1579 2124 postquam
1607 2077 1692 2112 haec
1714 2080 1762 2113 ita
1780 2080 2001 2120 acciderunt,
2029 2080 2159 2113 mutari

1170 2143 1242 2164 non
1270 2137 1434 2174 possunt,
1462 2138 1580 2164 tamen
1605 2131 1777 2175 particula
1802 2130 2022 2174 Contingens
2047 2131 2158 2173 signi-

1169 2183 1246 2216 ficat
1260 2194 1399 2215 causam
1418 2182 1515 2215 illam
1534 2183 1791 2226 gubernantem
1811 2189 1973 2215 eventum
2001 2182 2156 2225 potuisse

1169 2234 1272 2267 aliter
1288 2245 1400 2277 agere,
1428 2240 1462 2267 et
1480 2234 1632 2277 potuisse
1649 2233 1757 2266 alium
1777 2244 1849 2265 esse
1867 2239 2044 2266 eventum.
2073 2231 2156 2266 Ideo

1168 2283 1223 2318 his
1243 2285 1359 2318 verbis
1375 2285 1588 2318 describitur
1606 2285 1814 2327 contingens
1833 2284 1870 2316 in
1883 2284 1976 2316 libro
1993 2283 2155 2327 priorum

1168 2336 1427 2370 resolutionum
1448 2336 1665 2370 Aristotelis:
1694 2334 1910 2377 Contingcns
1933 2334 2032 2374 dico,
2059 2335 2156 2379 quod

1168 2400 1246 2421 cum
1272 2400 1344 2421 non
1371 2387 1415 2420 sit
1445 2387 1697 2426 necessarium,
1725 2386 1753 2418 si
1777 2391 1894 2418 tamen
1918 2391 2071 2428 ponatur
2096 2397 2158 2419 seu

1167 2440 1244 2480 fiat,
1271 2436 1363 2472 nihil
1384 2438 1544 2484 sequitur
1563 2436 1792 2482 impossibile.
1844 2435 1897 2469 Ac
1913 2436 2042 2470 diserte
2060 2436 2157 2476 dicit,

1166 2491 1310 2536 utrique
1332 2490 1525 2534 particulae
1548 2488 1702 2532 opponi,
1730 2486 1860 2520 scilicet
1886 2487 2100 2531 impossibili
2123 2494 2157 2521 et

1167 2542 1374 2576 necessario.

1269 2609 1399 2643 Fontes
1417 2614 1532 2640 autem
1565 2607 1827 2650 contingentiae
1850 2614 1883 2641 et
1905 2607 2155 2641 mutabilitatis

1165 2663 1345 2695 actionum
1362 2671 1400 2692 ac
1417 2665 1607 2691 eventuum
1633 2665 1714 2692 sunt
1734 2659 1879 2692 libertas
1895 2659 2089 2692 voluntatis
2115 2658 2152 2690 in

1165 2711 1258 2754 Deo,
1286 2711 1432 2744 libertas
1450 2709 1645 2744 voluntatis
1665 2710 1702 2742 in
1719 2711 1888 2745 creaturis
1908 2710 2156 2747 rationalibus,
