2379 2948
117 74 188 109 149

217 156 327 191 Addit
351 158 457 191 etiam
474 169 545 191 esse
569 157 818 202 separabilem,
845 168 919 189 non
942 155 1102 195 mixtum,

866 71 912 108 11.
953 71 1102 108 LlBER
1127 72 1192 108 DE
1220 73 1393 111 ANIMA-

2063 85 2133 120 150

1153 158 1296 191 alterius
1315 161 1496 204 coniugem
1513 169 1573 196 aut
1590 164 1780 200 facultates,
1823 166 1910 201 Vult
1928 169 2043 203 firmas
2060 182 2131 204 esse

113 220 188 243 non
212 209 405 242 obnoxium
430 209 577 242 laesioni
604 220 665 240 seu
696 206 847 250 ἀπαθῆ,
878 217 967 251 quae
990 206 1101 250 aliqui
1125 240 1126 248 ἵ
1152 207 1300 240 noticias
1324 221 1570 254 numerorum,
1603 221 1641 247 ut
1661 215 1898 260 intelligamus
1921 231 2033 252 unum
2058 233 2129 254 esse

113 261 392 304 interpretantur
407 259 449 291 dc
467 258 739 292 immortalitate.
766 256 837 289 Nec
853 267 914 299 ego
930 268 1098 300 repugno.

113 307 161 343 Et
189 309 309 342 malim
335 310 378 342 de
409 307 670 341 immortalitate
697 307 865 350 intelligi,
894 307 1099 350 praesertim

114 372 194 393 eum
210 359 295 393 alibi
311 359 404 392 dicat
419 357 640 390 Aristoteles:
673 356 777 390 Mens
801 357 1015 391 extrinsecus
1041 369 1098 390 ac-

113 410 216 445 cedit.
267 409 362 443 Haec
381 407 474 440 enim
491 407 595 440 verba
619 407 694 441 eius
709 414 792 442 sunt
814 408 853 440 in
878 408 1031 441 secundo
1055 409 1098 441 de

114 460 356 503 generatione:
381 453 557 491 Λείπεται
579 454 619 492 δὲ
643 456 711 492 τὸν
731 460 825 492 νοῦν
840 454 959 502 μόνον
975 454 1097 503 θύρα-

111 510 184 544 θεν
206 505 395 544 ἐπεισιέναι
418 505 480 541 καὶ
506 507 615 542 θεῖον
639 505 732 543 εἶναι
754 505 885 553 μόνον.
944 507 1097 542 Inclinat

113 561 207 593 enim
225 571 276 600 eo,
302 565 342 592 ut
359 564 512 591 mentem
529 558 700 593 existimet
719 560 901 593 coelestem
919 560 1094 603 quandam

111 611 222 644 facem
255 620 344 650 esse,
376 620 465 654 quae
498 609 612 642 lucem
644 610 787 644 cerebro
816 609 1001 654 praebeat,
1035 610 1094 642 sed

110 660 224 705 qualis
249 659 312 701 sit,
339 671 409 704 quo
433 659 564 701 avolet,
591 672 664 694 non
686 661 833 705 explicat
849 661 887 693 in
911 657 967 693 his
983 659 1095 701 libris,

109 721 197 755 quos
217 708 398 744 habemus.

99 807 104 809 ,
213 768 455 813 Quaecunque
476 775 592 803 autem
616 768 684 802 fuit
701 768 901 803 Aristotelis
923 769 1094 802 sententia

111 820 155 852 de
179 819 329 853 faciente
357 819 539 853 intellectu
563 826 596 853 et
619 819 790 864 patiente,
826 826 917 853 certe
941 820 1094 853 actiones

108 875 202 903 recte
224 870 466 910 distinximus,
498 871 678 910 invenire,
715 876 748 903 et
773 870 930 914 accipere
954 871 1095 906 dictata.

106 918 245 953 Harum
268 920 447 954 actionum
473 932 552 954 cum
576 919 757 965 perspicua
781 920 851 954 sint
876 921 1094 961 discrimina,

107 976 294 1004 contentus
310 982 386 1003 sum
405 968 470 1004 hac
485 971 648 1015 populari
666 971 906 1011 enarratione,
931 983 1020 1016 quae
1037 971 1094 1003 in—

105 1020 215 1064 telligi
232 1027 362 1065 potest,
390 1028 423 1055 et
439 1022 580 1055 deducit
596 1021 760 1055 lectorem
780 1022 822 1054 ad
840 1022 1093 1054 consideratio-

105 1082 188 1103 nem
214 1071 439 1105 dissimilium
463 1071 501 1104 in
525 1072 707 1106 intellectu
730 1071 920 1107 actionum.
973 1071 1094 1114 Longe

105 1121 342 1165 perspicacior
359 1129 408 1156 est
426 1122 624 1156 intellectus
640 1122 805 1156 inventor
819 1122 857 1155 in
867 1119 1093 1162 Archimede,

106 1183 210 1215 quam
227 1172 265 1204 in
279 1172 347 1205 alio
364 1172 501 1215 vulgari
517 1170 718 1206 architecto.

208 1229 293 1263 Vidi
317 1230 467 1263 aliorum
493 1231 749 1270 enarrationes,
777 1241 865 1275 quae
889 1230 1093 1263 existiman—

104 1287 162 1313 tur
183 1291 254 1313 esse
279 1280 498 1320 subtiliores,
525 1281 584 1313 sed
602 1281 738 1314 somnia
762 1287 843 1313 sunt
867 1280 1005 1321 inania,
1028 1292 1091 1313 nec

103 1329 255 1372 intelligi
271 1335 427 1373 possunt.

205 1386 284 1421 Etsi
309 1393 426 1420 autem
444 1384 612 1420 Averrois
636 1387 809 1420 divinatio
835 1387 1033 1428 deridetur,
1057 1395 1092 1421 et

104 1438 262 1472 fortassis
284 1438 328 1471 ab
345 1438 536 1471 Aristotele
560 1437 673 1470 aliena
692 1443 760 1477 est,
786 1444 904 1470 tamen
927 1438 955 1470 si
972 1438 1091 1470 dextre

103 1488 330 1532 intelligitur,
356 1499 429 1520 non
450 1495 499 1521 est
517 1488 679 1521 absurda.
732 1488 823 1521 Cum
844 1488 937 1520 enim
957 1488 1016 1528 ait,
1038 1488 1091 1521 fa-

104 1539 253 1573 cientem
271 1539 488 1572 intellectum
507 1549 578 1571 esse
598 1539 712 1582 ipsum
729 1536 843 1571 Deum
865 1538 1014 1571 cientem
1032 1549 1090 1571 ex-

103 1589 324 1624 cellentiores
342 1595 458 1622 motus
483 1589 521 1621 in
548 1586 772 1629 hominibus,
799 1600 880 1621 vere
900 1588 1004 1629 dicit,
1031 1600 1089 1621 ex-

102 1640 267 1675 cellentes
285 1645 317 1673 et
333 1639 500 1672 salutares
522 1639 747 1682 cogitationes
764 1650 782 1672 a
797 1637 871 1672 Deo
890 1639 965 1682 ipso
986 1650 1090 1672 mon-

105 1690 207 1724 strari
232 1697 265 1723 et
286 1689 378 1732 regi,
404 1696 444 1723 ut
467 1689 636 1722 Salomon
660 1690 795 1734 inquit,
828 1696 866 1722 ut
889 1689 1010 1722 oculus
1034 1689 1090 1721 vi-

104 1742 202 1779 deat,
234 1746 267 1773 et
290 1739 386 1772 auris
408 1739 546 1776 audiat,
572 1737 667 1772 Deus
692 1740 775 1772 facit
790 1745 990 1783 utrumque.
1042 1738 1090 1773 Et

102 1802 184 1824 vere
201 1790 318 1834 inquit
333 1788 472 1824 Cicero:
498 1788 605 1821 Nulla
620 1789 790 1822 excellens
806 1790 918 1822 virtus
936 1789 1010 1822 sine
1026 1790 1089 1822 ad-

101 1841 190 1875 flatu
206 1840 328 1874 divino
345 1846 406 1875 est.
434 1839 636 1882 Scipionem
652 1839 811 1872 flectebat
826 1837 921 1872 Deus
942 1840 986 1871 ad
1004 1851 1089 1872 con-

102 1892 222 1925 silium
252 1890 452 1924 traiiciendi
476 1890 513 1921 in
538 1889 715 1930 Africam,
745 1890 880 1923 etiamsi
904 1889 1089 1923 dissentie-

101 1942 189 1976 bant
205 1940 335 1975 Fabius
353 1947 385 1975 et
401 1939 461 1974 alii
479 1951 587 1976 senes,

128 2044 233 2083 Quae
258 2047 345 2077 sunt
362 2053 501 2077 causae
523 2040 764 2076 certitudinis
780 2039 1062 2076 doctrinarum?

204 2117 300 2152 Deus
323 2119 400 2152 vult
419 2118 554 2164 aliquas
579 2129 650 2151 esse
674 2124 781 2151 certas
805 2117 972 2158 noticias,
998 2129 1087 2162 quae
1113 2146 1115 2158 ,

106 2175 140 2203 et
157 2175 356 2203 monstrent
378 2169 512 2213 ipsum,
541 2175 574 2202 et
597 2168 668 2202 sint
692 2166 838 2202 normae
860 2168 1088 2212 gubernatio-

103 2219 160 2252 nis
181 2219 219 2251 in
242 2219 313 2253 vita
344 2217 548 2261 hominum,
578 2225 618 2253 ut
640 2219 717 2253 vult
743 2217 839 2252 Deus
870 2225 963 2252 certo
997 2219 1088 2260 sciri,

103 2281 212 2304 unam
235 2279 306 2302 esse
323 2269 479 2304 divinam
505 2269 691 2303 essentiam
707 2269 936 2303 conditricem
958 2281 1087 2311 rerum,

104 2320 315 2364 sapientem,
342 2331 519 2362 veracem,
545 2320 775 2361 liberrimam,
802 2320 1005 2359 beneficam,
1031 2320 1087 2353 iu-

103 2377 205 2412 stam,
227 2376 369 2408 castam,
395 2369 548 2404 iudicem
562 2368 766 2411 hominum,
792 2371 998 2414 punientem
1014 2382 1087 2403 sce-

103 2421 187 2454 lera.
240 2419 330 2454 Vult
360 2431 580 2465 nequaquam
602 2421 712 2465 recipi
740 2421 918 2464 epicureas
947 2421 1087 2464 opinio-

104 2482 186 2511 nes,
211 2470 288 2504 vult
305 2481 526 2515 nequaquam
544 2471 628 2513 fingi
648 2471 788 2505 turbam
816 2471 982 2512 deorum,
1012 2471 1088 2504 vult

105 2521 236 2555 deinde
251 2518 314 2554 has
338 2520 484 2554 noticias
508 2520 721 2554 firmissimas
737 2532 827 2561 esse,
849 2533 939 2566 quae
962 2527 1089 2564 regunt

103 2571 227 2607 vitam.
279 2571 363 2605 Non
386 2571 522 2605 occidas
545 2570 783 2613 innocentem,
808 2571 892 2605 Non
915 2572 960 2604 sis
986 2583 1089 2604 men-

106 2622 173 2655 dax
194 2621 233 2654 in
256 2621 404 2656 dicendo
427 2620 648 2662 testimonio,
673 2621 711 2653 in
727 2622 854 2665 pactis,
874 2621 956 2656 Non
973 2622 1089 2666 rapias

1149 255 1282 297 Deum,
1315 270 1389 291 non
1419 261 1711 306 innumerabiles,
1749 274 1782 301 et
1811 275 1851 302 ut
1885 269 1922 301 in
1953 276 2026 303 tota
2059 272 2127 304 vita

1150 307 1390 342 discernamus
1417 322 1545 351 unum,
1579 321 1612 347 et
1633 317 1742 350 multa
1770 325 1803 352 et
1829 319 1987 352 ordinem
2012 321 2127 353 consi-

1149 358 1270 391 derare
1287 359 1470 401 possimus.
1523 361 1610 396 Vult
1635 365 1670 396 in
1689 364 1841 411 physicis
1861 376 1953 403 certo
1977 369 2126 413 intelligi

1148 408 1351 442 discrimina
1378 410 1523 451 caloris,
1554 412 1712 454 frigoris,
1745 415 1920 460 humoris,
1952 419 2126 460 siccitatis,

1148 459 1307 502 gravium
1330 471 1517 503 corporum
1546 468 1578 495 et
1610 463 1757 508 levium,
1792 469 1873 511 quia
1906 469 1977 503 vita
2007 467 2124 503 homi-

1148 521 1234 542 num
1257 511 1457 543 conservari
1478 522 1551 543 non
1575 519 1704 555 potest,
1731 516 1800 548 nisi
1823 514 1906 551 haec
1923 520 2126 553 discernan-

1147 566 1216 593 tur.
1269 557 1407 594 Omitto
1432 561 1533 604 plura
1556 563 1727 607 exempla,
1755 577 1793 598 ac
1818 573 1953 601 tantum
1972 570 2125 604 obtestor

1147 610 1318 644 discentes
1341 618 1485 655 propter
1515 612 1661 655 gloriam
1689 613 1774 653 Dei,
1808 617 1869 660 qui
1893 619 2071 652 veritatem
2093 628 2124 654 et

1146 667 1257 702 amat,
1284 668 1317 694 et
1341 662 1445 695 nobis
1470 663 1658 707 praecipit,
1685 671 1723 698 ut
1740 676 1838 698 veras
1858 669 2045 701 sententias
2070 671 2125 702 di-

1146 719 1254 750 scant,
1279 718 1311 745 et
1329 712 1481 754 agnitam
1497 713 1680 747 veritatem
1698 722 1898 749 constanter
1912 718 2126 761 amplectan-

1146 769 1220 800 tur,
1248 768 1282 796 et
1304 762 1432 795 deinde
1455 762 1551 796 iuxta
1572 764 1789 799 voluntatem
1806 765 1889 807 Dei,
1916 768 2127 802 transferant

1146 824 1222 845 eam
1241 813 1284 845 ad
1300 824 1421 853 nsum,
1447 819 1486 846 ut
1500 825 1579 847 cum
1599 821 1729 849 certum
1747 816 1791 850 sit
1808 829 1954 861 corpora
1972 815 2126 852 humana

1146 874 1219 896 non
1239 874 1341 906 posse
1359 863 1435 896 sine
1451 864 1548 905 cibo,
1574 872 1658 909 potu
1670 892 1679 907 ,
1705 878 1828 900 somno
1844 868 1994 901 retinere
2009 868 2128 909 vitam,

1145 911 1201 946 his
1216 914 1320 946 rebus
1337 914 1428 947 iusto
1444 915 1550 947 modo
1569 917 1697 957 utaris,
1723 923 1755 951 et
1779 929 1943 961 agnoscas
1966 919 2127 952 ordinem

1146 964 1318 997 divinitus
1346 964 1394 997 ita
1424 964 1642 1004 institutum,
1676 974 1708 1001 et
1730 968 1812 1012 quia
1835 969 1892 1002 dat
1916 966 2000 1002 haec
2024 970 2127 1009 bona,

1145 1014 1297 1047 celebres
1324 1026 1404 1047 eum
1427 1022 1521 1058 grata
1551 1023 1667 1050 mente
1692 1024 1724 1051 et
1747 1019 2020 1062 praedicatione.
2074 1018 2126 1053 Ita

1146 1075 1226 1097 cum
1245 1064 1397 1097 noticiae
1416 1071 1527 1098 certae
1542 1066 1628 1100 sint:
1656 1066 1737 1100 Non
1759 1069 1911 1108 occides,
1940 1081 2012 1102 non
2029 1081 2126 1103 moe-

1145 1112 1324 1154 chaberi5‚
1353 1125 1500 1157 agnosce
1523 1113 1618 1149 hunc
1640 1118 1799 1151 ordinem
1819 1119 1991 1153 divinitus
2011 1120 2126 1153 sanci-

1146 1172 1218 1198 tum
1241 1171 1274 1198 et
1297 1164 1517 1208 obtempera,
1544 1178 1617 1199 non
1641 1179 1785 1212 quaeras
1802 1167 2004 1214 Pyrrhonio
2029 1182 2126 1204 more

1145 1214 1384 1248 cavillationes
1402 1216 1446 1248 ad
1463 1217 1724 1251 conturbandas
1740 1226 1850 1252 certas
1867 1220 2026 1254 noticias.

1245 1263 1395 1307 Copiose
1418 1272 1533 1299 autem
1556 1266 1594 1299 in
1612 1267 1801 1302 dialecticis
1823 1269 1953 1303 dicitur
1971 1271 2013 1302 de
2039 1282 2126 1303 nor-

1142 1315 1209 1347 mis
1233 1315 1472 1353 certitudinis,
1500 1328 1585 1360 quas
1602 1316 1729 1351 Graeci
1744 1319 1930 1354 nominant
1947 1317 2124 1365 κριτήρια.

1143 1364 1211 1398 Hic
1229 1371 1365 1398 tantum
1383 1366 1496 1398 obiter
1511 1367 1666 1400 iuniores
1684 1370 1969 1410 commonefacio,
1995 1376 2034 1403 ut
2052 1382 2126 1402 ma-

1142 1414 1193 1457 gis
1210 1415 1452 1455 considerent,
1479 1417 1593 1460 qualis
1613 1417 1657 1450 sit
1680 1419 1849 1452 naturalis
1873 1419 1932 1452 lux
1960 1419 1998 1452 in
2021 1420 2126 1453 intel-

1141 1466 1254 1508 lectu,
1284 1471 1318 1498 et
1341 1477 1430 1509 quae
1454 1466 1498 1499 sit
1520 1467 1643 1501 iudicii
1668 1468 1805 1511 regula,
1832 1476 1864 1504 et
1882 1470 1976 1503 unde
2003 1470 2047 1504 sit
2063 1471 2126 1504 ad-

1142 1515 1315 1549 sensionis
1332 1515 1489 1552 firmitas.

1243 1565 1336 1599 Sunt
1353 1566 1461 1609 igitur
1484 1579 1628 1602 normae
1643 1570 1864 1604 certitudinis
1889 1571 1983 1605 iuxta
2007 1569 2126 1615 philo-

1115 1630 1117 1642 ι
1142 1613 1302 1659 sophiam
1330 1623 1415 1649 tres:
1456 1615 1683 1661 Experientia
1713 1621 1941 1661 universalis,
1975 1622 2125 1655 noticiae

1142 1666 1398 1710 principiorum
1412 1694 1421 1707 ,
1447 1674 1479 1700 et
1494 1668 1689 1703 intellectus
1708 1671 1843 1704 ordinis
1859 1672 1896 1704 in
1911 1672 2123 1717 syllogismo.

1241 1714 1468 1760 Experientia
1491 1718 1700 1753 universalis
1721 1728 1788 1762 est,
1816 1734 1894 1755 cum
1913 1723 1956 1754 de
1980 1722 2021 1755 iis
2037 1734 2125 1767 quae

1142 1778 1246 1800 sensu
1273 1767 1535 1811 percipiuntur,
1563 1781 1685 1802 omnes
1710 1771 1785 1803 sani
1804 1772 1925 1804 eodem
1944 1772 2048 1805 modo
2069 1772 2124 1805 iu-

1141 1817 1278 1857 dicant,
1304 1824 1344 1850 ut
1362 1817 1477 1860 ignem
1498 1829 1569 1851 esse
1586 1819 1758 1862 calidum,
1783 1822 1973 1854 foeminam
1989 1833 2123 1866 parere.

1114 1879 1115 1883 ¹
1141 1865 1183 1899 In
1199 1867 1272 1900 vita
1289 1867 1533 1908 animantium,
1555 1880 1696 1903 sensum
1712 1877 1745 1904 et
1761 1878 1897 1905 motum
1912 1883 1994 1906 esse.
2022 1871 2124 1905 Mor-

1139 1923 1209 1950 tem
1243 1917 1516 1951 destructionem
1547 1930 1619 1952 esse
1648 1921 1897 1958 animantium.
1955 1920 2123 1956 Ostendit

1140 1974 1256 2001 autem
1280 1967 1490 2001 universalis
1514 1969 1727 2013 experientia
1755 1972 1924 2006 noticiam
1953 1983 2024 2005 esse
2049 1984 2124 2005 cer-

1141 2024 1230 2058 tam,
1257 2017 1339 2062 quia
1356 2018 1384 2050 si
1400 2019 1600 2062 oppositum
1619 2021 1656 2053 in
1682 2032 1748 2055 usu
1766 2023 1852 2056 velis
1875 2023 2043 2067 experiri,
2069 2034 2123 2055 se-

1140 2068 1260 2113 quitur
1275 2075 1421 2102 naturae
1434 2070 1637 2111 destructio,
1653 2078 1702 2110 ut,
1722 2071 1749 2104 si
1766 2073 1843 2117 quis
1858 2084 1987 2116 negans
2005 2072 2121 2115 ignem

1139 2130 1259 2159 urere,
1285 2130 1431 2152 manum
1448 2120 1579 2154 inserat
1594 2121 1764 2160 flammis,
1793 2123 1917 2156 sentiet
1935 2128 2028 2155 certe
2046 2133 2120 2154 eam

1139 2168 1290 2205 absumi.
1341 2168 1539 2204 Fatendum
1558 2178 1608 2205 est
1626 2171 1734 2214 igitur
1747 2179 1908 2206 naturam
1926 2172 1975 2204 sic
1997 2172 2121 2205 condi-

1138 2226 1209 2254 tam
1226 2231 1317 2260 esse,
1344 2226 1378 2253 et
1393 2220 1461 2254 tale
1478 2232 1549 2254 esse
1567 2232 1655 2266 opus
1671 2221 1751 2257 Dei.
1802 2222 1873 2256 Nec
1889 2221 1956 2255 alia
1973 2223 2121 2256 demon-

1139 2270 1262 2304 stratio
1288 2271 1428 2314 longior
1452 2273 1653 2316 quaerenda
1686 2278 1746 2306 est.
1797 2270 1844 2306 Et
1869 2271 2053 2306 dissentire
2077 2273 2121 2306 ab

1138 2320 1332 2354 universali
1349 2322 1580 2365 experientia,
1609 2328 1658 2355 est
1673 2321 1739 2365 ipsi
1757 2319 1831 2355 Deo
1854 2322 1987 2356 bellum
2009 2323 2121 2355 infer—

1139 2382 1195 2411 re,
1223 2377 1255 2404 et
1270 2382 1396 2415 negare
1418 2369 1513 2405 hunc
1537 2372 1698 2405 ordinem
1722 2382 1741 2404 a
1755 2369 1829 2406 Deo
1845 2373 2019 2406 sancitum
2036 2383 2121 2410 esse,

1139 2428 1179 2454 ut
1193 2421 1221 2454 si
1237 2422 1316 2466 quis
1331 2429 1431 2465 neget
1447 2422 1634 2455 foeminam
1649 2432 1788 2465 parere,
1815 2429 1847 2457 et
1864 2429 2009 2457 conetur
2027 2423 2120 2457 scul-

1139 2483 1221 2516 pere
1238 2472 1337 2505 vivos
1358 2470 1529 2505 homines.

1240 2522 1418 2565 Principia
1442 2528 1523 2554 sunt
1547 2521 1696 2555 noticiae
1720 2522 1913 2557 nobiscum*
1928 2531 2120 2561 nascentes,

1141 2584 1230 2618 quae
1246 2579 1328 2606 sunt
1345 2571 1476 2604 semina
1495 2571 1714 2615 singularum
1733 2574 1861 2607 artium
1877 2575 2047 2608 divinitus
2065 2575 2121 2606 in-

1141 2624 1206 2657 sita
1223 2622 1342 2662 nobis,
1370 2627 1409 2654 ut
1423 2621 1512 2687 inde3
1522 2630 1611 2657 artes
1628 2630 1846 2667 extruantur,
1872 2635 2021 2671 quarum
2036 2634 2121 2658 usus

1438 2671 1483 2704 10
