2379 2948
67 83 143 119 977
481 80 528 116 V.

64 166 120 202 ad
140 165 322 202 cruciatus
348 165 598 214 sempiternos.
651 165 731 200 Huc
758 167 936 200 addantur
957 165 1056 198 simi-

61 220 108 253 lia
133 219 332 253 testimonia
357 219 401 251 de
425 219 495 252 vita
515 225 668 253 aeterna.
721 217 876 251 Facilius
894 217 1056 250 enimse-

61 270 174 304 rimus
204 267 311 303 huius
346 269 438 303 vitae
470 269 647 307 1111501135,
682 280 762 302 011111
796 267 896 312 quasi
928 275 1054 301 metam

59 321 315 366 prospicimus,
350 327 383 354 et
413 320 542 354 scimus
572 320 765 364 aliquando
794 316 988 352 Ecclesiam
1016 331 1052 351 cx

59 372 167 407 tantis
186 371 288 405 malis
305 372 536 405 eluctaturam
555 382 639 404 esse.

163 447 247 482 Ideo
271 449 320 494 pii
338 448 505 481 omnibus
521 446 694 480 aetatibus
711 447 754 479 de
773 453 931 490 tempore
950 447 1052 480 etiam

58 500 328 545 quaesiverunt,
357 498 510 542 Quando
529 496 686 531 Ecclesia
713 503 898 540 regnatura
922 498 966 531 sit
990 510 1052 542 op-

56 547 187 596 pressis
204 552 370 584 omnibus
388 549 532 593 impiis?
571 547 686 592 Quam
704 549 763 581 diu
781 549 941 582 confusio
958 547 1053 589 haec,

57 602 96 635 in
128 615 196 648 qua
227 602 459 635 dominantur
489 599 611 643 impii,
654 601 823 633 duratura
855 600 923 633 sit?
984 599 1050 633 Hic

56 661 195 698 tempus
224 653 412 685 indicatur.

58 702 277 742 certamina,
304 706 386 748 post
404 699 666 748 dispersionem
680 700 813 749 populi
825 701 964 741 sancti,
983 699 1050 747 fiet

58 753 287 788 resuscitatio
301 756 544 788 mortuorum.
601 753 773 787 Videmus
789 765 886 786 nunc
906 754 1048 798 quidem

55 806 181 839 misere
205 805 413 849 dissipatum
441 816 513 838 esse
538 805 710 849 populum
731 804 815 838 Dei:
845 817 953 849 quare
977 817 1048 837 non

54 856 178 901 procul
198 857 293 890 abest
311 856 531 890 resuscitatio
549 863 783 890 mortuorum.

156 905 406 948 Evangelistae
424 914 551 941 vocant
569 907 799 940 novissimam
817 904 955 945 horam,
983 904 1049 940 hoc

53 965 211 1002 tempus,
238 961 333 1003 quod
356 960 399 992 ad
427 959 532 991 finem
554 955 660 991 huius
684 958 807 991 mundi
834 958 918 991 inde
937 969 1049 1004 usque

52 1021 71 1042 a
91 1009 352 1054 praedicatione
368 1009 623 1054 Apostolorum
642 1010 811 1043 restabat:
841 1021 980 1043 necesse
999 1017 1048 1043 est

51 1060 160 1104 igitur
190 1061 333 1094 brevius
359 1072 450 1101 esse,
489 1073 594 1106 quam
619 1061 687 1094 fuit
712 1067 805 1094 aetas
829 1072 919 1105 quae
948 1073 1048 1106 prae—

52 1111 165 1146 cessit.

155 1161 274 1196 Metae
296 1169 377 1196 sunt
403 1170 604 1207 temporum
630 1162 789 1196 mirabili
814 1162 962 1195 consilio
982 1160 1046 1195 Dei

52 1213 276 1248 constitutae.
336 1213 384 1247 Et
409 1226 611 1259 quanquam
634 1212 798 1247 Christus
823 1214 916 1246 diem
945 1214 1046 1246 illum

51 1264 118 1298 soli
143 1264 235 1308 patri
253 1272 377 1298 notum
395 1277 467 1298 esse
486 1266 622 1310 inquit,
651 1277 714 1298 nec
733 1265 809 1298 vult
826 1276 890 1297 nos
909 1266 1047 1298 curiose

51 1327 218 1361 quaerere
250 1323 383 1349 certum
417 1316 511 1348 diem
545 1323 605 1349 aut
636 1327 790 1356 annum,
825 1317 882 1348 sed
909 1327 1048 1360 semper

50 1366 147 1400 velut
176 1366 214 1398 in
239 1367 391 1400 statione
416 1374 556 1410 paratos
579 1373 758 1410 expectare
775 1367 877 1399 illum
897 1367 1046 1399 laetissi-

48 1427 148 1450 mum
167 1415 280 1455 diem,
309 1428 379 1460 quo
397 1427 432 1448 se
449 1417 609 1449 ostendet
629 1416 794 1448 universo
812 1414 970 1448 humano
986 1427 1044 1458 ge-

49 1467 149 1510 neri,
184 1474 218 1500 et
253 1479 332 1500 cum
366 1478 428 1500 sua
453 1465 609 1500 Ecclesia
637 1463 890 1510 triumphabit:
926 1472 1073 1502 tamen*

48 1517 205 1552 brevitas
245 1524 444 1562 temporum
482 1516 588 1552 huius
622 1518 750 1551 mundi
783 1518 879 1551 varie
911 1518 1045 1562 signifi-

50 1575 125 1603 cata
147 1576 209 1605 est.

151 1618 294 1653 Danieli
313 1618 410 1653 Deus
435 1621 647 1654 monstravit
669 1620 795 1655 seriem
819 1617 1045 1654 monarchia-

47 1682 128 1704 rum
153 1677 188 1704 et
213 1681 424 1712 regnorum,
460 1684 566 1715 quam
592 1679 726 1705 certum
752 1679 802 1705 est
824 1672 894 1704 iam
919 1672 1045 1704 decur-

47 1733 126 1756 rere
157 1722 200 1754 ad
233 1722 350 1756 finem.
413 1720 578 1763 Quatuor
604 1719 830 1755 monarchiae
856 1723 1045 1766 praeterie-

49 1779 151 1806 runt:
196 1779 303 1806 restat
341 1784 489 1815 regnum
525 1785 666 1806 saevum
701 1780 818 1806 ortum
852 1774 889 1806 in
922 1780 1043 1819 quarta

47 1821 276 1864 monarchia,
304 1824 469 1857 videlicet
495 1822 700 1859 Turcicum.

47 1874 173 1920 quabit
203 1875 398 1919 potentiam
430 1873 614 1909 Romanae
648 1873 887 1909 monarchiae.
954 1874 1042 1909 Cum

48 1926 157 1970 igitur
177 1926 247 1959 iam
274 1938 364 1969 pene
387 1927 429 1958 ad
457 1926 636 1970 fastigium
661 1939 763 1960 suum
791 1926 946 1967 venerit,
982 1939 1043 1960 ne-

49 1988 141 2010 cesse
167 1984 216 2011 est
240 1977 339 2010 brevi
364 1977 543 2010 ruiturum
570 1989 660 2018 esse,
695 1990 734 2011 ac
756 1984 840 2011 tunc
866 1978 1043 2012 illucescet

49 2027 124 2061 dies
142 2028 221 2069 ille,
247 2041 316 2074 quo
338 2029 467 2062 mortui
485 2030 749 2063 revocabuntur
767 2029 803 2062 in
824 2029 944 2063 vitam.

152 2102 359 2138 Celebratur
382 2112 415 2139 et
437 2105 568 2139 dictum
587 2103 687 2138 Eliae
705 2103 918 2150 Prophetae,
946 2104 1040 2149 quod

49 2155 218 2189 omnibus
248 2155 470 2189 notissimum
498 2168 571 2189 esse
596 2157 720 2197 debet,
756 2164 788 2190 et
811 2157 846 2188 in
876 2156 1042 2189 omnibus

49 2206 264 2252 parietibuS,
291 2206 329 2238 in
345 2208 512 2241 omnibus
530 2208 713 2241 vestibulis
729 2207 835 2242 scribi
856 2208 1041 2251 proderat:

101 2260 163 2291 Sex
180 2262 276 2290 millia
291 2271 436 2290 annorum
454 2263 600 2298 mundus,
628 2261 666 2292 Et
684 2270 785 2303 postea
801 2263 974 2299 destructio,

310 2311 380 2341 Duo
400 2316 494 2341 millia
512 2312 614 2349 Inane,

308 2362 379 2392 Duo
398 2367 492 2392 millia
509 2363 588 2401 Lex,

310 2413 379 2443 Duo
399 2417 494 2444 millia
509 2415 644 2445 Messiae.

99 2465 138 2496 Et
163 2469 188 2495 si
210 2466 284 2506 quid
305 2478 344 2495 ex
365 2467 409 2495 his
434 2469 518 2495 annis
541 2467 652 2505 deerit,
681 2467 773 2497 deerit
796 2474 920 2507 propter
942 2474 1041 2496 nostra

256 2525 385 2557 Ρθῦὓὸἶίί.

152 2563 297 2600 Constat
332 2573 446 2599 autem
480 2563 664 2598 Christum
695 2573 816 2599 natum
848 2578 920 2600 esse
951 2567 1041 2600 circa

50 2616 155 2649 finem
181 2617 297 2661 quarti
322 2616 526 2650 millenarii.
581 2614 627 2649 Et
645 2616 713 2648 iam
733 2618 840 2650 exacti
858 2624 940 2651 sunt
956 2618 1041 2651 311111

55 2665 162 2701 1542.
223 2666 304 2701 Non
336 2669 445 2711 igitur
470 2667 594 2711 procul
620 2679 637 2700 a
662 2667 731 2700 fine
756 2669 934 2702 absumus.
995 2666 1042 2702 Et

103 2719 279 2751 mecum.
310 2721 412 2752 01111.
443 2721 525 2751 Vm„
546 2720 641 2752 XIII.

579 80 630 116 IN
656 77 919 116 DANIELEM
946 76 1265 115 PROPHETAM
1290 77 1713 118 COMMENTARIUS.

475 649 632 692 Statim,
674 651 811 696 inquit,
849 655 932 697 post
963 648 1079 684 haec·

755 1823 862 1867 Quod
888 1836 960 1858 non
987 1837 1043 1857 ae-
1069 1835 1071 1869 ζ

2039 86 2113 122 978

1079 171 1084 212 t
1110 165 1244 199 dictum
1272 163 1374 200 Eliae
1404 179 1442 200 ac
1467 164 1603 201 Christi
1635 166 1727 201 dicta
1761 166 1957 210 significant
1988 176 2106 207 tamen

1080 213 1083 251 ἷ
1109 218 1369 250 decurtandum
1392 230 1465 251 esse
1489 216 1558 251 hoc
1583 226 1742 262 tempus,
1778 219 1868 252 sicut
1890 226 1924 253 et
1945 223 2104 256 curricu-

1080 270 1083 309 ξ
1106 268 1181 300 lum
1205 269 1246 301 ad
1273 268 1448 302 diluvium
1475 270 1744 311 decurtabatur,
1770 277 1809 303 ut
1831 270 1933 304 citius
1957 273 2102 307 abrum-

1080 312 1083 347 1
1108 326 1238 363 pantur
1258 319 1403 361 flagitia.

1212 394 1410 439 lnterrogat
1441 402 1472 429 et
1498 394 1626 429 Daniel
1656 394 1713 430 hic
1747 398 1789 430 de
1822 404 1981 442 tempore
2008 399 2100 433 finis.

1078 443 1151 487 §Et
1182 458 1351 479 numerus
1383 447 1550 491 ponitur,
1585 447 1645 492 qui
1679 448 1741 480 etsi
1769 449 1909 482 videtur
1931 450 1974 483 de
1997 451 2101 484 bellis

1078 515 1080 527 ,⁴
1105 496 1380 530 Macabaeorum
1406 498 1612 536 vaticinari,
1640 505 1757 530 tamen
1783 497 1877 532 haud
1900 501 2009 534 dubie
2031 502 2099 534 ali-

1078 560 1079 566 *
1105 548 1190 593 quid
1217 549 1390 592 significat
1413 550 1456 582 de
1480 549 1548 582 fine
1576 547 1680 581 huius
1706 550 1843 585 mundi.
1911 550 1963 584 Ac
1986 553 2099 587 facilis

1077 622 1079 647 3
1104 606 1152 632 est
1171 600 1468 641 accommodatio,
1496 601 1524 632 si
1541 600 1615 632 dies
1635 600 1672 632 111
1690 612 1803 633 3111105
1821 604 2100 638 commutaveris.

1102 653 1220 684 Erunt
1237 654 1358 683 antem
1378 649 1475 683 anni
1489 648 1602 685 2625.

1206 701 1276 735 Nec
1309 715 1392 735 vero
1423 703 1629 747 quaerimus
1655 701 1843 734 articulum
1868 702 2003 746 ipsum,
2038 716 2098 738 seu

1103 761 1344 794 momentum,
1380 766 1450 798 quo
1483 753 1663 786 illucescet
1695 752 1841 785 ultimus
1871 754 1963 795 dies,
2001 757 2096 800 quod

1074 802 1077 819 ⁶
1102 816 1175 836 non
1191 812 1240 837 est
1260 805 1499 838 scrutandum.
1544 804 1612 838 Sed
1631 804 1714 848 quia
1731 800 1788 837 hic
1805 816 1973 838 numerus
1990 806 2098 850 aptis-

1101 856 1187 887 sime
1204 856 1368 899 congruit
1384 867 1463 888 cum
1480 855 1574 888 dicto
1589 854 1708 893 Eliae,
1735 855 1890 889 arbitror
1906 856 2096 898 significari

1101 918 1213 939 3111105
1235 907 1359 939 mundi
1387 918 1404 939 a
1424 905 1572 939 Daniele
1597 906 1764 950 reliquos,
1818 907 1917 940 Anni
1943 909 2096 942 sexcenti

1100 965 1182 990 sunt
1212 965 1271 991 aut
1301 958 1440 991 circiter
1470 970 1488 991 a
1512 956 1660 990 Daniele
1682 959 1726 990 ad
1752 965 1873 991 natum
1901 955 2096 996 Christum.

1100 1007 1246 1053 Reliqui
1285 1016 1367 1043 sunt
1404 1010 1477 1042 duo
1514 1009 1728 1049 millenarii,
1777 1016 1950 1053 postrema
1989 1007 2095 1044 huius

1099 1060 1225 1093 mundi
1244 1067 1348 1094 aetas.

1203 1109 1376 1155 Congruit
1400 1118 1432 1145 et
1459 1111 1599 1146 divisio,
1670 1110 1754 1144 Ideo
1781 1111 1874 1144 enim
1902 1111 2001 1156 prior
2024 1124 2093 1146 nu-

1072 1162 1073 1168 ’
1101 1174 1217 1195 merus
1253 1175 1270 1195 a
1305 1164 1498 1207 posteriore
1531 1163 1764 1203 discernitur,
1808 1170 1847 1196 ut
1877 1163 2094 1207 significetur

1099 1226 1177 1246 mox
1214 1222 1290 1257 post
1326 1215 1478 1258 primum
1505 1226 1693 1247 numerum
1719 1220 1866 1247 ventura
1893 1226 1965 1248 esse
1990 1215 2093 1249 initia

1100 1265 1267 1308 postremi
1298 1266 1398 1308 regni
1425 1266 1524 1309 impii
1552 1263 1784 1298 Mahornetici
1813 1272 1845 1298 et
1868 1262 2091 1311 hypocritici-

1098 1315 1187 1349 Nam
1221 1314 1449 1350 Mahometus
1482 1328 1627 1359 regnare
1658 1316 1772 1357 coepit
1805 1323 1883 1357 post
1907 1314 2090 1350 Christum

1098 1374 1222 1399 natum
1252 1377 1346 1398 anno
1373 1367 1624 1399 sexcentesimo
1650 1372 1681 1398 et
1705 1365 1893 1400 tricesimo.
1965 1365 2037 1401 lam
2063 1369 2090 1401 si

1098 1428 1116 1448 a
1142 1415 1301 1449 Danielis
1331 1422 1443 1449 aetate
1472 1422 1654 1460 computes
1685 1422 1840 1460 tempus,
1877 1424 2016 1451 exactus
2041 1426 2092 1453 est

1099 1466 1235 1511 primus
1251 1479 1431 1500 numerus.
1475 1465 1609 1500 Eadem
1629 1467 1699 1500 sere
1714 1466 1816 1500 initia
1832 1467 1976 1502 fuerunt
1993 1482 2090 1503 erro-

1098 1530 1176 1551 rum
1202 1518 1528 1552 ecclesiasticorum.
1590 1518 1694 1552 Tunc
1721 1519 1813 1551 enim
1837 1520 2007 1562 paulatim
2032 1532 2090 1555 su-

1099 1569 1323 1614 perstitiones
1347 1569 1499 1610 Missae,
1535 1570 1776 1603 invocationes
1809 1578 2030 1605 mortuorum
2060 1580 2094 1606 et

1099 1628 1177 1653 vota
1205 1628 1403 1654 creverunt.
1457 1621 1616 1666 Sequens
1634 1621 1742 1664 igitur
1759 1633 1928 1656 numerus
1947 1630 1996 1657 est
2013 1636 2094 1657 cur-

1098 1672 1250 1705 riculum
1267 1673 1363 1715 regni
1385 1672 1504 1716 impii,
1531 1684 1643 1717 usque
1660 1673 1701 1704 ad
1721 1673 1825 1705 finem
1844 1675 1983 1708 mundi.

1070 1720 1072 1755 ἰ
1202 1720 1301 1755 Nihil
1328 1723 1465 1756 affirmo
1493 1724 1527 1756 in
1555 1720 1620 1756 hac
1649 1723 1857 1764 collatione,
1883 1726 1941 1757 sed
1971 1726 2094 1759 conie-

1070 1782 1071 1797 1
1098 1780 1213 1807 cturas
1230 1774 1348 1808 recito.
1403 1773 1617 1819 Quanquam
1635 1775 1728 1807 enim
1747 1776 2008 1809 commonefieri
2028 1789 2093 1810 nos

1070 1817 1071 1824 ἵ
1098 1825 1193 1858 Βο115
1216 1823 1280 1858 hac
1300 1826 1542 1869 praedictione
1561 1826 1692 1867 voluit,
1720 1833 1836 1859 tamen
1855 1838 1926 1859 non
1945 1828 2020 1861 vult
2036 1840 2094 1861 ar-

1069 1878 1071 1883 '
1097 1876 1224 1909 ticulos
1257 1883 1456 1920 temporum
1484 1877 1662 1911 constitui.
1732 1875 1852 1909 Simus
1876 1877 1984 1919 igitur
2007 1891 2093 1912 con—

1070 1920 1071 1925 *
1098 1927 1185 1960 tenti
1212 1928 1362 1972 quadam
1389 1927 1569 1959 communi
1595 1926 1850 1962 admonitione.
1903 1926 1951 1962 Et
1976 1928 2091 1963 Deum

1098 1989 1258 2017 oremus,
1291 1984 1328 2010 ut
1360 1984 1455 2020 regat
1482 1989 1520 2010 ac
1544 1984 1657 2010 servet
1683 1976 1875 2011 Ecclesiam
1905 1990 2022 2021 suam,
2058 1988 2091 2014 et

1069 2046 1071 2049 f
1097 2040 1203 2072 quam
1235 2028 1387 2071 primum
1414 2028 1601 2073 abrumpat
1628 2026 1723 2061 1111110
1748 2037 1894 2062 naturae
1918 2028 2092 2065 humanae

1097 2091 1261 2118 cursum,
1297 2079 1404 2123 pell-at
1429 2080 1593 2113 tenebras
1622 2078 1727 2113 huius
1754 2080 1865 2118 vitae,
1895 2090 2090 2125 compescat

1097 2130 1224 2173 impios
1249 2142 1370 2163 omnes
1395 2131 1552 2164 furentes
1569 2138 1749 2165 contemtu
1766 2129 1850 2172 Dei,
1879 2138 1911 2165 et
1929 2134 2090 2168 ostendat

1097 2193 1131 2214 se
1150 2179 1327 2215 Ecclesiae
1350 2193 1431 2215 suae
1448 2194 1584 2223 coram,
1610 2190 1647 2216 ut
1666 2184 1829 2227 deinceps
1846 2183 1996 2217 aeternis
2012 2184 2089 2218 lau-

1096 2233 1201 2267 dibus
1220 2232 1427 2267 celebretur.

1200 2309 1375 2344 Recensui
1408 2310 1686 2350 consolationes,
1722 2322 1806 2353 quas
1837 2308 1995 2353 Angelus
2022 2309 2089 2346 hoc

1096 2362 1173 2394 loco
1198 2362 1363 2403 tradidit,
1390 2374 1474 2407 quas
1500 2361 1642 2406 quidem
1663 2368 1694 2394 et
1713 2358 1876 2395 Christus
1892 2362 1927 2394 111
1946 2363 2088 2396 0011010-

1096 2414 1202 2445 nibus
1245 2414 1315 2445 suis
1356 2413 1540 2457 postremis
1578 2412 1751 2455 repetivit.
1826 2411 1893 2445 Sed
1936 2414 2087 2448 addatur

1096 2463 1256 2497 doctrina
1292 2476 1350 2497 seu
1385 2471 1607 2507 praeceptum
1639 2460 1724 2500 hoc,
1773 2463 1954 2505 videlicet,
2005 2478 2085 2498 cum

1096 2515 1132 2547 in
1164 2512 1229 2547 hac
1260 2522 1395 2547 senecta
1431 2513 1554 2546 mundi
1588 2513 1696 2546 multa
1728 2520 1760 2547 et
1789 2514 1921 2548 suerint
1950 2522 1983 2549 et
2015 2517 2087 2551 sint.

1095 2566 1212 2599 futura
1241 2565 1420 2598 doctrinae
1445 2564 1588 2602 deliria,
1616 2566 1726 2597 simus
1748 2564 1935 2607 vigilantes
1952 2574 1984 2600 et
2001 2579 2086 2601 con-

1095 2624 1224 2649 stantes
1249 2616 1284 2648 111
1309 2616 1492 2648 retinenda
1517 2615 1667 2658 puritate
1687 2613 1885 2659 Evangelii.
1941 2617 2017 2652 Una
2037 2625 2087 2652 est

1066 2669 1069 2711 1
1095 2668 1256 2701 doctrina
1290 2667 1402 2711 prima
1434 2667 1595 2700 omnium
1626 2667 1754 2700 tradita
1789 2680 1850 2712 per
1881 2666 2088 2713 Prophetas,

1557 2717 1605 2752 62
