2379 2948
121 102 218 138 1469

116 199 218 234 pore,
245 186 363 230 legens
381 182 449 219 hoc
467 182 672 218 vaticinium
685 209 693 223 ‚
718 189 750 217 et
767 182 875 216 simul
891 183 1047 227 cogitans
1064 183 1109 216 de

115 238 332 273 successibus
362 244 396 272 et
417 235 574 270 victoriis
598 233 777 275 Turcicis,
812 234 855 267 de
877 233 927 267 ira
954 233 1037 276 Dei,
1064 235 1107 267 de

114 288 354 324 Ecclesiarum
379 288 533 321 excidiis.
596 285 667 320 Sed
690 293 808 320 tamen
832 282 921 318 hauc
945 286 1105 319 consola·

115 341 250 376 tionem
281 347 479 374 teneamus:
515 350 619 384 quam
646 337 737 378 dixi,
773 349 846 370 non
873 348 972 380 posse
995 337 1106 370 deleri

115 404 247 426 nomen
279 391 364 425 Filii
387 389 473 431 Dei,
505 402 580 423 non
610 389 772 423 funditus
799 388 1004 422 interituras
1033 399 1106 422 esse

113 441 306 477 Ecclesias:
337 448 458 485 gerent
480 443 573 474 enim
590 440 724 474 bellum
744 452 823 474 cum
842 439 902 472 illa
918 439 1106 486 tyrannide

114 494 258 527 inimica
284 490 437 533 Christi,
471 504 561 538 quae
586 492 654 525 late
678 491 941 530 dominabitur,
967 498 1005 524 ut
1029 492 1104 524 An-

112 543 253 579 tiochus
271 545 339 577 late
358 543 621 584 dominabatur,
649 549 681 576 et
695 541 858 576 Iudaeam
877 542 986 586 ipsam
1004 554 1105 586 prae-

113 596 213 630 sidiis
238 596 389 630 tenebat.
457 593 505 628 Et
531 601 647 628 tamen
673 594 783 639 aliqui
807 600 906 627 erant
930 594 1103 627 exercitus

113 647 183 692 pii,
219 647 282 692 qui
311 647 421 689 legem
446 646 516 679 Dei
541 646 832 690 propugnabant,
866 651 899 678 et
921 644 1104 689 aliquanto

113 705 190 742 post
213 704 421 742 recuperant
443 697 626 740 templum.
694 695 790 729 Haec
816 693 964 728 historia
988 696 1103 738 imago

112 756 163 783 est
182 761 301 782 earum
323 760 459 789 rerum,
487 759 576 793 quae
593 759 688 781 nunc
706 747 743 779 in
762 744 918 780 Ecclesia
935 746 1104 787 accident,

111 800 366 843 grassabuntur
391 799 521 839 Turci‚
556 799 616 831 sed
648 804 752 831 erunt
781 804 898 830 tamen
923 797 1103 838 exercitus,

113 851 273 896 quamvis
290 850 426 893 exigui,
454 850 514 894 qui
533 861 567 881 se
586 855 779 893 opponent.

212 900 398 935 Discamus
422 901 529 944 igitur
554 897 639 933 haec
661 900 748 938 tria,
781 911 871 944 quae
894 900 937 932 de
961 897 1016 932 his
1039 912 1102 944 po-

111 953 250 987 stremis
281 952 447 996 periculis
471 951 647 995 praedicta
673 956 773 990 sunt,
807 962 852 983 ne
876 962 940 983 nos
965 951 1103 994 magni-

111 1005 196 1038 tudo
229 1003 368 1047 imperii
398 1002 559 1042 Turcici,
586 1009 646 1036 aut
669 1000 845 1035 Ecclesiae
878 1002 992 1035 clades
1024 1014 1099 1035 rno-

111 1061 235 1096 veant,
267 1061 307 1087 ut
330 1066 347 1086 a
371 1051 513 1087 Christo
535 1053 749 1086 deficiamus.

111 1117 184 1139 esse
207 1104 479 1138 adsentiendum
507 1116 616 1147 regno
635 1103 808 1144 Turcico,
836 1116 880 1137 ne
903 1116 967 1137 nos
992 1105 1102 1137 socie-

109 1163 180 1191 tate
202 1153 444 1200 blasphemiae
469 1162 590 1189 contra
615 1154 749 1196 Deum,
772 1162 804 1189 et
828 1156 1100 1199 parricidiorum

109 1209 147 1241 iu
171 1213 308 1240 sanctos
332 1207 549 1250 polluamus,
576 1206 658 1251 quia
674 1203 758 1239 haec
775 1207 846 1239 duo
865 1207 988 1240 tribuit
1006 1206 1101 1240 Tur-

109 1259 184 1293 cico
209 1269 337 1301 regno,
365 1270 439 1302 cap.
455 1257 490 1293 7.
517 1268 696 1291 sermones
714 1264 833 1291 contra
852 1259 1027 1292 excelsum
1048 1258 1102 1291 lo-

109 1316 257 1355 quetur,
293 1316 326 1342 et
357 1315 496 1342 sanctos
528 1308 689 1342 altissimi
720 1315 889 1344 conteret.
955 1308 1101 1343 Constat

107 1368 226 1395 autem
252 1360 419 1394 delirium
438 1357 736 1401 Mahometicum,
764 1361 881 1404 palam
906 1367 939 1394 et
959 1372 998 1393 ex
1017 1372 1100 1405 pro-

107 1412 198 1445 fesso
223 1411 518 1444 contumeliosum
543 1422 615 1442 esse
634 1417 755 1444 contra
775 1410 907 1444 Filium
926 1411 1003 1446 Dei.
1057 1411 1101 1445 Et

109 1469 223 1496 totum
244 1459 312 1495 hoc
336 1472 483 1504 regnum
497 1485 506 1499 ,
531 1460 655 1493 foedus
672 1467 722 1494 est
740 1462 890 1501 factum,
917 1463 960 1494 ad
977 1463 1100 1495 delen-

108 1514 189 1547 dam
206 1512 355 1556 gloriam
376 1511 460 1547 Filii
479 1510 566 1552 Dei,
593 1517 626 1544 et
645 1511 688 1543 ad
706 1511 906 1554 parricidia.

210 1562 356 1597 Accedit
375 1563 419 1595 ad
439 1560 525 1603 hoc,
552 1562 646 1606 quod
665 1562 727 1606 qui
744 1563 901 1596 volentes
918 1574 953 1595 se
970 1563 1099 1596 adiun-

108 1620 196 1658 gunt
216 1626 324 1658 regno
350 1613 523 1651 Turcico,
550 1613 671 1646 foedas
695 1619 728 1646 et
753 1613 905 1646 nefarias
931 1614 1100 1648 libidines

107 1665 337 1706 confirmant,
385 1676 474 1709 quae
505 1664 579 1707 lege
610 1661 810 1697 Mahometi
843 1665 1099 1701 conceduntur.

107 1716 239 1760 Magna
261 1715 445 1759 turpitudo
466 1715 533 1749 fuit
552 1715 588 1747 in
607 1713 756 1748 Graecia
772 1722 805 1749 et
824 1715 861 1747 in
880 1713 983 1756 Asia,
1012 1716 1099 1749 Ale-

106 1767 233 1801 xandri
257 1774 430 1811 tempore,
463 1772 497 1800 et
520 1772 638 1810 postea
666 1778 790 1810 magna
808 1765 945 1801 Romae
966 1767 1003 1799 in
1022 1767 1098 1811 ipso

107 1818 249 1866 imperii
275 1818 381 1858 flore,
406 1819 465 1850 sed
493 1824 609 1851 tamen
633 1817 724 1859 leges
747 1824 847 1851 erant
865 1816 1095 1852 honestiores.

105 1869 154 1903 At
178 1869 233 1902 lex
258 1866 456 1902 Mahometi
481 1868 641 1902 concedit
666 1869 813 1910 ducere,
840 1869 1036 1909 dimittere,
1065 1876 1098 1904 et

106 1920 268 1954 dimissas
293 1931 415 1953 rursus
440 1920 579 1953 ducere.

106 1971 262 2014 coniugii
293 1978 500 2014 perpetuum
533 1971 674 2011 foedus,
710 1977 743 2004 et
774 1983 847 2003 non
874 1971 988 2004 solum
1017 1984 1095 2005 curu

107 2020 245 2056 Christi
260 2022 354 2055 dicto
373 2028 523 2065 pugnat,
550 2021 608 2054 sed
626 2022 730 2054 etiam
748 2034 826 2055 cum
844 2021 971 2055 Moise.

208 2073 261 2106 Ac
277 2073 356 2106 talis
373 2073 612 2111 consuetudo,
640 2072 726 2118 quid
744 2080 793 2106 est
812 2073 880 2106 nisi
899 2073 1096 2116 promiscua

105 2125 277 2171 quaedam
304 2124 491 2164 scortatio,
525 2124 670 2165 ducere,
705 2125 908 2162 extrudere,
945 2125 1096 2157 vendere

106 2176 219 2216 alteri,
246 2187 368 2209 rursus
385 2187 498 2208 emere
516 2181 702 2208 extrusam.
756 2173 904 2208 Nullum
922 2182 972 2208 est
988 2175 1096 2218 igitur

105 2239 186 2260 vere
218 2226 422 2270 coniugium
456 2226 593 2270 legibus
617 2225 791 2259 Turcicis.
852 2224 900 2260 Et
921 2226 995 2270 ipsa
1020 2227 1095 2269 lege

111 2278 314 2312 :onceditur
336 2276 449 2310 maior
472 2277 668 2321 turpitudo.
720 2275 849 2310 Daniel
866 2284 967 2311 notas
984 2277 1095 2310 tradi-

105 2329 158 2364 dit
181 2325 416 2371 Antichristi,
450 2335 490 2362 ut
523 2329 663 2370 agnosci
697 2334 730 2362 et
757 2328 860 2362 vitari
884 2328 1014 2373 possit,
1048 2328 1095 2361 ait

104 2391 234 2414 novam
269 2379 466 2413 doctrinam
497 2380 790 2413 contumeliosam
817 2387 939 2413 contra
962 2377 1093 2412 Filium

105 2430 172 2466 Dei
196 2430 462 2476 propositurum
483 2441 567 2464 esse.
621 2428 734 2465 Addit
753 2437 785 2464 et
801 2430 944 2464 alteram
963 2436 1095 2470 notam,

104 2482 336 2517 contumelias
359 2481 525 2515 foeminei
542 2493 654 2516 sexus,
709 2482 808 2515 Haec
826 2482 887 2515 ubi
906 2481 1020 2525 palam
1038 2493 1095 2514 so-

106 2541 167 2568 nat
186 2534 261 2579 ipsa
285 2533 371 2576 legis
396 2545 484 2573 vox,
511 2545 586 2567 non
609 2532 847 2567 dubitandum
872 2540 940 2574 est,
968 2532 1017 2566 ibi
1039 2544 1094 2565 re-

107 2595 215 2626 gnum
232 2596 304 2618 esse
322 2581 547 2619 Antichristi.

208 2634 423 2681 Quanquam
452 2641 568 2668 autem
600 2634 788 2668 dissimiles
822 2641 904 2669 sunt
936 2634 1094 2679 politiae,

108 2683 345 2721 Mahometica
378 2693 411 2720 et
433 2685 641 2728 Pontificia,
674 2693 793 2720 tamen
818 2687 937 2720 eadem
963 2685 1094 2729 flagitia

749 96 813 131 IX.
864 93 1229 131 COMMENTARH
1257 95 1308 131 IN
1331 93 1572 133 PSALMOS.

810 1052 969 1087 Primum
980 1080 988 1093 ‚
1020 1052 1101 1086 Nou
1126 1057 1128 1078 ι’

633 1919 715 1953 Hoc
737 1931 880 1964 prorsus
904 1927 954 1954 est
973 1921 1096 1954 tollere
1120 1933 1122 1950 ι

2053 101 2149 136 1470

1159 189 1326 217 seruntur
1357 189 1392 217 et
1418 183 1675 217 confirmantur
1701 184 1839 219 diversa
1863 186 2011 222 ratione.
2074 185 2146 220 Nec

1159 234 1297 277 singula
1330 233 1526 275 conferam,
1576 235 1635 268 sed
1666 236 1809 269 defendi
1843 236 2076 272 idolomanias
2108 238 2145 271 iu

1159 285 1337 330 pontificia
1363 285 1487 330 politia
1506 286 1732 320 manifestum
1750 294 1819 329 est,
1847 289 1994 332 profana
2013 296 2145 330 specta-

1157 337 1233 370 cula
1259 336 1472 378 Missarum,
1507 343 1539 370 et
1563 344 1785 372 mortuorum
1811 339 2069 379 invocationes,
2095 340 2146 371 le-

1157 399 1233 431 gem
1258 388 1362 422 etiam
1386 389 1429 421 de
1453 388 1646 430 coelibatu,
1671 390 1806 423 sontem
1821 402 1893 424 esse
1909 402 2053 435 magnae
2069 396 2146 424 tur-

1156 439 1349 483 pitudinis,
1376 451 1479 472 nemo
1499 452 1625 484 negare
1646 447 1770 484 potest.

1258 490 1327 524 Sed
1354 488 1439 524 haec
1462 491 1710 535 superstitione
1733 492 1905 537 quadam,
1939 499 1972 527 et
1997 493 2145 538 quibus-

1157 542 1236 575 dam
1266 541 1460 575 involucris
1490 549 1578 577 tecta
1609 549 1701 578 sunt.
1770 542 1887 586 Magis
1918 544 2145 588 impudenter

1157 593 1289 626 iactitat
1305 593 1358 626 lex
1370 591 1585 634 Mahometi,
1612 594 1845 627 contumelias
1862 592 2144 628 adversusChri-

1155 651 1267 682 stum,
1295 651 1327 677 et
1353 644 1484 687 flagitia
1510 645 1716 679 libidinum.
1770 645 1866 678 Haec
1890 652 1994 679 notae
2020 658 2037 679 a
2056 645 2144 678 Pro-

1156 693 1269 739 phetis
1288 695 1461 728 iudicatae
1479 702 1578 736 sunt,
1606 703 1644 729 ut
1663 707 1726 728 nos
1745 707 1763 728 a
1783 696 1943 730 doctrina
1961 696 2144 740 flagitiosa,

1156 753 1188 780 et
1206 758 1223 779 a
1242 757 1351 789 reguo
1369 747 1563 779 execrando
1580 747 1791 780 deterreant.

1257 796 1394 830 Deinde
1414 796 1671 841 praedictiones
1689 797 1843 841 Spiritus
1862 798 1972 831 sancti
1988 804 2145 837 monent,

1153 855 1194 882 ut
1233 849 1461 881 adversemur
1496 848 1678 881 doctrinae
1716 855 1749 881 et
1787 859 1896 891 regno
1931 846 2143 890 Mahometi,

1155 897 1293 932 Omnes
1311 910 1533 943 opponamus
1553 911 1670 931 veram
1686 898 1946 933 invocationem
1964 898 2051 939 Dei,
2077 898 2144 933 Ec—

1155 950 1278 983 clesiae
1303 961 1424 982 omnes
1449 957 1551 984 orent
1568 948 1682 983 Deum
1698 977 1706 990 ,
1733 956 1773 983 ut
1794 950 1963 993 reprimat
1981 961 2144 993 grassan-

1154 1008 1225 1035 tem
1244 1001 1425 1033 diabolum
1444 1001 1481 1033 iu
1498 1000 1782 1044 regnoTurcico.
1819 1000 2023 1043 Puguemus
2038 1001 2142 1034 etiam

1153 1064 1216 1085 suo
1240 1052 1388 1097 quisque
1415 1052 1509 1091 loco,
1545 1053 1705 1085 doctores
1730 1052 1841 1094 legem
1867 1049 2142 1085 Mahometicam

1153 1104 1324 1142 refutent,
1372 1103 1582 1144 patefaciant
1617 1102 1896 1148 turpitudinem,
1945 1109 2143 1136 monstrent

1153 1155 1245 1188 dicta
1269 1151 1550 1197 Prophetarum,
1585 1155 1645 1199 qui
1679 1165 1743 1186 nos
1769 1154 1993 1197 praemunire
2019 1153 2142 1187 volue-

1153 1213 1248 1240 runt.
1316 1204 1487 1246 Politiae,
1521 1216 1610 1250 quae
1638 1205 1760 1238 colunt
1788 1204 2023 1247 Evangelium
2057 1202 2141 1237 Filii

1152 1257 1239 1298 Dei,
1275 1255 1444 1290 dimicent
1474 1256 1593 1290 armis.
1648 1255 1749 1298 Quae
1781 1267 1883 1289 causa
1916 1255 2009 1288 viros
2034 1255 2142 1288 fortes

1152 1309 1195 1342 ad
1211 1307 1452 1341 dimicandum
1466 1303 1710 1340 vehementius
1723 1306 1869 1339 incitare
1881 1312 2005 1350 potest,
2034 1317 2140 1350 quam

1152 1359 1309 1393 defensio
1334 1358 1531 1402 pudiciciae
1547 1358 1757 1401 coniugum,
1787 1357 1956 1397 filiarum,
1984 1356 2140 1389 filiorum

1152 1417 1184 1444 et
1213 1408 1441 1443 honestarum
1472 1409 1587 1451 legum
1617 1408 1799 1451 coniugii?
1859 1407 1950 1450 Quis
1980 1414 2140 1440 nostrum

1151 1473 1224 1494 non
1242 1460 1340 1493 malit
1357 1472 1429 1493 uuo
1446 1457 1544 1492 hiatu
1561 1465 1673 1492 terrae
1690 1459 1891 1492 universam
1909 1457 2140 1491 Germaniam

1151 1522 1335 1551 corruere,
1370 1522 1408 1543 ac
1434 1510 1630 1543 vastitatem
1653 1510 1748 1549 fieri,
1778 1521 1882 1554 quam
1908 1509 2031 1542 inferri
2055 1520 2140 1541 con-

1151 1562 1313 1596 tumelias
1335 1558 1497 1599 Christo,
1526 1561 1683 1602 coniugii
1705 1560 1991 1604 dissipationem,
2021 1560 2140 1603 publi-

1150 1624 1225 1646 cam
1250 1612 1428 1645 licentiam
1452 1611 1613 1655 rapiendi
1636 1611 1758 1644 florem
1783 1611 1989 1645 iuventutis.
2043 1609 2140 1643 llaec

1149 1664 1239 1696 mala
1263 1663 1331 1695 viri
1354 1663 1463 1696 fortes
1487 1669 1667 1702 metuunt,
1696 1659 1782 1694 haec
1800 1662 1962 1704 fugiunt,
1991 1659 2076 1694 haec
2095 1673 2140 1693 ne

1150 1714 1327 1755 accidant,
1353 1725 1428 1746 non
1452 1713 1567 1746 solum
1592 1713 1760 1746 dimicare
1782 1713 1818 1745 in
1841 1712 1931 1753 acie,
1957 1713 2015 1745 sed
2033 1712 2138 1745 etiam

1149 1772 1298 1799 mortem
1331 1771 1495 1809 oppetere
1525 1764 1720 1807 gloriosum
1753 1764 1898 1797 ducunt.
1976 1762 2139 1808 Cumque

1148 1823 1264 1850 tantae
1280 1815 1351 1849 sint
1366 1815 1561 1849 dimicandi
1577 1827 1716 1856 causae,
1743 1814 1813 1848 sint
1828 1814 2044 1855 occasiones,
2068 1814 2139 1847 sint

1148 1867 1263 1901 studia
1288 1867 1428 1911 populi,
1456 1867 1649 1899 dolendum
1673 1873 1722 1900 est
1738 1866 1786 1899 ita
1803 1877 1867 1898 nos
1883 1877 2033 1906 cessare,
2057 1877 2138 1898 cum

1147 1916 1258 1952 hostis
1282 1918 1319 1950 in
1344 1925 1544 1962 conspectu.
1598 1916 1743 1951 Utinam
1767 1917 1874 1960 igitur
1890 1915 1985 1950 Deus
2003 1915 2139 1949 exusci-

1147 1976 1195 2004 tet
1218 1969 1360 2002 tandem
1385 1969 1509 2010 duces,
1536 1975 1574 2002 ut
1594 1968 1745 2012 patriae,
1772 1975 1811 2002 ut
1828 1967 2024 2006 Ecclesiae,
2049 1978 2140 2012 quae

1147 2028 1196 2055 est
1212 2021 1319 2054 altera
1335 2021 1458 2064 patria,
1485 2026 1524 2054 ut
1541 2031 1623 2052 suae
1640 2019 1796 2064 privatae
1810 2018 1913 2052 saluti
1929 2019 2126 2052 cousulant.

1250 2070 1395 2110 Tertio,
1427 2083 1499 2104 non
1523 2071 1638 2104 solum
1665 2071 1819 2114 pericula
1838 2070 2031 2103 ostendunt
2048 2068 2136 2102 Pro-

1146 2120 1292 2167 phetae,
1325 2134 1389 2156 nec
1418 2128 1564 2156 mouent
1595 2128 1733 2155 tantum
1763 2121 1928 2164 fugienda
1952 2132 2043 2160 esse,
2076 2120 2137 2152 sed

1146 2174 1251 2207 etiam
1268 2174 1546 2207 consolationem
1562 2173 1709 2206 addunt.
1753 2171 1838 2205 Late
1854 2171 2038 2214 vagabitur
2054 2171 2136 2203 bar-

1146 2225 1259 2258 baries
1287 2224 1367 2268 Gog
1391 2232 1423 2258 et
1448 2224 1596 2268 Magog‚
1628 2234 1716 2268 quos
1739 2234 1811 2256 esse
1829 2222 1964 2256 Tui-cas
1987 2222 2137 2255 omnino

1146 2283 1420 2310 consentaneum
1447 2282 1516 2316 est,
1548 2275 1607 2308 sed
1634 2281 1751 2307 tamen
1773 2274 1819 2307 ait
1848 2272 1977 2306 Daniel
2004 2274 2047 2306 de
2071 2285 2137 2316 po-

1145 2334 1272 2361 strema
1302 2327 1426 2360 mundi
1455 2333 1583 2360 aetate:
1621 2324 1799 2369 Tempore
1830 2325 1892 2357 illo
1922 2324 2028 2358 stabit
2061 2323 2135 2356 Mt-

1145 2376 1244 2413 chael
1271 2379 1340 2411 dux
1366 2389 1512 2421 magnus
1534 2389 1600 2421 pro
1625 2376 1707 2409 filiis
1725 2376 1846 2420 populi
1874 2376 1935 2411 tui.
1999 2374 2134 2408 Ducem

1145 2429 1310 2472 intelligit
1329 2429 1460 2462 Filium
1477 2427 1555 2463 Dei.
1608 2426 1676 2460 Hic
1698 2428 1820 2467 stabit,
1848 2439 1920 2459 nou
1942 2426 2137 2469 fugabitur,

1145 2492 1218 2514 non
1244 2487 1439 2519 evertetur,
1467 2480 1526 2512 sed
1551 2478 1734 2512 dimicabit
1751 2490 1814 2521 pro
1832 2476 2006 2516 Ecclesia,
2032 2478 2135 2509 ducet

1144 2532 1222 2576 pios
1254 2532 1443 2569 exercitus,
1489 2529 1722 2574 praeliabitur
1754 2530 1791 2562 in
1822 2529 1911 2567 acie,
1952 2527 2135 2561 adiuvabit

1144 2583 1221 2627 pios
1237 2582 1365 2616 milites
1377 2609 1385 2622 ,
1412 2589 1450 2615 ut
1467 2581 1656 2614 adiuvabat
1669 2579 1871 2613 Maccabaei
1887 2579 2074 2612 exercitum
2096 2578 2133 2610 in

1146 2634 1389 2678 recuperando
1413 2632 1565 2676 templo,
1590 2632 1627 2664 in
1651 2632 1837 2665 evertenda
1861 2630 1954 2664 Iovis
1972 2628 2134 2674 Olympii

1144 2691 1275 2726 statua,
1316 2685 1353 2717 in
1384 2683 1568 2718 abolendis
1599 2680 1899 2724 Bacchanalibus,
1939 2682 1998 2715 sed
2030 2680 2133 2712 simul
