2379 2948
699 68 763 108 ΙΙΙ.

116 158 213 194 Actis
232 155 365 203 inquit:
394 155 484 190 Tam
511 167 620 200 prope
643 156 761 189 adesse
786 153 918 195 Deum,
950 165 1041 198 pene
1064 160 1103 187 ut

115 209 280 243 manibus
307 208 518 241 contrectari
548 206 676 251 possit,
720 213 754 239 et
778 204 934 248 conspici
959 205 996 236 in
1022 204 1103 247 pul-

120 257 295 294 cherrimo
314 259 439 292 ordine
456 269 642 301 corporum
661 263 693 290 et
709 263 871 289 motuum
887 255 1103 296 coelestium,

114 74 189 109 373

816 66 974 103 INITIA
1000 66 1294 104 DOCTRINAE
1321 70 1573 107 PHYSICAE.

2072 77 2147 112 374

1128 154 1312 198 :qualibet
1348 157 1459 199 specie
1488 158 1700 192 certissimus
1739 158 1848 202 ordo,
1895 168 2071 205 praeterea
2106 171 2139 198 et

1128 231 1130 244 ι
1155 202 1263 237 homo
1282 211 1330 237 est
1346 214 1469 239 natura
1487 209 1704 251 intelligens,
1731 218 1763 244 et
1780 211 1922 255 quidem
1940 212 1974 244 in
1993 210 2139 247 homine

1127 263 1130 299 ς
1157 254 1311 287 noticiae
1326 263 1408 289 sunt
1424 269 1651 292 numerorum
1687 268 1719 295 et
1751 261 1859 302 aliae,
1888 269 1922 296 et
1947 263 2137 296 discrimen

115 318 148 344 et
171 310 328 343 bonitate
356 321 473 342 rerum
506 307 798 345 necessariarum,
827 312 860 338 et
883 305 921 337 in
948 305 1101 346 noticiis,

115 372 204 405 quae
231 367 313 394 sunt
337 360 461 393 insitae
485 356 670 390 hominum
694 356 883 390 mentibus,

217 425 322 460 Alter
341 427 437 459 locus
454 430 505 457 est
522 424 565 456 de
582 422 788 456 aeternitate
806 422 944 461 mundi,
972 423 1009 455 in
1030 436 1100 467 quo

117 477 180 511 etsi
197 475 404 510 Aristoteles
419 480 530 514 errat,
556 480 674 506 tamen
700 471 789 506 hanc
812 473 921 516 ipsam
945 474 991 506 ob
1017 486 1101 507 cau-
1126 485 1128 493 ·

116 539 188 561 sam
205 532 407 570 argumenta
426 525 499 557 eius
517 524 774 557 consideranda
791 530 890 564 sunt,
914 536 958 556 ne
977 536 1015 557 ea
1035 536 1099 569 pro

118 576 480 611 demonstrationibus
494 575 758 618 amplectamur,
776 575 869 619 quod
889 574 999 620 aliqui
1019 588 1101 619 pro-

117 626 226 672 phani
248 627 401 665 faciunt,
429 632 463 659 et
487 632 631 669 propter
654 638 729 658 eam
755 625 1016 669 persuasionem
1042 637 1100 659 su-

116 679 222 722 perbe
249 678 409 710 derident
432 676 629 709 doctrinam
653 689 671 710 a
689 675 764 710 Deo
786 676 951 710 traditam
974 675 1099 710 Eccle-

116 729 186 762 siae
203 729 246 760 de
270 728 393 760 mundi
420 727 543 760 initiis.

214 785 322 820 Ratio
352 786 522 819 naturalis
546 786 688 819 deducit
712 792 848 819 mentes
874 787 916 819 ad
945 784 1033 826 hoc,
1060 793 1101 819 ut

116 845 308 880 agnoscant
349 835 444 869 hunc
476 838 651 869 mundum
690 836 868 868 visibilem
909 837 954 869 ab
983 837 1099 882 aliqua

117 899 235 928 causa,
264 894 297 921 et
315 888 457 932 quidem
475 899 492 920 a
509 894 626 920 mente
643 884 920 920 arcliitectatrice
937 889 1100 930 pendere,

118 945 150 971 et
167 938 357 971 formatum
382 949 473 979 esse,
500 939 558 970 sed
583 938 782 982 quomodo,
806 944 866 971 aut
890 940 1033 982 quando
1059 940 1102 971 ab

115 988 176 1021 illa
201 988 314 1032 prima
339 999 439 1021 causa
463 995 561 1022 ortus
585 989 648 1027 sit,
682 1000 755 1021 non
782 995 894 1032 potest
920 989 1010 1022 ratio
1033 996 1102 1022 sta-

115 1046 226 1072 tuere.

220 1097 322 1132 Plato
341 1098 469 1132 fatetur
480 1098 598 1132 Deum
615 1110 687 1132 csse
704 1099 863 1143 opificem
881 1099 1018 1139 mundi,
1043 1100 1100 1132 sed

117 1148 211 1192 ludit
228 1149 362 1192 fingens
379 1156 472 1183 retro
489 1157 569 1182 ante
589 1161 687 1182 suam
713 1156 861 1182 aetatem
885 1156 965 1183 ante
983 1151 1101 1182 decem

118 1199 232 1231 millia
261 1211 438 1232 annorum
472 1199 559 1232 alias
588 1200 694 1232 fuisse
718 1197 897 1238 Athenas,
929 1212 1018 1245 quae
1045 1212 1103 1243 ge-

116 1249 262 1283 nuerint
295 1250 407 1283 multo
439 1250 712 1293 praestantiores
751 1257 905 1284 naturas.
970 1250 1038 1284 Sed
1065 1257 1103 1283 ut

118 1300 209 1340 dixi,
236 1300 344 1339 ludit,
373 1300 572 1342 significans
605 1301 757 1344 quodam
795 1300 951 1333 mirabili
978 1301 1104 1334 ordine

119 1357 152 1383 et
167 1350 302 1382 arcanis
320 1350 450 1388 causis,
478 1350 562 1383 alias
578 1350 704 1383 florere
729 1351 815 1383 alias
831 1357 971 1393 gentes,
998 1357 1031 1384 et
1048 1363 1104 1384 eas
1130 1350 1132 1379 l

117 1411 207 1444 quae
229 1400 486 1444 aliquantisper
511 1400 769 1441 excelluerunt,
797 1401 1017 1435 circumactis
1043 1413 1105 1446 pe-

116 1450 227 1483 riodis
252 1463 353 1483 ruere
377 1451 414 1483 in
431 1451 594 1485 deterius.
656 1450 724 1485 Sed
750 1463 935 1496 quousque
960 1464 1105 1496 progre-

116 1501 236 1534 diatur
274 1513 372 1534 mens
406 1499 563 1535 humana
595 1501 634 1534 in
668 1502 879 1544 cogitatione
917 1502 1105 1536 initiorum

117 1551 264 1589 mundi,
307 1559 427 1595 postea
463 1564 503 1585 ex
533 1553 749 1595 argumentis
777 1553 929 1595 intelligi
962 1555 1103 1597 poterit.

117 1601 221 1635 Nunc
247 1604 490 1643 ostendamus,
518 1610 682 1646 oportere
709 1615 820 1636 uuum
849 1604 1004 1646 primum
1029 1617 1106 1638 mo-

118 1660 230 1685 torem
250 1664 341 1693 esse,
369 1666 438 1698 quo
464 1654 671 1694 constituto,
700 1661 819 1697 postea
840 1655 983 1688 alterius
1000 1668 1106 1700 quae—

118 1703 244 1736 stionis
277 1711 483 1746 argumenta
515 1704 653 1737 facilius
687 1705 836 1738 iudicari
872 1712 905 1739 et
939 1706 1107 1750 explicari

122 1760 302 1797 poterunt.

137 1843 241 1886 Quod
268 1849 437 1890 oporteat
463 1847 618 1879 unicum
644 1847 807 1889 primum
831 1850 870 1879 et
897 1844 1089 1892 infinitum

464 1901 640 1930 maiorem
668 1907 760 1930 esse.

223 1962 337 2006 Supra
370 1962 513 1996 recitata
547 1968 629 1995 sunt
662 1969 866 2005 argumenta
901 1969 1038 2006 sumpta
1070 1976 1109 1997 ex

122 2019 267 2053 natura,
296 2025 384 2057 quae
408 2020 582 2046 testantur
607 2024 679 2045 esse
703 2013 843 2046 unicam
870 2021 1023 2046 mentem
1053 2027 1109 2047 ae-

122 2071 256 2096 ternam
289 2070 320 2096 et
349 2064 575 2104 immensam,
621 2061 934 2097 architectatricem
974 2067 1110 2105 mundi,

121 2126 158 2146 ac
184 2114 333 2147 maxime
366 2115 591 2158 perspicuum
615 2112 682 2147 hoc
707 2121 771 2148 est:
810 2114 1034 2158 Impossibile
1060 2124 1111 2150 est

123 2177 178 2204 ea,
207 2176 295 2208 quae
322 2176 402 2198 casu
430 2172 463 2199 et
486 2165 562 2199 sine
591 2172 707 2199 mente
730 2165 933 2199 formatrice
961 2178 1109 2200 concur-

122 2222 225 2258 runt,
254 2215 316 2247 diu
338 2227 475 2249 servare
499 2221 609 2249 certas
638 2216 730 2260 leges
759 2227 905 2250 suorum
934 2224 1109 2262 motuum,
1136 2236 1137 2240 =

123 2273 253 2299 certam
269 2265 397 2308 figurae
423 2267 593 2310 speciem,
632 2273 747 2300 certos
773 2267 909 2312 positus
937 2274 971 2302 et.
998 2276 1111 2304 certos

124 2317 249 2349 modos
268 2317 533 2360 procreationis.
588 2316 663 2351 Imo
688 2318 908 2362 impossibile
931 2325 981 2353 est
1005 2327 1111 2354 natu-

126 2379 202 2401 ram
219 2367 476 2410 intelligentem
495 2368 582 2401 oriri
599 2380 615 2401 a
633 2369 748 2402 bruta.
1135 2373 1138 2407 l

229 2425 298 2460 Sed
316 2425 354 2457 in
371 2426 506 2458 mundo
523 2433 605 2459 sunt
622 2427 807 2460 certissimi
825 2428 961 2472 positus
986 2440 1113 2474 corpo·
1135 2413 1138 2485 l

129 2487 207 2510 rum
222 2503 230 2516 ‚
256 2482 370 2509 certae
395 2483 427 2509 et
444 2482 632 2520 perpetuae
655 2478 804 2521 species,
833 2479 925 2522 leges
950 2486 1111 2514 motuum
1135 2497 1137 2514 a

128 2534 163 2561 et
180 2527 272 2560 vices
291 2533 491 2571 temporum
510 2526 732 2568 certissimae,
752 2529 914 2563 ordinata
932 2537 983 2564 est
999 2537 1112 2565 terrae

127 2577 366 2618 foecunditas,
394 2584 427 2611 et
445 2577 564 2611 omnia
589 2577 748 2611 consulto
774 2580 962 2614 distributa
981 2582 1025 2616 ad
1040 2583 1113 2617 uti-

132 2628 264 2662 litatem
283 2628 530 2663 animantium.
566 2625 628 2661 Est
645 2633 677 2661 et
697 2630 949 2672 procreationis
966 2631 1003 2664 in
1025 2645 1111 2678 qua-

1127 335 1128 355 3
1154 302 1385 338 honestorum
1405 314 1436 339 et
1461 310 1637 351 turpium,
1663 323 1751 355 quae
1774 312 1892 345 omnia
1919 313 2140 357 impossibile

1126 372 1128 404 g
1154 362 1204 389 est
1228 367 1309 388 casu
1332 357 1505 396 extitisse,
1535 360 1615 402 quia
1640 372 1711 393 non
1737 369 1894 396 maneret
1917 363 1954 396 in
1980 364 2140 408 qualibet

1153 406 1267 448 specie
1283 407 1477 440 similitudo
1494 416 1674 452 perpetua.
1728 411 1820 453 Ergo
1846 425 1984 447 necesse
2002 421 2051 448 est
2070 415 2138 447 ali-

1126 475 1128 484 ι
1153 469 1257 501 qnam
1289 469 1361 490 esse
1383 465 1535 491 mentem
1563 457 1875 495 architectatricem
1902 470 1936 498 et
1955 465 2138 498 formatri-

1126 519 1127 522 ’
1153 519 1227 540 cem
1246 505 1351 541 huius
1371 509 1478 541 totius
1496 508 1725 552 pulcherrimi
1749 513 1886 555 operis,
1913 516 2008 558 quod
2030 527 2139 548 mun·

1126 567 1127 585 ³
1153 559 1236 591 dum
1266 559 1504 593 nominamus.

1254 625 1356 658 Hanc
1379 627 1716 661 demonstrationem
1740 629 1782 661 de
1805 630 1880 665 Deo
1912 641 2012 674 saepe
2043 633 2139 675 cogi-

1156 682 1230 708 tare
1247 677 1349 709 valde
1364 678 1451 709 utile
1468 684 1536 717 est,
1563 679 1747 712 confirmat
1764 680 1856 712 enim
1881 681 2139 722 adsensionem,

1154 733 1186 759 et
1216 726 1371 761 illustrat
1395 729 1610 770 agnitionem
1638 728 1724 770 Dei,
1761 737 1793 764 et
1815 731 2048 764 reverentiam
2076 732 2139 765 alit

1154 776 1189 808 in
1210 777 1314 810 bonis
1330 779 1516 813 mentibus.

1256 835 1394 869 Deinde
1421 839 1573 871 addatur
1605 835 1690 871 llaec
1712 838 1954 881 Aristotelica‚
1989 852 2076 885 quae
2101 841 2141 873 in

1154 882 1309 930 physicis
1326 888 1492 921 recitatur
1506 916 1515 929 ,
1544 901 1632 933 quae
1650 889 1767 922 minus
1783 890 1933 924 incurrit
1952 891 1989 923 in
2007 892 2140 929 oculos,

1154 937 1213 968 sed
1233 942 1349 969 tamen
1371 950 1409 970 ex
1428 940 1518 972 veris
1536 940 1694 973 sontibus
1712 940 1844 982 oritur,
1868 947 1902 975 et
1918 942 2141 975 demonstra-

1155 987 1203 1019 tio
1225 993 1275 1020 est
1294 989 1448 1021 erudita:

1257 1045 1336 1078 'Non
1358 1053 1407 1080 est
1432 1059 1616 1091 processus
1638 1049 1675 1082 in
1700 1049 1879 1083 infinitum
1902 1050 1938 1082 in
1966 1050 2143 1084 moventi-

1154 1095 1220 1127 bus
1237 1102 1271 1128 et
1285 1097 1402 1131 motis.
1444 1096 1546 1132 Esset
1563 1106 1678 1132 autem
1696 1112 1877 1143 processus
1893 1100 1928 1133 in
1946 1101 2143 1141 infinitum,

1156 1145 1224 1177 nisi
1243 1146 1477 1180 resistendum
1499 1155 1585 1182 esset
1610 1149 1647 1182 in
1672 1162 1744 1183 uno
1770 1150 1889 1194 aliquo
1914 1151 2030 1194 primo
2053 1151 2142 1183 infi-

1155 1196 1231 1229 nito
1268 1203 1301 1229 et
1332 1197 1525 1239 immobili,
1564 1199 1599 1231 id
1633 1206 1701 1240 est,
1748 1200 1961 1234 immutabili
1994 1207 2144 1236 motore.

1156 1245 1302 1279 Necesse
1321 1254 1371 1280 est
1387 1248 1495 1290 igitur
1514 1260 1585 1281 esse
1603 1247 1699 1282 hunc
1716 1250 1871 1294 primum
1889 1259 2074 1285 motorem.

1260 1313 1380 1347 Maior
1398 1315 1447 1348 sic
1465 1315 1713 1356 confirmatur,
1741 1317 1823 1361 quia
1851 1318 2075 1351 manifestum
2093 1325 2147 1353 est

1158 1364 1320 1397 ordinem
1338 1376 1410 1397 esse
1435 1377 1618 1398 causarum
1644 1367 1877 1400 essentialiter
1899 1369 2146 1402 ordinatarum

1158 1415 1283 1456 talem,
1310 1422 1347 1449 ut
1368 1416 1577 1459 posteriores
1595 1416 1669 1449 sine
1686 1416 1865 1460 prioribus
1883 1429 1946 1450 nec
1963 1429 2055 1459 esse,
2082 1430 2147 1452 nec

1159 1477 1262 1508 agere
1277 1466 1432 1509 possint,
1458 1473 1495 1499 ut
1514 1479 1585 1499 non
1602 1467 1759 1509 gignitur
1780 1480 1926 1510 pomum
1942 1468 2147 1503 immediate

1159 1522 1327 1556 exterra,
1361 1517 1420 1549 sed
1447 1517 1546 1561 prius
1570 1519 1731 1550 arborem
1757 1518 1853 1561 gigni
1880 1526 2030 1563 oportet.
2072 1518 2146 1553 Nec

1159 1567 1255 1609 gigni
1273 1567 1381 1600 arbor
1398 1574 1529 1611 posset,
1559 1568 1627 1600 nisi
1651 1574 1765 1601 terrae
1792 1569 2014 1603 foecunditas
2036 1570 2147 1603 alere-

1160 1624 1219 1651 tur
1244 1624 1343 1650 motu
1372 1618 1526 1653 coelesti.
1578 1617 1625 1652 Et
1650 1619 1802 1663 pendere
1824 1631 1864 1652 ex
1885 1620 2003 1665 aliqua
2029 1621 2147 1665 priore

1160 1679 1262 1701 causa
1291 1669 1559 1713 perpetuitatem
1583 1676 1700 1703 motus
1726 1670 1900 1711 coelestis,
1939 1682 2018 1704 cum
2045 1671 2147 1704 miri-

1161 1719 1223 1751 fice
1242 1719 1403 1752 ordinata
1428 1720 1490 1760 sit,
1527 1720 1633 1753 variis
1658 1721 1814 1754 motibus
1837 1721 2066 1755 miscentibus
2090 1722 2147 1756 lu-

1161 1769 1299 1802 minum
1324 1776 1356 1803 et
1382 1770 1562 1802 stellarum
1586 1769 1725 1810 radios,
1746 1782 1884 1804 necesse
1911 1778 1972 1806 est.
2026 1771 2100 1805 Iam
2117 1773 2147 1805 si

1162 1831 1344 1863 processus
1364 1820 1400 1852 in
1417 1820 1596 1866 infin-itum
1615 1827 1714 1860 esset,
1740 1821 1943 1854 turbaretur
1958 1823 2046 1855 ordo
2062 1834 2146 1856 cau-

1162 1881 1292 1902 sarum.
1338 1869 1426 1902 Nam
1446 1870 1482 1902 in
1500 1870 1646 1903 infinitis
1668 1872 1843 1911 numeris,
1870 1869 1964 1905 nihil
1981 1879 2030 1906 est
2049 1873 2147 1916 prius

1163 1926 1223 1952 aut
1244 1920 1426 1963 posterius.
1481 1920 1569 1954 Cum
1588 1921 1696 1964 igitur
1712 1928 1804 1955 certa
1822 1923 1928 1956 series
1945 1923 2001 1961 sit,
2029 1930 2061 1957 et
2076 1924 2147 1957 dif-

1162 1971 1277 2004 ferant
1300 1982 1422 2003 causae
1446 1971 1668 2004 immediatae
1693 1972 1907 2013 amediatis,
1933 1985 2072 2006 necesse
2097 1981 2147 2008 est

1164 2021 1319 2065 aliquam
1338 2022 1488 2065 primam
1507 2034 1644 2054 causam
1662 2034 1746 2062 esse,
1773 2023 1811 2056 in
1829 2036 1897 2068 qua
1913 2025 2146 2058 resistendum

1136 2098 1137 2111 ³
1164 2079 1231 2112 est,
1266 2083 1354 2116 quae
1381 2084 1459 2105 cum
1487 2072 1530 2105 sit
1563 2073 1696 2116 prima,
1729 2074 1931 2115 rationalis,
1962 2075 2146 2108 formatrix

1164 2129 1196 2156 et
1213 2122 1381 2156 servatrix
1403 2123 1584 2161 omnium,
1611 2121 1718 2156 habet
1742 2124 1916 2158 infinitam
1940 2125 2146 2169 potentiam.

1135 2195 1136 2198 =
1163 2172 1258 2206 Haec
1289 2180 1371 2207 sunt
1402 2173 1509 2217 igitur
1539 2175 1644 2207 verba
1679 2174 1715 2206 in
1747 2181 1870 2209 octavo
1900 2173 2146 2220 physicorum:

1164 2221 1331 2270 φανερὸν
1352 2223 1391 2258 ἐκ
1412 2222 1542 2265 τοῦδε,
1577 2223 1631 2258 ὅτι
1656 2223 1819 2272 ἀνάγκη,
1850 2229 1941 2259 εἰναι
1964 2237 1999 2259 τι
2016 2224 2055 2260 ἓν
2083 2223 2146 2260 καὶ

1165 2272 1306 2315 ἀΐδιον,
1336 2272 1378 2309 τὸ
1403 2278 1553 2321 πρῶτον
1576 2277 1726 2316 κινοῦν,
1753 2276 1789 2308 id
1811 2282 1879 2309 est:
1913 2275 2145 2310 Manifestum

1136 2361 1137 2365 ,
1164 2333 1215 2360 est
1239 2323 1344 2367 hinc,
1377 2326 1572 2360 necessario
1595 2338 1707 2360 unum
1735 2326 1905 2371 quiddam
1935 2326 2088 2369 primum
2113 2333 2146 2361 et

1165 2383 1346 2410 aeternum
1364 2388 1455 2418 esse,
1482 2378 1576 2422 quod
1597 2383 1648 2410 est
1668 2376 1822 2420 primum
1839 2388 1997 2411 movens.
2036 2378 2146 2423 quue

1165 2428 1253 2462 dicit
1270 2438 1343 2461 esse
1361 2427 1563 2467 immobile,
1590 2427 1627 2459 id
1646 2432 1714 2467 est,
1740 2438 1813 2459 non
1838 2427 2011 2471 recipiens
2027 2428 2064 2460 in
2085 2440 2146 2461 sua

1165 2478 1315 2512 essentia
1356 2479 1580 2512 alterationes
1616 2482 1676 2510 aut
1713 2477 1986 2521 corruptionem.
2053 2477 2148 2512 Hinc

1165 2530 1232 2563 alia
1251 2529 1409 2574 quaestio
1426 2529 1557 2562 oritur:
1575 2525 1765 2570 Quomodo
1785 2528 1856 2572 agit
1870 2528 2005 2573 primus
2022 2537 2149 2571 motor,

1165 2593 1212 2614 an
1235 2581 1345 2613 libere
1373 2585 1406 2612 et
1428 2578 1690 2621 contingenter,
1717 2591 1762 2612 an
1785 2591 1868 2613 vero
1892 2580 2099 2616 necessario.

1588 2675 1670 2713 24*
