2379 2948
212 87 303 124 1451

211 175 349 218 reginae
367 171 531 205 nutrices.
571 168 770 211 Capiuntur
786 173 903 199 autem
920 164 1030 198 animi
1047 161 1196 198 humani

213 224 386 270 potentia,
410 223 557 267 opibus,
584 217 762 258 victoriis,
789 217 894 250 rebus
919 215 1100 256 secundis,
1134 227 1197 248 vo-

212 275 426 320 luptatibus,
451 273 529 305 ideo
551 269 655 303 multi
679 280 759 301 vere
780 273 906 311 putant
924 264 1015 299 hanc
1033 278 1104 299 esse
1121 266 1198 309 glo-

211 328 298 360 riam
316 323 508 359 Ecclesiae,
526 334 564 355 ac
578 326 775 366 sequuntur
792 330 867 352 eam
884 316 1091 356 Ecclesiam,
1109 328 1198 362 quae

212 376 265 410 liis
292 375 393 409 bonis
408 375 521 408 floret.

315 443 384 477 Sed
402 442 585 475 sciendum
605 447 672 480 est,
699 441 802 483 longe
820 439 926 472 aliam
953 450 1024 470 esse
1050 437 1198 481 speciem

215 492 512 531 veraeEcclesiae,
544 491 614 525 Nec
630 491 795 530 divitiae,
825 503 888 523 nec
905 495 1111 534 paupertas,
1137 500 1201 520 nec

214 545 368 588 potentia
381 571 389 587 ,
407 556 471 577 nec
493 543 665 581 miseriae,
685 555 749 575 nec
767 552 886 584 regum
906 539 1120 579 coniunctio,
1137 551 1199 571 nec

215 596 407 629 disiunctio
423 594 644 628 constituunt
663 591 866 627 Ecclesiam.
911 590 1027 632 Imago
1048 589 1200 634 proponi

214 654 326 690 potest
343 658 443 679 verae
453 645 630 679 Ecclesiae
649 657 688 677 ex
705 641 852 677 historia
870 643 963 676 exilii
977 640 1200 686 Babylonici,

215 699 265 730 ibi
286 697 474 742 imperium
499 697 695 741 plerunque
720 706 825 739 penes
851 693 978 737 impios
1001 703 1097 735 reges
1119 698 1202 731 erat,

216 755 249 782 et
272 755 389 782 tamen
413 748 556 781 interim
585 754 684 780 erant
709 753 826 779 coetus
860 744 1000 777 exulum
1029 742 1201 775 Israelita-

216 811 313 839 rum,
343 800 403 844 qui
423 799 473 832 ibi
491 799 727 841 vagabantur,
756 803 788 828 et
806 802 922 828 tamen
940 794 1082 826 interim
1102 799 1201 826 erant

217 857 335 883 coetus
354 851 495 883 exulum
514 848 753 881 Israe'litarum
770 873 778 886 ,
815 846 875 890 qui
895 845 942 876 ibi
971 844 1202 886 vagabuntur,

217 908 249 934 et
275 901 421 933 verbum
446 899 511 932 Dei
537 911 576 931 ac
601 909 701 930 veros
726 897 839 930 cultus
867 895 1137 940 profitebantur:
1166 892 1203 927 hi

217 963 343 994 magna
369 963 408 983 ex
430 956 529 994 parte
559 955 658 981 erant
683 946 845 981 homines
869 947 1008 991 inopes,
1036 946 1203 991 despecti,

217 1003 291 1036 sine
312 1001 514 1046 praesidiis,
530 999 674 1033 obnoxii
692 999 854 1032 saevitiae
870 1005 1103 1044 tyrannorum
1121 1009 1205 1041 pro-

217 1061 293 1098 pter
310 1052 586 1091 confessionem,
613 1057 651 1083 ut
670 1062 748 1083 cum
773 1058 842 1084 tres
868 1049 937 1082 viri
961 1050 1120 1082 nolentes
1143 1049 1205 1081 ad-

218 1116 317 1137 orare
337 1111 505 1143 statuam,
534 1102 814 1135 coniiciebantur
841 1101 877 1133 in
903 1101 1061 1133 flammas
1084 1101 1205 1133 sorna-

219 1156 277 1189 cis.
331 1154 516 1188 Interdum
534 1151 712 1186 habebant
731 1153 918 1185 adiunctos
934 1163 1048 1194 regeS,
1064 1152 1124 1184 sed
1141 1148 1206 1184 hos

219 1218 358 1252 quoque
398 1211 626 1239 exercuerunt
662 1204 881 1237 tristissimae
916 1214 1125 1242 aerumnae,
1166 1208 1207 1235 ut

219 1269 298 1291 cum
316 1257 596 1300 Nabogdonosor
612 1255 725 1299 coepit
740 1255 875 1294 furere,
903 1254 961 1286 sed
979 1266 1057 1286 cum
1074 1252 1206 1285 Darius

220 1308 348 1342 Medus
362 1307 563 1352 principum
585 1306 777 1350 impiorum
798 1304 1057 1349 conspiratione
1083 1305 1207 1342 victus,

221 1359 405 1393 Danielem
420 1358 549 1392 obiecit
565 1357 741 1391 leonibus.

323 1428 485 1473 Denique
509 1439 579 1459 non
605 1426 754 1459 dubium
779 1431 850 1463 est,
878 1422 1071 1457 Ecclesiam
1091 1422 1208 1455 omni-

223 1483 288 1515 bus
308 1480 477 1513 aetatibus
490 1505 497 1518 ‚
524 1484 557 1510 et
571 1477 709 1519 singula
725 1476 899 1511 membra,
929 1475 995 1507 alia
1013 1473 1126 1513 aliter,
1145 1484 1208 1515 op-

223 1531 371 1576 pugnari
390 1542 408 1562 a
424 1529 587 1570 diabolo,
616 1534 648 1560 et
663 1526 803 1569 organis
825 1525 915 1564 eius,
945 1531 976 1557 et
1003 1523 1108 1556 variis
1132 1535 1210 1555 mo-

224 1584 277 1615 dis
295 1580 495 1614 excruciari.
549 1578 647 1611 Sicut
664 1576 832 1610 historiae
855 1576 938 1607 iude
953 1586 1063 1619 usque
1081 1575 1123 1606 ab
1138 1574 1209 1606 ini-

223 1635 270 1667 tio
290 1632 501 1670 ostendunt,
528 1627 640 1666 Abel,
663 1625 845 1667 Abrahae,
870 1625 981 1662 Isaac,
1006 1625 1128 1664 lacob,
1145 1636 1209 1668 po-

224 1684 299 1729 puli
317 1681 500 1716 servientis
521 1681 558 1712 in
577 1677 751 1725 Aegypto:
781 1677 909 1710 deinde
930 1687 1071 1719 regum,
1100 1674 1210 1707 Davi-

225 1736 299 1778 dis,
317 1731 487 1766 Ezechiae
505 1738 538 1765 et
554 1731 676 1774 populi
694 1728 836 1762 abducti
856 1728 893 1760 in
915 1727 1072 1760 exilium.
1108 1725 1206 1758 Post-

226 1800 261 1819 ea
279 1784 464 1819 saevitium
480 1788 531 1814 est
550 1781 586 1813 in
607 1779 806 1819 Christum,
833 1777 1024 1821 Apostolos
1037 1805 1045 1818 ,
1072 1776 1209 1822 Marty—
1235 1789 1237 1794 ⁸

226 1848 290 1871 res.
345 1834 445 1867 Talis
465 1833 659 1877 plerunque
678 1837 728 1863 est
744 1829 919 1869 Ecclesia,
938 1829 1011 1861 siue
1027 1829 1099 1861 ulla
1119 1835 1211 1860 certa
1235 1838 1237 1864 ξ

226 1887 378 1921 liumana
397 1884 611 1918 defensione.
661 1882 750 1915 'Nam
767 1880 902 1913 etiamsi
918 1880 1095 1912 interdum
1114 1879 1212 1922 prin-
1236 1884 1237 1887 ’

227 1940 319 1983 cipes
343 1935 452 1980 aliqui
476 1941 556 1968 sunt
582 1933 783 1978 aequiores,
817 1938 933 1964 tamen
956 1930 992 1962 id
1027 1942 1210 1974 nunquam

229 1998 279 2023 est
304 1989 530 2023 diuturnum,
558 1991 597 2017 ut
620 1984 655 2016 in
675 1983 834 2028 Aegypto
855 1988 887 2014 et
904 1981 1087 2026 Babylone
1111 1981 1212 2024 pauci
1237 1991 1239 2002 ¹

229 2051 325 2083 reges
348 2039 493 2071 fuerunt
513 2036 574 2079 pii.
627 2033 673 2067 Et
696 2046 769 2067 non
794 2033 870 2066 vult
895 2032 994 2065 Deus
1018 2030 1211 2064 Ecclesiam

231 2091 298 2124 niti
330 2087 513 2133 praesidiis
549 2083 734 2122 humaniS,
766 2084 855 2116 sicut
889 2084 990 2115 docet
1018 2080 1212 2126 Propheta:

230 2141 347 2175 Nolite
365 2139 540 2172 confidere
557 2137 592 2169 in
610 2135 841 2180 principibuS,
868 2146 982 2178 neque
997 2134 1033 2165 in
1051 2134 1131 2166 filiis
1148 2132 1214 2166 ho-

230 2193 385 2230 minum,
413 2190 450 2222 in
467 2188 596 2233 quibus
614 2199 686 2220 non
706 2192 755 2220 est
773 2186 876 2219 salus.

333 2257 397 2292 Est
421 2257 528 2300 igitur
552 2253 727 2291 Ecclesia,
763 2253 952 2296 dissipatus
982 2258 1099 2284 coetus
1130 2263 1215 2284 exu-

234 2314 324 2353 lum,
355 2319 539 2347 erronum,
568 2307 831 2348 despectorum,
854 2303 914 2348 qui
933 2303 1068 2335 nullam
1087 2309 1215 2335 certam
1241 2298 1243 2350 ζ

234 2361 425 2395 humanam
454 2357 691 2391 defensionem
720 2353 844 2393 habet,
879 2354 952 2387 sive
984 2353 1055 2386 sint
1079 2353 1217 2393 divites,
1241 2351 1243 2386 l

236 2414 306 2445 sive
329 2420 519 2456 paupereS,
545 2420 642 2451 reges
664 2419 725 2440 seu
751 2407 860 2445 servi,
895 2416 1018 2438 omnes
1045 2411 1127 2437 sunt
1151 2405 1217 2436 ob—
1242 2396 1244 2434 l

237 2463 332 2496 noxii
357 2461 559 2504 ingentibus
588 2457 772 2504 periculiS,
806 2463 845 2490 ut
867 2455 1099 2490 Constantino
1124 2455 1219 2488 Lici-

238 2515 317 2546 nius
350 2512 617 2550 adversabatur,
655 2507 860 2542 Theodosio
885 2505 1067 2550 Eugenius
1092 2513 1125 2539 et
1148 2505 1218 2538 alii.

237 2565 305 2599 Sed
324 2570 460 2606 oportet
478 2562 514 2593 in
535 2559 602 2594 hoe
618 2561 780 2604 despecto
799 2566 900 2592 coetu
923 2558 1040 2590 lucere
1060 2555 1219 2601 Evange-

236 2617 342 2654 lium,
368 2624 406 2646 ac
423 2624 539 2644 veram
555 2611 621 2645 Dei
636 2610 825 2650 noticiam,
853 2616 887 2643 et
902 2609 1030 2642 multas
1050 2608 1220 2642 excellen-
1243 2584 1247 2666 l

238 2674 288 2700 tes
305 2664 451 2698 virtutes
469 2663 507 2694 in
523 2662 749 2697 consessione.

803 78 929 114 PHlL.
957 77 1072 112 MEL.
1107 75 1319 112 SCRIPTA
1352 75 1652 112 EXEGETICA.

1240 2260 1242 2287 ζ
1269 2257 1302 2284 et
1321 2249 1479 2283 Davidis.

2138 77 2234 116 1452

1350 163 1409 198 Sic
1433 176 1506 197 non
1531 164 1646 197 solum
1674 164 1711 197 in
1736 165 1903 209 exemplis
1920 164 2077 200 Ecclesia
2101 179 2231 212 propo-

1248 215 1347 248 nitur
1368 215 1479 248 oculis
1504 214 1610 249 totius
1635 216 1782 257 mundi,
1808 217 1867 249 sed
1892 217 1994 250 etiam
2019 217 2098 250 talis
2117 219 2232 261 pingi-

1249 273 1306 300 tur
1322 266 1360 298 in
1375 266 1606 299 concionibus
1623 267 1784 300 omnium
1800 264 2077 311 Prophetarum,
2097 266 2233 302 Christi

1251 324 1283 350 et
1309 316 1574 361 Apostolorum.
1628 316 1768 351 Psalmo
1792 316 1870 352 43.:
1899 317 2038 352 Dedisti
2066 330 2131 352 nos
2155 325 2235 352 tan-

1251 380 1355 413 quam
1373 380 1454 401 oves
1473 380 1628 401 escarum
1640 395 1649 408 ,
1667 375 1699 402 et
1717 368 1753 401 in
1769 369 1932 411 gentibus
1949 369 2142 413 dispersisti
2160 381 2235 404 nOS.

1252 419 1349 452 Haec
1372 420 1490 452 omnia
1516 426 1689 452 venerunt
1713 431 1817 463 super
1842 431 1924 460 nOS,
1960 432 2023 453 nec
2048 421 2151 454 obliti
2177 431 2235 453 su-

1251 481 1329 503 mus
1344 476 1394 510 te,
1424 477 1457 503 et
1481 470 1603 517 inique
1629 482 1700 503 non
1727 470 1861 514 egimus
1885 470 1922 503 in
1939 477 2145 505 testamento
2165 477 2236 506 tuo‘.

1251 520 1400 564 Propter
1415 527 1447 553 te
1463 521 1715 554 mortificamur
1733 528 1804 555 tota
1823 522 1899 561 die,
1927 522 2100 555 aestimati
2117 533 2237 555 sumus

1252 572 1342 605 sicut
1367 583 1449 604 oves
1475 571 1674 606 occisionis.
1737 571 1863 605 Esaiae
1889 572 1967 607 30.:
2003 572 2112 606 Dabit
2136 572 2237 606 vobis

1251 622 1427 655 Dominus
1459 634 1585 666 panem
1615 629 1769 662 arctum,
1798 629 1832 656 et
1856 635 1981 668 aquam
2009 624 2170 664 brevem,
2205 630 2239 656 et

1253 685 1325 706 non
1348 674 1440 706 sinet
1466 674 1606 706 avolare
1632 686 1649 705 a
1675 679 1707 706 te
1727 673 1817 706 ultra
1834 674 2013 707 doctorem
2030 681 2143 709 tuum.
2198 673 2239 706 ln

1254 722 1321 757 hoc
1338 725 1432 757 dicto
1451 731 1483 758 et
1503 724 1678 769 plerisque
1697 724 1873 757 similibus
1892 725 2002 758 multa
2025 725 2130 758 simul
2154 737 2239 758 con—

1253 776 1423 808 tinentur.
1468 774 1702 818 Praecipuum
1720 786 1849 808 munus
1866 781 1916 808 est
1935 775 2130 817 Ecclesiae,
2156 788 2240 820 pro—

1254 826 1356 859 fessio
1376 824 1572 869 Evangelii.
1629 824 1711 858 Ideo
1737 825 1802 858 ait:
1826 825 1907 859 Non
1925 826 2015 860 sinet
2028 827 2158 860 auferri
2175 827 2240 860 do-

1255 884 1386 910 ctorem
1411 883 1522 912 tuum.
1586 875 1743 916 Deinde,
1777 888 1821 909 ne
1852 877 1993 921 penitus
2017 878 2241 921 extinguatur

1255 928 1383 961 noticia
1401 927 1486 968 Dei,
1513 927 1606 961 Deus
1625 934 1810 961 conservat
1826 925 2041 970 Ecclesiam,
2067 935 2100 961 et
2124 930 2182 962 dat
2208 929 2241 961 ei

1256 980 1374 1024 aliqua
1399 977 1552 1023 hospitia
1585 986 1618 1013 et
1644 979 1786 1014 victum.
1842 978 1925 1012 Ideo
1951 980 2096 1013 dicitur:
2133 978 2242 1013 Dabit

1256 1031 1359 1064 vobis
1392 1030 1568 1064 Dominus
1600 1043 1724 1075 panem
1763 1037 1796 1064 et
1826 1042 1965 1075 aquam.
2027 1029 2094 1064 Sed
2124 1037 2241 1064 tamen

1256 1081 1412 1115 Ecclesia
1427 1094 1564 1126 semper
1588 1088 1639 1115 est
1662 1082 1816 1115 subiecta
1835 1082 1941 1116 cruci.
1996 1080 2079 1114 Ideo
2097 1081 2241 1115 dicitur:

1256 1132 1386 1166 Panem
1406 1141 1560 1174 arctum,
1589 1140 1623 1166 et
1637 1145 1763 1177 aquam
1780 1133 1936 1167 brevem.
1977 1132 2105 1175 Magna
2126 1139 2243 1166 autem

1258 1185 1452 1217 consolatio
1479 1190 1547 1224 est,
1575 1185 1668 1229 quod
1697 1190 1842 1217 testatur
1866 1183 1903 1216 in
1924 1181 1980 1216 his
1998 1183 2164 1224 miseriis,
2192 1190 2245 1216 ta—

1258 1248 1338 1268 men
1370 1247 1440 1268 non
1476 1235 1699 1269 interituram
1733 1246 1816 1269 esse.
1874 1232 2038 1280 Denique
2069 1232 2127 1267 hic
2150 1241 2245 1268 totus

1258 1286 1419 1319 Psalmus
1442 1287 1562 1324 docet,
1596 1284 1790 1318 Ecclesiam
1819 1286 2010 1319 subiectam
2037 1297 2109 1318 esse
2139 1285 2246 1325 cruci,

1259 1344 1292 1370 et
1318 1335 1375 1369 hic
1402 1337 1596 1369 versiculus
1627 1336 1719 1369 idem
1753 1337 1896 1380 repetit,
1928 1348 2007 1370 cum
2034 1336 2093 1370 ait:
2127 1335 2246 1380 Lapis,

1259 1400 1362 1432 quem
1381 1387 1658 1431 reprobaverunt
1676 1385 1908 1419 aedificantes.

1362 1437 1576 1481 Quanquam
1605 1436 1711 1479 igitur
1729 1433 1884 1468 humana
1911 1443 1943 1469 et
1971 1437 2124 1469 carnalia
2153 1436 2247 1469 iudi-

1260 1489 1312 1521 cia
1331 1488 1479 1520 offendit
1497 1485 1581 1519 haec
1601 1487 1730 1529 species
1746 1484 1941 1524 Ecclesiae,
1970 1489 2064 1531 quod
2089 1499 2162 1520 non
2183 1484 2246 1519 ha-

1263 1540 1320 1572 bet
1342 1538 1491 1580 gloriam
1523 1537 1673 1569 similem
1708 1537 1882 1580 imperiis,
1909 1544 2000 1571 certa
2025 1549 2150 1581 regna,
2185 1550 2248 1582 po-

1260 1589 1424 1629 tentiam,
1442 1600 1543 1632 opes,
1561 1588 1754 1632 praesidia,
1780 1588 2021 1621 defensionem
2045 1586 2249 1628 humanam,

1261 1641 1320 1674 sed
1337 1647 1385 1673 est
1404 1639 1586 1683 dissipata,
1614 1639 1786 1672 laceratur
1808 1651 1826 1671 a
1843 1640 2003 1684 tyrannis
2029 1647 2061 1672 et
2086 1639 2164 1672 aliis
2182 1640 2249 1672 im-

1261 1692 1344 1736 piis:
1374 1698 1489 1724 tamen
1515 1690 1656 1723 interim
1684 1688 1788 1723 habet
1813 1690 2059 1723 admirandam
2083 1697 2116 1723 et
2133 1702 2250 1723 veram

1263 1742 1410 1785 gloriam
1443 1741 1696 1785 multiplicem,
1730 1741 1935 1773 dissimilem
1969 1753 2177 1784 regnorum,
2212 1747 2251 1774 ut

1263 1793 1420 1827 Danielis
1440 1793 1568 1835 gloria,
1593 1792 1721 1824 servati
1743 1792 1834 1825 inter
1859 1792 1996 1833 leones,
2025 1801 2158 1837 quanto
2176 1804 2249 1824 ma-

1235 1871 1237 1882 ,
1264 1845 1318 1876 ior
1342 1851 1412 1883 est,
1448 1855 1552 1888 quam
1578 1843 1688 1884 gloria
1714 1843 1876 1876 omnium
1910 1854 2029 1886 regum
2054 1842 2250 1888 Babyloni-

1264 1907 1398 1929 corum.

1365 1943 1663 1978 Enumerabimus
1681 1951 1794 1977 autem
1815 1945 1951 1989 aliquos
1969 1945 2107 1987 gradus.

1368 1995 1509 2028 Primus
1533 2002 1601 2031 est,
1632 1993 1760 2028 habere
1785 1997 1929 2029 verbum
1956 1993 2021 2028 Dei
2041 2003 2193 2034 certum,
2220 2002 2252 2029 et

1268 2046 1483 2090 agnitionem
1502 2046 1574 2077 veri
1591 2045 1674 2085 Dei,
1698 2046 1819 2078 iudicii
1837 2046 1968 2086 divini,
1987 2053 2018 2079 et
2035 2046 2125 2079 vitae
2139 2053 2253 2080 aeter-

1267 2110 1349 2137 nae,
1382 2104 1415 2130 et
1449 2097 1586 2129 futurae
1618 2097 1759 2139 gloriae.
1821 2096 1971 2140 Propter
2000 2096 2089 2130 hanc
2113 2108 2251 2131 causam

1267 2148 1414 2186 Paulus,
1430 2145 1560 2191 Ephes.
1577 2148 1631 2180 2:
1660 2148 1849 2182 Credentes
1865 2147 2059 2190 Evangelio
2079 2156 2178 2183 vocat
2197 2148 2253 2181 lu-

1268 2211 1388 2232 cernas
1415 2199 1452 2230 in
1478 2200 1624 2233 mundo.
1677 2197 1722 2231 Et
1748 2199 1925 2242 pertinent
1951 2196 2018 2232 huc
2035 2199 2126 2233 dicta
2146 2199 2254 2233 Moisi

1534 2250 1679 2284 Denter.
1698 2248 1732 2282 4.
1760 2248 1816 2282 En
1845 2250 1998 2297 populus
2015 2249 2171 2293 sapiens,
2200 2251 2254 2283 in-

1270 2301 1431 2343 telligens
1449 2307 1479 2333 et
1496 2311 1578 2342 gens
1594 2311 1728 2342 magna.
1781 2299 1851 2333 Nec
1868 2307 1918 2334 est
1934 2300 2002 2334 alia
2026 2301 2122 2334 natio
2145 2308 2254 2341 tanta,

1271 2364 1359 2397 quae
1384 2349 1510 2384 habeat
1534 2350 1648 2385 Deum
1674 2351 2017 2396 appropinquantem
2047 2352 2133 2392 sibi,
2167 2353 2256 2386 sicut

1270 2405 1368 2438 Deus
1389 2409 1506 2435 noster
1522 2403 1618 2435 adest
1636 2402 1769 2434 cunctis
1784 2403 2086 2436 obsecrationibus
2103 2404 2240 2437 nostris.

1372 2452 1440 2486 Hic
1473 2451 1603 2486 Moises
1633 2453 1810 2496 praedicat
1839 2451 1905 2486 hoc
1940 2465 2115 2486 summum
2149 2455 2253 2487 bene-

1271 2506 1405 2544 ficium,
1451 2503 1703 2547 possessionem
1733 2504 1829 2537 verbi
1853 2503 1940 2544 Dei,
1976 2511 2009 2539 et
2039 2505 2253 2547 agnitionem

1271 2556 1345 2589 veri
1361 2554 1447 2595 Dei,
1463 2555 1505 2587 ad
1525 2566 1612 2599 quae
1629 2555 1721 2587 dona
1739 2555 1872 2588 accedit
1891 2562 1923 2589 et
1937 2553 2021 2596 hoc,
2040 2556 2131 2599 quod
2152 2556 2255 2600 longe

1271 2607 1464 2639 maximum
1491 2612 1541 2638 est
1565 2605 1744 2645 omnium,
1774 2607 1868 2650 quod
1893 2612 1986 2639 certo
2011 2606 2072 2638 scit
2094 2604 2256 2647 Ecclesia,

1245 2667 1247 2677 ³
1273 2670 1306 2691 se
1322 2668 1424 2691 curae
1442 2667 1513 2689 esse
1532 2655 1625 2697 Deo,
1651 2663 1683 2690 et
1701 2657 1743 2689 ab
1761 2669 1800 2689 eo
1821 2657 1979 2690 exaudiri
1997 2663 2026 2689 et
2045 2657 2189 2695 salvari,
2212 2659 2254 2691 de
