2379 2948
214 123 286 157 603
445 114 655 154 SCRIPTA
682 114 758 150 PH.
785 110 900 148 MEL.
929 110 994 148 AD
1020 110 1151 147 HIST.
1176 108 1320 148 PROF.
1349 109 1415 147 ET
1439 109 1633 146 PHlLOS.
1661 108 1981 148 SPECTANTIA.
2150 115 2224 150 604

368 202 523 238 Ecclesia
541 200 756 239 servabitur,

371 255 498 289 Semen
516 248 679 285 Abrahae
697 256 747 282 est
764 246 938 290 Ecclesia,

368 303 461 346 Ergo
498 303 545 335 sic
573 300 789 342 servabitur,
828 311 902 333 non
928 298 1103 333 delebitur
1127 296 1194 332 hoc

418 353 608 397 templum,
635 358 699 385 etc.

318 404 485 447 Neganda
505 409 556 436 est
578 400 850 459 consequentia,
878 400 961 445 quia
981 399 1060 445 plus
1082 405 1133 433 est
1156 397 1194 431 in

217 456 461 493 conclusione,
488 465 591 499 quam
608 452 700 486 suit
691 464 728 485 in
745 451 952 496 praemissis.

317 506 423 550 Apud
440 503 645 538 Ciceronem
670 503 706 535 in
732 503 844 546 primo
866 502 958 535 libro
986 501 1029 534 de
1044 498 1197 535 Oratore

218 558 298 591 talis
316 564 366 591 est
382 555 533 590 Antonii
549 554 789 599 syllogismus:

371 606 516 640 Inutilia
535 617 607 637 non
624 611 704 637 sunt
719 603 883 636 discenda
897 629 907 643 ‚

368 656 411 690 In
430 652 660 698 Philosophia
678 654 786 687 multa
801 662 884 687 sunt
901 651 1059 693 inutilia,

371 706 483 750 Igitur
501 702 730 748 Philosophia
748 716 820 736 non
838 710 888 737 est
908 703 1085 736 discenda.

320 757 486 801 Neganda
513 763 562 788 est
583 754 847 811 consequentia,
880 754 962 798 quia
987 753 1066 797 plus
1088 758 1139 785 est
1161 751 1198 784 in

217 809 464 847 conclusione,
491 818 593 851 quani
611 806 704 837 suit
696 817 732 836 ln
751 804 961 847 praemissis.
999 803 1088 837 Nam
1114 800 1198 835 llaec

220 859 397 894 conclusio
410 864 545 891 tantum
565 856 646 888 inde
663 855 836 900 sequitur.
863 855 949 888 Illae
966 855 1108 888 inutiles
1125 865 1199 886 ma-

219 910 325 944 teriae
344 908 518 942 admixtae
534 918 606 939 non
623 913 705 939 sunt
720 905 916 940 discendae.

320 959 419 994 Talis
435 964 485 990 est
501 964 533 991 et
551 956 696 1000 Epicuri
713 956 953 1001 syllogismus:

372 1008 578 1042 lnordinata
596 1019 668 1040 non
688 1014 769 1040 sunt
785 1020 803 1040 a
822 1007 917 1044 Deo,

371 1060 413 1094 In
430 1066 556 1092 natura
572 1058 682 1091 multa
699 1065 780 1090 sunt
796 1057 1018 1100 inordinata,

372 1108 467 1152 Ergo
486 1115 610 1141 natura
631 1120 702 1140 non
719 1113 768 1139 est
785 1119 803 1140 a
820 1107 906 1142 Deo.

321 1160 490 1204 Neganda
507 1165 557 1191 est
581 1158 851 1202 consequentia,
879 1157 960 1202 quia
984 1154 1070 1189 haec
1094 1154 1201 1189 debe-

220 1214 279 1246 bat
295 1223 364 1245 esse
380 1209 570 1244 conclusio.
621 1207 714 1251 Ergo
733 1209 934 1241 inordinata
951 1208 1010 1240 illa
1028 1218 1101 1239 non
1119 1212 1201 1239 sunt

221 1276 238 1297 a
258 1263 350 1302 Deo,
380 1261 475 1306 quod
493 1272 614 1292 verum
634 1265 684 1291 est
703 1260 745 1292 de
771 1266 928 1302 peccato,
958 1265 990 1291 et
1012 1255 1201 1290 horrendis

220 1313 400 1347 furoribus
416 1311 551 1355 generis
570 1307 726 1342 humani.

323 1364 375 1396 Ac
391 1362 578 1403 diligenter
596 1360 834 1392 observandae
854 1365 935 1392 sunt
955 1369 1097 1392 casuum
1121 1370 1201 1391 mu-

220 1413 369 1447 tationes
381 1439 390 1452 ,
417 1411 498 1456 quia
515 1411 692 1443 interdum
712 1416 794 1443 sunt
811 1409 1000 1443 insidiosae
1012 1435 1019 1449 ‚
1048 1415 1080 1442 et
1093 1415 1200 1442 totam

221 1464 431 1498 sententiam
453 1467 600 1494 mutant.

374 1512 463 1547 Fide
481 1522 600 1545 sumus
616 1510 717 1552 iusti,

375 1563 479 1596 Fides
496 1568 545 1595 est
565 1573 671 1604 opus,

375 1611 468 1655 Ergo
486 1618 628 1655 propter
646 1621 752 1654 opera
771 1620 891 1643 sumus
911 1610 1008 1643 iusti.

325 1663 393 1697 Hic
409 1662 591 1707 particula,
610 1661 769 1705 Propter,
786 1660 877 1705 parit
896 1657 1105 1694 sententiam
1118 1658 1203 1692 alie·
1224 1692 1225 1697 ¹

223 1726 306 1749 nam
322 1727 339 1748 a
358 1713 574 1758 praemissis,
596 1712 676 1756 quia
693 1724 772 1744 cum
798 1710 944 1744 dicitur:
973 1710 1060 1744 Fide
1084 1720 1205 1743 sumus

224 1766 327 1806 iusti,
355 1777 428 1797 non
448 1761 515 1797 hoc
531 1763 680 1803 dicitur,
706 1767 851 1806 propter
866 1762 1073 1805 dignitatem
1092 1760 1204 1793 nostri

224 1815 340 1859 operis
363 1826 426 1848 nos
450 1814 558 1847 iustos
582 1824 673 1853 esse,
706 1813 766 1845 sed
791 1812 917 1846 fiducia
944 1811 1204 1847 misericordiae

224 1865 415 1910 promissae
431 1871 573 1909 propter
589 1864 700 1897 filium
721 1861 799 1898 Dei.

614 1946 825 1992 Septima.

330 2015 472 2049 Medius
485 2014 656 2049 terminus
673 2026 853 2061 nunquam
866 2013 903 2047 fit
914 2013 1110 2047 membrum
1121 2025 1206 2046 con-

228 2067 395 2101 clusionis
408 2093 416 2108 ‚
444 2066 525 2111 quia
545 2077 645 2098 causa
662 2072 712 2098 est
730 2065 766 2096 in
783 2064 981 2108 praemissis
1003 2071 1207 2105 monstrata,

228 2124 371 2163 propter
389 2129 494 2164 quam
512 2115 638 2161 reliqui
657 2116 727 2148 duo
744 2115 887 2148 termini
905 2112 1104 2150 cohaerent.

622 2197 806 2233 Octava.

331 2268 519 2304 Conclusio
546 2279 681 2311 semper
712 2266 869 2299 imitatur
897 2272 1029 2309 partem
1057 2265 1208 2299 debilio-

229 2332 313 2354 rem.
366 2319 447 2352 Ideo
473 2330 609 2362 semper
634 2317 879 2362 particularem
905 2316 1130 2360 praemissam
1155 2327 1208 2348 se-

231 2371 352 2415 quitur
376 2370 556 2402 conclusio
579 2368 810 2413 particularis.
862 2366 969 2400 Item:
1004 2366 1207 2411 Negativam

230 2421 454 2463 praemissam
473 2420 631 2465 sequitur
648 2419 826 2453 conclusio
843 2417 1013 2461 negativa.

650 2503 783 2539 Nona.

334 2568 587 2605 Determinatio
617 2572 764 2605 subiecti
787 2578 846 2605 aut
878 2569 1087 2615 praedicati,
1122 2582 1209 2615 quae

232 2632 306 2654 non
325 2627 373 2653 est
391 2621 582 2665 principale
599 2623 810 2662 membrum,
835 2633 906 2655 non
924 2622 1110 2655 misceatur
1123 2633 1210 2654 con—

233 2671 401 2711 clusioni,
429 2677 482 2704 ut:

1399 195 1535 231 Omnes
1554 195 1641 229 boni
1661 195 1802 229 affectus
1825 196 1863 228 in
1887 194 2030 231 homine
2054 200 2225 234 contami-

1451 253 1582 280 uantur
1599 247 1642 279 ab
1660 246 1901 280 imbecillitate
1920 244 2090 289 humana,

1398 294 1554 344 στοργαὶ
1572 303 1653 331 sunt
1670 308 1730 340 per
1747 308 1781 330 se
1797 297 1881 330 boni
1897 296 2051 342 affectus,

1401 344 1496 391 Ergo
1517 344 1670 395 στοργαὶ
1688 359 1748 391 per
1763 358 1799 381 se
1816 347 2114 382 contaminantur.

1350 395 1446 431 Haec
1462 398 1645 442 particula,
1666 397 1733 431 Per
1749 409 1797 438 se,
1814 409 1887 431 non
1903 397 1970 431 fuit
1987 398 2227 433 transferenda

1249 445 1288 479 in
1313 448 1595 490 conclusionem,
1621 448 1702 493 quia
1729 460 1802 482 non
1828 456 1878 482 est
1900 447 2093 492 principale
2117 460 2228 481 mem-

1250 497 1365 539 brum,
1392 510 1456 532 nec
1475 501 1518 533 ad
1535 499 1774 544 praedicatum
1792 498 2027 533 conclusionis
2043 498 2205 543 pertinet.

1645 582 1839 617 Decima.

1356 646 1398 681 In
1420 647 1533 692 prima
1548 654 1582 682 et
1596 650 1746 683 secunda
1761 650 1870 693 figura
1893 650 2006 683 maior
2029 661 2165 694 semper
2188 648 2232 682 sit

1251 698 1479 740 universalis,
1513 699 1594 744 qnia
1624 699 1662 731 in
1687 700 1798 744 prima
1832 700 2034 744 proceditur
2064 712 2082 733 a
2107 710 2232 743 genere

1251 749 1499 783 universaliter
1516 751 1557 782 ad
1578 749 1737 794 speciem.
1791 749 1860 784 Sed
1876 751 1913 783 in
1937 751 2087 784 secunda
2113 751 2234 793 figura,

1253 812 1341 844 quae
1377 807 1512 834 tantum
1546 807 1595 834 est
1630 800 1929 833 adversativarum
1957 800 2233 844 argumentatio-

1252 862 1357 889 num,
1385 851 1502 884 minor
1516 857 1548 884 et
1566 851 1743 884 conclusio
1762 862 1823 894 per
1843 852 2176 894 contrapositionem
2193 862 2232 883 ex

1253 901 1386 934 maiore
1410 901 1624 935 inferuntur.
1677 901 1822 935 Necesse
1847 908 1897 935 est
1926 901 2032 944 igitur
2062 901 2232 934 maiorem

1253 952 1488 986 universalem
1505 963 1597 993 esse,
1624 958 1679 985 ut:

1406 1000 1535 1036 Omnis
1549 1000 1656 1036 homo
1673 1009 1724 1035 est
1740 1001 1890 1042 animal,

1404 1051 1532 1086 Nullus
1549 1053 1637 1097 lapis
1655 1060 1705 1086 est
1721 1053 1868 1090 animal,

1403 1100 1499 1146 Ergo
1516 1104 1637 1137 nullus
1653 1103 1741 1148 lapis
1758 1110 1808 1136 est
1825 1100 1944 1138 homo.

1357 1159 1430 1194 Iam
1451 1162 1478 1195 si
1497 1162 1611 1195 maior
1628 1168 1743 1206 posset
1758 1173 1829 1194 esse
1848 1161 2085 1205 particularis,
2111 1172 2235 1207 seque-

1254 1217 1351 1245 retur
1366 1212 1450 1245 falsa
1468 1213 1666 1246 conclusio:

1408 1262 1597 1305 Quoddam
1613 1263 1744 1297 animal
1763 1269 1812 1296 est
1831 1259 1950 1303 homo,

1406 1313 1536 1347 Nullus
1554 1313 1673 1347 asinus
1691 1321 1741 1347 est
1759 1311 1880 1353 homo,

1406 1362 1502 1406 Ergo
1516 1364 1637 1397 nullus
1649 1364 1767 1396 asinus
1782 1370 1831 1396 est
1843 1362 1986 1395 animal.

1404 1428 1586 1472 Quaedam
1603 1430 1729 1463 delicta
1748 1428 1946 1472 puniuntur
1962 1440 1982 1462 a
1999 1429 2214 1473 magistratu,

1407 1479 1513 1514 Nulla
1533 1480 1683 1514 ebrietas
1702 1480 1868 1523 punitur,

1407 1528 1503 1573 Ergo
1524 1531 1622 1564 nulla
1639 1530 1789 1563 ebrietas
1806 1536 1855 1562 est
1873 1529 2051 1562 delictum.

1357 1587 1526 1632 Neganda
1546 1597 1596 1623 est
1619 1588 1887 1633 consequentia,
1916 1587 1998 1632 quia
2024 1587 2062 1621 in
2085 1591 2237 1625 secunda

1256 1639 1367 1683 figura
1383 1650 1522 1673 necesse
1538 1646 1588 1673 est
1605 1639 1774 1672 maiorem
1791 1638 2026 1672 universalem
2043 1651 2126 1681 esse,
2153 1642 2236 1686 quia

1258 1691 1296 1723 in
1312 1692 1464 1724 secunda
1483 1691 1592 1733 figura
1609 1690 1728 1723 minor
1752 1696 1785 1723 et
1808 1689 1987 1722 conclusio
2010 1701 2073 1734 per
2096 1699 2236 1726 contra-

1258 1741 1469 1786 positionem
1488 1741 1691 1774 inferuntur
1705 1752 1745 1773 ex
1760 1739 1911 1780 maiore,
1937 1745 1994 1773 ut:

1413 1789 1546 1824 Omnia
1565 1791 1691 1824 delicta
1710 1791 1908 1835 puniuntur
1923 1801 1942 1823 a
1958 1791 2174 1834 magistratu,

1412 1840 1506 1884 Ergo
1524 1843 1618 1887 quod
1636 1854 1707 1875 non
1725 1841 1889 1886 punitur,
1913 1847 1952 1874 ut
1969 1841 2136 1884 ebrietas,
2162 1854 2236 1876 uon

1462 1899 1513 1926 est
1529 1893 1708 1926 delictum.

1361 1950 1456 1985 Haec
1474 1951 1722 1995 consequentia
1741 1950 1843 1989 valet,
1871 1951 1929 1983 sed
1950 1950 2062 1983 maior
2072 1950 2157 1984 falsa
2177 1958 2238 1992 est,

1260 2002 1342 2048 quia
1359 2002 1581 2045 magistratus
1598 2002 1768 2046 quaedam
1786 2001 1912 2034 delicta
1933 2000 2088 2044 negligit.

1624 2084 1878 2121 Undecima.

1363 2154 1403 2188 ln
1429 2154 1541 2198 prima
1564 2153 1692 2195 figura,
1727 2164 1806 2185 cum
1836 2152 1954 2185 minor
1987 2159 2038 2186 est
2067 2153 2238 2196 negativa,

1262 2203 1354 2240 nihil
1372 2205 1539 2250 sequitur.
1579 2202 1626 2236 Et
1644 2204 1824 2247 perspicua
1843 2214 1945 2236 causa
1963 2210 2032 2242 est,
2059 2205 2139 2249 quia
2158 2216 2236 2237 cum

1262 2257 1374 2301 prima
1393 2257 1501 2296 figura
1519 2254 1683 2299 procedat
1699 2265 1717 2286 a
1735 2265 1860 2296 genere
1877 2255 1921 2286 ad
1939 2254 2102 2297 speciem,
2129 2266 2236 2298 opor-

1262 2315 1310 2341 tet
1328 2307 1363 2339 in
1380 2307 1536 2340 subiecto
1556 2304 1698 2337 maioris
1722 2304 1856 2337 includi
1880 2305 2040 2348 speciem.
2090 2304 2236 2338 Necesse

1261 2365 1312 2392 est
1330 2358 1436 2401 igitur
1457 2356 1700 2389 affirmativam
1719 2366 1807 2388 esse:

1414 2405 1533 2441 Omne
1552 2405 1765 2439 adulterium
1783 2412 1831 2439 est
1850 2405 2086 2449 puniendum,

1412 2456 1560 2490 Nullum
1578 2457 1710 2489 furtum
1728 2463 1777 2489 est
1794 2456 2021 2495 adulterium,

1412 2506 1507 2550 Ergo
1526 2507 1664 2539 nullum
1682 2507 1814 2540 furtum
1831 2513 1881 2539 est
1898 2505 2126 2550 puniendum.

1361 2565 1526 2609 Neganda
1556 2573 1604 2598 est
1635 2564 1881 2609 consequentia
1893 2590 1901 2604 ,
1932 2564 2015 2608 qnia
2040 2564 2234 2597 subiectum

1262 2617 1410 2651 minoris
1428 2629 1499 2649 non
1517 2616 1711 2648 includitur
1728 2615 1764 2647 in
1781 2614 1934 2648 subiecto
1958 2614 2115 2655 maioris,
2140 2616 2235 2659 quod

1262 2669 1299 2701 in
1316 2668 1428 2712 prima
1444 2668 1552 2711 figura
1570 2666 1643 2700 fieri
1663 2671 1811 2710 oportet.

2375 1409 2379 1427 ι

2374 1438 2379 1474 l
