2379 2948
161 109 232 142 227

163 187 442 235 progressionem
461 185 605 217 fixarum
630 179 809 213 stellarum
827 176 966 217 attinet,
992 177 1140 220 singulis

165 247 305 273 centum
333 237 435 270 annis
461 235 531 266 sere
561 232 706 273 gradum
730 227 887 268 conficit,
913 228 999 261 alias
1025 235 1141 262 tamen

163 289 219 323 hic
236 290 308 332 ipse
323 293 437 319 motus
457 282 608 320 tardior,
634 280 720 312 alias
737 279 884 312 celerior
900 284 960 311 est.

265 345 317 378 De
334 344 441 376 altero
461 351 562 379 vero,
588 345 664 372 tum
680 338 717 370 in
735 343 912 378 austrum,
939 343 1014 370 tum
1037 337 1074 369 in
1090 347 1144 369 se-

165 394 399 441 ptentrionem
416 388 484 423 hoc
510 390 586 422 loco
600 389 736 421 discant
760 387 941 430 rudiores,
969 398 1143 420 accessum

167 454 198 480 et
216 453 387 478 recessum
409 440 598 473 tardiorem
615 450 706 479 esse,
734 438 780 471 ita
797 444 836 471 ut
860 438 1144 470 animadversum

167 497 211 528 sit
227 491 496 527 declinationem
516 489 702 522 maximam
723 488 816 522 Solis
838 487 1008 532 paulatim
1024 499 1043 521 a
1060 486 1146 520 Pto-

167 544 269 577 lemei
285 550 441 585 tempore
458 540 668 574 diminutam
686 550 767 573 esse.

267 592 356 626 Cum
375 598 489 625 autem
509 597 628 623 octava
652 587 797 633 sphaera
815 589 979 621 mirando
997 587 1146 620 consilio

167 645 234 679 Dei
258 649 400 687 propter
423 648 551 680 terrae,
578 641 666 673 aeris
688 646 720 673 et
745 639 979 672 animantium
1001 638 1147 671 salutem

168 700 292 727 ornata
315 692 377 732 sit,
403 692 616 735 aspiciantur
638 691 741 724 ctiam
769 689 888 722 stellae
913 689 1016 725 fixae,
1044 694 1077 721 et
1094 687 1150 720 di-

170 750 312 778 scantur
334 743 478 774 nomina
502 748 534 774 et
559 740 692 784 positus
714 739 931 783 aliquarum,
958 750 1046 782 quae
1069 744 1151 771 sunt

170 795 339 836 insignes.
384 791 457 825 Nec
474 798 635 835 putemus
652 789 735 823 haec
753 797 824 823 tam
842 786 987 833 pulchra
1004 800 1151 832 corpora

170 846 299 877 frustra
318 842 458 876 condita
485 853 575 879 esse,
603 840 807 884 praesertim
831 851 910 872 cum
939 839 1151 882 experientia

171 895 354 927 manifeste
371 893 531 925 ostendat
548 891 734 924 dissimiles
750 890 854 923 etiam
871 889 1017 922 fixarum
1034 890 1152 922 stella-

171 957 250 978 rum
267 944 358 976 vires
373 953 458 977 esse.
509 941 595 975 Sirii
612 948 729 974 ortum
747 940 861 972 omnis
879 939 1071 984 antiquitas
1088 940 1154 972 ob-

173 994 341 1034 servavit,
365 999 396 1026 et
412 992 582 1026 iudicavit
600 991 725 1024 noxios
743 996 856 1023 aestus
877 990 1011 1022 efficere
1023 1016 1033 1031 ,
1064 990 1153 1023 sicut

173 1044 350 1078 Homerus
367 1053 507 1087 quoque
526 1047 672 1075 testatur
687 1040 817 1073 Iliados
833 1041 910 1074 22:

224 1104 325 1142 Quem
341 1106 439 1133 senior
455 1102 590 1132 Priamus
601 1124 609 1138 ‚
637 1103 751 1140 primus
773 1102 929 1138 conspexit
944 1103 976 1128 in
994 1102 1081 1129 armis

224 1155 400 1193 Fulgentem
414 1155 508 1182 veluti
525 1151 634 1189 Sidus,
662 1152 744 1191 quod
762 1149 834 1180 Sole
850 1152 966 1189 relicto,

222 1205 330 1235 Anteit
346 1211 541 1239 autumnum,
567 1209 789 1242 nocturnosque
806 1203 915 1230 eminet
931 1203 1008 1231 inter

223 1254 310 1295 Ignes
328 1262 416 1295 atque
433 1264 486 1283 suo
506 1255 599 1282 vincit
615 1253 772 1291 splendore
788 1254 931 1282 tenebras.

223 1307 421 1345 Formosique
439 1310 520 1334 tenet
536 1314 646 1332 nomen
663 1302 751 1332 Canis
768 1301 905 1332 Orionis.

226 1356 291 1395 Qui
313 1358 420 1385 febrim
442 1361 470 1383 et
487 1356 606 1383 morbos
622 1355 736 1382 miseris
753 1354 927 1382 mortalibus
944 1352 1048 1381 adfert.

177 1412 344 1449 Hvadum
367 1417 465 1443 ortus
482 1415 515 1441 et
536 1418 676 1440 occasus
702 1408 836 1439 turbidi
860 1414 941 1437 sunt
966 1414 999 1437 et
1022 1405 1159 1446 pluvias

177 1451 346 1495 fu'ndunt.
399 1458 502 1493 Unde
518 1465 550 1491 et
571 1468 701 1489 nomen
720 1456 769 1488 eis
789 1456 920 1488 factum
937 1461 987 1487 est
1004 1454 1047 1486 ab
1070 1450 1160 1492 ism,

180 1513 213 1545 id
233 1519 282 1545 est
297 1511 426 1554 pluere,
453 1508 515 1540 etsi
532 1508 640 1550 figura
657 1517 797 1551 quoque
810 1505 943 1549 primae
960 1504 1082 1538 literae
1097 1504 1159 1534 ad-

179 1561 363 1605 pellationi
383 1558 599 1592 occasionem
618 1557 818 1601 praebuisse
834 1556 977 1589 dicitur.
1014 1551 1061 1587 Et
1078 1552 1161 1585 Vir-

180 1613 285 1655 gilius
305 1609 465 1643 nominat
481 1607 618 1652 pluvias
635 1604 780 1652 hyadas.
820 1605 866 1639 Et
884 1605 1022 1638 Plinius
1040 1603 1163 1647 adpel-

181 1663 229 1695 lat
245 1661 352 1696 Sidus
372 1657 576 1698 vehemens,
602 1664 693 1690 terra
708 1657 866 1700 marique
884 1655 1079 1689 turbidum⁴

284 1710 331 1744 Et
348 1709 571 1743 manifestum
590 1714 641 1741 est
658 1707 743 1740 alias
760 1707 878 1740 stellas
900 1704 1162 1740 humiditatum‚

183 1762 267 1795 alias
291 1760 487 1793 siccitatum
505 1768 624 1791 causas
645 1769 736 1797 esse,
764 1763 803 1790 ut
822 1754 1046 1789 humiditates
1064 1754 1164 1787 adiu-

183 1818 268 1845 vant
280 1810 432 1856 Hyades,
453 1808 625 1848 PleIades,
647 1807 806 1851 Presepe,
834 1818 914 1839 cum
932 1807 975 1839 ad
992 1816 1048 1837 eas
1063 1804 1164 1837 Luna

184 1861 344 1898 accessit,
371 1859 442 1892 nisi
465 1859 553 1891 aliae
576 1858 792 1901 potentiores
813 1868 955 1895 causae,
983 1862 1022 1888 ut
1039 1854 1166 1887 Plane-

185 1919 300 1945 tarum
318 1909 451 1953 positus
473 1908 511 1939 in
526 1908 624 1940 siccis
641 1908 746 1948 locis,
772 1906 978 1950 impediant.

286 1968 357 2002 Nec
374 1979 457 2000 vero
480 1966 565 1999 anni
588 1973 698 1999 metae
724 1966 874 2007 intelligi
900 1971 1067 2007 possunt,
1098 1964 1167 1996 nisi

188 2019 331 2052 Zodiaci
357 2017 509 2061 positum
528 2015 809 2056 consideremus,
831 2017 874 2047 de
890 2027 959 2059 quo
980 2021 1095 2057 postea
1113 2015 1168 2046 di-

188 2082 274 2102 cam.
326 2067 473 2101 Necesse
499 2072 549 2098 est
573 2066 678 2107 igitur
701 2072 734 2098 et
764 2065 881 2098 stellas
906 2076 980 2097 non
1014 2071 1168 2097 errantes

188 2119 307 2162 aspici.
360 2117 478 2159 Quare
497 2116 658 2149 rudiores
678 2115 789 2148 sciant
807 2114 983 2147 numerari
1002 2114 1169 2156 imagines

189 2176 265 2202 octo
282 2175 314 2201 et
331 2167 572 2212 quadraginta.
630 2164 824 2198 Duodecim
848 2164 945 2206 signa
963 2163 1117 2198 Zodiaci.

287 2225 425 2259 Deinde
458 2231 539 2258 sunt
563 2225 601 2257 in
630 2230 726 2268 parte
750 2230 884 2257 arctoa:
927 2221 1015 2255 Ursa
1042 2223 1170 2263 minor,

192 2276 280 2310 Ursa
305 2277 434 2316 maior,
469 2274 602 2316 Draco,
637 2272 816 2317 Cepheus,
850 2271 996 2311 Bootes,
1030 2271 1169 2306 Corona

191 2327 351 2367 borealis,
378 2325 572 2368 Engonasi‚
599 2324 702 2369 Lyra,
729 2321 816 2356 Avis
829 2334 889 2355 seu
908 2321 1063 2363 Gallina,
1085 2322 1170 2356 Cas-

194 2377 328 2419 siopea,
364 2376 531 2419 Perseus,
565 2372 789 2412 Heniochus,
824 2370 1054 2415 Ophiuchus,
1088 2373 1171 2406 Ser-

195 2437 278 2469 pens
294 2424 487 2469 Ophiuchi,
514 2426 657 2468 Sagitta,
673 2423 814 2469 Aquila,
840 2421 1050 2466 Delphinus,
1075 2421 1171 2468 Equi

196 2476 318 2514 sectio,
346 2475 513 2518 Pegasus,
540 2476 787 2515 Andromeda,
812 2473 1038 2516 TrIangulus.

296 2531 339 2565 In
356 2539 451 2575 parte
469 2534 611 2566 australi
636 2545 697 2566 seu
714 2531 923 2566 meridiana:
951 2530 1056 2565 Cetus
1082 2531 1171 2564 infe-
1196 2531 1197 2536 ’

196 2591 267 2617 stus
283 2581 549 2623 Andromedae,
575 2580 709 2621 Orion,
737 2582 926 2623 Eridanus,
951 2580 1077 2626 Lepus,
1103 2580 1171 2614 Ca-

197 2635 250 2667 nis
270 2634 397 2674 maior,
421 2631 592 2677 Procyon,
618 2632 723 2675 Argo,
747 2631 891 2678 Hydra,
919 2631 1053 2674 Crater,
1079 2630 1168 2666 Cor-

404 97 612 136 SCRIPTA
638 95 714 130 PH.
741 90 858 128 MEL.
884 89 951 126 AD
977 90 1106 130 HIST.
1131 90 1274 131 PROF.
1300 91 1366 128 ET
1393 89 1582 138 PHlLOS.
1609 90 1864 129 SPECTANT
1874 94 1936 130 1A.

2098 95 2172 130 228

1192 190 1275 220 vus,
1305 177 1524 219 Centaurus,
1564 177 1676 211 bestia
1710 189 1815 222 quam
1848 178 2043 213 Centaurus
2075 180 2174 223 gerit,

1193 240 1252 262 seu
1269 229 1408 273 Lupus,
1433 229 1505 262 Ara
1531 240 1590 261 seu
1606 226 1851 269 thuribulum,
1877 228 2016 263 Corona
2036 230 2177 263 Austri-

1195 291 1256 319 na,
1283 278 1392 312 Piscis
1409 280 1620 319 Austrinus,
1648 291 1707 311 seu
1731 290 1897 320 magnus,
1924 280 1985 323 qui
2003 279 2176 314 Venerem

1195 340 1273 362 cum
1290 329 1424 372 fugeret
1441 327 1652 374 Typhonem
1671 329 1842 373 excepisse
1861 329 2002 364 dicitur.

1298 395 1365 429 His
1392 396 1708 439 adpellationibus,
1747 397 1776 429 si
1812 395 1958 429 Zodiaci
1993 395 2176 428 duodecim

1197 446 1295 489 signa
1311 446 1581 487 annumerabis,
1607 453 1722 488 erunt,
1749 453 1788 480 ut
1804 446 1936 480 dictum
1958 452 2026 489 est,
2053 445 2179 488 imagi-

1197 508 1259 529 nes
1281 503 1359 530 octo
1387 503 1420 530 et
1442 497 1690 541 quadraginta,
1716 497 1845 541 quibus
1861 503 2013 530 vetustas
2033 496 2180 529 nomina

1198 546 1377 587 attribuit,
1405 553 1438 579 et
1457 553 1494 579 ut
1516 547 1676 589 regiones
1699 547 1788 580 coeli
1811 547 1981 588 discerni,
2006 553 2039 580 et
2062 545 2180 590 aliqua

1200 597 1351 639 insignia
1370 596 1483 629 sidera
1500 597 1641 639 agnosci
1657 604 1811 640 possent.

1293 653 1462 687 Definitio
1478 660 1593 687 autem
1611 654 1728 687 stellae
1744 655 1894 688 traditur
1910 655 2061 693 tenuior,
2077 666 2182 699 quarn

1201 716 1266 749 pro
1291 704 1460 748 dignitate
1490 711 1523 737 et
1545 704 1712 737 varietate
1736 703 1863 738 horum
1890 705 2182 737 admirandorum

1203 767 1388 799 corporum
1401 781 1410 795 ,
1437 754 1616 795 videlicet,
1644 755 1779 788 stellam
1796 766 1866 787 esse
1885 755 2084 787 densiorem
2102 765 2184 797 pat-

1203 812 1272 839 tem
1288 806 1341 839 sui
1359 805 1465 838 orbis.
1507 804 1609 837 Hanc
1625 805 1786 838 usitatam
1804 804 2044 838 definitionem
2063 816 2183 837 recen-

1205 868 1282 894 seo,
1306 863 1449 900 propter
1468 852 1668 888 scholarum
1692 855 1998 895 consuetudinem,
2023 855 2087 888 etsi
2109 854 2184 897 ple-

1204 907 1359 946 niorem,
1386 913 1418 939 et
1439 906 1584 949 propius
1603 912 1855 939 monstrantem
1875 906 2056 938 essentiam
2076 911 2107 937 et
2125 916 2185 936 va-

1205 957 1362 990 rietatem
1378 956 1557 989 stellarum
1575 967 1695 988 omnes
1712 956 1934 1000 requirimus.
1987 954 2076 988 Nam
2095 954 2185 987 illud

1207 1006 1312 1039 etiam
1339 1007 1498 1038 nondum
1523 1006 1732 1049 explicatum
1758 1013 1823 1046 est,
1858 1018 1945 1050 quae
1974 1006 2019 1039 sit
2045 1004 2186 1038 orbium

1208 1063 1353 1095 natura,
1387 1055 1455 1098 nisi
1481 1062 1653 1099 quantum
1674 1056 1784 1089 oculis
1813 1057 2023 1096 iudicamus,
2056 1055 2186 1087 molem

1208 1107 1384 1152 quandam
1407 1105 1560 1138 lucidam
1583 1117 1667 1139 esse.
1720 1105 1789 1139 Sed
1807 1107 1902 1140 unde
1925 1112 2020 1140 tanta
2038 1104 2188 1138 diversi-

1209 1164 1260 1190 tas
1283 1163 1333 1189 est
1355 1156 1639 1198 magnitudinum
1658 1163 1690 1189 et
1708 1156 1940 1200 qualitatum?
1974 1155 2076 1190 Aliae
2094 1154 2190 1187 calo—

1210 1208 1278 1247 ris,
1301 1206 1389 1239 aliae
1406 1205 1557 1247 frigoris,
1585 1206 1673 1238 aliae
1689 1206 1902 1245 siccitatum,
1929 1206 2017 1237 aliae
2032 1203 2189 1236 humidi-

1210 1264 1321 1291 tatum
1347 1267 1469 1290 causae
1489 1262 1582 1292 sunt.
1635 1255 1730 1289 Haec
1754 1255 1792 1288 in
1808 1255 2011 1288 definitione
2035 1260 2191 1298 praeter-

1211 1307 1412 1341 mittuntur.

1315 1364 1409 1398 Illud
1433 1365 1535 1393 etiam
1559 1361 1711 1395 breviter
1735 1362 1881 1402 adiicio,
1907 1360 2024 1396 stellas
2050 1373 2114 1395 nec
2134 1374 2191 1395 ra-

1211 1412 1360 1445 tionales
1378 1417 1519 1444 naturas
1537 1423 1627 1451 esse,
1654 1423 1717 1444 nec
1734 1413 1898 1445 animalia
1910 1439 1920 1452 ,
1946 1413 2027 1457 quia
2044 1424 2192 1456 corpora

1213 1474 1285 1494 non
1308 1467 1389 1494 sunt
1412 1461 1594 1505 organica,
1622 1473 1685 1494 nec
1704 1459 1834 1495 habent
1856 1462 1943 1503 alios
1959 1469 2096 1503 motus,
2122 1462 2191 1495 nisi

1214 1512 1407 1553 naturales,
1433 1524 1502 1544 una
1520 1518 1551 1544 et
1569 1518 1734 1555 perpetua
1759 1513 1832 1555 lege
1848 1519 2075 1553 recurrentes,
2103 1524 2191 1557 quae

1214 1569 1419 1606 argumenta
1435 1562 1497 1595 etsi
1517 1562 1606 1595 levia
1624 1569 1722 1603 sunt,
1749 1569 1864 1595 tamen
1882 1563 2036 1596 firmiora
2055 1563 2092 1595 in
2108 1574 2193 1596 con-

1214 1613 1356 1647 trariam
1391 1619 1523 1656 partem
1554 1613 1683 1645 adferri
1712 1625 1785 1645 non
1814 1620 1972 1656 possunt.
2026 1614 2193 1646 Ceterum

1216 1663 1319 1696 nobis
1335 1663 1371 1695 in
1387 1661 1541 1696 Ecclesia
1558 1669 1652 1696 certo
1669 1664 1890 1696 statuendum
1908 1670 1968 1703 est,
1989 1663 2106 1697 stellas
2121 1675 2194 1696 non

1217 1726 1288 1746 esse
1322 1713 1528 1752 rationales,
1558 1724 1618 1745 seu
1653 1713 1887 1757 intelligentes
1920 1720 2081 1754 naturas,
2114 1713 2196 1758 quia

1217 1764 1311 1797 Deus
1328 1763 1404 1796 vult
1420 1763 1653 1806 intelligentes
1669 1770 1811 1797 naturas
1825 1775 1898 1796 non
1914 1764 2069 1799 interire.
2103 1762 2196 1797 Stel-

1218 1815 1270 1847 lae
1294 1825 1376 1846 vero
1402 1820 1483 1846 sunt
1509 1814 1684 1857 periturae
1710 1814 1746 1846 in
1771 1815 2043 1857 conflagratione
2058 1813 2196 1849 mundi.

1219 1865 1298 1897 Non
1324 1870 1406 1897 sunt
1431 1864 1538 1906 igilur
1562 1870 1706 1896 naturae
1732 1864 1984 1907 intelligentes,
2020 1864 2078 1896 sed
2101 1864 2196 1905 globi

1219 1914 1345 1954 lucidi,
1372 1926 1460 1958 quos
1483 1921 1755 1946 consentaneum
1780 1921 1848 1954 est,
1876 1926 1947 1946 non
1971 1915 2134 1958 progredi
2157 1920 2196 1947 ut

1221 1964 1412 1998 animantia
1433 1964 1722 2007 progrediuntur,
1747 1965 1807 1996 sed
1826 1962 1905 1997 vehi
1927 1971 2025 1997 motu
2045 1964 2198 2004 orbium,

1221 2015 1313 2059 quod
1330 2021 1362 2047 et
1373 2013 1577 2046 Aristoteles
1592 2014 1811 2057 probabilius
1827 2026 1898 2047 esse
1916 2014 2094 2054 iudicavit,
2115 2014 2198 2059 quia

1221 2066 1359 2097 videtur
1384 2065 1575 2096 absurdum
1600 2075 1690 2104 esse,
1718 2064 1746 2096 si
1769 2065 1880 2097 scindi
1902 2066 2035 2097 coelum
2051 2065 2198 2104 dicatur,

1220 2122 1259 2148 ut
1275 2125 1363 2159 aqua
1384 2114 1627 2147 innatantibus
1650 2114 1814 2157 piscibus.
1867 2114 1954 2147 Tale
1971 2115 2087 2158 siquid
2101 2114 2197 2147 fieret

1222 2166 1259 2198 in
1277 2165 1384 2202 coelo,
1405 2176 1482 2197 cum
1497 2176 1536 2197 eo
1555 2176 1627 2197 non
1645 2165 1817 2208 pertingat
1831 2168 1899 2205 aer,
1921 2165 2098 2199 videretur
2114 2176 2198 2198 con-

1223 2215 1418 2249 cedendum
1435 2226 1506 2247 esse
1521 2226 1679 2249 vacuum.

1323 2272 1391 2306 Sed
1415 2271 1477 2306 has
1501 2273 1721 2317 quaestiones
1745 2273 1962 2317 relinquam,
1997 2274 2040 2306 de
2065 2273 2198 2307 viribus

1224 2330 1356 2363 autem,
1393 2335 1453 2356 seu
1482 2323 1727 2356 effectionibus
1757 2324 1935 2357 stellarum
1965 2323 2003 2356 in
2031 2323 2198 2356 inferiore

1223 2373 1365 2406 materia
1386 2373 1476 2406 infra
1495 2374 1682 2406 dicendum
1700 2373 1782 2414 erit,
1812 2374 1848 2406 in
1865 2386 1902 2406 ea
1919 2380 2032 2418 parte,
2057 2373 2119 2406 ubi
2134 2375 2199 2407 do-

1224 2424 1334 2457 ctrina
1358 2426 1401 2456 de
1426 2424 1537 2456 causis
1559 2424 1727 2457 tradenda
1749 2424 1823 2458 erit.
1877 2423 1932 2456 lbi
1949 2423 2041 2456 enirn
2062 2434 2198 2457 necesse

1223 2481 1272 2507 est
1289 2474 1527 2518 quaestionem
1543 2475 1585 2506 de
1597 2473 1682 2507 Fato
1698 2474 1873 2519 explicari,
1899 2474 1991 2518 quod
2010 2473 2102 2508 inter
2117 2485 2199 2507 cau-

1223 2535 1275 2558 sas
1294 2525 1354 2557 alii
1371 2524 1471 2557 aliter
1487 2531 1685 2560 numerant.

1323 2579 1370 2615 Et
1386 2593 1464 2614 cum
1482 2581 1525 2614 de
1539 2581 1692 2614 Zodiaco
1709 2581 1746 2614 in
1757 2579 1839 2614 Sole
1852 2579 2018 2622 dicemus,
2045 2591 2098 2614 res
2115 2592 2198 2614 con-

1192 2648 1197 2670 ,ῑ
1221 2631 1351 2673 vincet,
1377 2638 1416 2665 ut
1435 2632 1698 2666 concedendum
1714 2631 1768 2673 sit,
1791 2631 1944 2665 diversas
1959 2642 2030 2666 esse
2045 2631 2198 2665 effectio—
