2379 2948
103 114 202 149 1417

103 207 135 234 et
155 200 347 235 invitamus
365 202 452 236 alios
469 200 537 236 hoc
553 203 756 237 testimonio
769 231 776 245 ‚
802 210 841 238 ut
867 201 962 239 hunc
978 203 1095 239 Deum

103 259 314 295 agnoscant,
343 253 529 295 invocent,
559 261 591 288 et
608 254 640 287 ei
657 255 838 291 obediant.

200 310 296 345 Haec
327 319 377 346 est
409 313 547 356 generis
580 314 760 355 definitio,
797 327 886 361 quae
920 328 960 349 ex
991 317 1095 351 dictis

98 360 315 406 propheticis
346 369 378 396 et
407 364 611 408 apostolicis
639 365 785 399 collecta
817 373 880 401 est.
932 366 1093 401 Primum

98 414 193 446 enim
217 425 323 457 opera
347 425 421 447 non
444 415 609 448 mandata
626 427 644 448 a
663 414 758 455 Deo,
786 429 860 450 non
885 429 958 451 esse
985 419 1093 452 sacri-

97 463 175 498 ficia
206 470 354 498 testatur
379 462 540 499 Christus
572 464 757 512 inquiens:
796 467 942 503 Frustra
968 470 1092 504 colunt

98 527 154 547 me
170 515 347 549 mandatis
364 513 564 550 hominum.

198 574 336 608 Deinde
359 575 464 608 finem
489 586 561 608 esse
586 576 710 609 talium
729 589 896 621 operum,
923 586 962 613 ut
985 585 1090 614 teste-

96 636 178 658 mur
194 622 288 659 hunc
304 625 419 659 Deum
438 638 543 671 quem
564 639 629 660 nos
653 628 880 668 invocamus,
910 642 991 663 vere
1019 642 1091 664 esse

94 675 229 718 Deum,
257 683 291 711 et
315 676 403 710 alios
427 677 640 718 invitemus,
667 680 770 713 docet
787 680 922 714 dictum
938 679 1088 716 Christi:

95 725 226 761 Luceat
242 728 304 761 lux
322 735 438 762 vestra
460 741 577 762 coram
601 726 826 770 horninibus,
854 738 894 765 ut
916 732 1089 775 glorifice-

95 784 154 811 tur
176 785 276 822 pater
293 786 406 813 vester
422 780 594 814 coelestis.
647 780 715 815 Sed
734 794 838 815 nemo
855 780 946 816 hanc
964 784 1090 816 defini-

94 829 228 863 tionem
245 827 503 875 deprehendet,
519 838 580 865 aut
599 832 810 867 labefactare
828 834 970 878 poterit.
999 834 1089 879 Spe—

94 881 163 914 cies
181 881 250 914 iam
269 883 492 927 quaerendae
510 890 603 917 sunt.

195 938 295 974 Nihil
311 942 461 975 dubium
480 949 547 983 est,
576 944 664 977 duas
681 949 819 977 tantum
837 944 970 988 species
987 956 1088 988 prae-

93 992 212 1036 cipuas
241 1003 335 1034 esse,
369 993 501 1027 scilicet
527 992 825 1039 P10piciatorium
856 1002 889 1029 et
914 993 1088 1029 Euchari-

92 1043 217 1079 sticon.

194 1103 256 1138 Est
280 1110 396 1138 autem
412 1103 707 1149 Propiciatorium
726 1117 815 1150 opus
838 1106 912 1141 Deo
935 1107 1088 1151 placenS,

92 1156 187 1201 quod
206 1155 285 1189 aliis
302 1155 544 1189 remissionem
567 1163 789 1200 peccatorum
809 1164 976 1194 meretur.
999 1158 1087 1192 Tale

91 1213 142 1240 est
176 1213 315 1240 tantum
352 1207 497 1241 unicum
532 1204 668 1241 Christi
702 1208 932 1250 sacrificium,
966 1210 1001 1242 id
1026 1217 1087 1251 est,

88 1269 184 1292 mors
201 1255 335 1292 Christi
352 1270 432 1292 cum
449 1264 522 1292 tota
538 1259 612 1292 eius
628 1259 842 1294 obedientia.
876 1259 952 1294 Etsi
969 1268 1085 1295 autem

89 1309 262 1354 quaedam
279 1308 456 1343 Leviticae
478 1310 698 1343 ceremoniae
713 1317 886 1344 vocantur
908 1312 1085 1355 propicia-

89 1360 180 1394 toria
206 1360 393 1401 sacrificia,
420 1367 540 1394 tamen
564 1360 705 1393 nullum
728 1367 779 1394 est
802 1373 884 1394 vere
907 1362 1086 1406 propicia-

89 1411 220 1445 torium
233 1437 241 1452 ‚
270 1411 366 1456 quod
382 1410 460 1444 aliis
478 1422 596 1444 coram
613 1409 688 1444 Deo
713 1418 890 1445 mereatur
907 1413 1086 1446 remissio-

88 1474 170 1496 nem
194 1468 438 1506 peccatorum,
466 1461 535 1494 nisi
562 1462 678 1495 solum
702 1460 836 1496 Christi
860 1463 1085 1505 sacrificium,

89 1520 127 1547 ut
144 1514 236 1547 clare
253 1519 400 1547 testatur
416 1511 577 1557 Epistola
594 1514 638 1546 ad
657 1511 831 1547 Ebraeos:
861 1513 1084 1558 Impossibile

89 1571 140 1599 est
162 1564 334 1608 sanguine
359 1570 544 1597 taurorum
573 1571 606 1598 et
632 1561 814 1598 hircorum
837 1565 916 1598 tolli
933 1572 1084 1610 peccata.

88 1615 158 1650 Sed
186 1614 334 1650 Levitici
359 1615 447 1648 ritus
470 1613 648 1649 habebant
673 1613 764 1649 hanc
795 1616 1082 1659 adpellationem,

88 1673 224 1700 tantum
241 1667 339 1699 velut
356 1666 432 1711 typi
453 1673 595 1710 propter
610 1666 923 1709 significationem,
951 1668 1082 1713 quibus

89 1719 269 1763 quomodo
287 1717 394 1750 fuerit
412 1719 583 1751 utendum
596 1745 605 1758 ,
634 1724 752 1761 postea
770 1718 897 1753 dicam.

190 1776 249 1812 Sic
278 1783 311 1810 et
343 1776 379 1809 in
403 1775 495 1810 Psal.
519 1777 580 1813 37.
607 1777 724 1822 inquit
747 1775 928 1811 Christus:
966 1776 1083 1811 Sacri-

87 1830 206 1864 ficium
222 1835 255 1862 et
272 1828 491 1862 oblationem
509 1828 679 1869 noluisti,
708 1827 748 1861 ln
766 1829 878 1873 capite
894 1829 978 1863 libri
993 1830 1080 1862 scri—

86 1888 187 1927 ptum
206 1887 258 1913 est
273 1880 316 1913 de
333 1892 407 1920 me,
424 1886 463 1913 ut
480 1880 604 1913 faciam
624 1880 843 1914 voluntatem
859 1886 966 1921 tuam,
983 1878 1081 1913 Deus

88 1944 206 1973 meus,
241 1930 369 1971 Volui,
405 1937 438 1964 et
459 1931 515 1963 lex
547 1937 607 1964 tua
630 1931 668 1963 in
700 1931 817 1965 medio
852 1932 969 1965 cordis
999 1932 1079 1967 mei.

86 1981 133 2017 Et
150 1981 273 2017 Esaias
297 1982 430 2027 inquit:
460 1981 554 2025 Quia
579 1989 687 2026 ponet
709 1982 865 2015 animam
891 1994 989 2016 suam
1014 1980 1079 2015 ho-

87 2035 188 2068 stiam
208 2046 271 2078 pro
290 2040 444 2077 peccate,
468 2033 603 2067 videbit
619 2045 738 2066 semen
755 2033 977 2077 longaevum.
1011 2032 1078 2067 Hic

86 2083 262 2130 Propheta
281 2084 379 2117 brevi
396 2084 489 2118 dicto
507 2091 671 2125 testatur,
688 2082 812 2118 hostiis
824 2084 989 2118 Leviticis
1004 2097 1077 2118 non

86 2149 159 2171 esse
179 2136 351 2170 abolitum
369 2143 558 2179 peccatum.
611 2135 681 2170 Sed
701 2143 832 2170 restare
854 2134 945 2169 hanc
969 2148 1077 2169 unam

86 2187 257 2228 hostiam,
285 2198 374 2232 quae
390 2187 566 2221 abolitura
592 2194 662 2221 erat
683 2194 872 2231 peccatum.

187 2245 323 2281 Eadem
358 2252 407 2279 est
442 2247 613 2281 sententia
650 2247 734 2280 dicti
768 2244 954 2280 Iohannis:
989 2246 1078 2282 Ecce

85 2299 209 2343 Agnus
226 2296 318 2337 Dei,
336 2297 396 2342 qui
414 2298 507 2331 tollit
526 2306 662 2342 peccata
682 2299 818 2333 mundi.
853 2297 964 2332 Vocat
983 2299 1077 2331 enim

86 2362 215 2395 agnum
227 2375 235 2388 ,
259 2349 341 2394 quia
359 2355 410 2382 est
426 2349 586 2390 victima,
610 2357 641 2384 et
657 2350 820 2383 nominat
837 2347 980 2392 Agnum
997 2349 1078 2390 Dei,

84 2403 120 2436 id
146 2408 215 2445 est,
244 2406 277 2434 et
302 2399 447 2433 missum
479 2412 497 2433 a
523 2400 616 2442 Deo,
644 2409 676 2435 et
700 2401 774 2435 Deo
803 2401 1015 2445 placentem,
1045 2408 1077 2435 et

85 2458 327 2488 consecratum
352 2462 369 2484 a
387 2449 463 2485 Deo
482 2453 624 2496 proprie
646 2453 689 2486 ad
714 2452 931 2486 abolendum
956 2464 1077 2496 pecca·
1103 2467 1105 2485 ι

84 2513 171 2540 tum.
225 2502 315 2536 Nam
341 2509 495 2536 caeterae
521 2503 684 2537 victimae
707 2516 771 2537 nec
795 2503 922 2536 missae
946 2510 1029 2537 sunt
1058 2515 1075 2536 a

83 2555 185 2596 Deo,
220 2566 285 2587 nec
311 2555 354 2587 ad
382 2554 596 2588 abolendum
629 2562 808 2599 peceatum
842 2562 1075 2595 consecratae,

84 2619 149 2641 nec
175 2618 238 2650 per
262 2617 297 2639 se
314 2606 490 2650 placentes
509 2605 602 2644 Deo,
631 2607 689 2639 sed
708 2606 853 2640 fuerunt
874 2607 1022 2640 umbrae
1043 2612 1076 2639 et

84 2671 139 2692 res
171 2657 365 2691 destinatae
397 2658 439 2690 ad
470 2657 664 2701 pascendos
693 2659 902 2692 sacerdotes.
961 2655 1075 2691 Erant

83 2710 192 2755 igitur
217 2709 310 2755 typi,
337 2715 370 2742 et
393 2709 612 2743 sacerdotum
646 2709 737 2752 agni.

714 117 774 152 lx.
828 115 1195 156 COMMENTARH
1222 120 1274 155 IN
1300 120 1544 159 PSALMOS.

799 2707 844 2743 At
872 2706 929 2742 hic
952 2706 1074 2752 Agnus
1101 2732 1103 2745 ·

2053 131 2148 168 1418

1149 218 1168 239 a
1193 205 1269 240 Deo
1301 208 1427 243 missus
1460 215 1492 243 et
1521 218 1743 246 consecratus
1776 220 1827 248 est
1852 215 1895 248 ad
1926 216 2143 252 abolendum

1148 265 1341 301 peccatum.
1409 259 1590 304 Significat
1619 263 1728 306 igitur
1758 262 1933 299 Iohannes
1964 280 2036 300 non
2070 280 2142 303 esse

1147 309 1322 343 abolitum
1351 318 1532 354 peccatum
1565 313 1717 348 victimis
1741 314 1920 352 Leviticis.
1976 318 2045 352 Sed
2075 318 2143 353 hoc

1147 360 1377 394 tribuendum
1412 374 1484 396 esse
1515 361 1599 398 huic
1632 366 1695 398 uni
1727 366 1909 410 victimae,
1939 367 2034 403 Filio
2062 369 2142 406 Dei.

1145 409 1307 457 Estque
1297 424 1336 445 111
1361 409 1428 447 hoc
1455 415 1616 459 quamvis
1634 416 1733 450 brevi
1750 418 1845 453 dicto
1864 430 2002 454 summa
2019 419 2141 454 Evan-

1145 462 1247 506 gelii,
1275 469 1307 497 et
1325 463 1530 499 dulcissima
1545 467 1739 502 consolatio
1756 471 1948 515 proposita.

1245 528 1319 564 Nec
1334 531 1507 574 adprobat
1523 532 1618 567 Deus
1636 535 1804 570 sacrificia
1831 536 1906 570 sine
1925 538 2021 572 cultu
2038 550 2139 572 men-

1146 579 1210 619 tis,
1238 582 1298 614 sed
1322 582 1473 627 requirit
1505 584 1588 618 talia
1616 586 1803 625 sacrificia,
1839 587 1877 621 in
1903 589 2033 634 quibus
2066 589 2140 634 ipse

1144 632 1366 674 agnoscitur,
1395 633 1599 677 invocatur,
1628 637 1870 680 praedicatur,
1898 640 1991 674 etin
2009 640 2138 685 quibus

1144 681 1209 726 ipsi
1229 683 1431 718 obedientia
1450 692 1657 728 praestatur.
1712 687 1795 722 Ideo
1812 688 1944 724 Paulus
1969 691 2067 725 iubet
2084 692 2139 724 of-

1143 733 1228 766 ferri
1243 732 1373 793 Zoytxfc
1389 736 1576 776 sacrificia,
1602 737 1638 771 id
1658 745 1727 780 est,
1751 741 1899 779 mentis,
1917 753 2007 786 quae
2022 742 2137 776 Deum

1144 784 1315 827 intuetur,
1339 786 1491 825 invocat,
1515 787 1752 831 praestatDeo
1770 791 2021 826 obedientiam.
2051 792 2139 826 Tale

1143 835 1210 869 fuit
1244 813 1379 870 Christi
1409 838 1641 878 sacrificium,
1683 840 1773 875 sicut
1805 840 1966 876 Psalmus
2001 844 2136 889 inquit:

1143 885 1215 920 Lex
1242 893 1302 921 tua
1327 888 1366 920 in
1381 889 1499 922 medio
1519 891 1636 923 cordis
1651 891 1731 926 mei.
1784 890 1831 926 Et
1845 891 1973 929 Ebrae.
1990 895 2043 930 5.:
2067 892 2136 928 Of-

1143 937 1259 971 ferens
1276 951 1355 972 cum
1373 939 1527 974 clamore
1543 941 1662 974 valido
1690 948 1723 976 et
1740 942 1916 985 lacrimis,
1944 952 1977 979 et
1994 946 2139 979 exaudi-

1142 995 1199 1022 tus
1217 996 1267 1023 est
1282 997 1428 1034 propter
1442 1003 1542 1024 suam
1559 994 1793 1027 reverentiam
1806 1021 1815 1035 ,
1833 994 1869 1028 id
1885 1001 1946 1034 est,
1966 997 2137 1030 obedien-

1142 1039 1239 1076 tiam.
1291 1040 1379 1075 Item
1397 1054 1471 1086 cap.
1488 1042 1561 1078 10.:
1588 1042 1630 1076 In
1646 1055 1715 1089 qua
1731 1045 1914 1080 voluntate
1930 1047 2137 1081 sanctificati

1142 1103 1275 1126 sumus,
1329 1091 1412 1126 Ideo
1434 1093 1472 1127 fit
1494 1093 1568 1138 ipse
1585 1091 1749 1129 Christus
1771 1097 1947 1140 pontifex,
1976 1105 2008 1132 et
2032 1110 2135 1132 suum

1142 1142 1351 1176 sacrificium
1368 1144 1542 1189 applicat,
1569 1152 1602 1179 et
1621 1158 1685 1190 pro
1705 1147 1810 1181 nobis
1828 1148 2024 1185 intercedit.
2078 1148 2135 1182 Io-

1142 1190 1326 1230 han.17.:
1356 1194 1425 1229 Pro
1455 1196 1504 1229 eis
1531 1207 1592 1239 ego
1628 1198 1806 1232 sanctifico
1841 1211 1916 1241 me,
1944 1207 1983 1234 ut
2006 1207 2040 1234 et
2065 1200 2132 1245 ipsi

1141 1244 1212 1279 sint
1235 1245 1347 1279 sancti
1370 1246 1408 1279 in
1435 1247 1599 1289 veritate,
1626 1247 1728 1292 Rogo
1751 1255 1869 1284 autem
1894 1262 1968 1284 non
1993 1263 2056 1296 pro
2086 1251 2136 1284 eis

1141 1301 1297 1337 tantum,
1327 1298 1387 1331 sed
1424 1309 1488 1342 pro
1523 1298 1710 1333 credituris
1741 1312 1804 1345 per
1835 1302 1984 1336 verbum
2010 1314 2132 1336 eorum

1140 1346 1178 1378 in
1193 1358 1260 1382 me.

1243 1412 1459 1459 Quanquam
1481 1421 1599 1449 autem
1626 1423 1766 1450 tantum
1801 1419 1946 1453 unicum
1978 1428 2028 1455 est
2051 1432 2133 1454 vere

1139 1464 1430 1508 propiciatorium
1448 1466 1676 1508 sacrificium,
1701 1475 1819 1503 tamen
1837 1467 2026 1505 hominum
2052 1483 2132 1505 coe-

1139 1514 1223 1548 citas
1249 1527 1360 1559 prona
1383 1517 1428 1550 ad
1453 1517 1738 1561 superstitionem
1766 1527 1799 1555 et
1817 1521 1923 1555 falsos
1940 1523 2075 1564 cultus,
2101 1529 2134 1556 et

1137 1566 1391 1609 magnifaciens
1407 1578 1470 1601 sua
1488 1580 1614 1612 opera,
1649 1569 1737 1604 solet
1755 1568 1852 1605 hunc
1877 1570 2051 1607 honorem
2070 1573 2133 1607 tri-

1137 1617 1246 1650 buere
1278 1618 1396 1651 omnis
1419 1619 1556 1662 generis
1586 1621 1769 1664 operibus:
1807 1623 1889 1668 quia
1915 1626 2070 1668 pendere
2092 1636 2132 1658 ex

1137 1668 1212 1701 solo
1228 1669 1356 1710 verbo,
1385 1677 1417 1704 et
1443 1681 1586 1704 manere
1604 1671 1643 1704 in
1660 1671 1745 1712 fide,
1774 1685 1838 1707 nec
1863 1675 2030 1719 colligere
2055 1687 2131 1708 me-

1136 1719 1203 1752 rita
1222 1719 1439 1754 incurrentia
1466 1720 1502 1753 in
1519 1722 1661 1764 oculos,
1692 1735 1748 1757 res
1770 1731 1820 1758 est
1844 1725 2040 1760 difficilima
2064 1724 2132 1760 hu-

1136 1782 1260 1803 manae
1283 1771 1493 1806 infirmitati.
1545 1771 1653 1807 Ratio
1681 1775 1776 1808 enim
1800 1776 1998 1811 admiratur
2027 1778 2130 1811 iusti-

1135 1822 1225 1855 ciam
1242 1823 1441 1866 propriam,
1470 1823 1627 1868 disputat
1645 1825 1740 1859 iuxta
1765 1827 1897 1871 legem,
1924 1826 2000 1863 Deo
2025 1829 2128 1862 satis-

1134 1873 1337 1906 faciendum
1353 1885 1437 1907 esse.
1486 1873 1618 1909 Paulus
1635 1883 1668 1910 et
1686 1874 1748 1911 has
1766 1878 1858 1923 ipsas
1873 1880 2129 1923 persuasiones,

1135 1932 1167 1958 et
1198 1924 1327 1968 impios
1354 1926 1469 1959 cultus
1500 1933 1600 1960 vocat
1629 1935 1790 1972 peccata,
1820 1942 1909 1975 quae
1934 1931 2008 1976 lege
2036 1931 2128 1964 exci-

1135 1982 1267 2009 tantur.

1237 2041 1332 2077 Hinc
1353 2049 1491 2077 tantum
1515 2051 1566 2079 est
1589 2045 1724 2080 bellum
1744 2045 1935 2092 Prophetis
1958 2060 2037 2081 cum
2063 2061 2128 2092 po-

1132 2093 1217 2138 pulo
1237 2092 1365 2135 Israel,
1390 2096 1451 2140 qui
1466 2097 1683 2130 ceremonias
1700 2098 1853 2141 fingebat
1870 2110 1942 2133 esse
1958 2099 2127 2133 sacrificia

1133 2145 1400 2189 propiciatoria,
1424 2148 1550 2180 mereri
1567 2149 1809 2182 remissionem
1827 2157 2068 2194 peccatorum,
2094 2158 2127 2185 et

1134 2196 1255 2229 omnia
1287 2197 1399 2230 bona:
1435 2205 1468 2231 et
1499 2196 1564 2232 hac
1597 2200 1767 2243 opinione
1801 2202 2004 2235 cumulabat
2032 2213 2127 2235 cere-

1133 2248 1288 2289 monias,
1322 2249 1394 2282 imo
1418 2250 1570 2292 fingebat
1596 2251 1700 2284 etiam
1722 2264 1834 2285 novos
1859 2253 1991 2291 cultus,
2028 2260 2059 2286 et
2088 2261 2126 2286 ut

1132 2299 1313 2333 videretur
1329 2300 1482 2344 insignia
1507 2308 1540 2334 et
1565 2302 1653 2334 dura
1674 2314 1780 2346 opera
1796 2303 1930 2344 facere,
1958 2305 2125 2337 decurre-

1132 2351 1191 2384 bat
1208 2351 1245 2383 in
1261 2352 1397 2395 magnis
1414 2352 1580 2396 periculis
1604 2354 1647 2385 ad
1665 2351 1838 2387 humanas
1855 2352 1998 2388 hostias.
2051 2354 2124 2388 Has

1132 2399 1329 2435 horrendas
1353 2403 1622 2446 superstitiones
1645 2405 1747 2437 totles
1768 2406 1986 2439 severissime
2003 2412 2123 2440 taxant

1131 2451 1350 2497 Prophetae,
1378 2461 1415 2487 ut
1432 2453 1573 2488 Psalmo
1592 2454 1668 2491 49:
1698 2455 1778 2489 Non
1797 2468 1938 2499 arguam
1957 2464 1988 2490 te
2005 2458 2048 2490 de
2067 2468 2122 2490 sa-

1132 2505 1282 2537 crificiis.
1336 2503 1383 2538 Et
1400 2504 1522 2538 Esaiae
1544 2507 1575 2539 1.
1596 2518 1633 2540 ac
1652 2505 1820 2540 Ieremiae
1838 2508 1888 2541 7.:
1917 2508 1998 2542 Non
2022 2520 2123 2552 prae-

1131 2555 1201 2599 cipi
1233 2557 1276 2589 de
1309 2553 1632 2591 holocaustomatis.
1706 2557 1891 2593 Docebant
1924 2558 2123 2604 Prophetae

1130 2607 1239 2640 alium
1262 2618 1364 2641 usum
1393 2608 1694 2650 ceremoniarum,
1723 2611 1766 2643 de
1794 2622 1863 2656 quo
1891 2618 2007 2656 postea
2028 2612 2121 2644 ‹lice-

1129 2670 1229 2699 mus,
1258 2665 1291 2692 et
1317 2660 1562 2693 monstrabant
1586 2672 1707 2693 verum
1734 2662 1962 2703 sacrificium,
1991 2662 2121 2696 scilicet

1130 2709 1338 2754 promissam
1364 2711 1563 2753 victimam,
1597 2718 1630 2746 et
1653 2714 1899 2758 proponebant
1923 2713 2121 2748 doctrinam
