2379 2948
145 85 244 121 1237

154 170 309 203 raditae:
346 167 463 203 Beati
488 181 643 217 qnorum
678 168 853 203 remissae
881 173 968 202 sunl
1003 167 1141 216 iniqui-

155 225 245 257 ates,

245 280 337 315 Nota
355 289 405 315 est
424 288 541 315 autem
560 280 735 321 doctrina,
760 280 856 325 quod
876 280 983 313 etiam
1004 280 1040 313 in
1053 279 1144 314 San-

139 333 202 367 ctis
215 333 252 366 in
266 330 331 366 hac
342 333 411 366 vita
428 333 471 366 sit
483 332 662 377 reliquum
680 337 872 375 peccatum,
890 330 1095 366 sicutRom.
1108 333 1141 366 7.

138 385 280 429 copiose
297 385 469 429 scriptum
492 390 552 419 est.
608 382 650 416 In
675 382 750 415 eius
774 382 958 416 doctrinae
982 383 1143 417 testimo-

138 436 209 470 niis
233 436 362 470 citatur
388 443 422 469 et
446 433 503 469 hic
527 446 666 468 versus:
694 432 846 478 Propter
866 431 933 467 boc
957 435 1072 468 orabit
1096 435 1138 467 ad
1166 437 1169 465 ἴ

138 495 173 522 te
197 488 314 521 omnis
331 487 492 522 Sanctus.
545 484 717 519 Nominat
736 484 904 526 Sanctos,
931 492 963 519 et
979 486 1065 520 dicit
1087 493 1140 519 ta-

138 552 220 573 men
255 551 314 572 eos
344 546 461 583 petere
493 537 738 571 remissionem
773 544 1016 580 peccatorum,
1050 538 1168 571 sicuti

138 591 300 635 quotidie
331 590 500 634 petimus:
538 587 688 622 Dimitte
716 589 822 622 nobis
851 590 970 623 debita
1007 596 1137 623 nostra.

138 642 256 677 Simul
275 648 391 675 autem
410 638 468 674 hic
484 652 607 674 versus
627 640 742 674 dulcis
759 641 954 674 consolatio
974 647 1035 682 est,
1056 641 1138 686 quia

137 701 171 728 et
187 694 285 727 iubet
304 699 421 737 petere
437 692 683 726 remissionem
701 692 863 731 Sanctos,
891 700 923 726 et
942 705 1020 726 cum
1040 692 1139 727 iubet

750 82 812 117 IX.
866 81 1233 118 COMMENPARH
1268 82 1318 116 IN
1352 83 1597 121 PSALMOS.

137 751 274 790 petere,
301 744 476 788 significat
495 756 571 777 earn
590 744 681 777 dari.
733 743 815 777 'Non
840 743 949 787 igitur
965 745 1139 778 deterreat

136 809 201 830 nos
219 796 407 830 infirmitas
423 803 543 830 nostra
556 823 577 839 ,⁸
593 808 663 841 quo
685 796 806 829 minus
830 804 990 840 petamus
1012 808 1138 829 recon—

136 848 373 888 ciliationem,
402 855 435 882 et
451 849 519 881 fide
538 854 732 882 statuamus
749 859 814 881 nos
831 847 941 892 recipi
969 855 1002 881 et
1030 859 1136 881 exau-

135 899 219 936 diri.

238 957 289 993 In
308 963 465 1007 tempore
479 962 669 1006 oportuno.
706 958 843 994 Usitata
860 957 999 1004 phrasis
1018 966 1079 999 est,
1099 959 1137 991 in

133 1018 295 1057 tempore
310 1017 509 1056 oportuno,
538 1011 703 1044 videlicet
726 1011 848 1051 nobis,
877 1024 956 1044 cum
980 1023 1046 1044 nos
1069 1011 1137 1056 ipsi

134 1063 307 1098 sentimus
324 1063 466 1097 dolores
493 1069 527 1096 ct
546 1062 720 1096 iudicium
736 1061 812 1096 Dei.

241 1119 336 1157 Cum
368 1122 435 1156 erit
463 1119 664 1156 inundatio
693 1134 879 1170 aquarum
915 1120 1138 1164 milliarum,

135 1186 209 1208 non
227 1172 378 1207 obruent
401 1184 478 1206 eum
497 1183 627 1220 aqum.
661 1172 712 1206 De
735 1174 861 1206 effectu
883 1172 989 1206 buius
1007 1174 1088 1206 fidei
1106 1181 1136 1208 et

134 1225 351 1271 precationis
368 1225 439 1258 iam
457 1224 709 1264 concionatur,
736 1231 774 1258 ut
787 1224 901 1258 David
920 1231 1055 1258 erectus
1072 1221 1137 1257 hac

134 1277 378 1312 consolatione
396 1288 469 1309 non
484 1275 652 1309 obruitur
668 1275 789 1320 aquis,
812 1275 846 1308 id
865 1282 933 1317 est,
951 1288 1024 1308 non
1043 1288 1137 1309 mer-

134 1329 230 1373 gitur
245 1329 284 1361 in
298 1326 600 1372 desperationem,
629 1333 662 1360 et
679 1333 859 1360 aeternam
879 1334 1049 1367 mortem,
1068 1327 1136 1360 sic-

132 1387 172 1414 ut
194 1379 299 1421 Saul;
334 1391 373 1413 ac
396 1390 540 1424 prorsus
562 1378 656 1411 idem
680 1378 826 1412 dicitur:
862 1378 1046 1412 Iustificati
1069 1379 1137 1411 fide

133 1444 255 1477 pacem
275 1428 448 1464 habemus
472 1441 552 1474 erga
571 1428 709 1471 Deum3
738 1430 794 1463 vel
818 1436 858 1463 ut
872 1427 1053 1464 Iohannes
1079 1430 1137 1463 in-

135 1483 229 1529 quit:
255 1482 329 1526 Qui
355 1481 489 1515 Filium
508 1479 633 1523 babet,
661 1479 767 1515 habet
783 1481 893 1515 vitam
918 1489 1110 1516 aeternam.

238 1540 397 1576 Octavus
414 1553 538 1577 versus
565 1541 694 1586 repetit
720 1542 930 1586 petitionem
948 1542 1135 1576 liberatio—

134 1595 208 1629 nis:
237 1591 298 1627 Tu
316 1605 350 1627 es
366 1592 540 1641 protectio
558 1604 650 1634 mea,
679 1593 715 1627 id
734 1600 804 1635 est,
832 1593 926 1637 Quia
955 1601 992 1628 tu
1013 1594 1136 1628 remit-

134 1648 179 1680 tis
196 1652 357 1689 peccata,
386 1645 492 1678 simul
511 1645 616 1678 etiam
634 1656 754 1678 servas
779 1657 835 1677 me
849 1672 857 1685 ,
886 1658 930 1678 ne
955 1645 1138 1690 opprimar

134 1704 276 1731 aeterna
293 1702 427 1736 morte,
458 1703 491 1729 et
509 1696 615 1728 simul
636 1703 687 1728 est
703 1696 894 1737 consessio,
923 1708 990 1741 qua
1011 1696 1137 1730 tribuit

135 1748 211 1783 Deo
239 1746 332 1781 hanc
357 1748 521 1788 laudem,
548 1746 645 1791 quod
671 1747 746 1789 ipse
769 1746 935 1781 vivificet.
991 1746 1077 1781 Peto
1104 1756 1137 1781 et

136 1806 230 1834 certa
257 1811 316 1844 spe
349 1805 493 1844 expecto
517 1798 800 1831 consolationem
830 1806 862 1832 et
886 1799 995 1832 vitam
1023 1806 1136 1833 aeter-

135 1864 219 1885 nam
232 1879 240 1892 ,
267 1863 331 1884 nec
347 1861 484 1895 possem
503 1861 698 1893 emergere,
727 1849 795 1882 nisi
814 1856 847 1883 te
864 1850 1076 1891 vivificante,
1103 1858 1137 1884 et

135 1912 173 1938 tu
189 1902 314 1936 iurasti
339 1909 372 1936 te
399 1914 472 1935 non
491 1902 580 1935 velle
598 1908 749 1935 mortem
767 1902 983 1946 peccatoris,
1011 1904 1071 1935 sed
1097 1910 1135 1937 ut

136 1960 380 1995 convertatur,
407 1960 439 1987 et
460 1953 567 1988 vivat.

238 2022 366 2056 Nonus
390 2034 529 2056 versus:
568 2019 803 2055 Intellectum
829 2020 900 2055 tibi
928 2019 1046 2064 dabo,
1074 2027 1135 2059 ele.

136 2073 203 2109 Est
236 2074 425 2119 promissio
463 2073 756 2107 sanctificationis
789 2080 819 2107 et
853 2074 1134 2118 gubernationis,

137 2127 228 2161 sicut
254 2138 391 2170 semper
419 2126 590 2166 diximus,
632 2126 671 2158 in
697 2125 948 2159 iustificatione
978 2127 1133 2171 primum

137 2178 310 2223 accipitur
326 2177 484 2210 remissio
504 2184 748 2222 peccatorum,
777 2185 809 2212 et
832 2189 981 2221 persona
1006 2179 1136 2223 recipi-

138 2239 196 2265 tur
225 2235 370 2274 propter
396 2228 632 2263 Mediatorem
659 2228 783 2275 gratis
803 2226 904 2274 fide,
945 2242 984 2263 ac
1011 2230 1048 2263 in
1074 2231 1134 2264 illa

137 2284 212 2327 ipsa
229 2280 492 2322 consolatione,
517 2293 596 2314 cum
621 2281 659 2313 in
675 2281 863 2315 doloribus
891 2288 925 2315 et
943 2282 1135 2326 pavoribus

137 2334 325 2377 eriguntur
342 2332 449 2366 corda
469 2344 554 2365 voce
572 2330 760 2376 Evangelii
777 2340 812 2367 et
829 2333 915 2375 fide,
943 2332 1135 2368 FiliusDei

137 2386 293 2420 vivificat
317 2396 401 2425 nos,
424 2390 457 2417 et
479 2384 539 2417 dat
558 2384 662 2417 nohis
680 2385 724 2418 de
748 2384 887 2429 Spiritu
910 2396 993 2426 suo,
1030 2393 1070 2420 ut
1098 2386 1134 2419 in

138 2437 274 2472 Ioanne
299 2436 445 2469 dicitur:
476 2434 549 2478 Qui
577 2435 740 2471 laetificat
764 2444 797 2471 et
817 2437 992 2480 gubernat
1018 2439 1137 2480 corda,

138 2497 171 2523 et
188 2488 394 2523 dulcissime
416 2485 474 2521 hic
493 2486 627 2521 dictum
652 2494 720 2522 est:
747 2483 960 2522 Consilium
978 2486 1051 2522 tibi
1067 2486 1136 2523 da-

139 2539 230 2575 bunt
248 2538 346 2574 oculi
363 2539 450 2581 mei,
475 2539 511 2571 id
529 2544 598 2579 est,
624 2538 712 2572 meis
738 2540 868 2579 oculis,
894 2553 972 2575 mea
995 2541 1137 2586 sapien-

138 2593 187 2628 tia
211 2593 278 2626 tibi
302 2592 408 2625 adero
438 2602 519 2634 eg0‚
549 2590 624 2634 ipse
647 2591 855 2633 gubernabo
880 2599 914 2626 te
932 2593 1011 2626 luce
1035 2593 1137 2627 verbi

138 2644 229 2686 mei,
253 2651 287 2678 et
302 2643 519 2677 confirmabo
536 2648 569 2675 te
585 2640 723 2686 Spiritu
739 2650 881 2684 sancto,
910 2644 1003 2678 dabo
1020 2651 1138 2678 motus

140 2697 311 2731 salutares
338 2695 403 2729 tibi
427 2702 460 2729 et
485 2693 584 2735 aliis,
611 2700 650 2727 ut
667 2693 784 2728 David
812 2694 947 2738 regitur
972 2696 1138 2738 consilio,

2107 94 2203 128 1238

1200 182 1243 203 ne
1261 170 1448 204 interficiat
1467 172 1610 205 Saulem
1624 200 1632 211 ,
1662 186 1704 206 ne
1722 186 1869 218 regnum
1889 183 1970 210 ante
1987 185 2124 223 tempus
2143 194 2201 213 ra-

1200 222 1291 266 piat,
1323 228 1354 254 et
1382 222 1616 257 confirmatur
1643 225 1782 268 Spiritu
1807 234 1949 268 sancto,
1974 237 2011 262 ut
2038 231 2198 265 dolorem

1198 273 1367 317 patientia
1386 273 1516 309 vincat.
1554 274 1612 309 Sic
1632 276 1718 310 alibi
1736 278 1825 321 petit
1841 279 1885 312 de
1903 281 2196 316 sanctificatione:

1198 324 1267 359 Cor
1288 325 1465 358 mundum
1491 337 1569 359 crea
1598 327 1635 359 in
1660 340 1714 361 me
1738 328 1854 371 Deus,
1885 337 1948 367 etc.
2001 330 2047 366 Et
2063 332 2196 368 Paulus

1196 376 1327 422 inquit:
1372 376 1566 420 Accepistis
1591 378 1767 422 Spiritum
1797 382 2001 426 adoptionis
2025 384 2195 423 filiorum,

1195 428 1369 473 Spiritum
1387 440 1530 462 carnem
1550 430 1842 471 mortificantem,
1873 441 1936 467 etc.

1295 486 1463 521 Decimus
1475 499 1612 522 versus:
1628 486 1715 524 Non
1736 491 1819 524 silis
1829 491 1922 526 sicul
1941 505 2052 541 equus
2066 500 2096 529 el
2115 509 2195 530 mu-

1195 537 1272 581 lus,
1295 542 1355 574 ele.
1409 539 1482 573 Iam
1501 540 1669 575 discernit
1688 554 1762 575 non
1786 555 1975 578 conversos
1999 558 2016 579 a
2045 560 2194 582 conver-

1194 591 1260 632 sis,
1287 598 1319 625 et
1338 597 1477 624 accusat
1496 588 1710 625 horrendam
1733 595 1957 630 securitatem
1976 597 2194 634 inomnibus

1193 654 1266 676 non
1283 643 1482 683 conversis,
1505 642 1595 677 sicut
1614 644 1699 677 alibi
1718 643 1918 689 Prophetae
1938 648 2082 684 dicunt:
2099 649 2193 685 Eru-

1193 695 1334 728 bescere
1356 694 1572 728 nesciebant.
1630 694 1738 728 Item:
1769 695 1896 731 Cervix
1920 706 2033 734 vestra
2066 714 2192 737 arcana

1193 753 1261 785 est,
1291 754 1357 781 etc.
1412 745 1459 780 Et
1475 746 1565 780 sicut
1582 746 1620 779 in
1638 759 1741 781 cruce
1760 749 1919 791 pendens
1939 750 2069 795 impius
2090 753 2193 795 latro,

1192 797 1285 831 ridet
1303 798 1341 830 in
1357 809 1419 831 sua
1436 797 1655 839 calamitate,
1683 805 1715 832 et
1740 799 1831 834 ridet
1847 798 2042 836 Christum.
2079 804 2192 840 Addit

1193 855 1310 882 autem
1333 849 1532 882 doctrinam
1560 850 1603 882 de
1628 862 1747 884 causa:
1780 851 1902 895 Quare
1919 859 2038 888 tantae
2056 868 2192 900 poenae

1192 907 1365 944 vagentur
1388 913 1450 945 per
1476 907 1590 935 totum
1624 913 1733 945 genus
1765 900 1981 947 humanum,
2017 907 2193 951 videlicet,

1193 951 1288 995 Quia
1308 951 1405 985 Deus
1429 950 1483 985 his
1509 953 1633 996 poenis
1651 955 1826 997 ostendit,
1856 968 1890 989 se
1907 956 2010 990 irasci
2037 968 2191 1003 peccato,

1192 1011 1225 1037 et
1248 1004 1377 1048 punire
1406 1004 1552 1049 impios,
1579 1006 1639 1038 sed
1665 1005 1773 1039 simul
1799 1009 2118 1052 commonefacere,
2154 1020 2191 1046 ut

1191 1052 1354 1089 homines
1373 1063 1628 1090 convertantur
1643 1057 1686 1090 ad
1706 1057 1834 1102 ipsum.

1295 1116 1367 1150 Hic
1401 1116 1564 1150 doctrina
1593 1117 1729 1160 integra
1753 1118 2010 1153 consideranda
2046 1130 2116 1164 est,
2149 1126 2191 1157 ‹le

1192 1175 1343 1202 venturo
1362 1168 1512 1209 iudicio,
1538 1170 1582 1201 de
1601 1169 1715 1202 causis
1732 1169 1972 1204 calamitatum
1997 1173 2034 1206 in
2054 1171 2119 1208 hac
2138 1177 2192 1208 vi-

1191 1226 1243 1259 ta,
1272 1221 1314 1251 de
1335 1220 1543 1252 discrimine
1573 1221 1756 1254 doctrinae
1780 1219 2050 1267 philosophicae
2079 1233 2112 1260 et
2137 1228 2191 1259 ‹li-

1191 1270 1313 1308 vinae,
1349 1271 1392 1303 de
1418 1271 1669 1304 communibus
1694 1271 1956 1308 calamitatibus
1981 1283 2012 1308 et
2036 1280 2192 1322 propriis

1190 1321 1378 1355 Ecclesiae.
1433 1320 1521 1355 Item
1545 1323 1587 1355 de
1612 1322 1842 1365 differentiis,
1869 1327 1964 1370 quod
1987 1327 2077 1362 aliae
2100 1330 2192 1362 aflli-

1192 1374 1326 1406 ctiones
1362 1373 1432 1406 sint
1469 1371 1666 1419 τιμωρίαι,
1709 1374 1799 1408 aliae
1831 1373 2068 1421 δοκιμασίαι,
2103 1381 2192 1415 aliae

1189 1421 1399 1471 μαρτύρια,
1428 1421 1563 1458 Christi
1583 1426 1698 1469 passio
1717 1433 1768 1460 est
1785 1425 1937 1474 λύτρον.

1292 1483 1473 1518 Discernit
1499 1491 1614 1519 autem
1642 1483 1836 1520 Ecclesiam
1860 1495 1892 1521 et
1920 1489 2069 1534 impios,
2107 1506 2191 1537 pro-

1190 1536 1291 1580 ponit
1307 1537 1588 1570 consolationem
1616 1545 1649 1571 et
1677 1539 2009 1583 comminationem,
2038 1543 2191 1580 affirmat

1191 1588 1310 1632 impiis
1329 1595 1422 1622 certo
1441 1595 1608 1622 venturas
1626 1600 1699 1622 esse
1716 1601 1866 1634 poenas,
1897 1605 2048 1637 quarum
2068 1595 2105 1628 in
2127 1593 2192 1631 hac

1191 1639 1261 1673 vita
1286 1640 1433 1674 initium
1460 1647 1510 1673 est
1536 1651 1649 1681 morS,
1678 1648 1711 1674 et
1736 1653 1839 1686 saepe
1862 1646 2078 1680 antecedunt
2102 1647 2192 1682 aliae

1190 1702 1338 1733 magnae
1356 1703 1508 1735 poenae,
1536 1698 1575 1724 ut
1600 1691 1637 1724 in
1656 1690 1862 1735 Pharaone,
1891 1703 1924 1730 et
1942 1695 2028 1730 Saul
2049 1705 2081 1731 et
2100 1699 2191 1734 aliis.

1190 1741 1284 1784 Quia
1300 1740 1398 1777 Deus
1415 1750 1448 1776 et
1466 1740 1558 1776 hanc
1575 1743 1733 1786 regulam
1756 1753 1890 1785 servat,
1919 1754 1957 1781 ut
1981 1750 2112 1784 atrocia
2131 1752 2192 1785 de-

1190 1793 1270 1826 licta
1289 1795 1506 1828 comitentur
1523 1802 1657 1828 atroces
1676 1808 1811 1840 poenae
1830 1797 1868 1831 in
1890 1796 1954 1832 hac
1972 1800 2054 1837 vita,

1290 1852 1472 1893 Primum,
1501 1855 1584 1900 quia
1611 1856 1688 1889 vult
1712 1857 1864 1900 intelligi
1889 1871 1924 1892 se
1946 1860 2078 1894 iustum
2107 1875 2191 1904 esse,

1189 1905 1390 1939 discernere
1408 1913 1502 1940 recte
1520 1908 1609 1940 sacta
1630 1913 1662 1940 et
1679 1907 1819 1949 delicta,
1848 1917 1880 1943 et
1901 1910 2003 1944 irasci
2021 1913 2165 1948 dilictis.

1291 1955 1477 1998 Secundo,
1512 1957 1590 1991 vult
1614 1959 1758 2002 agnosci
1789 1967 1822 1994 et
1854 1961 1973 1995 timeri
2004 1963 2192 2009 iudicium,

1188 2015 1222 2043 et
1240 2008 1373 2041 frenari
1392 2009 1524 2043 multos
1542 2015 1652 2045 metu.

1290 2059 1435 2102 Tertio,
1466 2061 1540 2094 vult
1563 2061 1695 2095 multos
1719 2063 1761 2096 ad
1798 2063 2058 2108 poenitentiam
2085 2080 2190 2102 revo-

1188 2124 1273 2148 car1.

1293 2161 1449 2206 Quarto,
1477 2164 1554 2198 vult
1574 2166 1773 2209 praesentia
1791 2167 1966 2212 supplicia
1984 2180 2191 2204 commone-

1187 2215 1358 2249 sactiones
1376 2226 1448 2248 esse
1467 2216 1510 2249 de
1528 2217 1656 2262 poenis
1674 2218 1840 2254 aeternis.

1291 2266 1442 2311 Quinto,
1458 2267 1535 2301 vult
1553 2267 1631 2301 tolli
1649 2269 1901 2315 delinquentes
1927 2278 2074 2316 propter
2089 2273 2191 2306 utili-

1190 2324 1295 2352 tatem
1315 2331 1360 2352 ne
1375 2319 1457 2363 plus
1473 2326 1637 2352 noceant.

1291 2378 1363 2414 Sed
1380 2379 1518 2413 etiamsi
1535 2379 1647 2425 aliqui
1668 2379 1705 2412 in
1724 2377 1790 2414 hac
1800 2381 1871 2415 vita
1885 2381 2012 2416 leviter
2029 2383 2191 2427 puniun-

1189 2438 1267 2470 tur,
1294 2438 1336 2465 ut
1360 2429 1548 2470 Tiberius,
1578 2438 1698 2465 tamen
1723 2439 1857 2466 certum
1881 2440 1932 2466 est
1958 2446 2101 2476 omnes,
2128 2436 2191 2482 qui

1189 2494 1263 2516 non
1281 2489 1554 2523 convertuntur,
1580 2483 1722 2516 futuros
1738 2495 1812 2517 esse
1827 2484 1865 2517 in
1884 2485 2008 2529 poenis
2028 2489 2191 2528 aeternis,

1189 2534 1286 2568 iuxta
1311 2534 1627 2573 comminationes,
1662 2532 1793 2570 Matth.
1818 2534 1896 2571 25.:
1934 2535 1985 2570 lte
2013 2539 2192 2574 maledicti

1190 2586 1228 2619 in
1246 2586 1363 2630 ignem
1381 2593 1576 2619 aeternum.

1293 2644 1347 2679 De
1363 2653 1516 2691 utroque
1534 2658 1662 2691 genere
1687 2659 1885 2691 poenarum
1911 2648 1997 2681 dicit
2013 2647 2190 2682 Psalmus:

1191 2697 1309 2731 Multa
1330 2697 1466 2741 flagella
1484 2698 1758 2783 peccatoggsftc.
1811 2699 1881 2735 Sed
1898 2701 1942 2733 de
1956 2697 2114 2734 Ecclesia
2130 2702 2194 2734 ad-
