2379 2948
81 114 126 148 13
806 104 850 141 11.

81 198 193 232 oritur
210 196 372 241 spiritus,
400 206 470 227 non
497 192 606 226 vivit?
657 188 750 233 Ergo
774 190 868 223 aliud
892 189 1060 233 quiddam
1086 206 1088 216 ι

83 256 133 282 est
151 247 314 285 materia,
344 246 438 279 aliud
464 245 522 276 illa
546 242 596 275 rei
621 241 773 284 agitatio.
827 239 897 273 Nec
917 239 1061 272 ulterius
1086 243 1088 257 s

83 299 323 345 quaerendum
340 303 406 336 est,
432 294 517 339 quid
542 293 584 325 sit
609 289 693 324 haec
716 291 875 334 agitatio,
904 291 960 322 sed
984 289 1060 322 talis
1086 285 1087 319 J

81 357 132 383 cst
151 355 286 381 natura.
339 346 410 380 Nec
430 344 521 383 vita,
549 355 612 375 nec
637 348 751 375 naotus
767 348 873 379 esset,
898 340 964 372 nisi
983 340 1060 372 talis
1085 339 1088 395 ἐ

82 406 171 433 esset
191 397 342 441 agitatio.
395 393 442 427 Ut
460 393 488 425 si
505 404 649 438 quaeras
669 393 710 425 de
728 392 872 431 visione,
900 391 995 423 alind
1013 396 1062 422 est
1086 430 1087 437 ἵ

81 450 247 489 materia,
273 444 434 479 videlicet
450 441 579 477 humor
597 443 838 488 crystallinus,
866 448 899 474 et
917 441 1061 484 spiritus

81 500 228 533 illabens
260 497 298 529 in
324 506 434 528 nervo
458 494 592 538 optico,
629 493 724 525 alind
750 494 821 537 ipsa
843 492 948 531 visio,
974 503 1060 535 quae

80 562 154 583 non
170 555 219 582 est
243 547 312 579 alia
335 544 490 578 materia.
546 544 665 588 ltaque
688 544 723 575 in
751 543 953 575 definitione
972 541 1060 573 exni-

79 611 155 632 mae
181 605 213 631 et
236 597 370 629 cautior
392 601 442 628 est
468 595 606 631 ceteris,
636 601 668 627 et
695 594 837 637 propius
863 594 1060 636 respondet.

79 650 161 683 Sive
188 647 333 691 spiritus
357 645 493 684 vitalis,
527 645 599 677 sive
623 652 954 687 temperamentum,
989 643 1060 675 sive

78 697 262 732 harmonia
280 697 324 731 sit
342 696 542 729 immediata
560 706 660 728 causa
678 695 778 728 vitae.
820 693 920 726 Hanc
938 694 1061 725 imme-

76 749 208 782 diatam
232 748 349 781 sedem
380 747 452 790 ipse
474 746 663 790 relinquit,
695 752 729 779 et
759 745 861 784 dicit,
895 744 1059 777 Animam

78 811 150 832 esse
166 796 257 832 hanc
274 798 383 842 ipsam
401 797 647 839 agitationem,
675 807 742 840 qua
769 796 834 827 iam
862 796 913 827 leo
941 801 988 827 est
1010 802 1060 826 ta-
1085 808 1086 811 ¹

76 849 140 891 lis,
166 861 226 882 seu
244 861 312 893 qua
330 846 394 881 hos
411 854 461 880 est
479 847 568 887 talis,
595 857 654 879 seu
673 858 740 890 qua
760 844 865 878 horno
882 853 930 878 est
948 845 1036 877 talis.
1085 837 1086 841 ¹

178 906 281 941 Hanc
309 918 382 940 esse
406 906 607 939 Aristotelis
641 905 849 938 sententiam
878 903 967 936 nihil
995 905 1060 936 ‹ln-

76 959 175 991 bium
201 964 262 991 est.
315 956 543 991 Recentiores
564 956 638 989 eius
661 956 868 998 interpretes
888 961 1060 999 quaerunt

76 1009 175 1054 quasi
209 1008 305 1041 aliud
337 1007 582 1051 corpusculum
616 1007 653 1039 in
682 1018 828 1049 corpore
860 1006 1060 1043 animantis,

76 1060 171 1103 quod
202 1058 388 1091 nominent
417 1056 600 1098 Animam,
636 1063 668 1089 et
701 1056 852 1099 cogitant
889 1055 1059 1088 Aristote-
1085 1074 1086 1083 κ

75 1109 144 1142 lem
169 1109 322 1142 animam
355 1108 528 1141 collocare
556 1108 593 1140 in
617 1119 782 1150 corpore,
821 1108 907 1139 sicut
934 1108 1061 1148 guber-

75 1167 179 1193 nator
207 1166 256 1193 est
279 1159 316 1191 in
349 1159 453 1200 navi,
488 1170 567 1192 cum
598 1160 670 1204 ipse
700 1164 877 1201 comparet
905 1156 1061 1191 Endele—

76 1207 191 1243 chiam
208 1209 348 1243 visioni.

181 1319 241 1352 De
274 1317 443 1352 vocabuli
480 1316 699 1361 ἕνδελεχειάς
739 1319 882 1364 oriyine
917 1322 953 1351 et

418 1366 708 1415 significatione.

177 1442 353 1476 Vocabuli
380 1444 623 1488 interpretatio
649 1445 753 1477 addet
774 1444 905 1488 aliquid
925 1445 1010 1478 lucis
1028 1452 1059 1479 ct
1084 1461 1085 1467 ¹

75 1493 159 1528 huic
183 1494 401 1535 definitioni,
437 1501 470 1528 et
498 1495 576 1527 aliis
608 1495 727 1527 inultis
752 1495 1059 1538 [lisputatiou.bu5.

76 1544 125 1579 Ut
142 1557 212 1577 non
231 1545 379 1578 dubium
397 1552 466 1584 est,
489 1546 576 1590 quin
593 1543 723 1579 λευκὸν
738 1545 908 1587 significet
926 1547 1058 1587 albuin,

76 1595 123 1628 ita
142 1607 362 1640 nequaqnam
378 1596 525 1630 dubium
545 1603 612 1635 cst,
640 1596 725 1641 quin
749 1594 927 1641 ἐνδελεχὲς
951 1598 1060 1639 signi—
1083 1607 1085 1617 ¹

74 1646 152 1678 ficet
173 1647 394 1682 continuum.
452 1645 498 1679 Et
529 1645 745 1691 ivdetae'gaa,
781 1648 1084 1681 c01itinititatem.³

74 1694 234 1741 Cumque
258 1697 389 1742 ubique
413 1697 518 1731 obvia
541 1698 611 1731 sint
636 1698 807 1740 exempla,
836 1710 906 1730 non
932 1700 1059 1731 addam

76 1746 292 1786 testimonia,
325 1753 461 1780 tantum
486 1748 713 1781 meminerint
732 1749 888 1781 iuniores
906 1758 1057 1782 veterem

77 1808 215 1829 versum
233 1794 406 1831 κοιλαίνει
428 1795 566 1843 πέτραν
580 1796 682 1842 ῥανὶς
695 1797 831 1836 ὕδατος
848 1797 1058 1844 ἐνδελεχείῃ.
1083 1813 1084 1821 ¹

76 1845 234 1890 Sumpsit
251 1847 358 1889 igitur
374 1848 581 1881 Aristoteles
595 1850 804 1882 vocabulum
825 1862 841 1880 a
860 1851 1003 1892 populo,
1027 1858 1060 1884 et
1083 1858 1085 1884 t

75 1897 174 1940 prius
192 1909 232 1930 eo
250 1909 332 1931 usus
348 1905 399 1931 est
414 1899 451 1930 in
469 1898 570 1932 tertio
587 1899 679 1932 libro
697 1897 923 1944 physicorum
945 1900 980 1932 in
999 1902 1059 1933 de-
1083 1908 1085 1926 ὲ

76 1947 236 1980 finitione
252 1955 386 1989 motus,
412 1949 473 1981 ubi
498 1956 537 1982 ut
553 1949 762 1992 significaret
780 1951 1059 1992 progressionem

77 1999 119 2031 ad
145 1997 315 2039 sormam,
348 1996 439 2032 hanc
466 2012 584 2032 vocem
607 2000 806 2044 usurpavit,
840 2013 907 2045 qua
926 2001 1060 2043 signifi-
1083 2004 1085 2015 ¹

77 2054 176 2082 catur
192 2049 359 2083 continua
376 2050 435 2082 illa
454 2050 623 2083 successio
648 2051 812 2094 partium.
866 2050 986 2085 Motus
1011 2059 1060 2086 est
1084 2078 1085 2083 ,

77 2097 294 2133 Endelechia
316 2100 352 2132 in
370 2101 540 2141 subiecto,
568 2102 660 2145 quod
679 2103 720 2134 ad
738 2102 891 2146 aliquam
910 2103 1059 2135 sormam

76 2150 210 2190 tendit,
236 2150 273 2183 id
301 2159 369 2189 est,
402 2158 452 2184 est
475 2152 616 2195 agitatio
632 2165 700 2197 qua
724 2153 919 2197 acquiritur
937 2154 1059 2189 forma.
1084 2174 1085 2187 t

76 2197 127 2233 Ut
150 2211 229 2232 cum
254 2213 343 2246 aqua
368 2202 498 2243 calefit,
524 2215 614 2247 aqua
631 2203 825 2237 subiectum
844 2212 910 2244 est,
937 2212 969 2237 et
986 2205 1060 2246 agi-
1084 2205 1086 2246 ζ

77 2249 164 2282 tatio
180 2251 345 2285 continua
362 2251 398 2284 in
416 2265 525 2298 aqua,
550 2260 602 2286 est
626 2253 693 2287 iter
714 2255 758 2287 ad
775 2254 879 2287 aliam
898 2255 1059 2291 sormam,
1084 2248 1086 2291 l

78 2297 164 2331 Ideo
182 2306 217 2333 et
231 2298 447 2336 Themistins
463 2304 569 2337 verba
587 2304 647 2337 illa
666 2305 865 2345 declarans,
891 2305 956 2347 ait,
983 2303 1060 2339 Eu-

77 2347 272 2382 delechiam
290 2363 360 2385 esse
378 2353 524 2387 itionem
547 2356 591 2388 ad
607 2356 767 2390 formam.

182 2404 234 2463 {Xe
265 2406 427 2451 Boetius,
469 2413 528 2457 qni
562 2411 762 2447 Aristotelis
799 2412 1058 2459 philosophiam

78 2463 170 2490 recte
188 2457 379 2499 intellexit,
403 2463 611 2496 vocabulum
630 2462 867 2498 Endelechiae
884 2466 1057 2509 interpre-

77 2513 189 2547 tatur,
223 2507 371 2547 Actum,
405 2523 477 2544 non
501 2512 700 2557 intelligens
728 2522 823 2556 acta,
852 2517 906 2548 vel
932 2528 984 2549 res
1008 2516 1058 2548 es-

78 2557 203 2595 fectzm,
231 2559 289 2591 sed
306 2566 344 2592 ut
361 2559 479 2593 Latini
496 2570 626 2596 veteres
642 2564 768 2598 Actum
789 2578 853 2609 pro
870 2567 1058 2609 agitatione

80 2608 261 2665 dicebant,
295 2608 389 2643 iuxta
413 2611 514 2647 illud.
579 2612 732 2648 Militem
755 2623 892 2660 oportet
919 2617 956 2651 in
978 2624 1057 2650 actu

78 2669 190 2697 niori,
217 2658 254 2693 id
272 2666 340 2703 est,
366 2669 526 2706 agentem
546 2670 579 2698 et
595 2665 836 2709 praeliantem.
877 2666 923 2703 Et
940 2667 1058 2711 Quin-

902 102 1052 138 LtssEtt
1085 101 1150 136 DE
1187 101 1358 140 ANtMA.

1085 842 1314 881 'efficaciam,
1349 854 1421 873 nou
1451 841 1601 873 ocios-'tm
1632 842 1792 873 sormam.

1084 1420 1085 1443 ἶ
1112 1429 1190 1449 nem
1215 1416 1436 1455 interiorem,
1465 1414 1561 1459 quasi
1588 1411 1628 1447 τὸ
1647 1411 1747 1450 ἔντος
1767 1414 1935 1446 τελειοῦν.

1083 1800 1084 1809 ;
1109 1773 1177 1805 lata
1201 1778 1299 1810 sunt,
1333 1782 1405 1802 non
1431 1777 1512 1803 sunt
1533 1781 1572 1801 ex
1590 1768 1664 1811 ipso
1689 1773 1838 1809 sumpta.

1083 1823 1086 1852 s
1110 1823 1197 1856 ctius
1217 1822 1304 1854 vidit
1321 1820 1505 1853 consilium
1522 1817 1733 1851 Aristotelis.

2047 106 2091 139 14

1115 187 1257 219 tiliauns
1294 187 1425 232 inquit:
1473 186 1595 221 Studia
1627 187 1817 230 sapientiae
1850 200 1921 222 non
1955 189 2021 221 iam
2052 191 2089 222 in

1113 245 1190 270 artu
1217 249 1296 276 sno,
1332 245 1434 281 atque
1459 240 1494 269 in
1521 236 1583 271 bac
1609 239 1675 270 sori
1701 238 1777 271 luce
1804 246 2003 276 versantur,
2028 242 2087 272 sed

1114 288 1149 319 in
1176 287 1328 330 porticus
1351 296 1575 321 recesserunt.
1628 287 1745 330 Quare
1770 295 1800 321 et
1825 288 1946 322 Cicero
1973 290 2088 321 consi-

1113 339 1237 370 derans
1253 344 1284 370 et
1303 337 1473 379 originem
1493 339 1671 379 vocabuli,
1698 346 1729 372 et
1750 337 1948 372 Aristotelis
1973 340 2089 371 consi-

1113 389 1216 427 lium,
1244 388 1346 420 vertit
1362 385 1611 420 Elulelechiam
1629 389 1869 422 continuatam
1885 389 2090 427 motionem,

1111 440 1146 470 id
1182 446 1247 478 est,
1293 438 1474 469 adsiduam
1521 438 1757 479 agitationem.
1819 439 1911 481 Quia
1945 438 2089 472 Graccis

1112 489 1241 521 sciebat
1259 486 1437 531 Szfd‘ztsst'g
1466 499 1537 519 esse
1562 489 1655 520 idem
1686 491 1779 532 quod
1807 490 2028 529 continuum,
2057 496 2089 522 et

1113 539 1336 572 Aristotelem
1363 539 1501 570 ridebat
1528 538 1643 582 loqui,
1672 539 1715 570 de
1738 546 1852 577 motu,
1881 552 1939 572 seu
1958 541 1999 572 (le
2015 540 2089 582 agi—

1113 591 1253 624 tatione.
1307 588 1416 621 Norat
1435 589 1526 620 euim
1538 588 1660 621 Cicero
1679 595 1710 621 ct
1728 597 1825 621 antea
1844 591 1933 632 apud
1952 590 2089 622 Aristo-

1112 641 1234 680 telem,
1262 640 1298 672 in
1323 639 1526 671 delinitione
1554 638 1673 672 Motus
1698 640 1782 683 poni
1802 651 1919 671 vocem
1937 638 2089 672 Endele-

1112 688 1201 723 chia.
1254 690 1392 724 Sciebat
1418 697 1449 723 et
1471 690 1666 732 promiscue
1688 689 1724 721 in
1747 701 1785 721 eo
1811 689 1885 732 ipso
1912 690 1986 722 loco
2006 691 2089 722 Ari-

1111 742 1268 774 stotelem
1286 741 1337 773 uti
1354 740 1532 772 vocabulis
1549 737 1785 772 Endelechiae
1801 747 1833 773 et
1848 738 2030 782 Energiae,
2058 747 2090 772 et

1112 803 1268 835 expresse
1301 791 1431 830 (licere,
1465 797 1599 823 motum
1631 802 1702 823 esse
1727 788 1932 836 ἐνέργειαν,
1971 790 2003 822 id
2032 796 2091 829 est,

1853 838 1899 873 Et
1929 841 1965 872 in
1994 853 2089 872 nono

1110 890 1201 937 μετὰ
1235 890 1280 926 τὰ
1313 889 1452 937 {summ}
1487 903 1609 924 rursus
1633 891 1736 931 dicit,
1770 891 1861 923 idem
1897 902 1967 922 esse
1994 889 2091 934 ἐνέρ-

1110 956 1213 991 γειαν
1239 950 1268 976 et
1295 940 1526 986 ἐνδελέχειαν.
1587 941 1705 983 Quare
1737 947 1769 975 ct
1798 938 2007 974 Plutarchus
2033 941 2091 980 ait,

1112 992 1333 1038 ae'zsd'aelae'zuav
1353 993 1514 1036 usurpari
1533 1004 1596 1035 pro
1615 989 1787 1039 ἓιέργειά.

1213 1051 1265 1086 Ex
1292 1051 1363 1092 his,
1397 1063 1485 1096 quae
1508 1051 1668 1091 recitavi,
1702 1051 1810 1083 lector
1835 1050 2023 1090 candidus,
2058 1057 2091 1082 et

1112 1116 1184 1137 non
1200 1105 1297 1137 rudis
1315 1102 1557 1135 Aristotelicae
1573 1101 1769 1141 doctrinae,
1796 1102 1951 1133 iudicare
1971 1107 2092 1142 potest,

1112 1162 1143 1187 et
1163 1156 1245 1199 quid
1265 1153 1473 1185 vocabulum
1491 1149 1706 1184 Endelecbia
1729 1152 1916 1194 significet,
1943 1159 1975 1184 et
1992 1149 2091 1183 Cice-

1113 1206 1209 1237 ronis
1240 1203 1561 1247 interpretationem
1590 1214 1668 1235 cuin
1694 1203 1862 1235 sententia
1891 1200 2090 1234 Aristotelis

1113 1262 1204 1288 recte
1220 1266 1421 1297 congruere.

1215 1313 1455 1359 Argyropylus
1472 1311 1677 1346 Ciceronem
1698 1310 1940 1355 reprehendit,
1967 1318 1998 1345 et
2017 1322 2090 1343 ma-

1112 1367 1251 1398 luerunt
1272 1365 1328 1396 alii
1347 1364 1489 1408 quidam
1508 1363 1595 1396 verti
1612 1359 1863 1396 Endelechiam
1877 1387 1884 1399 ,
1906 1362 2090 1405 perfectio-

1989 1411 2090 1444 Hanc

1084 1495 1085 1499 ,
1112 1466 1395 1509 imaginationem
1414 1466 1555 1509 adparet
1577 1475 1634 1496 eos
1652 1475 1724 1496 non
1747 1463 1933 1506 sumpsisse
1951 1475 1991 1495 ex
2007 1461 2091 1494 Ari-

1084 1539 1085 1549 ]
1111 1518 1249 1555 stotele,
1277 1518 1333 1549 sed
1355 1517 1396 1548 ad
1415 1528 1492 1548 enm
1509 1515 1681 1554 attulisse,
1709 1526 1786 1547 cum
1804 1520 1939 1546 tantum
1954 1514 1996 1545 de
2014 1512 2092 1544 ani-

1084 1579 1085 1598 }
1111 1581 1164 1601 ma
1192 1566 1427 1601 hominisdici
1455 1567 1728 1605 arbitrarentur,
1762 1571 1795 1597 et
1817 1561 1906 1597 hanc
1929 1563 2092 1596 videlicet

1111 1628 1271 1653 naturam
1299 1617 1526 1661 separabilem
1552 1614 1709 1649 habitare
1733 1615 1925 1658 cogitarent
1942 1614 1978 1646 in
1995 1620 2091 1657 parte

1083 1697 1084 1708 ἶ
1110 1669 1268 1714 corporis
1290 1676 1379 1702 certa
1393 1696 1402 1709 ,
1435 1668 1524 1701 sicut
1549 1668 1584 1699 in
1604 1666 1684 1699 navi
1702 1666 1916 1709 gubernator
1934 1665 2028 1698 sedet
2045 1664 2090 1696 ad

1451 1718 1546 1751 Ilaec
1569 1718 1712 1750 aliunde
1729 1717 1770 1748 ad
1789 1715 2013 1748 Aristotelem
2040 1715 2092 1746 al-

1893 1764 2015 1798 Cicero
2035 1776 2091 1796 re-

1776 1816 1847 1849 Nec
1864 1823 1981 1849 tamen
2000 1812 2091 1847 hanc

1110 1720 1398 1764 gubernaculum.

1083 1888 1085 1896 ¹
1110 1874 1348 1918 quaestionem
1373 1871 1444 1903 ulla
1468 1866 1669 1914 ([ιλοιέικία
1693 1867 1809 1905 movi,
1837 1879 1899 1899 nec
1924 1865 2090 1909 impedio,

1110 1936 1179 1968 quo
1197 1923 1313 1955 minus
1332 1933 1393 1954 sua
1412 1921 1536 1964 cuique
1560 1918 1733 1951 sententia
1758 1918 1908 1961 placeat,
1935 1927 2092 1960 praeser-

1110 1975 1172 2007 tim
1189 1974 1225 2006 in
1244 1971 1306 2006 hac
1324 1972 1404 2004 exili
1422 1970 1676 2014 disputatione,
1705 1980 1794 2014 quae
1818 1980 1890 2000 non
1908 1967 2092 1999 labefactat

1109 2031 1236 2058 statum
1257 2023 1478 2067 reipublicae.
1534 2020 1579 2054 Ut
1594 2032 1656 2052 uec
1673 2019 1768 2052 iocus
1784 2019 1874 2062 apud
1894 2017 2091 2051 Lucianum

1084 2092 1085 2099 1
1109 2076 1227 2108 turbat
1250 2074 1519 2117 rempublicam,
1552 2071 1614 2104 ubi
1639 2071 1738 2102 litera
1763 2067 1788 2104 d*
1807 2069 1878 2112 agit
1902 2067 2090 2102 interdicto

1084 2133 1085 2146 ³
1109 2127 1204 2159 unde
1229 2125 1263 2158 vi
1286 2125 1379 2170 quod
1406 2136 1446 2156 ex
1471 2122 1625 2155 dictione
1651 2118 1849 2165 ἕνδελέχεια
1872 2118 2010 2162 expulsa
2035 2117 2091 2154 sit,

1109 2184 1291 2221 postquam
1317 2174 1482 2218 irruperit
1509 2173 1544 2205 in
1570 2184 1647 2205 eum
1672 2171 1787 2204 locum
1810 2171 1910 2203 litera
1935 2182 1966 2202 T.
2021 2166 2090 2201 Sed

1110 2227 1229 2260 indico
1245 2238 1318 2259 non
1335 2232 1404 2259 tam
1422 2236 1532 2257 meam
1548 2222 1776 2261 sententiam,
1802 2232 1907 2265 quam
1931 2229 2090 2251 meorum

1109 2284 1395 2322 praeceptorum,
1428 2275 1490 2320 qui
1513 2286 1585 2307 non
1609 2274 1713 2306 rudes
1729 2273 1872 2305 fuerunt
1887 2267 2090 2304 Aristoteli-

1109 2341 1167 2362 cae
1193 2328 1384 2363 doctrinae.

1497 2436 1700 2467 Obiectio.

1211 2514 1280 2548 Sed
1317 2509 1559 2555 interpretatio
1595 2506 1777 2542 Ciceronis
1818 2503 2090 2550 reprehenditur

1109 2563 1176 2599 hoc
1193 2569 1410 2609 argumento.
1463 2559 1618 2603 Agitatio
1641 2571 1701 2592 seu
1724 2557 1834 2592 motio
1853 2564 1902 2591 est
1919 2557 2089 2591 accidens.

1108 2616 1238 2650 Anima
1258 2627 1328 2647 non
1355 2619 1404 2646 est
1427 2612 1599 2645 accidens,
1651 2608 1764 2652 Igitur
1785 2620 1856 2641 non
1874 2606 2015 2652 proprie
2033 2606 2088 2638 di-

1107 2666 1199 2701 citur
1215 2663 1462 2707 esseAgitatio.
1513 2660 1740 2705 Respondeo.
1793 2657 2000 2693 Aristoteles
2016 2657 2089 2699 ipse
