2379 2948
144 82 218 120 265
728 79 791 118 111.

146 174 270 202 contra
293 167 547 200 successionem
574 166 756 210 signorum
774 165 967 210 aliquando
988 174 1132 207 percur-

145 219 211 259 rit,
236 225 355 252 tamen
374 219 455 263 quia
479 218 532 250 illi
551 219 680 251 diurno
705 217 821 256 arcui,
843 216 905 248 ubi
925 214 1131 258 plurimum,

145 282 220 303 non
238 276 356 303 tamen
375 269 503 311 integri
519 269 646 311 gradus
662 268 731 299 dno
749 266 785 298 in
803 265 960 298 Zodiaco
985 276 1132 309 respon-

146 322 251 361 dent,
285 319 384 352 nulla
407 326 520 363 potest
552 317 674 350 sentiri
697 315 820 349 Lunae
852 316 1041 359 regressio,
1072 316 1131 348 sed

145 368 214 404 hoc
240 376 379 404 tantum
410 368 544 408 evenit,
578 373 617 400 ut
638 366 762 405 Luna,
797 378 876 400 cum
914 367 1131 411 superiorem

146 421 293 467 epicycli
310 420 529 453 medietatem
546 424 729 461 peragrat,
756 417 891 450 tardius
908 417 992 450 serri
1013 417 1133 450 videa-

145 479 222 513 tur,
248 470 394 505 celerius
420 480 502 502 vero
527 480 607 502 cum
635 467 854 502 inferiorem.

247 529 315 564 Sed
340 535 410 561 tres
440 527 638 572 superiores
661 526 829 561 Planetae
858 527 988 571 partim
1017 534 1133 561 motus

146 592 227 615 suos
249 580 286 612 in
310 578 474 623 epicyclis
496 579 610 612 multo
634 578 826 611 velociores
850 576 998 619 liabent,
1027 590 1130 623 quam

145 638 302 665 centrum
328 629 475 674 epicycli
506 629 544 661 in
577 629 801 668 eccentricis‚
836 636 875 663 nt
901 629 1075 662 Saturnus
1100 635 1132 662 et

143 681 294 725 Iupiter,
319 680 447 723 partim
464 680 512 713 ita
529 681 687 724 amplum
707 677 839 714 habent
856 680 1071 725 epicyclum,
1100 687 1133 713 et

143 731 273 765 alicubi
290 732 379 764 adeo
396 737 508 764 terrae
528 731 890 775 appropinquantem,
913 737 951 763 ut
976 731 1131 774 spacium

143 781 299 822 Zodiaci,
325 782 420 826 quod
441 782 608 825 competit
628 782 724 815 arcui
742 782 871 815 diurno
889 780 1067 821 Planetae,
1094 781 1131 813 in

142 832 298 878 epicyclo
316 838 437 866 contra
456 833 619 865 ordinem
637 833 819 875 signorum
838 832 966 871 euntis,
994 838 1133 876 superet

142 895 284 924 arcum,
311 895 414 928 quem
441 889 600 917 centrum
625 883 771 928 epicycli
798 889 897 916 motu
917 883 1048 915 diurno
1077 895 1131 915 ec-

141 934 377 968 centricorum
404 935 597 967 secundum
617 935 799 977 signorum
824 934 986 966 ordinem
1013 934 1132 966 absol-

141 985 203 1020 vit.
257 983 376 1027 Quare
401 996 540 1018 necesse
558 991 627 1028 est,
655 985 705 1018 ibi
725 985 947 1017 manifestam
967 983 1132 1017 Planetae

140 1036 392 1078 regressionem
410 1036 545 1069 sentiri.

244 1092 449 1128 Absolvunt
472 1102 589 1129 autem
614 1093 652 1128 hi
671 1094 838 1128 Planetae
860 1106 967 1127 unam
996 1094 1032 1126 in
1057 1093 1132 1137 epi—

141 1146 247 1191 cyclis
266 1145 338 1178 suis
355 1146 541 1190 periodum
560 1159 599 1179 eo
618 1153 794 1189 tempore,
822 1146 915 1190 quod
937 1145 1028 1178 inter
1045 1145 1131 1176 duas

141 1197 300 1240 ipsorum
320 1202 353 1229 et
369 1196 463 1230 Solis
481 1197 750 1230 coniunctiones
777 1196 975 1230 intercedit,
1029 1195 1131 1228 Sem-

141 1259 204 1290 per
221 1247 314 1279 enim
333 1247 423 1280 circa
446 1247 602 1280 medium
619 1254 757 1290 tempus
775 1246 981 1279 directionis
1000 1243 1128 1278 horum

140 1297 389 1335 planetarum,
423 1296 485 1329 Sol
516 1309 594 1329 curn
628 1298 679 1331 eis
710 1297 954 1340 coniungitur,
987 1296 1075 1328 sicut
1099 1302 1130 1328 et

140 1349 230 1381 circa
246 1346 404 1379 medium
424 1352 563 1389 tempus
581 1357 758 1389 regressus
776 1347 837 1378 Sol
855 1346 1048 1391 unicuique
1065 1344 1130 1379 ho-

139 1410 219 1432 rum
238 1396 346 1430 trium
364 1396 560 1441 opponitur
578 1407 618 1429 ex
636 1396 820 1431 diametro.
874 1394 1044 1428 Continet
1067 1407 1130 1428 au-

140 1456 209 1483 tem
226 1446 294 1482 hoc
311 1447 539 1481 intervallum
559 1447 780 1491 periodicum
797 1446 834 1478 in
852 1446 1007 1491 epicyclo

342 1505 489 1540 Saturni
520 1506 536 1538 1
555 1517 689 1539 annum
724 1505 769 1538 13
788 1505 873 1541 dies.

341 1556 436 1590 lovis
518 1558 535 1590 1
556 1568 689 1590 annum
717 1555 767 1589 54
784 1556 870 1590 dies.

343 1607 472 1642 Martis
511 1609 534 1641 2
552 1619 665 1641 annos
714 1606 763 1643 50
781 1608 855 1640 dies
876 1607 958 1639 fere.

138 1669 234 1703 Ilinc
254 1674 415 1712 apparet,
443 1666 590 1700 Saturni
614 1673 648 1700 et
664 1665 758 1699 Iovis
780 1666 967 1710 periodum
996 1664 1031 1695 in
1056 1663 1130 1706 epi-

139 1720 235 1766 cyclo
250 1719 354 1761 longe
373 1729 444 1750 esse
468 1717 691 1757 celeriorem,
719 1729 823 1761 quam
842 1715 988 1760 epicycli
1014 1715 1049 1746 in
1068 1716 1127 1746 de-

138 1772 271 1804 ferente
289 1781 370 1809 suo,
399 1767 527 1801 Martis
545 1779 628 1800 vero
648 1767 841 1800 tardiorem
856 1766 1052 1810 aliquanto.

240 1836 346 1879 Quod
367 1842 484 1869 autem
500 1834 675 1868 Saturnus
699 1833 848 1867 celerius
869 1833 982 1866 fertur
1008 1832 1044 1864 in
1066 1843 1128 1865 suo

138 1888 295 1934 epicyclo
317 1898 423 1932 quam
442 1885 596 1930 Iupiter,
625 1892 657 1919 et
677 1882 734 1918 hic
757 1896 880 1917 rursus
903 1883 1059 1916 velocior
1080 1889 1129 1916 est

137 1942 174 1974 in
198 1951 261 1973 suo
286 1938 441 1983 epicyclo
464 1948 570 1981 quam
592 1935 708 1977 Mars,
734 1947 837 1968 causa
860 1941 910 1968 est
932 1934 1127 1978 perspicua.

137 1990 228 2025 Nam
256 1989 319 2024 Sol
349 1988 589 2022 tardissimum
622 1999 787 2032 quenque
813 1998 853 2019 ex
880 1984 934 2018 his
960 1984 1128 2025 Planetis,

139 2054 201 2076 suo
229 2052 335 2074 cursu
359 2038 542 2073 celerrime
571 2038 781 2083 assequitur.
841 2035 960 2079 Quare
989 2047 1126 2068 necesse

138 2099 189 2127 est
203 2090 403 2132 Planetam,
431 2090 493 2135 qui
516 2089 554 2122 in
579 2089 773 2122 eccentrico
802 2100 865 2122 suo
893 2086 1027 2121 tardius
1049 2099 1125 2119 mo—

138 2149 251 2184 vetur,
276 2153 379 2176 suum
394 2141 432 2174 in
450 2140 604 2186 epicyclo
622 2140 838 2174 curriculum
856 2139 1060 2177 accelerare,
1086 2144 1126 2171 ut

140 2194 222 2228 Sole
249 2193 432 2227 accedente
452 2193 496 2226 ad
520 2191 806 2226 coniunctionem
830 2190 905 2234 ipse
928 2189 965 2222 in
986 2189 1124 2232 fastigio

139 2245 194 2280 sui
210 2243 356 2289 epicycli
374 2243 580 2288 reperiatur.
634 2241 699 2277 Est
715 2241 809 2275 enim
828 2247 995 2286 perpetua
1014 2251 1124 2285 quae-

139 2297 221 2330 dam
244 2296 316 2335 lex,
343 2305 411 2339 qua
432 2291 471 2327 hi
488 2293 655 2328 Planetae
677 2294 723 2327 ita
750 2293 1057 2335 circumaguntur,
1085 2297 1124 2324 ut

140 2348 298 2392 ipsorum
327 2351 445 2378 motus
475 2344 513 2377 in
545 2345 708 2390 epicyclis
742 2343 922 2388 aptissime
953 2348 1124 2386 congruat

140 2410 218 2433 cum
242 2407 379 2431 accessu
395 2402 429 2429 et
449 2406 586 2429 recessu
603 2395 718 2437 Solis,
751 2406 855 2441 quem
877 2401 1044 2439 tanquam
1067 2404 1123 2426 re-

141 2461 216 2493 gem
234 2460 335 2482 suum
356 2445 517 2479 venerari
533 2452 566 2479 et
583 2446 696 2479 colere
713 2446 892 2479 videntur.
926 2444 1015 2479 Nam
1034 2456 1122 2489 quo-

140 2500 204 2534 ties
226 2499 280 2532 illi
305 2496 486 2531 coniuncti
509 2502 609 2536 sunt,
641 2497 746 2530 toties
769 2508 942 2530 summam
967 2495 1021 2529 sui
1048 2495 1122 2538 epi—

140 2549 229 2596 cycli
257 2549 412 2593 apsidem
442 2554 560 2581 tenere
589 2545 924 2589 deprehenduntur,
950 2553 1120 2592 tanquam

140 2600 334 2634 reverentia
356 2598 445 2633 tanti
469 2595 618 2641 hospitis
634 2596 671 2629 in
688 2604 858 2631 extremos
874 2609 955 2631 suae
973 2597 1121 2631 ditionis

141 2652 226 2685 fines
244 2650 407 2694 digressi,
432 2655 471 2684 ut
489 2648 560 2692 regi
578 2647 751 2692 praesenti
768 2649 892 2682 cedant
911 2648 999 2687 loco,
1029 2655 1060 2682 et
1080 2659 1119 2680 ex
1141 2683 1145 2686 ,

844 74 1002 113 INITIA
1028 73 1323 112 DOCTRINAE
1348 75 1601 113 PHYSICAE.

2103 79 2176 115 266

1186 161 1372 195 intervallo
1397 164 1584 205 mediocri,
1612 176 1690 198 cum
1717 163 1931 206 reverentia,
1958 166 2122 199 mandata
2142 173 2173 199 et

1185 212 1277 245 vires
1294 213 1337 245 ab
1358 224 1397 245 eo
1416 214 1598 258 accipiant.

1286 269 1426 304 Deinde
1453 274 1636 308 recedente
1662 274 1744 308 Sole
1769 283 1849 319 post
1872 275 2172 315 coniunctionem,

1185 321 1284 355 cuius
1301 328 1418 355 motus
1438 329 1488 356 est
1504 324 1655 357 velocior
1667 352 1675 363 ,
1703 326 1769 369 ipsi
1791 327 1834 359 de
1851 338 1928 359 arce
1945 326 1999 359 sui
2026 326 2170 370 epicycli

1185 373 1424 411 descendunt,
1453 373 1553 417 quasi
1577 375 1682 407 officii
1706 387 1805 409 causa
1828 377 2012 411 deducturi
2038 377 2172 409 abeun-

1184 431 1254 457 tem
1277 434 1412 466 regem,
1437 430 1542 468 atque
1570 424 1615 456 ita
1635 424 1751 456 Solem
1778 427 2032 472 insequuntur,
2059 428 2171 460 donec

1184 474 1348 508 abscessit
1365 485 1427 518 per
1444 475 1582 507 tertiam
1599 474 1743 507 Zodiaci
1762 483 1906 519 partem,
1934 476 1999 511 hoc
2019 485 2078 518 est,
2105 478 2170 510 do-

1187 537 1250 558 nec
1276 531 1429 570 quatuor
1454 525 1635 568 signorum
1662 525 1849 558 intervallo
1881 529 1925 559 ab
1952 529 2036 571 ipsis
2063 529 2172 567 abest,

1186 588 1288 621 quem
1313 576 1493 619 trigonum
1517 583 1693 619 aspectum
1721 583 1859 609 vocant.
1913 577 2006 610 Tum
2030 580 2169 611 demum

1185 627 1284 671 quasi
1309 627 1542 660 satisfecerint
1575 639 1637 659 sno
1664 627 1795 666 officio,
1829 627 1965 671 aliquot
1989 629 2062 660 dies
2088 640 2171 661 cou-

1184 679 1314 712 sistunt
1346 678 1503 719 immoti,
1547 684 1715 722 tanquam
1744 678 1980 712 valedicentes
2011 679 2105 721 regi,
2141 687 2173 711 et

1183 729 1323 773 longius
1341 729 1527 762 abeuntem
1546 735 1816 773 prospectantes.

1283 787 1369 821 Mox
1387 788 1525 832 regredi
1542 788 1738 832 incipiunt,
1765 795 1799 822 et
1822 788 1858 820 in
1876 788 1963 821 imas
1983 793 2096 830 partes
2120 788 2173 820 sni

1185 838 1331 884 epicycli
1358 850 1430 872 sese
1459 839 1672 879 demittunt,
1707 839 1845 884 quoties
1867 838 1928 872 Sol
1955 838 2024 870 illis
2047 850 2087 871 ex
2112 840 2174 872 ad-

1187 901 1288 922 verso
1306 890 1519 934 opponitur,
1547 897 1586 924 nt
1607 891 1796 923 videantur
1820 889 1919 934 quasi
1940 889 2058 932 lugere
2085 889 2175 932 regis

1184 940 1399 980 absentiam,
1422 947 1454 974 et
1473 941 1569 974 illius
1588 941 1743 974 reditum
1762 940 1936 985 supplices
1954 947 2123 984 expetere.

1286 998 1426 1033 Deinde
1457 1011 1536 1033 cum
1566 999 1685 1033 Solem
1712 1006 1790 1044 post
1819 999 2078 1043 oppositionem
2100 1011 2176 1032 cer-

1184 1056 1277 1083 nunt
1311 1051 1355 1083 ad
1392 1062 1464 1083 sese
1492 1051 1677 1091 accedere,
1719 1048 1835 1083 adhuc
1864 1057 1985 1083 contra
2015 1050 2174 1082 ordinem

1185 1100 1366 1143 signorum
1386 1101 1430 1133 ab
1450 1100 1518 1133 ima
1540 1107 1638 1144 parte
1665 1101 1810 1146 epicycli
1829 1101 2054 1133 ascendentes
2078 1101 2175 1134 festi-

1185 1158 1271 1184 nant
1295 1150 1369 1193 regi
1394 1163 1597 1193 occurrere,
1632 1163 1782 1196 eumque
1811 1151 1998 1184 intervallo
2023 1157 2175 1195 quatuor

1184 1202 1364 1244 signorum
1383 1213 1442 1234 seu
1459 1202 1610 1244 trigoni,
1637 1200 1751 1235 adhuc
1768 1202 1974 1238 distantem,
2004 1201 2102 1246 quasi
2121 1213 2175 1233 sa-

1184 1252 1374 1285 lutabundi
1391 1252 1582 1296 excipiunt,
1604 1252 1739 1297 aliquot
1755 1253 1892 1285 dierum
1909 1252 2058 1285 statione
2074 1252 2176 1292 sacta,

1183 1310 1287 1347 atque
1307 1303 1354 1336 ita
1371 1303 1537 1346 deinceps
1558 1310 1652 1336 recto
1678 1314 1782 1335 cursu
1800 1303 1993 1335 secundum
2011 1303 2174 1335 ordinem

1184 1353 1366 1394 signorum
1385 1353 1686 1396 appropinquanti
1703 1353 1779 1384 Soli
1803 1353 2067 1395 praecedentes,
2095 1364 2175 1385 cum

1183 1401 1320 1435 laeticia
1337 1402 1379 1434 ad
1400 1401 1489 1434 arcis
1514 1413 1596 1435 suae
1620 1402 1797 1445 fastigium
1813 1403 2018 1443 enituntur,
2044 1410 2082 1436 ut
2100 1402 2175 1436 Soli

1181 1452 1344 1497 proximo
1362 1453 1480 1485 locum
1496 1453 1702 1488 concedant.

1284 1511 1380 1545 Haec
1413 1518 1582 1556 perpetua
1616 1510 1803 1545 harmonia
1835 1518 1995 1546 motuum
2022 1511 2115 1546 Solis
2142 1519 2174 1545 et

1182 1562 1291 1596 trium
1316 1563 1539 1607 superiorum
1566 1562 1794 1596 Planetarum
1816 1563 1985 1605 imagines
2009 1561 2174 1607 pulcher·

1180 1614 1351 1647 rimarum
1375 1614 1547 1647 virtutum
1570 1614 1746 1654 continet,
1774 1621 1807 1648 et
1835 1614 2115 1647 consideratione
2141 1621 2173 1647 et

1180 1664 1416 1698 admiratione
1434 1664 1640 1707 dignissima
1661 1670 1722 1700 est.

1282 1721 1329 1756 Et
1351 1734 1394 1755 ne
1413 1722 1632 1756 existimetur
1654 1722 1718 1755 iste
1743 1728 1858 1755 motus
1880 1721 2107 1755 Planetarum
2134 1723 2170 1754 in

1180 1773 1366 1819 epicyclis,
1399 1773 1556 1814 angustis
1592 1773 1693 1806 metis
1724 1772 1878 1813 includi,
1912 1773 2093 1806 sciendum
2122 1780 2171 1806 est

1179 1824 1391 1857 diametrum
1418 1823 1565 1868 epicycli
1591 1823 1745 1863 lunaris,
1781 1823 1842 1868 qui
1868 1824 2030 1857 omnium
2062 1823 2169 1855 mini-

1178 1885 1258 1907 mus
1277 1881 1347 1913 est,
1373 1874 1553 1906 continere
1577 1874 1685 1907 totius
1703 1881 1815 1907 terrae
1833 1873 2044 1907 diametrum
2064 1874 2169 1918 quin-

1179 1925 1278 1970 quies
1303 1931 1336 1957 et
1361 1931 1571 1964 sextantem,
1605 1922 1671 1957 hoc
1695 1931 1745 1958 est
1777 1924 1944 1956 milliaria
1970 1925 2168 1966 germanica

1178 1975 1338 2015 8886²l3,
1356 1975 1570 2008 sidiametro
1582 1982 1691 2008 terrae
1709 1974 1900 2009 tribuimus
1911 1975 2074 2008 milliaria
2091 1987 2168 2018 ger-

1176 2026 1313 2059 manica
1338 2025 1436 2058 mille
1456 2025 1674 2069 septingenta
1699 2033 1731 2059 et
1756 2025 1894 2068 viginti.
1947 2025 2040 2058 Hine
2067 2026 2167 2058 colli-

1177 2077 1281 2120 gitur,
1298 2076 1470 2110 ambitum
1488 2076 1644 2121 epicycli,
1662 2089 1765 2121 quem
1782 2076 1884 2109 Luna
1902 2076 2048 2118 singulis
2067 2088 2166 2108 men-

1178 2128 1275 2162 sibus
1292 2127 1399 2161 semel
1417 2127 1609 2171 percurrit,
1636 2124 1703 2160 hoc
1720 2133 1785 2168 est,
1811 2127 1902 2160 intra
1923 2127 1997 2159 dies
2012 2125 2073 2165 27,
2099 2123 2164 2158 ho-

1176 2190 1233 2213 ras
1256 2179 1313 2220 13,
1337 2178 1518 2212 continere
1536 2178 1644 2212 totius
1660 2177 1824 2211 diametri
1841 2184 1953 2211 terrae
1968 2176 2164 2219 longitudi-

1175 2242 1256 2263 nem
1275 2229 1390 2263 decies
1406 2229 1533 2270 sexies,
1560 2236 1593 2262 et
1611 2235 1787 2274 praeterea
1804 2228 1961 2273 quinque
1976 2227 2051 2261 eius
2070 2227 2162 2260 vice-

1174 2281 1279 2315 simas
1296 2280 1440 2325 primas‚
1459 2277 1525 2313 hoc
1543 2286 1603 2321 est,
1630 2279 1794 2312 milliaria
1811 2277 2007 2321 germanica
2024 2277 2162 2313 27929.

1276 2340 1346 2375 Sed
1384 2339 1520 2373 lunaris
1554 2338 1701 2383 epicycli
1742 2337 2021 2380 magnitudinem
2056 2337 2160 2380 longe

1173 2391 1322 2426 vincunt
1339 2390 1505 2437 epicycli,
1532 2389 1569 2422 in
1587 2389 1716 2434 quibus
1733 2394 1802 2421 tres
1822 2387 1976 2431 supremi
1992 2386 2159 2421 Planetae

1173 2440 1365 2477 vehuntur.
1424 2440 1514 2474 Nam
1537 2440 1706 2473 diameter
1731 2438 1876 2484 epicycli
1901 2437 2068 2479 Saturni,
2096 2439 2157 2483 qui

1171 2493 1342 2527 minimus
1357 2497 1424 2532 est,
1450 2497 1573 2534 aequat
1592 2489 1814 2532 longitudine
1831 2489 2019 2522 diametros
2045 2495 2157 2522 terrae

1170 2544 1284 2584 2298,
1311 2542 1406 2577 Iovis
1430 2542 1542 2574 maior
1569 2537 1672 2573 habet
1693 2540 1882 2573 diametros
1905 2546 2016 2574 terrae
2046 2540 2157 2579 2745,

1144 2605 1146 2609 ’
1170 2595 1298 2630 Martis
1315 2604 1397 2627 vero
1416 2591 1575 2624 omnium
1598 2590 1833 2634 amplissimus
1851 2591 2006 2624 continet
2022 2592 2154 2624 diame-

1171 2653 1244 2680 tros
1260 2653 1371 2680 terrae
1387 2641 1506 2680 4085,
1531 2648 1569 2675 ut
1587 2640 1808 2675 Ptolemaeus
1832 2641 1989 2675 tradidit.
