<?xml version="1.0" encoding="UTF-8"?>
<!DOCTYPE html PUBLIC "-//W3C//DTD XHTML 1.0 Transitional//EN"
    "http://www.w3.org/TR/xhtml1/DTD/xhtml1-transitional.dtd">
<html xmlns="http://www.w3.org/1999/xhtml" xml:lang="en" lang="en">
 <head>
  <title>
</title>
<meta http-equiv="Content-Type" content="text/html;charset=utf-8" />
  <meta name='ocr-system' content='tesseract 3.04.00' />
  <meta name='ocr-capabilities' content='ocr_page ocr_carea ocr_par ocr_line ocrx_word'/>
</head>
<body>
  <div class='ocr_page' id='page_1' title='image "./operaquaesupersu13melauoft_0527.png"; bbox 0 0 2379 2948; ppageno 0'>
   <div class='ocr_carea' id='block_1_1' title="bbox 128 111 225 147">
    <p class='ocr_par' dir='ltr' id='par_1_1' title="bbox 128 111 225 147">
     <span class='ocr_line' id='line_1_1' title="bbox 128 111 225 147; baseline 0.01 -1"><span class='ocrx_word' id='word_1_1' title='bbox 128 111 225 147; x_wconf 76' lang='lat'>1029</span> 
     </span>
    </p>
   </div>
   <div class='ocr_carea' id='block_1_2' title="bbox 117 195 1106 688">
    <p class='ocr_par' dir='ltr' id='par_1_2' title="bbox 117 195 1106 688">
     <span class='ocr_line' id='line_1_2' title="bbox 119 195 1104 240; baseline -0.001 -10"><span class='ocrx_word' id='word_1_2' title='bbox 119 195 196 230; x_wconf 91' lang='lat' dir='ltr'>cilis</span> <span class='ocrx_word' id='word_1_3' title='bbox 211 195 397 240; x_wconf 81' lang='lat' dir='ltr'>explicatio</span> <span class='ocrx_word' id='word_1_4' title='bbox 421 202 472 230; x_wconf 91' lang='lat' dir='ltr'>est</span> <span class='ocrx_word' id='word_1_5' title='bbox 491 195 703 231; x_wconf 87' lang='lat' dir='ltr'>sententiam</span> <span class='ocrx_word' id='word_1_6' title='bbox 722 195 826 230; x_wconf 87' lang='lat' dir='ltr'>Pauli</span> <span class='ocrx_word' id='word_1_7' title='bbox 851 196 1104 230; x_wconf 74' lang='lat' dir='ltr'>consideranti:</span> 
     </span>
     <span class='ocr_line' id='line_1_3' title="bbox 118 244 1104 286; baseline 0 -7"><span class='ocrx_word' id='word_1_8' title='bbox 118 244 220 280; x_wconf 80' lang='lat' dir='ltr'>Nihil</span> <span class='ocrx_word' id='word_1_9' title='bbox 244 245 333 280; x_wconf 88' lang='lat' dir='ltr'>mihi</span> <span class='ocrx_word' id='word_1_10' title='bbox 358 247 517 281; x_wconf 88' lang='lat' dir='ltr'>conscius</span> <span class='ocrx_word' id='word_1_11' title='bbox 543 259 638 286; x_wconf 83' lang='lat' dir='ltr'>sum,</span> <span class='ocrx_word' id='word_1_12' title='bbox 665 249 724 281; x_wconf 89' lang='lat' dir='ltr'>sed</span> <span class='ocrx_word' id='word_1_13' title='bbox 748 248 786 280; x_wconf 89' lang='lat' dir='ltr'>in</span> <span class='ocrx_word' id='word_1_14' title='bbox 811 245 878 280; x_wconf 93' lang='lat' dir='ltr'>hoc</span> <span class='ocrx_word' id='word_1_15' title='bbox 902 258 976 280; x_wconf 90' lang='lat' dir='ltr'>non</span> <span class='ocrx_word' id='word_1_16' title='bbox 1002 246 1104 280; x_wconf 90' lang='lat' dir='ltr'>iusti-</span> 
     </span>
     <span class='ocr_line' id='line_1_4' title="bbox 119 297 1105 343; baseline 0 -13"><span class='ocrx_word' id='word_1_17' title='bbox 119 297 241 332; x_wconf 80' lang='lat' dir='ltr'>ficatus</span> <span class='ocrx_word' id='word_1_18' title='bbox 256 309 346 331; x_wconf 90' lang='lat' dir='ltr'>sum.</span> <span class='ocrx_word' id='word_1_19' title='bbox 400 297 481 332; x_wconf 93' lang='lat' dir='ltr'>Alia</span> <span class='ocrx_word' id='word_1_20' title='bbox 496 305 546 331; x_wconf 89' lang='lat' dir='ltr'>est</span> <span class='ocrx_word' id='word_1_21' title='bbox 563 298 699 331; x_wconf 90' lang='lat' dir='ltr'>iusticia</span> <span class='ocrx_word' id='word_1_22' title='bbox 724 309 912 342; x_wconf 84' lang='lat' dir='ltr'>personae,</span> <span class='ocrx_word' id='word_1_23' title='bbox 939 310 1006 343; x_wconf 87' lang='lat' dir='ltr'>qua</span> <span class='ocrx_word' id='word_1_24' title='bbox 1025 310 1105 341; x_wconf 92' lang='lat' dir='ltr'>per-</span> 
     </span>
     <span class='ocr_line' id='line_1_5' title="bbox 118 348 1106 392; baseline 0.001 -11"><span class='ocrx_word' id='word_1_25' title='bbox 118 359 206 382; x_wconf 89' lang='lat' dir='ltr'>sona</span> <span class='ocrx_word' id='word_1_26' title='bbox 224 355 295 382; x_wconf 89' lang='lat' dir='ltr'>tota</span> <span class='ocrx_word' id='word_1_27' title='bbox 312 360 428 383; x_wconf 88' lang='lat' dir='ltr'>coram</span> <span class='ocrx_word' id='word_1_28' title='bbox 446 348 522 382; x_wconf 93' lang='lat' dir='ltr'>Deo</span> <span class='ocrx_word' id='word_1_29' title='bbox 538 349 645 391; x_wconf 85' lang='lat' dir='ltr'>gratis</span> <span class='ocrx_word' id='word_1_30' title='bbox 661 355 843 392; x_wconf 86' lang='lat' dir='ltr'>reputatur</span> <span class='ocrx_word' id='word_1_31' title='bbox 861 348 963 384; x_wconf 86' lang='lat' dir='ltr'>iusta.</span> <span class='ocrx_word' id='word_1_32' title='bbox 1010 348 1106 382; x_wconf 81' lang='lat' dir='ltr'>Haec</span> 
     </span>
     <span class='ocr_line' id='line_1_6' title="bbox 118 399 1106 444; baseline 0.002 -13"><span class='ocrx_word' id='word_1_33' title='bbox 118 399 306 444; x_wconf 81' lang='lat' dir='ltr'>imputatio</span> <span class='ocrx_word' id='word_1_34' title='bbox 331 406 466 434; x_wconf 89' lang='lat' dir='ltr'>tantum</span> <span class='ocrx_word' id='word_1_35' title='bbox 490 399 557 432; x_wconf 88' lang='lat' dir='ltr'>fide</span> <span class='ocrx_word' id='word_1_36' title='bbox 571 399 758 443; x_wconf 75' lang='lat' dir='ltr'>accipitur,</span> <span class='ocrx_word' id='word_1_37' title='bbox 785 411 849 432; x_wconf 90' lang='lat' dir='ltr'>nec</span> <span class='ocrx_word' id='word_1_38' title='bbox 874 407 1106 443; x_wconf 86' lang='lat' dir='ltr'>opponuntur</span> 
     </span>
     <span class='ocr_line' id='line_1_7' title="bbox 118 448 1104 485; baseline -0.001 -1"><span class='ocrx_word' id='word_1_39' title='bbox 118 457 259 484; x_wconf 89' lang='lat' dir='ltr'>nostrae</span> <span class='ocrx_word' id='word_1_40' title='bbox 283 451 430 484; x_wconf 85' lang='lat' dir='ltr'>virtutes</span> <span class='ocrx_word' id='word_1_41' title='bbox 460 456 521 483; x_wconf 76' lang='lat' dir='ltr'>aut.</span> <span class='ocrx_word' id='word_1_42' title='bbox 545 450 725 485; x_wconf 84' lang='lat' dir='ltr'>beneficia.</span> <span class='ocrx_word' id='word_1_43' title='bbox 785 449 874 484; x_wconf 87' lang='lat' dir='ltr'>Cum</span> <span class='ocrx_word' id='word_1_44' title='bbox 900 457 1015 484; x_wconf 86' lang='lat' dir='ltr'>autem</span> <span class='ocrx_word' id='word_1_45' title='bbox 1041 448 1104 483; x_wconf 88' lang='lat' dir='ltr'>hac</span> 
     </span>
     <span class='ocr_line' id='line_1_8' title="bbox 118 501 1103 546; baseline 0 -12"><span class='ocrx_word' id='word_1_46' title='bbox 118 502 256 536; x_wconf 88' lang='lat' dir='ltr'>iusticia</span> <span class='ocrx_word' id='word_1_47' title='bbox 275 513 443 546; x_wconf 86' lang='lat' dir='ltr'>personae</span> <span class='ocrx_word' id='word_1_48' title='bbox 459 501 581 534; x_wconf 90' lang='lat' dir='ltr'>donati</span> <span class='ocrx_word' id='word_1_49' title='bbox 599 501 726 541; x_wconf 88' lang='lat' dir='ltr'>simus,</span> <span class='ocrx_word' id='word_1_50' title='bbox 755 512 893 534; x_wconf 86' lang='lat' dir='ltr'>necesse</span> <span class='ocrx_word' id='word_1_51' title='bbox 917 509 968 535; x_wconf 87' lang='lat' dir='ltr'>est</span> <span class='ocrx_word' id='word_1_52' title='bbox 985 502 1103 534; x_wconf 85' lang='lat' dir='ltr'>adesse</span> 
     </span>
     <span class='ocr_line' id='line_1_9' title="bbox 117 551 1101 596; baseline 0 -11"><span class='ocrx_word' id='word_1_53' title='bbox 117 560 150 587; x_wconf 90' lang='lat' dir='ltr'>et</span> <span class='ocrx_word' id='word_1_54' title='bbox 166 553 311 586; x_wconf 89' lang='lat' dir='ltr'>alteram</span> <span class='ocrx_word' id='word_1_55' title='bbox 328 551 499 585; x_wconf 88' lang='lat' dir='ltr'>iusticiam</span> <span class='ocrx_word' id='word_1_56' title='bbox 519 552 633 584; x_wconf 88' lang='lat' dir='ltr'>bonae</span> <span class='ocrx_word' id='word_1_57' title='bbox 651 552 906 593; x_wconf 88' lang='lat' dir='ltr'>conscientiae,</span> <span class='ocrx_word' id='word_1_58' title='bbox 933 564 992 586; x_wconf 87' lang='lat' dir='ltr'>seu</span> <span class='ocrx_word' id='word_1_59' title='bbox 1018 565 1101 596; x_wconf 88' lang='lat' dir='ltr'>ope-</span> 
     </span>
     <span class='ocr_line' id='line_1_10' title="bbox 117 602 1101 647; baseline 0.001 -11"><span class='ocrx_word' id='word_1_60' title='bbox 117 615 213 637; x_wconf 87' lang='lat' dir='ltr'>rum:</span> <span class='ocrx_word' id='word_1_61' title='bbox 267 615 340 636; x_wconf 90' lang='lat' dir='ltr'>non</span> <span class='ocrx_word' id='word_1_62' title='bbox 372 602 619 644; x_wconf 84' lang='lat' dir='ltr'>indulgeamus</span> <span class='ocrx_word' id='word_1_63' title='bbox 650 603 714 636; x_wconf 91' lang='lat' dir='ltr'>ulli</span> <span class='ocrx_word' id='word_1_64' title='bbox 755 604 940 647; x_wconf 87' lang='lat' dir='ltr'>cupiditati</span> <span class='ocrx_word' id='word_1_65' title='bbox 981 611 1101 637; x_wconf 88' lang='lat' dir='ltr'>contra</span> 
     </span>
     <span class='ocr_line' id='line_1_11' title="bbox 117 651 1102 688; baseline 0 -1"><span class='ocrx_word' id='word_1_66' title='bbox 117 654 379 688; x_wconf 84' lang='lat' dir='ltr'>conscientiam.</span> <span class='ocrx_word' id='word_1_67' title='bbox 443 651 488 687; x_wconf 88' lang='lat' dir='ltr'>Et</span> <span class='ocrx_word' id='word_1_68' title='bbox 516 651 599 686; x_wconf 90' lang='lat' dir='ltr'>haec</span> <span class='ocrx_word' id='word_1_69' title='bbox 623 654 759 687; x_wconf 86' lang='lat' dir='ltr'>iusticia</span> <span class='ocrx_word' id='word_1_70' title='bbox 782 655 895 688; x_wconf 88' lang='lat' dir='ltr'>bonae</span> <span class='ocrx_word' id='word_1_71' title='bbox 920 655 1102 688; x_wconf 88' lang='lat' dir='ltr'>conscien-</span> 
     </span>
    </p>
   </div>
   <div class='ocr_carea' id='block_1_3' title="bbox 115 703 1130 749">
    <p class='ocr_par' dir='ltr' id='par_1_3' title="bbox 115 703 1130 749">
     <span class='ocr_line' id='line_1_12' title="bbox 115 703 1130 749; baseline 0 -11"><span class='ocrx_word' id='word_1_72' title='bbox 115 705 184 739; x_wconf 86' lang='lat' dir='ltr'>tiae</span> <span class='ocrx_word' id='word_1_73' title='bbox 207 706 317 749; x_wconf 88' lang='lat' dir='ltr'>placet</span> <span class='ocrx_word' id='word_1_74' title='bbox 334 703 408 737; x_wconf 93' lang='lat' dir='ltr'>Deo</span> <span class='ocrx_word' id='word_1_75' title='bbox 433 704 470 736; x_wconf 92' lang='lat' dir='ltr'>in</span> <span class='ocrx_word' id='word_1_76' title='bbox 496 705 748 746; x_wconf 86' lang='lat' dir='ltr'>reconciliatis,</span> <span class='ocrx_word' id='word_1_77' title='bbox 776 705 865 740; x_wconf 87' lang='lat' dir='ltr'>sicut</span> <span class='ocrx_word' id='word_1_78' title='bbox 891 705 1021 739; x_wconf 84' lang='lat' dir='ltr'>Paulus</span> <span class='ocrx_word' id='word_1_79' title='bbox 1045 706 1100 738; x_wconf 84' lang='lat' dir='ltr'>in—</span> <span class='ocrx_word' id='word_1_80' title='bbox 1127 735 1130 743; x_wconf 82' lang='lat'>,</span> 
     </span>
    </p>
   </div>
   <div class='ocr_carea' id='block_1_4' title="bbox 105 754 1102 2734">
    <p class='ocr_par' dir='ltr' id='par_1_4' title="bbox 109 754 1102 1353">
     <span class='ocr_line' id='line_1_13' title="bbox 115 754 1101 801; baseline 0.001 -13"><span class='ocrx_word' id='word_1_81' title='bbox 115 756 207 801; x_wconf 89' lang='lat' dir='ltr'>quit:</span> <span class='ocrx_word' id='word_1_82' title='bbox 237 754 413 789; x_wconf 81' lang='lat' dir='ltr'>GloriatIO</span> <span class='ocrx_word' id='word_1_83' title='bbox 430 762 548 789; x_wconf 86' lang='lat' dir='ltr'>nostra</span> <span class='ocrx_word' id='word_1_84' title='bbox 566 754 650 789; x_wconf 88' lang='lat' dir='ltr'>haec</span> <span class='ocrx_word' id='word_1_85' title='bbox 665 765 731 796; x_wconf 88' lang='lat' dir='ltr'>est,</span> <span class='ocrx_word' id='word_1_86' title='bbox 759 757 998 790; x_wconf 90' lang='lat' dir='ltr'>testimonium</span> <span class='ocrx_word' id='word_1_87' title='bbox 1017 769 1101 790; x_wconf 91' lang='lat' dir='ltr'>con-</span> 
     </span>
     <span class='ocr_line' id='line_1_14' title="bbox 113 804 1101 850; baseline 0.001 -10"><span class='ocrx_word' id='word_1_88' title='bbox 113 806 278 840; x_wconf 86' lang='lat' dir='ltr'>scientiae</span> <span class='ocrx_word' id='word_1_89' title='bbox 294 813 445 840; x_wconf 84' lang='lat' dir='ltr'>nostrae.</span> <span class='ocrx_word' id='word_1_90' title='bbox 499 804 543 839; x_wconf 88' lang='lat' dir='ltr'>Et</span> <span class='ocrx_word' id='word_1_91' title='bbox 570 806 675 841; x_wconf 88' lang='lat' dir='ltr'>Rom.</span> <span class='ocrx_word' id='word_1_92' title='bbox 700 806 775 841; x_wconf 82' lang='lat'>14.:</span> <span class='ocrx_word' id='word_1_93' title='bbox 811 807 885 850; x_wconf 83' lang='lat' dir='ltr'>Qui</span> <span class='ocrx_word' id='word_1_94' title='bbox 904 807 942 840; x_wconf 87' lang='lat' dir='ltr'>in</span> <span class='ocrx_word' id='word_1_95' title='bbox 969 805 1022 840; x_wconf 90' lang='lat' dir='ltr'>his</span> <span class='ocrx_word' id='word_1_96' title='bbox 1047 819 1101 841; x_wconf 90' lang='lat' dir='ltr'>se-</span> 
     </span>
     <span class='ocr_line' id='line_1_15' title="bbox 114 854 1101 902; baseline 0.001 -12"><span class='ocrx_word' id='word_1_97' title='bbox 114 857 187 891; x_wconf 89' lang='lat' dir='ltr'>ruit</span> <span class='ocrx_word' id='word_1_98' title='bbox 206 854 371 898; x_wconf 87' lang='lat' dir='ltr'>Christo,</span> <span class='ocrx_word' id='word_1_99' title='bbox 400 857 511 900; x_wconf 77' lang='lat' dir='ltr'>placet</span> <span class='ocrx_word' id='word_1_100' title='bbox 528 856 625 900; x_wconf 89' lang='lat' dir='ltr'>Deo,</span> <span class='ocrx_word' id='word_1_101' title='bbox 660 866 693 892; x_wconf 92' lang='lat' dir='ltr'>et</span> <span class='ocrx_word' id='word_1_102' title='bbox 716 859 884 902; x_wconf 86' lang='lat' dir='ltr'>probatus</span> <span class='ocrx_word' id='word_1_103' title='bbox 907 865 957 892; x_wconf 90' lang='lat' dir='ltr'>est</span> <span class='ocrx_word' id='word_1_104' title='bbox 983 857 1101 891; x_wconf 87' lang='lat' dir='ltr'>homi-</span> 
     </span>
     <span class='ocr_line' id='line_1_16' title="bbox 112 907 1101 952; baseline 0.001 -11"><span class='ocrx_word' id='word_1_105' title='bbox 112 908 229 942; x_wconf 76' lang='lat' dir='ltr'>nibUS.</span> <span class='ocrx_word' id='word_1_106' title='bbox 283 907 329 941; x_wconf 89' lang='lat' dir='ltr'>Et</span> <span class='ocrx_word' id='word_1_107' title='bbox 346 909 515 952; x_wconf 87' lang='lat' dir='ltr'>professio</span> <span class='ocrx_word' id='word_1_108' title='bbox 538 907 643 942; x_wconf 88' lang='lat' dir='ltr'>huius</span> <span class='ocrx_word' id='word_1_109' title='bbox 662 909 819 943; x_wconf 88' lang='lat' dir='ltr'>iusticiae</span> <span class='ocrx_word' id='word_1_110' title='bbox 842 922 959 942; x_wconf 91' lang='lat' dir='ltr'>coram</span> <span class='ocrx_word' id='word_1_111' title='bbox 984 907 1101 942; x_wconf 87' lang='lat' dir='ltr'>homi-</span> 
     </span>
     <span class='ocr_line' id='line_1_17' title="bbox 111 959 1100 1005; baseline 0.002 -14"><span class='ocrx_word' id='word_1_112' title='bbox 111 959 219 992; x_wconf 89' lang='lat' dir='ltr'>nibus</span> <span class='ocrx_word' id='word_1_113' title='bbox 238 959 275 992; x_wconf 90' lang='lat' dir='ltr'>in</span> <span class='ocrx_word' id='word_1_114' title='bbox 295 960 406 996; x_wconf 86' lang='lat' dir='ltr'>causis</span> <span class='ocrx_word' id='word_1_115' title='bbox 420 987 429 1000; x_wconf 95' lang='lat'>,</span> <span class='ocrx_word' id='word_1_116' title='bbox 454 960 516 993; x_wconf 88' lang='lat' dir='ltr'>ubi</span> <span class='ocrx_word' id='word_1_117' title='bbox 533 960 684 993; x_wconf 86' lang='lat' dir='ltr'>aliorum</span> <span class='ocrx_word' id='word_1_118' title='bbox 702 960 935 994; x_wconf 79' lang='lat' dir='ltr'>conscientiae</span> <span class='ocrx_word' id='word_1_119' title='bbox 958 960 1100 1005; x_wconf 89' lang='lat' dir='ltr'>pericli—</span> 
     </span>
     <span class='ocr_line' id='line_1_18' title="bbox 111 1011 1101 1053; baseline 0 -9"><span class='ocrx_word' id='word_1_120' title='bbox 111 1017 272 1044; x_wconf 86' lang='lat' dir='ltr'>tarentur</span> <span class='ocrx_word' id='word_1_121' title='bbox 295 1023 332 1043; x_wconf 86' lang='lat' dir='ltr'>re</span> <span class='ocrx_word' id='word_1_122' title='bbox 354 1011 593 1052; x_wconf 89' lang='lat' dir='ltr'>dissimulata,</span> <span class='ocrx_word' id='word_1_123' title='bbox 620 1012 813 1044; x_wconf 89' lang='lat' dir='ltr'>necessaria</span> <span class='ocrx_word' id='word_1_124' title='bbox 837 1018 907 1053; x_wconf 87' lang='lat' dir='ltr'>est,</span> <span class='ocrx_word' id='word_1_125' title='bbox 940 1012 1035 1045; x_wconf 85' lang='lat' dir='ltr'>iuxta</span> <span class='ocrx_word' id='word_1_126' title='bbox 1058 1012 1101 1044; x_wconf 92' lang='lat' dir='ltr'>il-</span> 
     </span>
     <span class='ocr_line' id='line_1_19' title="bbox 112 1061 1100 1098; baseline 0.002 -5"><span class='ocrx_word' id='word_1_127' title='bbox 112 1061 193 1094; x_wconf 88' lang='lat' dir='ltr'>lud:</span> <span class='ocrx_word' id='word_1_128' title='bbox 226 1061 308 1094; x_wconf 86' lang='lat' dir='ltr'>Non</span> <span class='ocrx_word' id='word_1_129' title='bbox 333 1062 429 1094; x_wconf 91' lang='lat' dir='ltr'>dicas</span> <span class='ocrx_word' id='word_1_130' title='bbox 459 1062 585 1095; x_wconf 82' lang='lat' dir='ltr'>falsum</span> <span class='ocrx_word' id='word_1_131' title='bbox 614 1063 868 1098; x_wconf 89' lang='lat' dir='ltr'>testimouium.</span> <span class='ocrx_word' id='word_1_132' title='bbox 921 1061 960 1096; x_wconf 87' lang='lat' dir='ltr'>Si</span> <span class='ocrx_word' id='word_1_133' title='bbox 986 1062 1100 1095; x_wconf 83' lang='lat' dir='ltr'>David</span> 
     </span>
     <span class='ocr_line' id='line_1_20' title="bbox 111 1112 1102 1157; baseline 0.003 -13"><span class='ocrx_word' id='word_1_134' title='bbox 111 1112 292 1145; x_wconf 88' lang='lat' dir='ltr'>confessus</span> <span class='ocrx_word' id='word_1_135' title='bbox 316 1119 405 1146; x_wconf 89' lang='lat' dir='ltr'>esset</span> <span class='ocrx_word' id='word_1_136' title='bbox 428 1124 463 1146; x_wconf 89' lang='lat' dir='ltr'>se</span> <span class='ocrx_word' id='word_1_137' title='bbox 484 1114 588 1146; x_wconf 84' lang='lat' dir='ltr'>fnisse</span> <span class='ocrx_word' id='word_1_138' title='bbox 613 1114 837 1154; x_wconf 85' lang='lat' dir='ltr'>seditiosum,</span> <span class='ocrx_word' id='word_1_139' title='bbox 864 1114 1102 1157; x_wconf 83' lang='lat' dir='ltr'>perturbasset</span> 
     </span>
     <span class='ocr_line' id='line_1_21' title="bbox 111 1163 1101 1208; baseline 0.002 -13"><span class='ocrx_word' id='word_1_140' title='bbox 111 1163 342 1196; x_wconf 86' lang='lat' dir='ltr'>conscientias</span> <span class='ocrx_word' id='word_1_141' title='bbox 366 1175 507 1204; x_wconf 87' lang='lat' dir='ltr'>eorum,</span> <span class='ocrx_word' id='word_1_142' title='bbox 544 1164 603 1208; x_wconf 88' lang='lat' dir='ltr'>qui</span> <span class='ocrx_word' id='word_1_143' title='bbox 632 1165 776 1198; x_wconf 85' lang='lat' dir='ltr'>fuerunt</span> <span class='ocrx_word' id='word_1_144' title='bbox 801 1164 956 1198; x_wconf 86' lang='lat' dir='ltr'>ministri</span> <span class='ocrx_word' id='word_1_145' title='bbox 985 1164 1101 1197; x_wconf 90' lang='lat' dir='ltr'>consi-</span> 
     </span>
     <span class='ocr_line' id='line_1_22' title="bbox 111 1212 1101 1250; baseline 0.002 -4"><span class='ocrx_word' id='word_1_146' title='bbox 111 1213 241 1247; x_wconf 84' lang='lat' dir='ltr'>liorum</span> <span class='ocrx_word' id='word_1_147' title='bbox 260 1212 420 1250; x_wconf 65' lang='lat' dir='ltr'>Davidis.</span> <span class='ocrx_word' id='word_1_148' title='bbox 474 1215 525 1248; x_wconf 78' lang='lat' dir='ltr'>Ac</span> <span class='ocrx_word' id='word_1_149' title='bbox 553 1215 702 1248; x_wconf 82' lang='lat' dir='ltr'>maxime</span> <span class='ocrx_word' id='word_1_150' title='bbox 726 1216 762 1247; x_wconf 89' lang='lat' dir='ltr'>in</span> <span class='ocrx_word' id='word_1_151' title='bbox 789 1227 890 1248; x_wconf 87' lang='lat' dir='ltr'>causa</span> <span class='ocrx_word' id='word_1_152' title='bbox 918 1215 1101 1249; x_wconf 89' lang='lat' dir='ltr'>doctrinae</span> 
     </span>
     <span class='ocr_line' id='line_1_23' title="bbox 110 1265 1100 1310; baseline 0.001 -12"><span class='ocrx_word' id='word_1_153' title='bbox 110 1265 321 1298; x_wconf 83' lang='lat' dir='ltr'>asseveratio</span> <span class='ocrx_word' id='word_1_154' title='bbox 350 1266 542 1299; x_wconf 87' lang='lat' dir='ltr'>necessaria</span> <span class='ocrx_word' id='word_1_155' title='bbox 568 1273 636 1304; x_wconf 87' lang='lat' dir='ltr'>est,</span> <span class='ocrx_word' id='word_1_156' title='bbox 665 1268 759 1310; x_wconf 88' lang='lat' dir='ltr'>quod</span> <span class='ocrx_word' id='word_1_157' title='bbox 786 1277 840 1299; x_wconf 87' lang='lat' dir='ltr'>res</span> <span class='ocrx_word' id='word_1_158' title='bbox 868 1277 967 1300; x_wconf 85' lang='lat' dir='ltr'>veras</span> <span class='ocrx_word' id='word_1_159' title='bbox 984 1273 1016 1300; x_wconf 90' lang='lat' dir='ltr'>et</span> <span class='ocrx_word' id='word_1_160' title='bbox 1038 1278 1100 1299; x_wconf 88' lang='lat' dir='ltr'>ne-</span> 
     </span>
     <span class='ocr_line' id='line_1_24' title="bbox 109 1316 860 1353; baseline 0.004 -5"><span class='ocrx_word' id='word_1_161' title='bbox 109 1316 292 1353; x_wconf 85' lang='lat' dir='ltr'>cessarias,</span> <span class='ocrx_word' id='word_1_162' title='bbox 321 1316 413 1349; x_wconf 92' lang='lat' dir='ltr'>bona</span> <span class='ocrx_word' id='word_1_163' title='bbox 430 1316 644 1350; x_wconf 86' lang='lat' dir='ltr'>conscientia</span> <span class='ocrx_word' id='word_1_164' title='bbox 661 1318 860 1352; x_wconf 79' lang='lat' dir='ltr'>doceamus.</span> 
     </span>
    </p>

    <p class='ocr_par' dir='ltr' id='par_1_5' title="bbox 107 1365 1099 1809">
     <span class='ocr_line' id='line_1_25' title="bbox 212 1365 1099 1410; baseline 0 -11"><span class='ocrx_word' id='word_1_165' title='bbox 212 1365 363 1399; x_wconf 89' lang='lat' dir='ltr'>Prorsus</span> <span class='ocrx_word' id='word_1_166' title='bbox 388 1367 513 1410; x_wconf 84' lang='lat' dir='ltr'>igitur,</span> <span class='ocrx_word' id='word_1_167' title='bbox 548 1374 588 1401; x_wconf 86' lang='lat' dir='ltr'>ut</span> <span class='ocrx_word' id='word_1_168' title='bbox 609 1366 725 1400; x_wconf 80' lang='lat' dir='ltr'>David</span> <span class='ocrx_word' id='word_1_169' title='bbox 751 1368 919 1400; x_wconf 89' lang='lat' dir='ltr'>adversus</span> <span class='ocrx_word' id='word_1_170' title='bbox 942 1378 1022 1400; x_wconf 88' lang='lat' dir='ltr'>suos</span> <span class='ocrx_word' id='word_1_171' title='bbox 1042 1379 1099 1400; x_wconf 85' lang='lat' dir='ltr'>ca-</span> 
     </span>
     <span class='ocr_line' id='line_1_26' title="bbox 108 1417 1099 1461; baseline 0.001 -12"><span class='ocrx_word' id='word_1_172' title='bbox 108 1417 340 1450; x_wconf 89' lang='lat' dir='ltr'>lumniatores</span> <span class='ocrx_word' id='word_1_173' title='bbox 358 1425 537 1461; x_wconf 83' lang='lat' dir='ltr'>precatur,</span> <span class='ocrx_word' id='word_1_174' title='bbox 565 1425 599 1451; x_wconf 90' lang='lat' dir='ltr'>et</span> <span class='ocrx_word' id='word_1_175' title='bbox 621 1419 805 1461; x_wconf 87' lang='lat' dir='ltr'>profitetur</span> <span class='ocrx_word' id='word_1_176' title='bbox 824 1417 998 1451; x_wconf 88' lang='lat' dir='ltr'>iusticiam</span> <span class='ocrx_word' id='word_1_177' title='bbox 1017 1429 1099 1451; x_wconf 88' lang='lat' dir='ltr'>suae</span> 
     </span>
     <span class='ocr_line' id='line_1_27' title="bbox 109 1468 1099 1509; baseline 0.002 -9"><span class='ocrx_word' id='word_1_178' title='bbox 109 1468 345 1501; x_wconf 86' lang='lat' dir='ltr'>conscientiae</span> <span class='ocrx_word' id='word_1_179' title='bbox 366 1480 427 1502; x_wconf 90' lang='lat' dir='ltr'>seu</span> <span class='ocrx_word' id='word_1_180' title='bbox 455 1481 595 1509; x_wconf 89' lang='lat' dir='ltr'>causae,</span> <span class='ocrx_word' id='word_1_181' title='bbox 622 1469 668 1502; x_wconf 87' lang='lat' dir='ltr'>ita</span> <span class='ocrx_word' id='word_1_182' title='bbox 695 1481 759 1502; x_wconf 89' lang='lat' dir='ltr'>nos</span> <span class='ocrx_word' id='word_1_183' title='bbox 782 1469 906 1502; x_wconf 88' lang='lat' dir='ltr'>iisdem</span> <span class='ocrx_word' id='word_1_184' title='bbox 924 1468 1041 1501; x_wconf 86' lang='lat' dir='ltr'>verbis</span> <span class='ocrx_word' id='word_1_185' title='bbox 1066 1475 1099 1502; x_wconf 85' lang='lat' dir='ltr'>et</span> 
     </span>
     <span class='ocr_line' id='line_1_28' title="bbox 109 1518 1098 1564; baseline 0.002 -13"><span class='ocrx_word' id='word_1_186' title='bbox 109 1519 217 1552; x_wconf 88' lang='lat' dir='ltr'>simili</span> <span class='ocrx_word' id='word_1_187' title='bbox 241 1519 368 1552; x_wconf 79' lang='lat' dir='ltr'>affectu</span> <span class='ocrx_word' id='word_1_188' title='bbox 387 1520 503 1553; x_wconf 88' lang='lat' dir='ltr'>cordis</span> <span class='ocrx_word' id='word_1_189' title='bbox 521 1531 722 1564; x_wconf 87' lang='lat' dir='ltr'>precemur,</span> <span class='ocrx_word' id='word_1_190' title='bbox 751 1527 789 1554; x_wconf 91' lang='lat' dir='ltr'>ut</span> <span class='ocrx_word' id='word_1_191' title='bbox 812 1518 907 1553; x_wconf 80' lang='lat' dir='ltr'>Deus</span> <span class='ocrx_word' id='word_1_192' title='bbox 930 1519 1098 1563; x_wconf 87' lang='lat' dir='ltr'>reprimat</span> 
     </span>
     <span class='ocr_line' id='line_1_29' title="bbox 108 1568 1097 1615; baseline 0.001 -12"><span class='ocrx_word' id='word_1_193' title='bbox 108 1576 248 1603; x_wconf 88' lang='lat' dir='ltr'>nostros</span> <span class='ocrx_word' id='word_1_194' title='bbox 264 1568 517 1615; x_wconf 83' lang='lat' dir='ltr'>sycophantas,</span> <span class='ocrx_word' id='word_1_195' title='bbox 534 1577 568 1604; x_wconf 89' lang='lat' dir='ltr'>et</span> <span class='ocrx_word' id='word_1_196' title='bbox 584 1571 811 1615; x_wconf 86' lang='lat' dir='ltr'>profiteamur</span> <span class='ocrx_word' id='word_1_197' title='bbox 825 1570 998 1604; x_wconf 84' lang='lat' dir='ltr'>iusticiam</span> <span class='ocrx_word' id='word_1_198' title='bbox 1015 1582 1097 1604; x_wconf 91' lang='lat' dir='ltr'>cau-</span> 
     </span>
     <span class='ocr_line' id='line_1_30' title="bbox 108 1619 1097 1666; baseline 0 -12"><span class='ocrx_word' id='word_1_199' title='bbox 108 1632 165 1654; x_wconf 88' lang='lat' dir='ltr'>sae</span> <span class='ocrx_word' id='word_1_200' title='bbox 180 1627 335 1655; x_wconf 82' lang='lat' dir='ltr'>nostrae.</span> <span class='ocrx_word' id='word_1_201' title='bbox 387 1620 575 1665; x_wconf 84' lang='lat' dir='ltr'>Reprimat</span> <span class='ocrx_word' id='word_1_202' title='bbox 599 1629 716 1655; x_wconf 85' lang='lat' dir='ltr'>autem</span> <span class='ocrx_word' id='word_1_203' title='bbox 736 1621 832 1655; x_wconf 91' lang='lat' dir='ltr'>Deus</span> <span class='ocrx_word' id='word_1_204' title='bbox 854 1619 1097 1666; x_wconf 73' lang='lat' dir='ltr'>sycophantas,</span> 
     </span>
     <span class='ocr_line' id='line_1_31' title="bbox 108 1672 1096 1717; baseline 0.001 -12"><span class='ocrx_word' id='word_1_205' title='bbox 108 1684 153 1705; x_wconf 90' lang='lat' dir='ltr'>ne</span> <span class='ocrx_word' id='word_1_206' title='bbox 170 1673 330 1705; x_wconf 85' lang='lat' dir='ltr'>deleatur</span> <span class='ocrx_word' id='word_1_207' title='bbox 347 1672 583 1706; x_wconf 88' lang='lat' dir='ltr'>ministerium</span> <span class='ocrx_word' id='word_1_208' title='bbox 602 1672 806 1715; x_wconf 78' lang='lat' dir='ltr'>Evangelii:</span> <span class='ocrx_word' id='word_1_209' title='bbox 834 1674 892 1706; x_wconf 89' lang='lat' dir='ltr'>sed</span> <span class='ocrx_word' id='word_1_210' title='bbox 921 1684 1096 1717; x_wconf 81' lang='lat' dir='ltr'>synagoga</span> 
     </span>
     <span class='ocr_line' id='line_1_32' title="bbox 107 1722 1097 1768; baseline 0.002 -13"><span class='ocrx_word' id='word_1_211' title='bbox 107 1723 322 1768; x_wconf 81' lang='lat' dir='ltr'>populorum</span> <span class='ocrx_word' id='word_1_212' title='bbox 343 1723 523 1757; x_wconf 89' lang='lat' dir='ltr'>circundet</span> <span class='ocrx_word' id='word_1_213' title='bbox 544 1722 678 1765; x_wconf 85' lang='lat' dir='ltr'>Deum,</span> <span class='ocrx_word' id='word_1_214' title='bbox 702 1724 738 1756; x_wconf 80' lang='lat' dir='ltr'>id</span> <span class='ocrx_word' id='word_1_215' title='bbox 764 1730 833 1765; x_wconf 89' lang='lat' dir='ltr'>est,</span> <span class='ocrx_word' id='word_1_216' title='bbox 859 1722 1016 1757; x_wconf 86' lang='lat' dir='ltr'>Ecclesia</span> <span class='ocrx_word' id='word_1_217' title='bbox 1041 1735 1097 1757; x_wconf 90' lang='lat' dir='ltr'>re-</span> 
     </span>
     <span class='ocr_line' id='line_1_33' title="bbox 107 1773 466 1809; baseline 0.006 -2"><span class='ocrx_word' id='word_1_218' title='bbox 107 1775 258 1808; x_wconf 83' lang='lat' dir='ltr'>ducatur</span> <span class='ocrx_word' id='word_1_219' title='bbox 273 1774 316 1807; x_wconf 87' lang='lat' dir='ltr'>ad</span> <span class='ocrx_word' id='word_1_220' title='bbox 337 1773 466 1809; x_wconf 90' lang='lat' dir='ltr'>Deum.</span> 
     </span>
    </p>

    <p class='ocr_par' dir='ltr' id='par_1_6' title="bbox 106 1824 1096 2265">
     <span class='ocr_line' id='line_1_34' title="bbox 209 1824 1094 1860; baseline 0.001 -3"><span class='ocrx_word' id='word_1_221' title='bbox 209 1824 311 1858; x_wconf 73' lang='lat' dir='ltr'>Nunc</span> <span class='ocrx_word' id='word_1_222' title='bbox 331 1825 432 1858; x_wconf 80' lang='lat' dir='ltr'>facile</span> <span class='ocrx_word' id='word_1_223' title='bbox 449 1833 498 1860; x_wconf 90' lang='lat' dir='ltr'>est</span> <span class='ocrx_word' id='word_1_224' title='bbox 516 1825 637 1859; x_wconf 78' lang='lat' dir='ltr'>videre</span> <span class='ocrx_word' id='word_1_225' title='bbox 662 1825 855 1859; x_wconf 81' lang='lat' dir='ltr'>sententias</span> <span class='ocrx_word' id='word_1_226' title='bbox 874 1833 907 1859; x_wconf 90' lang='lat' dir='ltr'>et</span> <span class='ocrx_word' id='word_1_227' title='bbox 932 1825 1094 1859; x_wconf 86' lang='lat' dir='ltr'>ordinem</span> 
     </span>
     <span class='ocr_line' id='line_1_35' title="bbox 106 1874 1096 1921; baseline 0.003 -13"><span class='ocrx_word' id='word_1_228' title='bbox 106 1875 259 1916; x_wconf 84' lang='lat' dir='ltr'>Psalmi,</span> <span class='ocrx_word' id='word_1_229' title='bbox 287 1877 504 1910; x_wconf 79' lang='lat' dir='ltr'>considerata</span> <span class='ocrx_word' id='word_1_230' title='bbox 525 1874 589 1910; x_wconf 86' lang='lat' dir='ltr'>hac</span> <span class='ocrx_word' id='word_1_231' title='bbox 606 1877 803 1921; x_wconf 85' lang='lat' dir='ltr'>argumenti</span> <span class='ocrx_word' id='word_1_232' title='bbox 822 1876 1039 1920; x_wconf 73' lang='lat' dir='ltr'>expositione</span> <span class='ocrx_word' id='word_1_233' title='bbox 1064 1884 1096 1911; x_wconf 87' lang='lat' dir='ltr'>et</span> 
     </span>
     <span class='ocr_line' id='line_1_36' title="bbox 107 1926 1096 1972; baseline 0.002 -13"><span class='ocrx_word' id='word_1_234' title='bbox 107 1926 344 1972; x_wconf 78' lang='lat' dir='ltr'>applicatione</span> <span class='ocrx_word' id='word_1_235' title='bbox 370 1929 411 1960; x_wconf 91' lang='lat' dir='ltr'>ad</span> <span class='ocrx_word' id='word_1_236' title='bbox 439 1935 558 1961; x_wconf 90' lang='lat' dir='ltr'>nostra</span> <span class='ocrx_word' id='word_1_237' title='bbox 584 1928 750 1972; x_wconf 83' lang='lat' dir='ltr'>pericula.</span> <span class='ocrx_word' id='word_1_238' title='bbox 804 1927 851 1962; x_wconf 87' lang='lat' dir='ltr'>Ut</span> <span class='ocrx_word' id='word_1_239' title='bbox 869 1927 984 1961; x_wconf 90' lang='lat' dir='ltr'>David</span> <span class='ocrx_word' id='word_1_240' title='bbox 1009 1928 1096 1961; x_wconf 88' lang='lat' dir='ltr'>titu-</span> 
     </span>
     <span class='ocr_line' id='line_1_37' title="bbox 108 1978 1092 2021; baseline 0.001 -11"><span class='ocrx_word' id='word_1_241' title='bbox 108 1978 182 2010; x_wconf 92' lang='lat' dir='ltr'>lum</span> <span class='ocrx_word' id='word_1_242' title='bbox 200 1978 280 2012; x_wconf 87' lang='lat' dir='ltr'>fecit</span> <span class='ocrx_word' id='word_1_243' title='bbox 303 1978 520 2021; x_wconf 85' lang='lat' dir='ltr'>ignorantia,</span> <span class='ocrx_word' id='word_1_244' title='bbox 548 1979 584 2012; x_wconf 91' lang='lat' dir='ltr'>id</span> <span class='ocrx_word' id='word_1_245' title='bbox 603 1987 663 2018; x_wconf 71' lang='lat' dir='ltr'>est,</span> <span class='ocrx_word' id='word_1_246' title='bbox 691 1978 857 2012; x_wconf 84' lang='lat' dir='ltr'>inficiatio</span> <span class='ocrx_word' id='word_1_247' title='bbox 877 1979 1092 2012; x_wconf 87' lang='lat' dir='ltr'>calumniae:</span> 
     </span>
     <span class='ocr_line' id='line_1_38' title="bbox 107 2028 1096 2074; baseline 0.002 -14"><span class='ocrx_word' id='word_1_248' title='bbox 107 2029 156 2061; x_wconf 87' lang='lat' dir='ltr'>ita</span> <span class='ocrx_word' id='word_1_249' title='bbox 181 2040 245 2061; x_wconf 89' lang='lat' dir='ltr'>nos</span> <span class='ocrx_word' id='word_1_250' title='bbox 273 2028 508 2064; x_wconf 82' lang='lat' dir='ltr'>inscribamus</span> <span class='ocrx_word' id='word_1_251' title='bbox 532 2031 634 2064; x_wconf 91' lang='lat' dir='ltr'>nobis</span> <span class='ocrx_word' id='word_1_252' title='bbox 661 2028 756 2063; x_wconf 86' lang='lat' dir='ltr'>hunc</span> <span class='ocrx_word' id='word_1_253' title='bbox 774 2030 939 2073; x_wconf 84' lang='lat' dir='ltr'>titulum,</span> <span class='ocrx_word' id='word_1_254' title='bbox 968 2031 1096 2074; x_wconf 85' lang='lat' dir='ltr'>depul-</span> 
     </span>
     <span class='ocr_line' id='line_1_39' title="bbox 108 2079 1095 2126; baseline 0.002 -14"><span class='ocrx_word' id='word_1_255' title='bbox 108 2079 159 2112; x_wconf 89' lang='lat' dir='ltr'>sio</span> <span class='ocrx_word' id='word_1_256' title='bbox 178 2080 394 2122; x_wconf 80' lang='lat' dir='ltr'>calumniae,</span> <span class='ocrx_word' id='word_1_257' title='bbox 422 2081 585 2115; x_wconf 89' lang='lat' dir='ltr'>videlicet</span> <span class='ocrx_word' id='word_1_258' title='bbox 604 2094 667 2126; x_wconf 89' lang='lat' dir='ltr'>per</span> <span class='ocrx_word' id='word_1_259' title='bbox 686 2081 937 2114; x_wconf 80' lang='lat' dir='ltr'>inficiationem</span> <span class='ocrx_word' id='word_1_260' title='bbox 950 2108 958 2121; x_wconf 88' lang='lat'>‚</span> <span class='ocrx_word' id='word_1_261' title='bbox 986 2088 1019 2114; x_wconf 89' lang='lat' dir='ltr'>et</span> <span class='ocrx_word' id='word_1_262' title='bbox 1034 2093 1095 2125; x_wconf 88' lang='lat' dir='ltr'>per</span> 
     </span>
     <span class='ocr_line' id='line_1_40' title="bbox 107 2130 1094 2176; baseline 0.003 -14"><span class='ocrx_word' id='word_1_263' title='bbox 107 2130 368 2174; x_wconf 85' lang='lat' dir='ltr'>precationem,</span> <span class='ocrx_word' id='word_1_264' title='bbox 395 2144 464 2176; x_wconf 89' lang='lat' dir='ltr'>qua</span> <span class='ocrx_word' id='word_1_265' title='bbox 487 2132 603 2166; x_wconf 88' lang='lat' dir='ltr'>Deum</span> <span class='ocrx_word' id='word_1_266' title='bbox 630 2144 789 2171; x_wconf 90' lang='lat' dir='ltr'>oremus,</span> <span class='ocrx_word' id='word_1_267' title='bbox 824 2140 863 2166; x_wconf 92' lang='lat' dir='ltr'>ut</span> <span class='ocrx_word' id='word_1_268' title='bbox 889 2132 962 2176; x_wconf 85' lang='lat' dir='ltr'>ipse</span> <span class='ocrx_word' id='word_1_269' title='bbox 988 2144 1051 2165; x_wconf 89' lang='lat' dir='ltr'>nos</span> <span class='ocrx_word' id='word_1_270' title='bbox 1075 2144 1094 2165; x_wconf 89' lang='lat' dir='ltr'>a</span> 
     </span>
     <span class='ocr_line' id='line_1_41' title="bbox 106 2178 1092 2226; baseline 0.002 -12"><span class='ocrx_word' id='word_1_271' title='bbox 106 2178 332 2226; x_wconf 78' lang='lat' dir='ltr'>sycophantis</span> <span class='ocrx_word' id='word_1_272' title='bbox 365 2182 508 2224; x_wconf 88' lang='lat' dir='ltr'>liberet,</span> <span class='ocrx_word' id='word_1_273' title='bbox 551 2196 596 2217; x_wconf 89' lang='lat' dir='ltr'>ne</span> <span class='ocrx_word' id='word_1_274' title='bbox 626 2183 864 2218; x_wconf 89' lang='lat' dir='ltr'>ministerium</span> <span class='ocrx_word' id='word_1_275' title='bbox 904 2182 1092 2226; x_wconf 85' lang='lat' dir='ltr'>Evangelii</span> 
     </span>
     <span class='ocr_line' id='line_1_42' title="bbox 107 2232 276 2265; baseline -0.006 0"><span class='ocrx_word' id='word_1_276' title='bbox 107 2232 276 2265; x_wconf 81' lang='lat' dir='ltr'>deleatur.</span> 
     </span>
    </p>

    <p class='ocr_par' dir='ltr' id='par_1_7' title="bbox 105 2281 1093 2734">
     <span class='ocr_line' id='line_1_43' title="bbox 207 2281 1093 2329; baseline 0.006 -14"><span class='ocrx_word' id='word_1_277' title='bbox 207 2281 348 2317; x_wconf 90' lang='lat' dir='ltr'>Primus</span> <span class='ocrx_word' id='word_1_278' title='bbox 371 2296 491 2318; x_wconf 89' lang='lat' dir='ltr'>versus</span> <span class='ocrx_word' id='word_1_279' title='bbox 513 2286 636 2329; x_wconf 86' lang='lat' dir='ltr'>petitio</span> <span class='ocrx_word' id='word_1_280' title='bbox 660 2293 710 2320; x_wconf 89' lang='lat' dir='ltr'>est</span> <span class='ocrx_word' id='word_1_281' title='bbox 727 2285 960 2321; x_wconf 85' lang='lat' dir='ltr'>liberationis.</span> <span class='ocrx_word' id='word_1_282' title='bbox 1014 2283 1093 2320; x_wconf 86' lang='lat' dir='ltr'>Ob-</span> 
     </span>
     <span class='ocr_line' id='line_1_44' title="bbox 106 2336 1093 2382; baseline 0.004 -16"><span class='ocrx_word' id='word_1_283' title='bbox 106 2345 204 2366; x_wconf 82' lang='lat' dir='ltr'>serva</span> <span class='ocrx_word' id='word_1_284' title='bbox 229 2341 345 2367; x_wconf 87' lang='lat' dir='ltr'>autem</span> <span class='ocrx_word' id='word_1_285' title='bbox 371 2336 574 2380; x_wconf 87' lang='lat' dir='ltr'>compellari</span> <span class='ocrx_word' id='word_1_286' title='bbox 598 2338 740 2382; x_wconf 90' lang='lat' dir='ltr'>propria</span> <span class='ocrx_word' id='word_1_287' title='bbox 771 2337 1011 2382; x_wconf 86' lang='lat' dir='ltr'>adpellatione</span> <span class='ocrx_word' id='word_1_288' title='bbox 1035 2350 1093 2370; x_wconf 75' lang='lat' dir='ltr'>ve-</span> 
     </span>
     <span class='ocr_line' id='line_1_45' title="bbox 107 2385 1092 2433; baseline 0.004 -16"><span class='ocrx_word' id='word_1_289' title='bbox 107 2397 185 2418; x_wconf 91' lang='lat' dir='ltr'>rum</span> <span class='ocrx_word' id='word_1_290' title='bbox 208 2385 349 2426; x_wconf 86' lang='lat' dir='ltr'>Deum,</span> <span class='ocrx_word' id='word_1_291' title='bbox 388 2387 600 2429; x_wconf 88' lang='lat' dir='ltr'>patefactum</span> <span class='ocrx_word' id='word_1_292' title='bbox 635 2389 673 2421; x_wconf 91' lang='lat' dir='ltr'>in</span> <span class='ocrx_word' id='word_1_293' title='bbox 711 2387 777 2421; x_wconf 91' lang='lat' dir='ltr'>hoc</span> <span class='ocrx_word' id='word_1_294' title='bbox 810 2389 955 2433; x_wconf 90' lang='lat' dir='ltr'>populo.</span> <span class='ocrx_word' id='word_1_295' title='bbox 1017 2387 1092 2421; x_wconf 91' lang='lat' dir='ltr'>Hac</span> 
     </span>
     <span class='ocr_line' id='line_1_46' title="bbox 105 2436 1093 2484; baseline 0.004 -16"><span class='ocrx_word' id='word_1_296' title='bbox 105 2436 376 2481; x_wconf 85' lang='lat' dir='ltr'>compellatione</span> <span class='ocrx_word' id='word_1_297' title='bbox 407 2438 650 2482; x_wconf 83' lang='lat' dir='ltr'>complectitur</span> <span class='ocrx_word' id='word_1_298' title='bbox 680 2439 949 2484; x_wconf 88' lang='lat' dir='ltr'>promissiones,</span> <span class='ocrx_word' id='word_1_299' title='bbox 984 2446 1018 2473; x_wconf 90' lang='lat' dir='ltr'>et</span> <span class='ocrx_word' id='word_1_300' title='bbox 1042 2446 1093 2472; x_wconf 92' lang='lat' dir='ltr'>te-</span> 
     </span>
     <span class='ocr_line' id='line_1_47' title="bbox 105 2487 1092 2536; baseline 0.005 -17"><span class='ocrx_word' id='word_1_301' title='bbox 105 2493 218 2520; x_wconf 83' lang='lat' dir='ltr'>statur</span> <span class='ocrx_word' id='word_1_302' title='bbox 250 2498 284 2520; x_wconf 90' lang='lat' dir='ltr'>se</span> <span class='ocrx_word' id='word_1_303' title='bbox 308 2488 441 2533; x_wconf 86' lang='lat' dir='ltr'>alloqui</span> <span class='ocrx_word' id='word_1_304' title='bbox 468 2500 591 2522; x_wconf 84' lang='lat' dir='ltr'>verum</span> <span class='ocrx_word' id='word_1_305' title='bbox 614 2488 749 2531; x_wconf 87' lang='lat' dir='ltr'>Deum,</span> <span class='ocrx_word' id='word_1_306' title='bbox 765 2487 769 2488; x_wconf 41' lang='lat'><em>⁷</em></span> <span class='ocrx_word' id='word_1_307' title='bbox 785 2491 846 2536; x_wconf 92' lang='lat' dir='ltr'>qui</span> <span class='ocrx_word' id='word_1_308' title='bbox 871 2502 907 2524; x_wconf 89' lang='lat' dir='ltr'>se</span> <span class='ocrx_word' id='word_1_309' title='bbox 932 2491 1092 2535; x_wconf 80' lang='lat' dir='ltr'>patefecit</span> 
     </span>
     <span class='ocr_line' id='line_1_48' title="bbox 106 2538 1091 2583; baseline 0.004 -13"><span class='ocrx_word' id='word_1_310' title='bbox 106 2544 139 2570; x_wconf 90' lang='lat' dir='ltr'>et</span> <span class='ocrx_word' id='word_1_311' title='bbox 167 2538 314 2572; x_wconf 87' lang='lat' dir='ltr'>tradidit</span> <span class='ocrx_word' id='word_1_312' title='bbox 349 2539 612 2583; x_wconf 80' lang='lat' dir='ltr'>promissiones.</span> <span class='ocrx_word' id='word_1_313' title='bbox 667 2541 748 2574; x_wconf 91' lang='lat' dir='ltr'>Ideo</span> <span class='ocrx_word' id='word_1_314' title='bbox 772 2542 876 2582; x_wconf 90' lang='lat' dir='ltr'>dicit,</span> <span class='ocrx_word' id='word_1_315' title='bbox 903 2549 936 2575; x_wconf 87' lang='lat' dir='ltr'>te</span> <span class='ocrx_word' id='word_1_316' title='bbox 964 2543 1091 2575; x_wconf 86' lang='lat' dir='ltr'>invoco</span> 
     </span>
     <span class='ocr_line' id='line_1_49' title="bbox 106 2590 1092 2638; baseline 0.001 -13"><span class='ocrx_word' id='word_1_317' title='bbox 106 2590 215 2638; x_wconf 46' lang='grc' dir='ltr'>ιἻἺρἿᾏ,</span> <span class='ocrx_word' id='word_1_318' title='bbox 237 2601 341 2634; x_wconf 86' lang='lat' dir='ltr'>quern</span> <span class='ocrx_word' id='word_1_319' title='bbox 358 2591 523 2634; x_wconf 86' lang='lat' dir='ltr'>profiteor</span> <span class='ocrx_word' id='word_1_320' title='bbox 535 2604 614 2624; x_wconf 88' lang='lat' dir='ltr'>vere</span> <span class='ocrx_word' id='word_1_321' title='bbox 633 2603 704 2624; x_wconf 87' lang='lat' dir='ltr'>esse</span> <span class='ocrx_word' id='word_1_322' title='bbox 714 2590 828 2625; x_wconf 90' lang='lat' dir='ltr'>Deum</span> <span class='ocrx_word' id='word_1_323' title='bbox 845 2605 980 2626; x_wconf 87' lang='lat' dir='ltr'>meum:</span> <span class='ocrx_word' id='word_1_324' title='bbox 1009 2605 1092 2637; x_wconf 93' lang='lat' dir='ltr'>pro-</span> 
     </span>
     <span class='ocr_line' id='line_1_50' title="bbox 106 2636 1092 2688; baseline 0.003 -16"><span class='ocrx_word' id='word_1_325' title='bbox 106 2636 205 2674; x_wconf 84' lang='lat' dir='ltr'>fiteoi·</span> <span class='ocrx_word' id='word_1_326' title='bbox 227 2640 482 2686; x_wconf 77' lang='lat' dir='ltr'>Aegyptiorum</span> <span class='ocrx_word' id='word_1_327' title='bbox 514 2649 546 2676; x_wconf 87' lang='lat' dir='ltr'>et</span> <span class='ocrx_word' id='word_1_328' title='bbox 570 2641 761 2688; x_wconf 86' lang='lat' dir='ltr'>Syrorum,</span> <span class='ocrx_word' id='word_1_329' title='bbox 789 2650 821 2676; x_wconf 90' lang='lat' dir='ltr'>et</span> <span class='ocrx_word' id='word_1_330' title='bbox 846 2644 997 2677; x_wconf 86' lang='lat' dir='ltr'>aliorum</span> <span class='ocrx_word' id='word_1_331' title='bbox 1025 2644 1092 2675; x_wconf 89' lang='lat' dir='ltr'>im-</span> 
     </span>
     <span class='ocr_line' id='line_1_51' title="bbox 105 2690 1091 2734; baseline 0.003 -11"><span class='ocrx_word' id='word_1_332' title='bbox 105 2690 244 2734; x_wconf 86' lang='lat' dir='ltr'>piorum</span> <span class='ocrx_word' id='word_1_333' title='bbox 261 2692 500 2727; x_wconf 86' lang='lat' dir='ltr'>commentitia</span> <span class='ocrx_word' id='word_1_334' title='bbox 522 2694 690 2732; x_wconf 89' lang='lat' dir='ltr'>numina,</span> <span class='ocrx_word' id='word_1_335' title='bbox 719 2705 792 2727; x_wconf 89' lang='lat' dir='ltr'>non</span> <span class='ocrx_word' id='word_1_336' title='bbox 811 2705 881 2727; x_wconf 88' lang='lat' dir='ltr'>esse</span> <span class='ocrx_word' id='word_1_337' title='bbox 905 2695 1004 2728; x_wconf 90' lang='lat' dir='ltr'>deos:</span> <span class='ocrx_word' id='word_1_338' title='bbox 1031 2695 1091 2727; x_wconf 90' lang='lat' dir='ltr'>sed</span> 
     </span>
    </p>
   </div>
   <div class='ocr_carea' id='block_1_5' title="bbox 724 107 1553 147">
    <p class='ocr_par' dir='ltr' id='par_1_8' title="bbox 724 107 1553 147">
     <span class='ocr_line' id='line_1_52' title="bbox 724 107 1553 147; baseline 0.004 -3"><span class='ocrx_word' id='word_1_339' title='bbox 724 109 787 146; x_wconf 87' lang='grc' dir='ltr'>ΙΧ,</span> <span class='ocrx_word' id='word_1_340' title='bbox 841 107 1207 146; x_wconf 84' lang='lat' dir='ltr'>COMMENTARII</span> <span class='ocrx_word' id='word_1_341' title='bbox 1236 109 1287 145; x_wconf 92' lang='lat' dir='ltr'>IN</span> <span class='ocrx_word' id='word_1_342' title='bbox 1311 109 1553 147; x_wconf 83' lang='lat' dir='ltr'><strong>PSALMOS.</strong></span> 
     </span>
    </p>
   </div>
   <div class='ocr_carea' id='block_1_6' title="bbox 1117 1826 1124 2405">
    <p class='ocr_par' dir='ltr' id='par_1_9' title="bbox 1117 1826 1124 2405">
     <span class='ocr_line' id='line_1_53' title="bbox 1117 1826 1124 2405; baseline 0 0"><span class='ocrx_word' id='word_1_343' title='bbox 1117 1826 1124 2405; x_wconf 95' lang='lat' dir='ltr'> </span> 
     </span>
    </p>
   </div>
   <div class='ocr_carea' id='block_1_7' title="bbox 2054 115 2151 150">
    <p class='ocr_par' dir='ltr' id='par_1_10' title="bbox 2054 115 2151 150">
     <span class='ocr_line' id='line_1_54' title="bbox 2054 115 2151 150; baseline 0 -1"><span class='ocrx_word' id='word_1_344' title='bbox 2054 115 2151 150; x_wconf 80' lang='lat'>1030</span> 
     </span>
    </p>
   </div>
   <div class='ocr_carea' id='block_1_8' title="bbox 1144 197 2149 2694">
    <p class='ocr_par' dir='ltr' id='par_1_11' title="bbox 1158 197 2149 285">
     <span class='ocr_line' id='line_1_55' title="bbox 1159 197 2149 245; baseline 0.005 -15"><span class='ocrx_word' id='word_1_345' title='bbox 1159 203 1193 230; x_wconf 90' lang='lat' dir='ltr'>te</span> <span class='ocrx_word' id='word_1_346' title='bbox 1209 207 1329 229; x_wconf 78' lang='lat' dir='ltr'>revera</span> <span class='ocrx_word' id='word_1_347' title='bbox 1348 208 1420 230; x_wconf 91' lang='lat' dir='ltr'>esse</span> <span class='ocrx_word' id='word_1_348' title='bbox 1438 197 1575 240; x_wconf 84' lang='lat' dir='ltr'>Deum,</span> <span class='ocrx_word' id='word_1_349' title='bbox 1605 199 1666 244; x_wconf 85' lang='lat' dir='ltr'>qui</span> <span class='ocrx_word' id='word_1_350' title='bbox 1694 206 1726 234; x_wconf 86' lang='lat' dir='ltr'>te</span> <span class='ocrx_word' id='word_1_351' title='bbox 1750 200 1786 233; x_wconf 92' lang='lat' dir='ltr'>in</span> <span class='ocrx_word' id='word_1_352' title='bbox 1812 200 1921 234; x_wconf 72' lang='lat' dir='ltr'>Israel</span> <span class='ocrx_word' id='word_1_353' title='bbox 1945 202 2149 245; x_wconf 85' lang='lat' dir='ltr'>patefecisti,</span> 
     </span>
     <span class='ocr_line' id='line_1_56' title="bbox 1158 248 1802 285; baseline 0.006 -4"><span class='ocrx_word' id='word_1_354' title='bbox 1158 254 1192 281; x_wconf 89' lang='lat' dir='ltr'>et</span> <span class='ocrx_word' id='word_1_355' title='bbox 1208 248 1354 281; x_wconf 87' lang='lat' dir='ltr'>verbum</span> <span class='ocrx_word' id='word_1_356' title='bbox 1373 255 1471 281; x_wconf 89' lang='lat' dir='ltr'>tuum</span> <span class='ocrx_word' id='word_1_357' title='bbox 1491 250 1592 283; x_wconf 86' lang='lat' dir='ltr'>nobis</span> <span class='ocrx_word' id='word_1_358' title='bbox 1612 251 1802 285; x_wconf 88' lang='lat' dir='ltr'>tradidisti.</span> 
     </span>
    </p>

    <p class='ocr_par' dir='ltr' id='par_1_12' title="bbox 1153 297 2146 698">
     <span class='ocr_line' id='line_1_57' title="bbox 1258 297 2142 347; baseline 0.006 -16"><span class='ocrx_word' id='word_1_359' title='bbox 1258 297 1401 331; x_wconf 89' lang='lat' dir='ltr'>Tertius</span> <span class='ocrx_word' id='word_1_360' title='bbox 1432 310 1553 332; x_wconf 75' lang='lat' dir='ltr'>versus</span> <span class='ocrx_word' id='word_1_361' title='bbox 1585 302 1741 336; x_wconf 90' lang='lat' dir='ltr'>continet</span> <span class='ocrx_word' id='word_1_362' title='bbox 1768 302 2038 343; x_wconf 83' lang='lat' dir='ltr'>inficiationem,</span> <span class='ocrx_word' id='word_1_363' title='bbox 2074 315 2142 347; x_wconf 92' lang='lat' dir='ltr'>qua</span> 
     </span>
     <span class='ocr_line' id='line_1_58' title="bbox 1158 348 2146 393; baseline 0.006 -12"><span class='ocrx_word' id='word_1_364' title='bbox 1158 348 1251 382; x_wconf 90' lang='lat' dir='ltr'>iurat</span> <span class='ocrx_word' id='word_1_365' title='bbox 1268 355 1299 382; x_wconf 91' lang='lat' dir='ltr'>et</span> <span class='ocrx_word' id='word_1_366' title='bbox 1317 348 1430 382; x_wconf 85' lang='lat' dir='ltr'>Deum</span> <span class='ocrx_word' id='word_1_367' title='bbox 1449 357 1569 383; x_wconf 86' lang='lat' dir='ltr'>testem</span> <span class='ocrx_word' id='word_1_368' title='bbox 1588 352 1688 393; x_wconf 84' lang='lat' dir='ltr'>facit,</span> <span class='ocrx_word' id='word_1_369' title='bbox 1716 364 1751 386; x_wconf 91' lang='lat' dir='ltr'>se</span> <span class='ocrx_word' id='word_1_370' title='bbox 1769 365 1842 387; x_wconf 89' lang='lat' dir='ltr'>non</span> <span class='ocrx_word' id='word_1_371' title='bbox 1865 365 1937 387; x_wconf 91' lang='lat' dir='ltr'>esse</span> <span class='ocrx_word' id='word_1_372' title='bbox 1963 366 2062 387; x_wconf 91' lang='lat' dir='ltr'>reum</span> <span class='ocrx_word' id='word_1_373' title='bbox 2086 366 2146 387; x_wconf 88' lang='lat' dir='ltr'>eo-</span> 
     </span>
     <span class='ocr_line' id='line_1_59' title="bbox 1158 400 2145 448; baseline 0.006 -17"><span class='ocrx_word' id='word_1_374' title='bbox 1158 412 1235 432; x_wconf 88' lang='lat' dir='ltr'>rum</span> <span class='ocrx_word' id='word_1_375' title='bbox 1260 400 1470 440; x_wconf 87' lang='lat' dir='ltr'>criminum,</span> <span class='ocrx_word' id='word_1_376' title='bbox 1499 413 1586 445; x_wconf 88' lang='lat' dir='ltr'>quae</span> <span class='ocrx_word' id='word_1_377' title='bbox 1607 401 1721 436; x_wconf 87' lang='lat' dir='ltr'>Sernei</span> <span class='ocrx_word' id='word_1_378' title='bbox 1751 405 1881 439; x_wconf 88' lang='lat' dir='ltr'>obiicit.</span> <span class='ocrx_word' id='word_1_379' title='bbox 1935 404 2016 438; x_wconf 86' lang='lat' dir='ltr'>Non</span> <span class='ocrx_word' id='word_1_380' title='bbox 2043 405 2145 448; x_wconf 87' lang='lat' dir='ltr'>rapui</span> 
     </span>
     <span class='ocr_line' id='line_1_60' title="bbox 1157 455 2144 499; baseline 0.004 -16"><span class='ocrx_word' id='word_1_381' title='bbox 1157 462 1323 493; x_wconf 86' lang='lat' dir='ltr'>regnum,</span> <span class='ocrx_word' id='word_1_382' title='bbox 1359 463 1432 483; x_wconf 90' lang='lat' dir='ltr'>non</span> <span class='ocrx_word' id='word_1_383' title='bbox 1468 459 1642 493; x_wconf 84' lang='lat' dir='ltr'>grassatus</span> <span class='ocrx_word' id='word_1_384' title='bbox 1672 465 1748 487; x_wconf 92' lang='lat' dir='ltr'>sum</span> <span class='ocrx_word' id='word_1_385' title='bbox 1783 455 1917 499; x_wconf 81' lang='lat' dir='ltr'>privata</span> <span class='ocrx_word' id='word_1_386' title='bbox 1952 456 2144 499; x_wconf 79' lang='lat' dir='ltr'>cupiditate</span> 
     </span>
     <span class='ocr_line' id='line_1_61' title="bbox 1156 501 2144 548; baseline 0.005 -14"><span class='ocrx_word' id='word_1_387' title='bbox 1156 503 1324 534; x_wconf 85' lang='lat' dir='ltr'>adversus</span> <span class='ocrx_word' id='word_1_388' title='bbox 1341 501 1484 535; x_wconf 79' lang='lat' dir='ltr'>Saulem</span> <span class='ocrx_word' id='word_1_389' title='bbox 1504 503 1626 537; x_wconf 86' lang='lat' dir='ltr'>eteius</span> <span class='ocrx_word' id='word_1_390' title='bbox 1644 506 1892 548; x_wconf 82' lang='lat' dir='ltr'>posteritatem.</span> <span class='ocrx_word' id='word_1_391' title='bbox 1948 506 1997 540; x_wconf 88' lang='lat' dir='ltr'>lta</span> <span class='ocrx_word' id='word_1_392' title='bbox 2024 514 2055 540; x_wconf 90' lang='lat' dir='ltr'>et</span> <span class='ocrx_word' id='word_1_393' title='bbox 2080 519 2144 539; x_wconf 86' lang='lat' dir='ltr'>nos</span> 
     </span>
     <span class='ocr_line' id='line_1_62' title="bbox 1157 553 2144 601; baseline 0.006 -17"><span class='ocrx_word' id='word_1_394' title='bbox 1157 553 1314 596; x_wconf 84' lang='lat' dir='ltr'>profiteri</span> <span class='ocrx_word' id='word_1_395' title='bbox 1340 564 1477 585; x_wconf 87' lang='lat' dir='ltr'>causam</span> <span class='ocrx_word' id='word_1_396' title='bbox 1505 554 1632 587; x_wconf 89' lang='lat' dir='ltr'>iustam</span> <span class='ocrx_word' id='word_1_397' title='bbox 1659 557 1839 592; x_wconf 77' lang='lat' dir='ltr'>debemus,</span> <span class='ocrx_word' id='word_1_398' title='bbox 1893 555 1987 590; x_wconf 88' lang='lat' dir='ltr'>Haec</span> <span class='ocrx_word' id='word_1_399' title='bbox 2010 559 2144 601; x_wconf 80' lang='lat' dir='ltr'>profes-</span> 
     </span>
     <span class='ocr_line' id='line_1_63' title="bbox 1155 602 2141 651; baseline 0.005 -15"><span class='ocrx_word' id='word_1_400' title='bbox 1155 604 1205 637; x_wconf 88' lang='lat' dir='ltr'>sio</span> <span class='ocrx_word' id='word_1_401' title='bbox 1224 611 1367 648; x_wconf 91' lang='lat' dir='ltr'>propter</span> <span class='ocrx_word' id='word_1_402' title='bbox 1391 602 1553 638; x_wconf 84' lang='lat' dir='ltr'>homines</span> <span class='ocrx_word' id='word_1_403' title='bbox 1571 607 1764 639; x_wconf 84' lang='lat' dir='ltr'>necessaria</span> <span class='ocrx_word' id='word_1_404' title='bbox 1788 614 1859 646; x_wconf 88' lang='lat' dir='ltr'>est,</span> <span class='ocrx_word' id='word_1_405' title='bbox 1888 614 1921 641; x_wconf 88' lang='lat' dir='ltr'>et</span> <span class='ocrx_word' id='word_1_406' title='bbox 1939 609 2049 651; x_wconf 74' lang='lat' dir='ltr'>placet</span> <span class='ocrx_word' id='word_1_407' title='bbox 2067 607 2141 641; x_wconf 91' lang='lat' dir='ltr'>Deo</span> 
     </span>
     <span class='ocr_line' id='line_1_64' title="bbox 1153 655 1766 698; baseline 0.005 -10"><span class='ocrx_word' id='word_1_408' title='bbox 1153 655 1209 698; x_wconf 88' lang='lat' dir='ltr'>(ut</span> <span class='ocrx_word' id='word_1_409' title='bbox 1227 655 1359 688; x_wconf 91' lang='lat' dir='ltr'>dictum</span> <span class='ocrx_word' id='word_1_410' title='bbox 1377 655 1444 697; x_wconf 86' lang='lat' dir='ltr'>est)</span> <span class='ocrx_word' id='word_1_411' title='bbox 1462 655 1499 687; x_wconf 89' lang='lat' dir='ltr'>in</span> <span class='ocrx_word' id='word_1_412' title='bbox 1517 657 1766 691; x_wconf 87' lang='lat' dir='ltr'>reconciliatis.</span> 
     </span>
    </p>

    <p class='ocr_par' dir='ltr' id='par_1_13' title="bbox 1153 705 2143 1054">
     <span class='ocr_line' id='line_1_65' title="bbox 1257 705 2143 751; baseline 0.002 -11"><span class='ocrx_word' id='word_1_413' title='bbox 1257 705 1362 740; x_wconf 87' lang='lat' dir='ltr'>Sexto</span> <span class='ocrx_word' id='word_1_414' title='bbox 1394 717 1497 739; x_wconf 80' lang='lat' dir='ltr'>versu</span> <span class='ocrx_word' id='word_1_415' title='bbox 1530 707 1655 750; x_wconf 86' lang='lat' dir='ltr'>repetit</span> <span class='ocrx_word' id='word_1_416' title='bbox 1686 707 1943 751; x_wconf 83' lang='lat' dir='ltr'>precationem,</span> <span class='ocrx_word' id='word_1_417' title='bbox 1983 716 2016 742; x_wconf 91' lang='lat' dir='ltr'>et</span> <span class='ocrx_word' id='word_1_418' title='bbox 2045 711 2143 743; x_wconf 83' lang='lat' dir='ltr'>addit</span> 
     </span>
     <span class='ocr_line' id='line_1_66' title="bbox 1154 754 2142 803; baseline 0.003 -14"><span class='ocrx_word' id='word_1_419' title='bbox 1154 768 1310 790; x_wconf 85' lang='lat' dir='ltr'>causam:</span> <span class='ocrx_word' id='word_1_420' title='bbox 1364 754 1523 803; x_wconf 65' lang='lat' dir='ltr'>Exurge</span> <span class='ocrx_word' id='word_1_421' title='bbox 1543 755 1723 797; x_wconf 82' lang='lat' dir='ltr'>Domine,</span> <span class='ocrx_word' id='word_1_422' title='bbox 1759 761 1903 791; x_wconf 74' lang='lat' dir='ltr'>restitue</span> <span class='ocrx_word' id='word_1_423' title='bbox 1927 756 2023 792; x_wconf 65' lang='lat' dir='ltr'>mihi</span> <span class='ocrx_word' id='word_1_424' title='bbox 2044 758 2142 793; x_wconf 70' lang='lat' dir='ltr'>iudi-</span> 
     </span>
     <span class='ocr_line' id='line_1_67' title="bbox 1154 807 2142 855; baseline 0.006 -16"><span class='ocrx_word' id='word_1_425' title='bbox 1154 807 1267 846; x_wconf 75' lang='lat' dir='ltr'>cium,</span> <span class='ocrx_word' id='word_1_426' title='bbox 1289 808 1324 840; x_wconf 88' lang='lat' dir='ltr'>id</span> <span class='ocrx_word' id='word_1_427' title='bbox 1343 815 1410 848; x_wconf 88' lang='lat' dir='ltr'>est,</span> <span class='ocrx_word' id='word_1_428' title='bbox 1437 809 1729 851; x_wconf 79' lang='lat' dir='ltr'>gubernationem</span> <span class='ocrx_word' id='word_1_429' title='bbox 1748 822 1852 855; x_wconf 86' lang='lat' dir='ltr'>quam</span> <span class='ocrx_word' id='word_1_430' title='bbox 1874 812 2059 849; x_wconf 78' lang='lat' dir='ltr'>mandasti,</span> <span class='ocrx_word' id='word_1_431' title='bbox 2086 824 2142 845; x_wconf 84' lang='lat' dir='ltr'>re—</span> 
     </span>
     <span class='ocr_line' id='line_1_68' title="bbox 1153 857 2141 906; baseline 0.004 -15"><span class='ocrx_word' id='word_1_432' title='bbox 1153 859 1257 892; x_wconf 91' lang='lat' dir='ltr'>stitue</span> <span class='ocrx_word' id='word_1_433' title='bbox 1275 857 1362 891; x_wconf 86' lang='lat' dir='ltr'>mihi</span> <span class='ocrx_word' id='word_1_434' title='bbox 1383 871 1541 902; x_wconf 80' lang='lat' dir='ltr'>regnum,</span> <span class='ocrx_word' id='word_1_435' title='bbox 1569 873 1613 893; x_wconf 92' lang='lat' dir='ltr'>ne</span> <span class='ocrx_word' id='word_1_436' title='bbox 1631 861 1860 895; x_wconf 82' lang='lat' dir='ltr'>dominentur</span> <span class='ocrx_word' id='word_1_437' title='bbox 1878 861 1979 905; x_wconf 84' lang='lat' dir='ltr'>impii</span> <span class='ocrx_word' id='word_1_438' title='bbox 1997 875 2141 906; x_wconf 86' lang='lat' dir='ltr'>oppres-</span> 
     </span>
     <span class='ocr_line' id='line_1_69' title="bbox 1154 910 2140 959; baseline 0.004 -17"><span class='ocrx_word' id='word_1_439' title='bbox 1154 910 1225 943; x_wconf 89' lang='lat' dir='ltr'>suri</span> <span class='ocrx_word' id='word_1_440' title='bbox 1252 922 1369 942; x_wconf 79' lang='lat' dir='ltr'>veram</span> <span class='ocrx_word' id='word_1_441' title='bbox 1397 911 1615 952; x_wconf 86' lang='lat' dir='ltr'>doctrinam,</span> <span class='ocrx_word' id='word_1_442' title='bbox 1651 913 1710 945; x_wconf 91' lang='lat' dir='ltr'>sed</span> <span class='ocrx_word' id='word_1_443' title='bbox 1737 914 1926 945; x_wconf 83' lang='lat' dir='ltr'>reducatur</span> <span class='ocrx_word' id='word_1_444' title='bbox 1958 916 2000 945; x_wconf 86' lang='lat' dir='ltr'>ad</span> <span class='ocrx_word' id='word_1_445' title='bbox 2027 921 2060 947; x_wconf 90' lang='lat' dir='ltr'>te</span> <span class='ocrx_word' id='word_1_446' title='bbox 2084 926 2140 959; x_wconf 69' lang='lat' dir='ltr'>sy-</span> 
     </span>
     <span class='ocr_line' id='line_1_70' title="bbox 1155 961 2140 1007; baseline 0.004 -14"><span class='ocrx_word' id='word_1_447' title='bbox 1155 972 1285 1004; x_wconf 77' lang='lat' dir='ltr'>nagoga</span> <span class='ocrx_word' id='word_1_448' title='bbox 1305 961 1536 1005; x_wconf 87' lang='lat' dir='ltr'>populorum,</span> <span class='ocrx_word' id='word_1_449' title='bbox 1565 970 1709 1007; x_wconf 89' lang='lat' dir='ltr'>propter</span> <span class='ocrx_word' id='word_1_450' title='bbox 1726 961 1816 996; x_wconf 69' lang='lat' dir='ltr'>hunc</span> <span class='ocrx_word' id='word_1_451' title='bbox 1834 970 1928 996; x_wconf 88' lang='lat' dir='ltr'>tuam</span> <span class='ocrx_word' id='word_1_452' title='bbox 1946 962 2140 998; x_wconf 83' lang='lat' dir='ltr'>Ecclesiam</span> 
     </span>
     <span class='ocr_line' id='line_1_71' title="bbox 1155 1013 1863 1054; baseline 0.004 -10"><span class='ocrx_word' id='word_1_453' title='bbox 1155 1019 1328 1045; x_wconf 87' lang='lat' dir='ltr'>revertere</span> <span class='ocrx_word' id='word_1_454' title='bbox 1346 1019 1382 1045; x_wconf 90' lang='lat' dir='ltr'>tu</span> <span class='ocrx_word' id='word_1_455' title='bbox 1399 1014 1440 1045; x_wconf 85' lang='lat' dir='ltr'>ad</span> <span class='ocrx_word' id='word_1_456' title='bbox 1459 1025 1521 1045; x_wconf 91' lang='lat' dir='ltr'>nos</span> <span class='ocrx_word' id='word_1_457' title='bbox 1534 1040 1542 1054; x_wconf 85' lang='lat'>‚</span> <span class='ocrx_word' id='word_1_458' title='bbox 1572 1021 1603 1047; x_wconf 90' lang='lat' dir='ltr'>et</span> <span class='ocrx_word' id='word_1_459' title='bbox 1622 1013 1781 1048; x_wconf 87' lang='lat' dir='ltr'>reducito</span> <span class='ocrx_word' id='word_1_460' title='bbox 1799 1027 1863 1047; x_wconf 91' lang='lat' dir='ltr'>me.</span> 
     </span>
    </p>

    <p class='ocr_par' dir='ltr' id='par_1_14' title="bbox 1152 1062 2142 1514">
     <span class='ocr_line' id='line_1_72' title="bbox 1259 1062 2141 1109; baseline 0.003 -14"><span class='ocrx_word' id='word_1_461' title='bbox 1259 1062 1297 1095; x_wconf 89' lang='lat' dir='ltr'>ln</span> <span class='ocrx_word' id='word_1_462' title='bbox 1326 1075 1427 1096; x_wconf 80' lang='lat' dir='ltr'>versu</span> <span class='ocrx_word' id='word_1_463' title='bbox 1452 1071 1575 1097; x_wconf 74' lang='lat' dir='ltr'>octavo</span> <span class='ocrx_word' id='word_1_464' title='bbox 1602 1073 1770 1109; x_wconf 86' lang='lat' dir='ltr'>provocat</span> <span class='ocrx_word' id='word_1_465' title='bbox 1796 1066 1839 1097; x_wconf 86' lang='lat' dir='ltr'>ad</span> <span class='ocrx_word' id='word_1_466' title='bbox 1866 1065 2037 1098; x_wconf 84' lang='lat' dir='ltr'>iudicium</span> <span class='ocrx_word' id='word_1_467' title='bbox 2063 1065 2141 1103; x_wconf 73' lang='lat' dir='ltr'>Dei,</span> 
     </span>
     <span class='ocr_line' id='line_1_73' title="bbox 1154 1115 2141 1160; baseline 0.004 -14"><span class='ocrx_word' id='word_1_468' title='bbox 1154 1115 1247 1159; x_wconf 88' lang='lat' dir='ltr'>qnod</span> <span class='ocrx_word' id='word_1_469' title='bbox 1273 1126 1343 1146; x_wconf 89' lang='lat' dir='ltr'>non</span> <span class='ocrx_word' id='word_1_470' title='bbox 1368 1115 1411 1147; x_wconf 88' lang='lat' dir='ltr'>de</span> <span class='ocrx_word' id='word_1_471' title='bbox 1434 1126 1601 1157; x_wconf 89' lang='lat' dir='ltr'>persona,</span> <span class='ocrx_word' id='word_1_472' title='bbox 1633 1117 1693 1149; x_wconf 91' lang='lat' dir='ltr'>sed</span> <span class='ocrx_word' id='word_1_473' title='bbox 1717 1118 1759 1148; x_wconf 79' lang='lat' dir='ltr'>de.</span> <span class='ocrx_word' id='word_1_474' title='bbox 1785 1127 1885 1149; x_wconf 91' lang='lat' dir='ltr'>causa</span> <span class='ocrx_word' id='word_1_475' title='bbox 1912 1115 2141 1160; x_wconf 82' lang='lat' dir='ltr'>intelligatur.</span> 
     </span>
     <span class='ocr_line' id='line_1_74' title="bbox 1153 1163 2142 1212; baseline 0.002 -14"><span class='ocrx_word' id='word_1_476' title='bbox 1153 1165 1300 1208; x_wconf 83' lang='lat' dir='ltr'>Semper</span> <span class='ocrx_word' id='word_1_477' title='bbox 1316 1163 1493 1198; x_wconf 82' lang='lat' dir='ltr'>Ecclesiae</span> <span class='ocrx_word' id='word_1_478' title='bbox 1517 1178 1617 1199; x_wconf 85' lang='lat' dir='ltr'>causa</span> <span class='ocrx_word' id='word_1_479' title='bbox 1642 1167 1775 1212; x_wconf 90' lang='lat' dir='ltr'>iniquis</span> <span class='ocrx_word' id='word_1_480' title='bbox 1798 1166 1938 1199; x_wconf 89' lang='lat' dir='ltr'>iudiciis</span> <span class='ocrx_word' id='word_1_481' title='bbox 1970 1168 2142 1200; x_wconf 84' lang='lat' dir='ltr'>maximae</span> 
     </span>
     <span class='ocr_line' id='line_1_75' title="bbox 1154 1216 2141 1252; baseline 0.004 -4"><span class='ocrx_word' id='word_1_482' title='bbox 1154 1216 1393 1249; x_wconf 80' lang='lat' dir='ltr'>multitudinis</span> <span class='ocrx_word' id='word_1_483' title='bbox 1424 1217 1622 1250; x_wconf 88' lang='lat' dir='ltr'>damnatur.</span> <span class='ocrx_word' id='word_1_484' title='bbox 1683 1217 1752 1252; x_wconf 88' lang='lat' dir='ltr'>Sed</span> <span class='ocrx_word' id='word_1_485' title='bbox 1778 1216 1872 1250; x_wconf 87' lang='lat' dir='ltr'>Deus</span> <span class='ocrx_word' id='word_1_486' title='bbox 1896 1218 2037 1250; x_wconf 86' lang='lat' dir='ltr'>tandem</span> <span class='ocrx_word' id='word_1_487' title='bbox 2071 1219 2141 1252; x_wconf 89' lang='lat' dir='ltr'>suis</span> 
     </span>
     <span class='ocr_line' id='line_1_76' title="bbox 1153 1267 2140 1302; baseline 0.002 -2"><span class='ocrx_word' id='word_1_488' title='bbox 1153 1267 1363 1300; x_wconf 83' lang='lat' dir='ltr'>testimoniis</span> <span class='ocrx_word' id='word_1_489' title='bbox 1381 1268 1537 1301; x_wconf 81' lang='lat' dir='ltr'>ostendit</span> <span class='ocrx_word' id='word_1_490' title='bbox 1555 1280 1693 1301; x_wconf 87' lang='lat' dir='ltr'>causam</span> <span class='ocrx_word' id='word_1_491' title='bbox 1710 1267 1888 1301; x_wconf 84' lang='lat' dir='ltr'>Ecclesiae</span> <span class='ocrx_word' id='word_1_492' title='bbox 1908 1280 2024 1301; x_wconf 89' lang='lat' dir='ltr'>veram</span> <span class='ocrx_word' id='word_1_493' title='bbox 2050 1281 2140 1302; x_wconf 86' lang='lat' dir='ltr'>esse:</span> 
     </span>
     <span class='ocr_line' id='line_1_77' title="bbox 1154 1314 2139 1354; baseline 0.003 -5"><span class='ocrx_word' id='word_1_494' title='bbox 1154 1314 1286 1349; x_wconf 69' lang='lat' dir='ltr'>Italica</span> <span class='ocrx_word' id='word_1_495' title='bbox 1311 1328 1364 1349; x_wconf 78' lang='lat' dir='ltr'>me</span> <span class='ocrx_word' id='word_1_496' title='bbox 1387 1316 1550 1350; x_wconf 76' lang='lat' dir='ltr'>Domine</span> <span class='ocrx_word' id='word_1_497' title='bbox 1574 1316 1771 1351; x_wconf 75' lang='lat' dir='ltr'>secundum</span> <span class='ocrx_word' id='word_1_498' title='bbox 1798 1318 1985 1352; x_wconf 75' lang='lat' dir='ltr'>iusticiam</span> <span class='ocrx_word' id='word_1_499' title='bbox 2009 1331 2139 1354; x_wconf 80' lang='lat' dir='ltr'>meam,</span> 
     </span>
     <span class='ocr_line' id='line_1_78' title="bbox 1153 1367 2141 1415; baseline 0.004 -15"><span class='ocrx_word' id='word_1_500' title='bbox 1153 1380 1225 1401; x_wconf 93' lang='lat' dir='ltr'>non</span> <span class='ocrx_word' id='word_1_501' title='bbox 1245 1380 1413 1412; x_wconf 86' lang='lat' dir='ltr'>personae</span> <span class='ocrx_word' id='word_1_502' title='bbox 1430 1370 1489 1401; x_wconf 86' lang='lat' dir='ltr'>sed</span> <span class='ocrx_word' id='word_1_503' title='bbox 1506 1381 1640 1413; x_wconf 84' lang='lat' dir='ltr'>causae,</span> <span class='ocrx_word' id='word_1_504' title='bbox 1670 1371 1712 1401; x_wconf 91' lang='lat' dir='ltr'>de</span> <span class='ocrx_word' id='word_1_505' title='bbox 1731 1367 1793 1402; x_wconf 90' lang='lat' dir='ltr'>hac</span> <span class='ocrx_word' id='word_1_506' title='bbox 1808 1370 1984 1414; x_wconf 85' lang='lat' dir='ltr'>loquitur:</span> <span class='ocrx_word' id='word_1_507' title='bbox 2013 1378 2044 1404; x_wconf 92' lang='lat' dir='ltr'>et</span> <span class='ocrx_word' id='word_1_508' title='bbox 2062 1384 2141 1415; x_wconf 90' lang='lat' dir='ltr'>per-</span> 
     </span>
     <span class='ocr_line' id='line_1_79' title="bbox 1152 1419 2141 1466; baseline 0.004 -15"><span class='ocrx_word' id='word_1_509' title='bbox 1152 1419 1312 1462; x_wconf 86' lang='lat' dir='ltr'>spicuum</span> <span class='ocrx_word' id='word_1_510' title='bbox 1330 1425 1379 1451; x_wconf 86' lang='lat' dir='ltr'>est</span> <span class='ocrx_word' id='word_1_511' title='bbox 1404 1419 1615 1463; x_wconf 75' lang='lat' dir='ltr'>discrimen,</span> <span class='ocrx_word' id='word_1_512' title='bbox 1640 1420 1878 1454; x_wconf 84' lang='lat' dir='ltr'>consideranti</span> <span class='ocrx_word' id='word_1_513' title='bbox 1903 1433 1939 1453; x_wconf 89' lang='lat' dir='ltr'>ea</span> <span class='ocrx_word' id='word_1_514' title='bbox 1968 1433 2058 1466; x_wconf 86' lang='lat' dir='ltr'>quae</span> <span class='ocrx_word' id='word_1_515' title='bbox 2082 1434 2141 1456; x_wconf 92' lang='lat' dir='ltr'>su-</span> 
     </span>
     <span class='ocr_line' id='line_1_80' title="bbox 1153 1470 1439 1514; baseline 0.003 -12"><span class='ocrx_word' id='word_1_516' title='bbox 1153 1481 1215 1514; x_wconf 87' lang='lat' dir='ltr'>pra</span> <span class='ocrx_word' id='word_1_517' title='bbox 1233 1470 1331 1503; x_wconf 82' lang='lat' dir='ltr'>dicta</span> <span class='ocrx_word' id='word_1_518' title='bbox 1346 1476 1439 1503; x_wconf 88' lang='lat' dir='ltr'>sunt.</span> 
     </span>
    </p>

    <p class='ocr_par' dir='ltr' id='par_1_15' title="bbox 1150 1519 2143 1668">
     <span class='ocr_line' id='line_1_81' title="bbox 1251 1519 2138 1566; baseline 0.003 -11"><span class='ocrx_word' id='word_1_519' title='bbox 1251 1519 1395 1566; x_wconf 84' lang='lat' dir='ltr'>Reliqui</span> <span class='ocrx_word' id='word_1_520' title='bbox 1415 1533 1534 1554; x_wconf 87' lang='lat' dir='ltr'>versus</span> <span class='ocrx_word' id='word_1_521' title='bbox 1551 1529 1713 1566; x_wconf 89' lang='lat' dir='ltr'>repetunt</span> <span class='ocrx_word' id='word_1_522' title='bbox 1729 1522 1976 1566; x_wconf 89' lang='lat' dir='ltr'>precationem,</span> <span class='ocrx_word' id='word_1_523' title='bbox 2005 1532 2037 1557; x_wconf 87' lang='lat' dir='ltr'>et</span> <span class='ocrx_word' id='word_1_524' title='bbox 2053 1522 2138 1558; x_wconf 92' lang='lat' dir='ltr'>hor-</span> 
     </span>
     <span class='ocr_line' id='line_1_82' title="bbox 1150 1572 2143 1617; baseline 0.005 -13"><span class='ocrx_word' id='word_1_525' title='bbox 1150 1577 1273 1605; x_wconf 86' lang='lat' dir='ltr'>tantur</span> <span class='ocrx_word' id='word_1_526' title='bbox 1290 1572 1417 1616; x_wconf 85' lang='lat' dir='ltr'>impios</span> <span class='ocrx_word' id='word_1_527' title='bbox 1442 1574 1482 1605; x_wconf 87' lang='lat' dir='ltr'>ad</span> <span class='ocrx_word' id='word_1_528' title='bbox 1503 1574 1777 1616; x_wconf 82' lang='lat' dir='ltr'>poenitentiam,</span> <span class='ocrx_word' id='word_1_529' title='bbox 1806 1581 1839 1607; x_wconf 88' lang='lat' dir='ltr'>et</span> <span class='ocrx_word' id='word_1_530' title='bbox 1862 1575 2071 1617; x_wconf 87' lang='lat' dir='ltr'>praedicunt</span> <span class='ocrx_word' id='word_1_531' title='bbox 2094 1577 2143 1609; x_wconf 87' lang='lat' dir='ltr'>eis</span> 
     </span>
     <span class='ocr_line' id='line_1_83' title="bbox 1150 1623 1846 1668; baseline 0.004 -13"><span class='ocrx_word' id='word_1_532' title='bbox 1150 1630 1281 1656; x_wconf 83' lang='lat' dir='ltr'>certum</span> <span class='ocrx_word' id='word_1_533' title='bbox 1298 1623 1442 1656; x_wconf 86' lang='lat' dir='ltr'>exitium</span> <span class='ocrx_word' id='word_1_534' title='bbox 1455 1649 1463 1661; x_wconf 83' lang='lat'>‚</span> <span class='ocrx_word' id='word_1_535' title='bbox 1491 1623 1519 1656; x_wconf 91' lang='lat' dir='ltr'>si</span> <span class='ocrx_word' id='word_1_536' title='bbox 1539 1636 1611 1657; x_wconf 90' lang='lat' dir='ltr'>non</span> <span class='ocrx_word' id='word_1_537' title='bbox 1631 1625 1846 1668; x_wconf 82' lang='lat' dir='ltr'>resipiscant.</span> 
     </span>
    </p>

    <p class='ocr_par' dir='ltr' id='par_1_16' title="bbox 1151 1673 2139 1758">
     <span class='ocr_line' id='line_1_84' title="bbox 1251 1673 2139 1721; baseline 0.003 -13"><span class='ocrx_word' id='word_1_538' title='bbox 1251 1673 1406 1708; x_wconf 76' lang='lat' dir='ltr'>Ultimus</span> <span class='ocrx_word' id='word_1_539' title='bbox 1421 1686 1540 1707; x_wconf 86' lang='lat' dir='ltr'>versus</span> <span class='ocrx_word' id='word_1_540' title='bbox 1557 1682 1605 1708; x_wconf 92' lang='lat' dir='ltr'>est</span> <span class='ocrx_word' id='word_1_541' title='bbox 1627 1677 1819 1718; x_wconf 87' lang='lat' dir='ltr'>gratiarum</span> <span class='ocrx_word' id='word_1_542' title='bbox 1842 1676 1932 1709; x_wconf 86' lang='lat' dir='ltr'>actio</span> <span class='ocrx_word' id='word_1_543' title='bbox 1959 1690 2022 1721; x_wconf 92' lang='lat' dir='ltr'>pro</span> <span class='ocrx_word' id='word_1_544' title='bbox 2046 1678 2139 1712; x_wconf 84' lang='lat' dir='ltr'>libe-</span> 
     </span>
     <span class='ocr_line' id='line_1_85' title="bbox 1151 1731 1300 1758; baseline 0.007 -1"><span class='ocrx_word' id='word_1_545' title='bbox 1151 1731 1300 1758; x_wconf 74' lang='lat' dir='ltr'>ratione.</span> 
     </span>
    </p>

    <p class='ocr_par' dir='ltr' id='par_1_17' title="bbox 1145 1775 2141 2525">
     <span class='ocr_line' id='line_1_86' title="bbox 1249 1775 2141 1815; baseline 0.007 -7"><span class='ocrx_word' id='word_1_546' title='bbox 1249 1775 1380 1809; x_wconf 84' lang='lat' dir='ltr'>Totum</span> <span class='ocrx_word' id='word_1_547' title='bbox 1406 1782 1521 1809; x_wconf 78' lang='lat' dir='ltr'>autem</span> <span class='ocrx_word' id='word_1_548' title='bbox 1545 1776 1724 1810; x_wconf 88' lang='lat' dir='ltr'>Psalmum</span> <span class='ocrx_word' id='word_1_549' title='bbox 1748 1778 2016 1813; x_wconf 86' lang='lat' dir='ltr'>meminerimus</span> <span class='ocrx_word' id='word_1_550' title='bbox 2038 1781 2141 1815; x_wconf 89' lang='lat' dir='ltr'>nobis</span> 
     </span>
     <span class='ocr_line' id='line_1_87' title="bbox 1150 1827 2138 1871; baseline 0.006 -12"><span class='ocrx_word' id='word_1_551' title='bbox 1150 1827 1369 1870; x_wconf 86' lang='lat' dir='ltr'>propositum</span> <span class='ocrx_word' id='word_1_552' title='bbox 1396 1839 1467 1860; x_wconf 84' lang='lat' dir='ltr'>esse</span> <span class='ocrx_word' id='word_1_553' title='bbox 1490 1828 1640 1871; x_wconf 81' lang='lat' dir='ltr'>exempli</span> <span class='ocrx_word' id='word_1_554' title='bbox 1664 1839 1777 1861; x_wconf 89' lang='lat' dir='ltr'>causa.</span> <span class='ocrx_word' id='word_1_555' title='bbox 1831 1827 1985 1862; x_wconf 80' lang='lat' dir='ltr'>Difficile</span> <span class='ocrx_word' id='word_1_556' title='bbox 2008 1839 2059 1864; x_wconf 89' lang='lat' dir='ltr'>est</span> <span class='ocrx_word' id='word_1_557' title='bbox 2083 1845 2138 1865; x_wconf 87' lang='lat' dir='ltr'>sa-</span> 
     </span>
     <span class='ocr_line' id='line_1_88' title="bbox 1148 1878 2139 1924; baseline 0.007 -14"><span class='ocrx_word' id='word_1_558' title='bbox 1148 1878 1328 1921; x_wconf 82' lang='lat' dir='ltr'>pientibus</span> <span class='ocrx_word' id='word_1_559' title='bbox 1347 1878 1518 1911; x_wconf 88' lang='lat' dir='ltr'>sustinere</span> <span class='ocrx_word' id='word_1_560' title='bbox 1536 1879 1741 1914; x_wconf 77' lang='lat' dir='ltr'>calumnias,</span> <span class='ocrx_word' id='word_1_561' title='bbox 1796 1879 1905 1913; x_wconf 84' lang='lat' dir='ltr'>Docet</span> <span class='ocrx_word' id='word_1_562' title='bbox 1924 1881 2030 1924; x_wconf 85' lang='lat' dir='ltr'>igitur</span> <span class='ocrx_word' id='word_1_563' title='bbox 2042 1881 2139 1916; x_wconf 88' lang='lat' dir='ltr'>Psal-</span> 
     </span>
     <span class='ocr_line' id='line_1_89' title="bbox 1150 1929 2138 1974; baseline 0.008 -14"><span class='ocrx_word' id='word_1_564' title='bbox 1150 1941 1226 1960; x_wconf 89' lang='lat' dir='ltr'>mus</span> <span class='ocrx_word' id='word_1_565' title='bbox 1254 1929 1338 1973; x_wconf 80' lang='lat' dir='ltr'>quid</span> <span class='ocrx_word' id='word_1_566' title='bbox 1364 1930 1538 1971; x_wconf 76' lang='lat' dir='ltr'>agendum</span> <span class='ocrx_word' id='word_1_567' title='bbox 1565 1930 1628 1970; x_wconf 88' lang='lat' dir='ltr'>sit,</span> <span class='ocrx_word' id='word_1_568' title='bbox 1666 1936 1699 1962; x_wconf 82' lang='lat' dir='ltr'>et</span> <span class='ocrx_word' id='word_1_569' title='bbox 1727 1931 1821 1963; x_wconf 80' lang='lat' dir='ltr'>unde</span> <span class='ocrx_word' id='word_1_570' title='bbox 1845 1934 1995 1974; x_wconf 88' lang='lat' dir='ltr'>petenda</span> <span class='ocrx_word' id='word_1_571' title='bbox 2020 1941 2051 1966; x_wconf 91' lang='lat' dir='ltr'>et</span> <span class='ocrx_word' id='word_1_572' title='bbox 2081 1947 2138 1967; x_wconf 87' lang='lat' dir='ltr'>ex—</span> 
     </span>
     <span class='ocr_line' id='line_1_90' title="bbox 1150 1980 2139 2023; baseline 0.008 -12"><span class='ocrx_word' id='word_1_573' title='bbox 1150 1981 1317 2023; x_wconf 84' lang='lat' dir='ltr'>pectanda</span> <span class='ocrx_word' id='word_1_574' title='bbox 1336 1980 1511 2020; x_wconf 81' lang='lat' dir='ltr'>defensio,</span> <span class='ocrx_word' id='word_1_575' title='bbox 1539 1993 1617 2014; x_wconf 91' lang='lat' dir='ltr'>cum</span> <span class='ocrx_word' id='word_1_576' title='bbox 1643 1982 1768 2013; x_wconf 89' lang='lat' dir='ltr'>mundi</span> <span class='ocrx_word' id='word_1_577' title='bbox 1795 1982 1924 2015; x_wconf 85' lang='lat' dir='ltr'>iudicia</span> <span class='ocrx_word' id='word_1_578' title='bbox 1950 1984 2018 2018; x_wconf 90' lang='lat' dir='ltr'>sint</span> <span class='ocrx_word' id='word_1_579' title='bbox 2044 1986 2139 2019; x_wconf 90' lang='lat' dir='ltr'>iniu-</span> 
     </span>
     <span class='ocr_line' id='line_1_91' title="bbox 1148 2030 2137 2069; baseline 0.006 -6"><span class='ocrx_word' id='word_1_580' title='bbox 1148 2038 1210 2064; x_wconf 89' lang='lat' dir='ltr'>sta.</span> <span class='ocrx_word' id='word_1_581' title='bbox 1265 2030 1374 2064; x_wconf 88' lang='lat' dir='ltr'>Docet</span> <span class='ocrx_word' id='word_1_582' title='bbox 1399 2032 1567 2064; x_wconf 78' lang='lat' dir='ltr'>tuendam</span> <span class='ocrx_word' id='word_1_583' title='bbox 1599 2043 1670 2064; x_wconf 89' lang='lat' dir='ltr'>esse</span> <span class='ocrx_word' id='word_1_584' title='bbox 1703 2032 1875 2065; x_wconf 86' lang='lat' dir='ltr'>iusticiam</span> <span class='ocrx_word' id='word_1_585' title='bbox 1911 2034 2024 2068; x_wconf 87' lang='lat' dir='ltr'>bonae</span> <span class='ocrx_word' id='word_1_586' title='bbox 2053 2048 2137 2069; x_wconf 88' lang='lat' dir='ltr'>con-</span> 
     </span>
     <span class='ocr_line' id='line_1_92' title="bbox 1146 2081 2136 2127; baseline 0.006 -13"><span class='ocrx_word' id='word_1_587' title='bbox 1146 2082 1330 2121; x_wconf 82' lang='lat' dir='ltr'>scientiae,</span> <span class='ocrx_word' id='word_1_588' title='bbox 1357 2089 1390 2115; x_wconf 91' lang='lat' dir='ltr'>et</span> <span class='ocrx_word' id='word_1_589' title='bbox 1406 2094 1424 2114; x_wconf 87' lang='lat' dir='ltr'>a</span> <span class='ocrx_word' id='word_1_590' title='bbox 1443 2081 1515 2115; x_wconf 87' lang='lat' dir='ltr'>Deo</span> <span class='ocrx_word' id='word_1_591' title='bbox 1533 2084 1719 2127; x_wconf 85' lang='lat' dir='ltr'>petendam</span> <span class='ocrx_word' id='word_1_592' title='bbox 1747 2090 1780 2115; x_wconf 86' lang='lat' dir='ltr'>et</span> <span class='ocrx_word' id='word_1_593' title='bbox 1804 2087 2053 2127; x_wconf 71' lang='lat' dir='ltr'>expectandam</span> <span class='ocrx_word' id='word_1_594' title='bbox 2075 2089 2136 2120; x_wconf 89' lang='lat' dir='ltr'>de-</span> 
     </span>
     <span class='ocr_line' id='line_1_93' title="bbox 1147 2133 2136 2179; baseline 0.006 -14"><span class='ocrx_word' id='word_1_595' title='bbox 1147 2133 1340 2166; x_wconf 84' lang='lat' dir='ltr'>fensionem</span> <span class='ocrx_word' id='word_1_596' title='bbox 1366 2145 1405 2165; x_wconf 89' lang='lat' dir='ltr'>ac</span> <span class='ocrx_word' id='word_1_597' title='bbox 1432 2134 1690 2168; x_wconf 87' lang='lat' dir='ltr'>liberationem.</span> <span class='ocrx_word' id='word_1_598' title='bbox 1745 2133 1791 2167; x_wconf 87' lang='lat' dir='ltr'>Et</span> <span class='ocrx_word' id='word_1_599' title='bbox 1815 2136 1972 2179; x_wconf 70' lang='lat' dir='ltr'>exemplo</span> <span class='ocrx_word' id='word_1_600' title='bbox 1999 2149 2061 2169; x_wconf 90' lang='lat' dir='ltr'>suo</span> <span class='ocrx_word' id='word_1_601' title='bbox 2085 2145 2136 2171; x_wconf 87' lang='lat' dir='ltr'>te-</span> 
     </span>
     <span class='ocr_line' id='line_1_94' title="bbox 1147 2183 2136 2225; baseline 0.005 -8"><span class='ocrx_word' id='word_1_602' title='bbox 1147 2191 1259 2217; x_wconf 81' lang='lat' dir='ltr'>statur</span> <span class='ocrx_word' id='word_1_603' title='bbox 1285 2183 1422 2225; x_wconf 84' lang='lat' dir='ltr'>David,</span> <span class='ocrx_word' id='word_1_604' title='bbox 1457 2184 1573 2218; x_wconf 87' lang='lat' dir='ltr'>Deum</span> <span class='ocrx_word' id='word_1_605' title='bbox 1600 2196 1721 2218; x_wconf 90' lang='lat' dir='ltr'>revera</span> <span class='ocrx_word' id='word_1_606' title='bbox 1754 2186 1906 2218; x_wconf 84' lang='lat' dir='ltr'>refutare</span> <span class='ocrx_word' id='word_1_607' title='bbox 1941 2188 2136 2222; x_wconf 88' lang='lat' dir='ltr'>calumnias</span> 
     </span>
     <span class='ocr_line' id='line_1_95' title="bbox 1146 2233 2135 2284; baseline 0.004 -16"><span class='ocrx_word' id='word_1_608' title='bbox 1146 2242 1179 2268; x_wconf 87' lang='lat' dir='ltr'>et</span> <span class='ocrx_word' id='word_1_609' title='bbox 1194 2233 1460 2280; x_wconf 78' lang='lat' dir='ltr'>sycophantias,</span> <span class='ocrx_word' id='word_1_610' title='bbox 1489 2236 1579 2269; x_wconf 89' lang='lat' dir='ltr'>sicut</span> <span class='ocrx_word' id='word_1_611' title='bbox 1603 2237 1767 2269; x_wconf 86' lang='lat' dir='ltr'>reductus</span> <span class='ocrx_word' id='word_1_612' title='bbox 1790 2243 1839 2268; x_wconf 89' lang='lat' dir='ltr'>est</span> <span class='ocrx_word' id='word_1_613' title='bbox 1857 2234 1991 2279; x_wconf 89' lang='lat' dir='ltr'>David,</span> <span class='ocrx_word' id='word_1_614' title='bbox 2019 2246 2049 2272; x_wconf 88' lang='lat' dir='ltr'>et</span> <span class='ocrx_word' id='word_1_615' title='bbox 2068 2252 2135 2284; x_wconf 92' lang='lat' dir='ltr'>pu—</span> 
     </span>
     <span class='ocr_line' id='line_1_96' title="bbox 1146 2286 2133 2324; baseline 0.005 -5"><span class='ocrx_word' id='word_1_616' title='bbox 1146 2287 1240 2320; x_wconf 86' lang='lat' dir='ltr'>nitus</span> <span class='ocrx_word' id='word_1_617' title='bbox 1258 2286 1389 2320; x_wconf 87' lang='lat' dir='ltr'>Semei.</span> <span class='ocrx_word' id='word_1_618' title='bbox 1440 2286 1514 2319; x_wconf 94' lang='lat' dir='ltr'>Hac</span> <span class='ocrx_word' id='word_1_619' title='bbox 1531 2287 1691 2320; x_wconf 82' lang='lat' dir='ltr'>doctrina</span> <span class='ocrx_word' id='word_1_620' title='bbox 1708 2287 1905 2321; x_wconf 80' lang='lat' dir='ltr'>confirmati</span> <span class='ocrx_word' id='word_1_621' title='bbox 1933 2296 1965 2321; x_wconf 83' lang='lat' dir='ltr'>et</span> <span class='ocrx_word' id='word_1_622' title='bbox 1984 2300 2047 2323; x_wconf 90' lang='lat' dir='ltr'>nos</span> <span class='ocrx_word' id='word_1_623' title='bbox 2065 2291 2133 2324; x_wconf 88' lang='lat' dir='ltr'>iam</span> 
     </span>
     <span class='ocr_line' id='line_1_97' title="bbox 1146 2336 2132 2382; baseline 0.006 -12"><span class='ocrx_word' id='word_1_624' title='bbox 1146 2345 1303 2381; x_wconf 81' lang='lat' dir='ltr'>petamus</span> <span class='ocrx_word' id='word_1_625' title='bbox 1321 2344 1352 2370; x_wconf 90' lang='lat' dir='ltr'>et</span> <span class='ocrx_word' id='word_1_626' title='bbox 1371 2345 1590 2382; x_wconf 80' lang='lat' dir='ltr'>expectemus</span> <span class='ocrx_word' id='word_1_627' title='bbox 1606 2350 1623 2369; x_wconf 91' lang='lat' dir='ltr'>a</span> <span class='ocrx_word' id='word_1_628' title='bbox 1643 2336 1718 2370; x_wconf 88' lang='lat' dir='ltr'>Deo</span> <span class='ocrx_word' id='word_1_629' title='bbox 1737 2338 1975 2371; x_wconf 78' lang='lat' dir='ltr'>defensionem</span> <span class='ocrx_word' id='word_1_630' title='bbox 1994 2348 2025 2373; x_wconf 89' lang='lat' dir='ltr'>et</span> <span class='ocrx_word' id='word_1_631' title='bbox 2044 2342 2132 2376; x_wconf 83' lang='lat' dir='ltr'>libe-</span> 
     </span>
     <span class='ocr_line' id='line_1_98' title="bbox 1145 2387 2131 2438; baseline 0.005 -17"><span class='ocrx_word' id='word_1_632' title='bbox 1145 2389 1319 2422; x_wconf 86' lang='lat' dir='ltr'>rationem</span> <span class='ocrx_word' id='word_1_633' title='bbox 1352 2390 1520 2422; x_wconf 80' lang='lat' dir='ltr'>adversus</span> <span class='ocrx_word' id='word_1_634' title='bbox 1546 2388 1741 2421; x_wconf 83' lang='lat' dir='ltr'>virulentos</span> <span class='ocrx_word' id='word_1_635' title='bbox 1771 2387 2023 2433; x_wconf 65' lang='lat' dir='ltr'>sycophantas.</span> <span class='ocrx_word' id='word_1_636' title='bbox 2071 2394 2131 2438; x_wconf 76' lang='lat' dir='ltr'>qui</span> 
     </span>
     <span class='ocr_line' id='line_1_99' title="bbox 1146 2438 2131 2485; baseline 0.006 -13"><span class='ocrx_word' id='word_1_637' title='bbox 1146 2440 1248 2473; x_wconf 90' lang='lat' dir='ltr'>nobis</span> <span class='ocrx_word' id='word_1_638' title='bbox 1265 2440 1397 2472; x_wconf 87' lang='lat' dir='ltr'>crimen</span> <span class='ocrx_word' id='word_1_639' title='bbox 1417 2438 1610 2478; x_wconf 86' lang='lat' dir='ltr'>haereseos,</span> <span class='ocrx_word' id='word_1_640' title='bbox 1635 2439 1865 2483; x_wconf 86' lang='lat' dir='ltr'>seditionum,</span> <span class='ocrx_word' id='word_1_641' title='bbox 1884 2442 2131 2485; x_wconf 87' lang='lat' dir='ltr'>ambitionum,</span> 
     </span>
     <span class='ocr_line' id='line_1_100' title="bbox 1145 2490 1693 2525; baseline -0.002 0"><span class='ocrx_word' id='word_1_642' title='bbox 1145 2498 1178 2525; x_wconf 88' lang='lat' dir='ltr'>et</span> <span class='ocrx_word' id='word_1_643' title='bbox 1194 2491 1260 2524; x_wconf 90' lang='lat' dir='ltr'>alia</span> <span class='ocrx_word' id='word_1_644' title='bbox 1277 2491 1386 2523; x_wconf 89' lang='lat' dir='ltr'>multa</span> <span class='ocrx_word' id='word_1_645' title='bbox 1406 2491 1491 2522; x_wconf 76' lang='lat' dir='ltr'>falso</span> <span class='ocrx_word' id='word_1_646' title='bbox 1509 2490 1693 2524; x_wconf 86' lang='lat' dir='ltr'>obiiciunt.</span> 
     </span>
    </p>

    <p class='ocr_par' dir='ltr' id='par_1_18' title="bbox 1144 2541 2131 2694">
     <span class='ocr_line' id='line_1_101' title="bbox 1250 2541 2131 2581; baseline 0.008 -8"><span class='ocrx_word' id='word_1_647' title='bbox 1250 2541 1355 2576; x_wconf 82' lang='lat' dir='ltr'>Utilis</span> <span class='ocrx_word' id='word_1_648' title='bbox 1380 2541 1540 2574; x_wconf 87' lang='lat' dir='ltr'>doctrina</span> <span class='ocrx_word' id='word_1_649' title='bbox 1563 2547 1595 2574; x_wconf 87' lang='lat' dir='ltr'>et</span> <span class='ocrx_word' id='word_1_650' title='bbox 1621 2541 1735 2573; x_wconf 88' lang='lat' dir='ltr'>dulcis</span> <span class='ocrx_word' id='word_1_651' title='bbox 1767 2543 1961 2576; x_wconf 89' lang='lat' dir='ltr'>consolatio</span> <span class='ocrx_word' id='word_1_652' title='bbox 1998 2552 2048 2578; x_wconf 86' lang='lat' dir='ltr'>est</span> <span class='ocrx_word' id='word_1_653' title='bbox 2076 2545 2131 2581; x_wconf 89' lang='lat' dir='ltr'>hic</span> 
     </span>
     <span class='ocr_line' id='line_1_102' title="bbox 1144 2591 2131 2636; baseline 0.004 -9"><span class='ocrx_word' id='word_1_654' title='bbox 1144 2592 1304 2626; x_wconf 84' lang='lat' dir='ltr'>Psalmus</span> <span class='ocrx_word' id='word_1_655' title='bbox 1326 2592 1438 2624; x_wconf 85' lang='lat' dir='ltr'>bonae</span> <span class='ocrx_word' id='word_1_656' title='bbox 1464 2591 1590 2632; x_wconf 89' lang='lat' dir='ltr'>menti,</span> <span class='ocrx_word' id='word_1_657' title='bbox 1623 2604 1711 2636; x_wconf 90' lang='lat' dir='ltr'>quae</span> <span class='ocrx_word' id='word_1_658' title='bbox 1735 2593 1876 2626; x_wconf 89' lang='lat' dir='ltr'>iniustis</span> <span class='ocrx_word' id='word_1_659' title='bbox 1901 2595 2008 2636; x_wconf 81' lang='lat' dir='ltr'>odiis,</span> <span class='ocrx_word' id='word_1_660' title='bbox 2036 2598 2131 2631; x_wconf 84' lang='lat' dir='ltr'>salsis</span> 
     </span>
     <span class='ocr_line' id='line_1_103' title="bbox 1144 2642 2129 2694; baseline 0.007 -19"><span class='ocrx_word' id='word_1_661' title='bbox 1144 2642 1403 2687; x_wconf 85' lang='lat' dir='ltr'>suspicionibus</span> <span class='ocrx_word' id='word_1_662' title='bbox 1439 2649 1474 2676; x_wconf 91' lang='lat' dir='ltr'>et</span> <span class='ocrx_word' id='word_1_663' title='bbox 1504 2643 1681 2677; x_wconf 88' lang='lat' dir='ltr'>ementitis</span> <span class='ocrx_word' id='word_1_664' title='bbox 1715 2644 1921 2686; x_wconf 83' lang='lat' dir='ltr'>calumniis,</span> <span class='ocrx_word' id='word_1_665' title='bbox 1954 2654 1992 2681; x_wconf 87' lang='lat' dir='ltr'>ut</span> <span class='ocrx_word' id='word_1_666' title='bbox 2029 2660 2129 2694; x_wconf 87' lang='lat' dir='ltr'>saepe</span> 
     </span>
    </p>
   </div>
   <div class='ocr_carea' id='block_1_9' title="bbox 1145 2695 1594 2778">
    <p class='ocr_par' dir='ltr' id='par_1_19' title="bbox 1145 2695 1594 2778">
     <span class='ocr_line' id='line_1_104' title="bbox 1145 2695 1461 2738; baseline 0.006 -12"><span class='ocrx_word' id='word_1_667' title='bbox 1145 2695 1180 2727; x_wconf 80' lang='lat' dir='ltr'>fit</span> <span class='ocrx_word' id='word_1_668' title='bbox 1192 2721 1199 2734; x_wconf 92' lang='lat'>,</span> <span class='ocrx_word' id='word_1_669' title='bbox 1227 2700 1461 2738; x_wconf 84' lang='lat' dir='ltr'>oppugnatur.</span> 
     </span>
     <span class='ocr_line' id='line_1_105' title="bbox 1518 2743 1594 2778; baseline 0.013 -1"><span class='ocrx_word' id='word_1_670' title='bbox 1518 2743 1566 2778; x_wconf 89' lang='grc'>65</span> <span class='ocrx_word' id='word_1_671' title='bbox 1578 2747 1594 2765; x_wconf 80' lang='grc'><strong><em>*</em></strong></span> 
     </span>
    </p>
   </div>
  </div>
 </body>
</html>
