2379 2948
204 112 276 146 883
797 104 923 141 PHIL.
951 102 1068 141 MEL.
1095 99 1302 138 SCRIPTA
1326 98 1626 136 EXEGETICA.
2151 102 2225 137 884

308 192 446 228 Deinde
476 192 599 227 scribit
633 187 823 234 Iosephus,
856 187 1071 235 Olympiade
1102 186 1187 221 184.

208 245 383 279 Herodem
411 254 525 287 regem
548 247 702 275 creatum
719 252 801 274 esse.
853 240 969 274 Erunt
994 252 1074 283 ergo
1093 239 1187 271 iuxta

209 295 300 330 hanc
323 294 620 338 computationem
648 292 740 325 inter
758 291 1002 325 Alexandrum
1025 298 1058 324 et
1075 289 1189 322 Hero-

211 349 288 380 dem
315 346 396 378 anni
413 343 498 380 292.
552 342 591 377 Id
616 350 752 387 tempus
773 349 864 376 recte
887 342 1049 385 congruit
1067 341 1109 373 ad
1126 352 1189 372 an-

210 409 275 430 nos
292 407 380 441 quos
398 407 502 439 supra
522 406 558 427 ex
579 393 777 427 Ptolemaeo
793 393 912 426 sumsi.
947 392 1034 426 Nam
1055 389 1111 423 hic
1128 391 1192 423 ad-

211 448 308 481 ditur
337 446 479 480 initium
513 444 717 478 Alexandri.
775 443 888 478 Porro
916 443 961 476 ab
987 442 1191 476 Alexandro

211 509 321 542 usque
343 498 387 530 ad
411 496 628 529 eversionem
656 495 801 539 templi,
835 496 961 528 factam
986 506 1005 527 a
1025 504 1102 534 rege
1120 491 1191 525 Na-

210 549 436 590 bogdonosor
454 553 536 581 sunt
552 545 637 579 anni
656 544 744 581 256.
798 544 837 579 Si
856 552 971 579 tamen
994 550 1033 577 ut
1051 542 1192 575 Veteres

211 599 427 642 scripserunt
451 597 572 642 templi
606 597 794 631 destructio
819 596 907 629 facta
932 602 982 628 est
1005 591 1194 638 Olympia-

213 651 257 683 de
274 648 334 682 47.
364 648 470 692 Quod
486 649 515 681 si
533 659 653 681 rursus
670 648 788 681 demas
806 653 942 690 tempus
957 644 1064 684 exilii,
1094 643 1195 676 vide-

213 701 295 734 licet
309 710 422 733 annos
438 699 499 740 70,
523 706 624 732 erunt
641 711 659 732 a
679 698 737 731 70.
764 709 857 731 anno
879 702 956 740 post
978 694 1195 728 eversionem

213 750 335 794 templi
363 762 472 795 usque
502 751 546 783 ad
579 748 757 782 Herodem
788 759 904 790 regem
931 752 1085 779 creatum
1108 744 1194 780 478.

214 801 317 835 Adde
345 807 461 835 autem
486 812 597 833 annos
623 801 666 833 ad
690 797 867 833 Christum
895 804 1016 830 natum
1043 797 1108 837 303
1150 796 1196 829 ita

214 851 361 885 habebis
387 849 650 884 hebdomadum
674 861 786 883 annos
809 847 905 887 490,
929 854 963 881 et
989 848 1095 891 paulo
1120 859 1195 880 am-

215 903 319 946 plius.
368 901 437 936 Sed
454 901 557 934 bonis
573 901 750 935 mentibus
769 897 835 932 hoc
857 898 1004 938 sufficit,
1032 899 1126 942 quod
1145 897 1198 930 vi-

215 954 299 986 dent
327 952 370 985 ad
395 951 555 986 Danielis
582 951 788 985 vaticinium
825 960 1017 992 congruere
1050 955 1199 992 tempus,

215 1004 310 1048 quod
338 1010 388 1037 est
410 1003 502 1036 inter
529 1002 682 1035 reditum
707 999 830 1045 populi
861 1012 900 1033 ex
924 999 1130 1044 Babylone,
1166 1006 1200 1033 et

215 1052 414 1093 Christum,
453 1052 588 1087 etiarnsi
621 1051 875 1086 exactissimam
911 1050 1198 1095 supputationem

215 1117 289 1138 non
306 1102 450 1138 habent.

316 1161 536 1205 Quantulum
553 1169 667 1197 autern
686 1162 721 1195 in
739 1159 795 1195 his
812 1160 1123 1207 supputationibus
1140 1161 1200 1193 de-

216 1214 414 1247 sideratur?
479 1213 645 1247 Testatur
677 1211 835 1256 Angelus
870 1220 947 1257 post
981 1212 1055 1247 490
1089 1223 1201 1244 annos

215 1264 383 1297 Messiam
403 1276 438 1298 se
455 1265 587 1309 populo
613 1262 695 1297 huic
719 1271 942 1297 ostensurum
967 1275 1050 1297 esse.
1104 1261 1200 1296 Con-

216 1322 282 1349 stat
300 1322 445 1349 autema
461 1315 672 1349 liberatione
690 1315 811 1359 populi
827 1316 870 1348 ad
880 1312 1061 1348 Christum
1079 1320 1200 1346 natum

216 1372 268 1399 tot
290 1377 362 1399 esse
386 1377 517 1407 annos,
545 1378 609 1400 nec
634 1366 746 1399 multo
764 1366 901 1409 plures,
929 1372 989 1398 aut
1007 1364 1201 1408 pauciores.

216 1415 347 1449 Notum
369 1417 463 1449 enim
487 1423 623 1460 tempus
646 1416 690 1449 ab
707 1415 866 1458 Aug‘usto
884 1416 927 1449 ad
946 1414 1199 1448 Alexandrum.

217 1465 364 1501 Constat
387 1473 421 1500 et
444 1465 531 1507 hoc,
558 1464 797 1499 monarchiam
825 1465 998 1498 Persicam
1026 1477 1098 1498 non
1122 1465 1200 1507 plns

218 1517 378 1551 ducentis
394 1517 495 1550 annis
513 1518 666 1551 durasse.
695 1516 803 1550 Venit
816 1516 924 1559 igitur
934 1515 1079 1549 Messias
1089 1515 1201 1548 Filius

216 1566 301 1609 Dei,
327 1575 360 1602 et
379 1568 562 1612 respondit
578 1574 724 1601 eventus
743 1567 910 1600 vaticinio
928 1566 1100 1601 Danielis,

320 1653 388 1688 Sed
416 1653 583 1698 quoniam
609 1651 766 1696 Angelus
796 1650 924 1684 diserte
948 1650 1053 1691 dicit,
1088 1646 1202 1683 Chri-

219 1709 314 1738 stum
349 1702 475 1737 multis
506 1700 806 1748 confirmaturum
838 1712 911 1734 esse
948 1705 1201 1734 testamentum

219 1752 446 1789 hebdomade
469 1767 544 1788 una
569 1758 599 1788 et
622 1750 803 1793 dimidia,
835 1756 865 1785 et
892 1756 976 1784 tunc
997 1755 1202 1785 cessaturas

220 1818 293 1840 esse
309 1803 463 1842 hostias.
517 1805 554 1840 Si
572 1805 735 1838 volumus
753 1801 992 1837 hebdomadas
1017 1804 1202 1837 continuas

221 1869 312 1900 esse,
338 1858 578 1890 numerandae
600 1861 703 1889 erunt
728 1852 966 1888 hebdomades
997 1854 1039 1886 ad
1069 1851 1202 1886 Christi

221 1908 434 1951 baptismum
450 1934 458 1947 ,
485 1907 580 1952 quod
595 1907 674 1949 fiet,
702 1906 731 1939 si
747 1916 764 1938 a
781 1905 935 1938 secundo
959 1916 1053 1937 anno
1071 1903 1203 1947 Longi-

222 1958 320 1991 mani
356 1965 605 1997 numerentur,
644 1969 713 2002 quo
746 1955 912 1990 vaticinia
947 1952 1137 1988 Zachariae
1172 1962 1204 1989 et

222 2009 382 2052 Haggaei
408 2008 499 2041 edita
526 2013 608 2041 sunt
634 2009 677 2040 de
702 2006 824 2051 populi
849 2006 985 2046 reditu,
1012 2005 1072 2050 qui
1091 2006 1205 2039 fuerat

223 2066 325 2094 antea
345 2059 545 2103 impeditus,
573 2069 667 2090 nunc
685 2057 830 2090 sublatis
847 2056 1125 2101 impedimentis,
1149 2068 1204 2089 re-

224 2111 319 2144 ditus
342 2120 525 2143 concessus
549 2115 607 2142 est.
667 2107 756 2141 Nam
781 2106 938 2150 Angelus
962 2107 1058 2140 iubet
1081 2119 1206 2139 nume-

224 2161 296 2194 rari
318 2161 362 2194 ab
384 2160 479 2194 exitu
504 2158 675 2192 sermonis
694 2159 737 2191 de
753 2158 869 2191 reditu
885 2157 1007 2202 populi
1024 2164 1055 2192 et
1073 2158 1206 2192 instau-

225 2212 361 2247 ratione
382 2210 623 2256 Ierosolymae.

327 2269 438 2303 Porro
454 2267 539 2302 haec
554 2269 658 2302 verba
676 2267 736 2300 alii
754 2268 854 2301 aliter
869 2274 1086 2310 acceperunt.
1114 2266 1206 2309 Qui-

228 2323 306 2354 dam
343 2322 386 2354 de
422 2331 541 2363 regum
570 2319 692 2352 edictis
721 2318 1017 2362 interpretantur,
1053 2330 1204 2362 quorum

228 2372 325 2416 prius
340 2372 405 2404 fuit
420 2369 516 2416 Cyri,
543 2370 637 2415 quod
652 2382 692 2402 eo
710 2370 853 2402 absente
872 2369 910 2401 in
928 2368 1021 2401 bello
1039 2366 1203 2412 Scythico

230 2422 437 2466 impeditum
454 2428 514 2455 est.
560 2419 722 2455 Alterum
740 2427 817 2464 post
838 2431 949 2452 annos
966 2419 1017 2453 42
1037 2431 1055 2451 a
1073 2418 1204 2462 Longi-

229 2484 333 2506 mano
357 2473 489 2506 editum
512 2478 581 2512 est,
608 2471 669 2516 qui
692 2470 728 2503 in
751 2470 864 2503 Esdra
882 2477 1027 2503 vocatur
1050 2476 1082 2503 et
1098 2469 1203 2502 Arta-

229 2534 347 2556 xerxes
375 2529 407 2555 et
429 2522 569 2558 Darius.
614 2521 703 2555 Nam
731 2519 815 2554 haec
838 2521 982 2554 fuerunt
1003 2520 1202 2554 communia

228 2584 348 2616 regum
378 2573 538 2612 nomina,
578 2579 616 2606 ut
647 2571 782 2606 Romae
817 2570 964 2611 Caesar,
1014 2570 1202 2614 Augustus.

225 2623 272 2657 Et
288 2622 489 2656 Herodotus
503 2623 594 2655 libro
614 2630 708 2656 sexto
728 2622 863 2667 inquit,
889 2622 988 2655 Darii
1005 2633 1089 2655 voce
1109 2621 1200 2653 idem

224 2673 431 2718 significari,
457 2674 551 2718 quod
575 2674 745 2716 significat
762 2673 971 2708 vocabulum
995 2672 1200 2707 coercentis:

1241 185 1381 219 Xerxen
1397 185 1445 220 ait
1459 197 1532 219 esse
1548 184 1773 225 bellatorem,
1802 181 2033 226 Artaxerxen,
2058 197 2224 230 magnum

1241 237 1462 270 bellatorem.

1345 287 1457 321 Porro
1484 298 1524 320 eo
1556 292 1715 330 tempore
1747 299 1817 331 quo
1842 286 2083 329 Longimanus
2108 288 2228 321 decre-

1243 344 1317 371 tum
1336 338 1378 371 de
1394 337 1618 371 concessione
1636 337 1770 370 reditus
1788 337 1984 377 renovavit,
2012 338 2117 371 simul
2132 336 2228 381 Hag-

1243 400 1328 431 gaeo
1346 395 1378 422 et
1396 386 1586 422 Zachariae
1604 389 1691 422 facta
1712 394 1762 421 est
1779 388 1946 421 revelatio
1963 389 2005 422 de
2021 387 2229 421 liberatione

1245 446 1278 472 et
1295 439 1535 473 aedificatione
1551 438 1715 483 deinceps
1733 450 1947 483 processura.
2001 438 2121 482 Quare
2146 435 2230 471 hinc

1246 503 1264 522 a
1284 491 1438 523 secundo
1456 489 1668 533 Longimani
1685 502 1779 523 anno
1804 489 1966 522 incoatur
1982 502 2000 522 a
2017 489 2231 535 quibusdam

1247 540 1479 584 computatio,
1507 552 1546 574 eo
1564 542 1658 585 quod
1679 547 1762 574 tunc
1786 552 1900 573 sermo
1920 541 2043 574 exierit
2067 547 2099 574 et
2120 552 2138 573 a
2155 538 2230 573 Deo

1247 597 1280 624 et
1306 602 1324 623 a
1350 590 1591 633 Longimano,
1619 603 1663 624 ne
1687 591 1847 625 liberatio
1867 598 1899 624 et
1920 591 2112 625 aedificatio
2129 590 2233 624 dein-

1249 653 1327 684 ceps
1346 641 1612 685 impedirentur.
1664 639 1711 675 Et
1728 642 1757 675 si
1774 640 1857 675 hine
1878 653 2056 675 sumemus
2078 641 2234 682 initium,

1249 699 1354 725 erunt
1379 691 1566 725 continuae
1589 688 1826 725 hebdomades
1850 704 1960 738 usque
1983 693 2026 726 ad
2050 689 2233 727 Christum

1249 743 1525 786 praedicantem.
1578 741 1648 776 Sed
1668 742 1695 775 si
1714 743 1792 787 quis
1809 744 1942 777 mavult
1959 756 1977 776 a
1993 743 2075 789 Cyri
2092 744 2232 777 decreto

1251 793 1382 833 ordiri,
1404 792 1584 837 perveniet
1600 794 1643 826 ad
1662 800 1784 826 natum
1801 790 1992 828 Christum.

1352 851 1416 886 Est
1440 858 1556 886 autern
1579 858 1730 899 utraque
1754 852 1924 885 sententia
1940 864 2001 886 seu
2020 854 2233 898 computatio

1251 903 1443 944 concinna,
1478 910 1511 937 et
1536 903 1631 948 quod
1655 904 1697 936 ad
1731 914 1904 937 summam
1937 905 2073 946 negocii
2099 904 2236 946 attinet,

1252 966 1325 987 rem
1343 954 1488 986 eandem
1504 953 1687 987 confirmat
1701 960 1849 998 utraque
1868 955 2095 997 computatio,
2119 961 2236 988 osten-

1254 1005 1308 1037 dit
1337 1004 1428 1037 inter
1461 1004 1706 1037 liberationem
1741 1004 1864 1048 populi
1892 1011 1922 1038 et
1950 1003 2130 1039 Christum
2163 1016 2236 1039 esse

1254 1055 1327 1090 490
1346 1067 1467 1088 annos.
1522 1053 1598 1088 Hoc
1613 1066 1692 1088 cum
1709 1056 1924 1088 declaratum
1946 1062 2015 1095 est,
2042 1056 2157 1089 sciunt
2173 1056 2235 1099 pii,

1254 1118 1327 1140 non
1360 1117 1432 1139 esse
1467 1112 1605 1149 postea,
1639 1106 1751 1139 deleta
1781 1106 1903 1149 politia
1936 1105 2094 1147 Iudaica,
2126 1107 2236 1139 alium

1254 1157 1420 1190 Messiam
1441 1157 1704 1201 expectandum.
1759 1155 1848 1190 Nam
1876 1154 1941 1190 hoc
1957 1157 2142 1202 praecipue
2164 1157 2238 1200 agi-

1254 1216 1313 1242 tur
1330 1208 1367 1241 in
1383 1205 1449 1241 hoc
1467 1207 1655 1247 vaticinio,
1680 1214 1720 1241 ut
1737 1213 1828 1241 extet
1845 1206 2104 1249 testimonium,
2130 1219 2238 1252 opor-

1254 1267 1326 1293 tere
1345 1256 1461 1292 adhuc
1485 1259 1635 1292 durante
1657 1259 1780 1301 politia
1806 1257 1963 1291 Mosaica
1978 1259 2073 1292 nasci
2096 1264 2127 1291 et
2151 1270 2237 1292 con-

1254 1310 1341 1353 spici
1359 1308 1537 1342 Messiam.
1592 1308 1692 1343 Sicut
1713 1308 1806 1342 idem
1830 1309 1930 1342 docet
1956 1309 2163 1343 versiculus:
2189 1307 2239 1344 Et

1253 1367 1291 1394 tu
1318 1357 1526 1393 Bethlehem
1560 1359 1704 1402 parvula
1738 1359 1775 1392 in
1809 1360 1966 1392 millibus
1997 1359 2103 1401 Iuda,
2136 1371 2176 1393 ex
2203 1366 2237 1392 te

1253 1411 1451 1453 egredietur
1464 1409 1676 1443 Dominator
1695 1409 1731 1441 in
1757 1409 1876 1443 Israel.
1930 1406 2101 1453 Oportuit
2124 1416 2238 1444 stante

1253 1461 1375 1506 politia
1396 1459 1551 1493 Mosaica
1571 1460 1608 1492 in
1627 1457 1831 1494 Bethlehem
1850 1459 2016 1493 Messiam
2032 1461 2141 1496 nasci.

1356 1518 1499 1553 Constat
1521 1525 1635 1552 autem
1663 1530 1758 1551 nunc
1785 1518 1944 1561 politiam
1968 1525 2076 1553 totam
2102 1518 2238 1552 Mosai-

1253 1582 1327 1603 cam
1346 1570 1457 1602 iacere
1474 1569 1621 1602 deletam
1634 1594 1646 1612 ‚
1674 1568 1862 1603 Ierusalem
1875 1595 1883 1610 ,
1910 1567 2136 1609 Bethlehem,
2164 1582 2238 1603 non

1253 1627 1324 1653 tam
1350 1620 1497 1664 oppida,
1526 1631 1630 1665 quam
1654 1631 1747 1653 casas
1769 1631 1842 1653 esse
1861 1627 1920 1654 aut
1940 1621 2074 1664 spelaea
2101 1620 2237 1654 latrun-

1255 1671 1416 1704 culorum
1436 1668 1691 1710 Arabicorum,
1717 1682 1828 1704 annos
1846 1671 1944 1703 mille
1962 1670 2238 1716 quadringentos

1254 1722 1430 1765 sexaginta
1448 1728 1591 1765 septem.
1628 1719 1773 1754 Necesse
1796 1728 1847 1755 est
1869 1721 1978 1765 igitur
1991 1721 2157 1756 Messiam
2173 1734 2239 1757 na-

1254 1779 1329 1806 tum
1354 1783 1436 1805 esse.

1358 1822 1454 1865 Quid
1479 1829 1599 1855 contra
1627 1820 1710 1856 haec
1737 1822 1851 1856 dicere
1874 1823 1996 1857 Iudaei
2018 1831 2182 1868 possunt,
2209 1825 2239 1858 si

1256 1874 1360 1907 modo
1376 1870 1632 1917 Prophetarum
1651 1874 1777 1917 scripta
1801 1886 1873 1907 non
1897 1874 2054 1908 iudicant
2078 1875 2237 1909 fabulosa

1256 1925 1352 1958 esse?
1404 1923 1473 1957 Sed
1491 1924 1572 1968 quia
1590 1935 1673 1966 gens
1694 1923 1834 1958 Iudaica
1850 1931 1942 1959 amat
1963 1936 2043 1958 suas
2065 1926 2239 1967 tenebras,

1255 1975 1359 2009 nobis
1376 1974 1460 2018 ipsis
1483 1973 1655 2018 legamus,
1682 1982 1715 2009 et
1732 1975 1966 2019 expendamus
1981 1974 2238 2020 Prophetarum

1257 2028 1348 2059 dicta
1362 2051 1371 2066 ,
1398 2032 1437 2058 ut
1454 2025 1556 2058 fidem
1577 2032 1731 2059 nostram
1748 2027 1979 2059 accendamus
1998 2033 2031 2059 et
2053 2027 2239 2061 confirme-

1257 2088 1345 2112 mus.
1380 2076 1524 2109 Interim
1543 2083 1575 2110 et
1592 2077 1718 2118 gratias
1734 2087 1875 2119 agamus
1891 2075 1977 2117 Deo,
2005 2078 2100 2122 quod
2116 2075 2239 2111 Eccle-

1257 2128 1343 2161 siam
1371 2133 1484 2167 curat,
1518 2128 1613 2172 quod
1643 2126 1793 2160 subinde
1815 2127 2011 2160 doctrinam
2037 2127 2238 2168 illustravit,

1260 2179 1355 2224 quod
1375 2178 1478 2211 certis
1496 2177 1706 2211 testimoniis
1727 2177 1878 2210 subinde
1895 2178 2036 2211 erudiit.

1359 2261 1475 2295 Venio
1506 2261 1615 2304 igitur
1636 2261 1679 2294 ad
1703 2261 2019 2304 computationem,
2051 2264 2109 2296 sed
2135 2263 2238 2298 initio

1258 2314 1492 2349 recensendus
1509 2319 1560 2345 est
1577 2311 1752 2353 catalogus
1769 2323 1889 2355 regum
1908 2311 2141 2348 Persicorum.

1359 2414 1564 2461 Cataloyus
1596 2424 1727 2461 reyum
1758 2416 1994 2451 Persicorum
2027 2417 2138 2450 iuxta

1664 2465 1836 2500 Graecos.

1305 2516 1418 2563 Cyrus
2177 2517 2238 2553 29.

1305 2567 1493 2612 Cambyses
1854 2566 1878 2600 7
1893 2577 2022 2607 annos,
2048 2578 2183 2601 menses
2199 2566 2237 2602 5.

1304 2617 1434 2651 Darius
1453 2617 1544 2651 filius
1558 2615 1742 2662 Hystaspis
2177 2618 2238 2652 36.

1303 2668 1434 2702 Xerxes
2173 2669 2237 2705 ΞΟ.
