2379 2948
214 101 285 136 863

217 186 288 218 lam
318 181 590 217 contumeliosae
622 178 662 212 in
686 176 887 219 Christum,
920 179 1035 223 palam
1072 178 1204 213 delenti

217 235 414 270 doctrinam
437 230 676 278 propheticam
693 236 726 263 et
744 229 997 274 apostolicam?
1049 229 1122 264 Cur
1141 241 1204 264 nos

219 287 280 332 qui
306 287 508 319 invocamus
533 281 648 315 Deum
672 288 704 314 et
726 280 957 314 mediatorem
975 280 1107 315 Filium
1124 281 1205 323 Dei,

219 338 279 381 qui
304 337 495 370 retinemus
518 332 716 366 doctrinam
738 329 981 376 propheticam
1006 339 1039 366 et
1063 339 1204 377 aposto-

219 389 321 421 licam
337 414 344 423 ,
371 385 455 418 sinit
473 391 531 417 ant
549 383 659 416 deleri
677 389 736 416 aut
755 382 936 427 opprimit.

321 436 391 470 Nec
415 437 458 467 de
483 435 605 477 exigua
630 440 690 467 aut
717 434 816 467 brevi
843 433 1040 468 calamitate
1063 433 1205 467 concio-

219 488 297 521 nari
322 486 505 521 Danielem
532 491 677 519 eventus
702 485 864 518 ostendit.
919 484 961 518 In
984 492 1056 519 tota
1084 484 1205 518 Africa

221 547 255 572 et
279 550 403 581 magna
430 543 529 582 parte
547 534 649 569 Asiae
674 536 826 568 deletum
844 542 895 568 est
914 548 1045 569 nomen
1061 533 1206 570 Christi.

224 589 266 624 ln
283 587 445 633 Europa,
473 587 535 621 etsi
553 587 589 618 in
608 586 756 629 imperio
775 585 928 619 Turcico
945 584 1060 620 adhuc
1078 586 1205 630 passim

220 640 391 686 reliquiae
423 645 503 672 sunt
527 636 724 676 Ecclesiae,
758 643 876 669 tamen
903 638 989 670 adeo
1014 637 1149 670 crudeli
1174 644 1206 671 et

220 691 403 725 barbarica
430 689 596 722 servitute
620 693 851 731 premuntur,
886 695 923 720 ut
945 688 1060 721 studia
1087 688 1206 721 litera-

221 754 301 776 rum
327 740 394 774 coli
420 751 492 773 nou
518 738 674 782 possint,
701 745 735 771 et
757 738 827 771 sint
844 735 1017 771 Ecclesiae
1042 738 1117 771 sine
1141 740 1206 772 do-

222 793 394 829 ctoribus,
430 797 463 823 et
490 788 590 822 multi
618 789 785 831 paulatim
810 801 939 821 nomen
962 787 1205 823 Christianum

221 843 403 877 abiiciant.
457 839 533 884 lpse
556 839 659 872 etiam
679 846 850 885 tyrannus
868 851 884 871 a
906 841 1110 884 parentibus
1127 841 1206 873 abs-

222 892 331 928 trahit
353 898 486 925 certum
507 902 695 923 numerum
722 891 936 929 liberorum,
966 903 1053 935 quos
1077 893 1119 924 ad
1141 891 1206 924 mi-

221 945 334 979 titiam
353 949 386 976 ct
403 954 482 975 suos
507 942 595 974 ritus
612 941 775 974 instituit.
828 939 925 974 Haec
947 942 1101 976 tristiora
1126 950 1207 976 sunt

221 994 433 1041 Aegyptiaca
464 992 647 1031 servitute,
682 998 714 1024 et
740 998 855 1025 tamen
881 992 1025 1037 quidam
1051 1000 1207 1027 amentes

221 1051 387 1090 expetunt
403 1042 470 1077 hoc
487 1043 684 1087 imperium.

322 1127 423 1170 Quae
447 1132 528 1159 sunt
553 1131 670 1158 antem
693 1136 816 1158 causae
832 1131 1008 1159 tantarum
1026 1127 1206 1161 calamita-

220 1188 294 1215 tum
313 1175 516 1213 Ecclesiae?
567 1175 605 1210 Si
623 1174 679 1208 1110
699 1173 852 1209 humana
870 1176 1000 1209 iudicia
1019 1179 1207 1211 consulan-

219 1240 298 1270 tur,
324 1229 450 1263 Nonne
469 1227 702 1267 dubitabunt,
729 1239 773 1259 an
791 1239 870 1259 vere
887 1224 983 1260 hunc
999 1240 1204 1272 oppressum

220 1288 356 1316 coetum
374 1278 626 1321 diligatDeus‘?
654 1282 710 1310 An
728 1278 899 1320 sanguine
918 1278 979 1311 filii
995 1281 1206 1314 redemerit?

323 1340 392 1374 Sed
415 1336 474 1371 hic
499 1337 670 1371 intuenda
694 1343 744 1369 est
763 1334 942 1370 Ecclesiae
966 1339 1097 1382 species
1122 1340 1205 1373 inde

219 1402 329 1436 usqne
359 1390 402 1422 ab
428 1388 543 1423 initio.
610 1386 698 1422 Cum
721 1388 827 1430 primi
851 1395 1010 1430 parentes
1036 1390 1206 1424 vidissent

219 1440 461 1476 testimonium
478 1440 520 1472 de
539 1438 636 1471 coelo
655 1435 849 1471 exhibitum
868 1438 905 1470 in
922 1439 1090 1472 sacrificio
1103 1439 1204 1479 Abel,

220 1505 291 1538 quo
315 1492 353 1524 in
371 1502 466 1535 spem
483 1489 750 1522 adducebantur
767 1490 1012 1531 propagandae
1029 1488 1205 1525 Ecclesiae

220 1545 264 1578 ad
287 1541 546 1587 posteritatem,
580 1552 660 1572 mox
684 1538 774 1572 Abel
799 1539 1028 1581 interficitur,
1063 1548 1094 1574 et
1121 1543 1205 1575 reli..

220 1605 310 1640 quus
334 1599 385 1626 est
410 1603 502 1624 unus
525 1590 611 1624 Cain
645 1590 796 1633 impinS,
829 1587 935 1622 huius
959 1591 1061 1623 etiam
1089 1600 1204 1635 poste-

220 1646 305 1679 ritas
328 1643 436 1687 impia
462 1642 637 1674 civitatem
663 1640 803 1679 condit,
831 1646 863 1672 et
887 1641 1092 1674 dominatur
1115 1643 1205 1677 vivis

219 1694 334 1731 adhuc
358 1693 481 1738 primis
507 1691 730 1737 parentibuS,
757 1690 819 1735 qni
837 1692 1165 1729 contemnebantur.

321 1753 405 1787 Post
423 1752 598 1785 diluvium
616 1750 756 1783 condita
774 1748 956 1795 Babylone
972 1762 1093 1785 rursus
1106 1752 1205 1786 Gen-

219 1814 270 1841 tes
293 1805 409 1850 palam
435 1809 609 1836 contemta
636 1800 797 1834 doctrina
817 1798 939 1834 Nohae
966 1808 999 1835 et
1016 1801 1116 1841 Sem,
1143 1805 1204 1837 de-

219 1857 343 1891 ficiunt
365 1867 382 1888 a
398 1853 494 1894 Deo,
521 1861 554 1887 et
578 1853 721 1895 exiguus
745 1858 862 1884 coetus
887 1852 1027 1895 piorum
1047 1854 1203 1899 reliquus

218 1913 357 1946 manet,
383 1904 446 1950 qui
469 1904 575 1937 miser
599 1910 743 1946 vagatur
760 1902 901 1935 incertis
919 1904 1078 1946 sedibus,
1104 1906 1202 1939 vide-

218 1959 299 1992 licet
325 1955 458 1990 familia
484 1951 659 1988 Abrahae.

320 2006 458 2041 Deinde
489 2006 526 2038 in
553 2004 713 2050 Aegypto
742 2015 848 2049 qnam
879 2011 976 2038 atrox
1000 2005 1143 2039 saevitia
1166 2006 1204 2038 in

217 2058 455 2105 posteritatem
474 2062 663 2091 exercetur.

317 2107 408 2143 Cum
426 2119 509 2141 vero
527 2112 753 2149 occupassent
769 2105 1022 2145 Palaestinam,
1051 2114 1203 2152 quantae

218 2161 351 2200 clades,
376 2157 476 2202 regni
496 2157 726 2197 mutationes,
754 2162 788 2189 et
806 2156 1049 2200 dissipationes
1067 2166 1203 2192 secutae

218 2219 321 2252 sunt,
354 2216 389 2244 et
418 2208 587 2254 quantula
618 2207 744 2240 mundi
774 2218 854 2250 pars
885 2214 983 2240 erant
1014 2207 1203 2250 Israelitae,

218 2274 296 2297 cum
324 2261 466 2294 interim
487 2259 620 2293 Gentes
641 2258 783 2302 ignarae
803 2256 870 2291 Dei
895 2270 1031 2292 summa
1055 2259 1202 2304 imperia

217 2312 410 2348 tenuerint.

318 2362 419 2396 Talis
451 2372 530 2394 cum
559 2359 769 2405 plerumque
795 2359 903 2394 fuerit
923 2357 1101 2396 Ecclesiae
1124 2372 1202 2407 spe-

220 2412 304 2452 cies,
333 2422 560 2455 agnoscamus
580 2410 667 2444 iram
683 2411 749 2446 Dei
766 2412 932 2444 adversus
947 2413 1141 2454 mundum,
1168 2419 1201 2446 et

217 2476 290 2497 non
314 2463 514 2498 deficiamus
533 2473 551 2494 a
565 2459 660 2503 Deo,
687 2462 823 2496 etiamsi
840 2459 906 2495 hoc
921 2469 1097 2506 postremo
1112 2470 1200 2497 tem-.-

217 2525 304 2559 pote
327 2514 484 2546 videmus
502 2509 695 2546 Ecclesiam
718 2513 854 2547 duriter
875 2513 1043 2558 quassari.
1097 2513 1200 2547 Illam

219 2570 335 2598 autem
351 2560 564 2607 hypothesin
581 2571 762 2597 teneamus
778 2564 919 2596 infixam
937 2564 1075 2599 animis.

800 91 926 128 PHIL.
953 91 1071 130 MEL.
1097 88 1311 128 SCRIPTA
1336 88 1636 129 EXEGETICA.

1223 2552 1224 2556 Ἰ
1249 2520 1404 2557 tempus,
1429 2519 1463 2546 et
1478 2518 1654 2556 tempora,
1681 2519 1713 2546 et
1727 2511 1916 2545 dimidium
1933 2512 2111 2555 temporis.

1126 2564 1200 2597 Mi-
1223 2562 1224 2566 ’

2158 92 2232 129 864

1254 179 1415 213 doctrina
1450 175 1711 223 Prophetarum
1755 183 1788 212 et
1829 175 2101 223 Apostolorum,

1254 242 1376 264 omnes
1391 242 1487 264 nunc
1500 242 1572 263 non
1590 240 1765 263 recenseo.
1815 244 1817 247 ·

1357 281 1515 316 Tantum
1555 278 1623 314 hoc
1664 281 1707 314 de
1741 286 1916 324 postrema
1948 287 2084 314 senecta
2116 282 2242 316 mundi

1255 332 1528 373 consideremus,
1555 332 1650 377 quod
1667 331 1874 376 praedicunt
1890 328 2086 374 Prophetae
2103 331 2242 376 etApo-

1256 383 1337 418 stoli
1368 384 1541 417 mundum
1574 394 1703 426 poenas
1728 383 1895 416 daturum
1920 393 2011 422 esse,
2047 382 2141 426 quod
2166 389 2244 426 post

1256 446 1415 478 sparsum
1446 432 1682 477 Evangelium
1709 433 1850 479 tyranni
1883 433 2040 466 saeviant
2065 433 2101 465 in
2132 445 2244 466 mem-

1256 486 1317 518 bra
1339 483 1493 523 Christi,
1520 485 1648 517 deinde
1667 491 1700 517 et
1719 485 1761 517 ab
1780 484 1849 516 illis
1866 483 1951 527 ipsis
1968 483 2028 528 qui
2045 484 2245 525 gubernant

1255 534 1465 576 Ecclesiam,
1492 536 1627 578 polluta
1651 535 1694 568 sit
1711 533 1878 574 Ecclesia,
1905 534 2022 575 idolis,
2046 534 2142 567 salsis
2158 535 2244 578 dog-

1257 587 1428 626 matibus,
1463 586 1662 629 parricidiis
1690 585 1921 625 Sanctorum,
1959 592 1990 618 et
2022 585 2246 618 libidinibus.

1258 635 1304 671 Et
1329 650 1369 670 ex
1387 634 1440 669 his
1457 637 1652 669 seminibus
1671 643 1782 669 ortam
1800 648 1871 669 esse
1891 634 2164 669 Maliometicam
2182 648 2244 681 pe-

1258 694 1343 721 stem
1364 685 1511 721 historia
1532 687 1699 720 ostendit.

1364 738 1454 771 Cum
1473 737 1604 771 Arabia
1628 744 1661 770 et
1684 738 1864 783 Aegyptus
1890 737 2010 771 multis
2037 736 2245 770 monstrosis

1259 789 1483 831 dogmatibus
1515 789 1809 829 dilacerarentur,
1841 789 2050 832 opinionum
2083 787 2243 820 confusio

1258 840 1369 872 movit
1389 840 1480 873 leves
1496 837 1678 879 homines,
1704 846 1742 872 ut
1761 852 1853 872 novo
1872 839 2024 883 dogmati
2046 836 2246 873 Mahorneti

1259 891 1530 934 adplauderent,
1558 891 1650 935 quod
1670 890 1814 923 tollebat
1831 890 2084 923 controversias
2101 897 2247 930 veteres,

1260 948 1291 975 et
1322 948 1458 975 tantum
1486 941 1646 985 politicas
1671 941 1861 974 sententias
1886 947 1918 974 et
1941 947 2054 983 gratas
2079 938 2245 974 humanis

1260 992 1399 1025 iudiciis
1423 993 1603 1036 proponit.
1657 990 1742 1025 Ideo
1764 992 1850 1025 dicit
1866 990 2010 1031 Daniel,
2036 990 2157 1025 Cornu
2180 989 2244 1025 ha-

1258 1044 1340 1075 bere
1365 1043 1485 1076 oculos
1509 1041 1693 1077 humanos.
1750 1042 1857 1075 Vides
1881 1043 1988 1084 igitur
2013 1040 2066 1075 his
2082 1043 2167 1086 ipsis
2186 1055 2245 1076 ex-

1259 1094 1368 1126 ordiis
1394 1094 1517 1137 punita
1543 1105 1614 1126 esse
1638 1093 1801 1133 dissidia,
1829 1094 1971 1136 punitas
1996 1093 2164 1126 factiones
2180 1092 2245 1127 Sa-

1259 1151 1487 1185 mosatenam,
1506 1142 1688 1185 Arianam,
1704 1142 1967 1177 Manichaeam:
1992 1156 2072 1176 nam
2091 1142 2145 1176 his
2155 1144 2246 1177 deli·

1258 1195 1320 1228 riis
1337 1195 1503 1228 omuibus
1517 1202 1550 1228 et
1567 1195 1732 1239 pluribus
1747 1195 1807 1228 illa
1825 1195 1897 1239 ipsa
1907 1195 1982 1229 loca
2000 1195 2125 1230 referta
2136 1202 2246 1231 erant.

2155 192 2241 226 quas

1360 1255 1478 1288 Crevit
1498 1262 1615 1298 postea
1633 1254 1789 1297 potentia
1809 1253 1976 1294 Turcica,
2002 1261 2041 1287 ut
2059 1254 2246 1298 puniretur

1258 1307 1413 1339 mundus
1437 1312 1579 1349 propter
1602 1306 1716 1345 idola,
1742 1305 1855 1338 cultus
1873 1304 2083 1338 Sanctorum
2108 1312 2141 1339 et
2162 1317 2246 1349 pro-

1258 1353 1449 1400 phanatam
1480 1368 1625 1389 coenam
1658 1355 1825 1395 Domini,
1863 1361 1896 1388 et
1927 1355 2107 1399 impurum
2137 1356 2245 1389 coeli-

1258 1409 1390 1440 batum.

1360 1457 1411 1490 Ac
1436 1456 1516 1489 vide
1542 1456 1720 1501 quomodo
1741 1461 1935 1498 congruant
1952 1461 2121 1500 tempora.
2171 1454 2244 1490 De·

1257 1514 1389 1541 cretum
1415 1508 1458 1539 de
1478 1506 1889 1544 transsubstantiatione‚
1918 1511 1956 1539 nt
1975 1514 2119 1545 vocant,
2147 1509 2244 1552 quod

1257 1557 1478 1591 confirmavit
1503 1555 1710 1590 horribilem
1729 1553 2019 1600 εἷὸωλομαιίἀν,
2046 1557 2175 1591 sactum
2194 1565 2244 1593 est

1257 1621 1350 1641 anno
1383 1620 1401 1641 a
1437 1608 1545 1640 natali
1581 1605 1715 1641 Christi
1752 1606 1857 1641 1215.
1892 1606 2101 1641 Innocentio
2138 1609 2242 1643 tertio

1256 1658 1439 1693 Pontifice.
1476 1658 1601 1692 Statim
1618 1664 1734 1691 secuta
1750 1665 1831 1691 sunt
1847 1658 2001 1701 auspicia
2015 1659 2114 1701 regni
2126 1657 2244 1693 Otho-

1257 1709 1407 1750 manici,
1434 1721 1528 1742 anno
1551 1721 1569 1742 a
1594 1709 1701 1742 natali
1720 1706 1851 1742 Christi
1872 1708 1980 1744 1250.
2035 1708 2120 1743 Mox
2135 1710 2243 1753 igitur

1256 1768 1333 1804 post
1364 1760 1666 1793 confirmationem
1699 1759 1937 1792 idolomaniae
1972 1772 2120 1803 regnum
2156 1761 2243 1794 alibi

1256 1811 1384 1845 exoriri
1402 1810 1503 1855 cepit,
1531 1817 1564 1844 et
1582 1811 1739 1854 proferre
1759 1823 1855 1843 arma
1875 1822 1995 1844 versus
2008 1809 2241 1846 Occidentem

1256 1863 1299 1897 ad
1319 1859 1382 1895 has
1397 1860 1573 1896 Ecclesiae
1591 1861 1686 1894 labes
1704 1861 1911 1905 puniendas.

1356 1911 1452 1945 Haec
1474 1912 1512 1945 in
1528 1911 1803 1945 comminatione
1821 1910 1888 1945 hoc
1904 1912 1981 1945 loco
1998 1912 2090 1956 apud
2108 1910 2241 1946 Danie-

1255 1963 1324 1996 lem
1349 1963 1603 1996 consideranda
1630 1969 1729 2003 sunt,
1757 1969 1790 1996 et
1813 1973 1948 1995 errores
1973 1963 2184 1996 emendandi
2207 1971 2240 1998 et

1255 2025 1370 2047 mores
1394 2013 1614 2056 corrigendi,
1649 2025 1688 2047 ac
1712 2025 1792 2046 vera
1816 2013 1997 2053 doctrina,
2031 2025 2112 2047 vera
2136 2014 2240 2048 invo-

1254 2064 1344 2098 catio
1362 2063 1429 2098 Dei
1450 2065 1488 2097 in
1505 2062 1660 2098 Ecclesia
1677 2064 1905 2098 restituenda.
1958 2062 1997 2096 Id
2017 2064 2046 2097 si
2062 2064 2241 2108 faciemus,

1253 2114 1348 2150 Deus
1365 2115 1538 2159 mitigabit
1555 2126 1702 2159 poenas,
1730 2121 1763 2148 et
1779 2115 1946 2158 reprimet
1962 2126 2059 2148 arma
2071 2113 2239 2150 Turcica:

1253 2178 1326 2201 non
1342 2167 1438 2200 enim
1457 2167 1548 2200 sinet
1562 2166 1722 2199 funditus
1738 2165 1849 2198 deleri
1866 2163 2071 2201 Ecclesiam.

1355 2224 1561 2259 Consolatio
1582 2231 1632 2257 est
1646 2224 1783 2264 addita,
1811 2225 1905 2269 quod
1922 2222 2050 2258 Daniel
2067 2225 2238 2269 significat

1252 2288 1326 2311 non
1350 2276 1505 2310 futuram
1536 2275 1696 2321 quintam
1725 2273 1984 2316 monarchiam,
2011 2287 2119 2321 quare
2142 2275 2237 2310 Tur-

1252 2327 1323 2360 cica
1349 2327 1506 2371 potentia
1532 2338 1605 2360 non
1632 2326 1698 2360 erit
1718 2338 1782 2372 par
1797 2324 2096 2368 Romanaeynon
2115 2328 2236 2372 oppri-

1252 2385 1321 2413 met
1338 2384 1448 2412 totam
1466 2376 1660 2421 Europam.

1352 2460 1406 2496 De
1434 2468 1592 2504 tempore
1618 2460 1724 2494 verba
1748 2466 1831 2495 sunt
1860 2461 2026 2501 obscura,
2056 2471 2168 2506 usque
2189 2463 2234 2496 ad

2191 2514 2234 2546 ed

1248 2565 1287 2600 in
1320 2574 1447 2608 genere
1481 2562 1641 2605 intelligo
1676 2562 1822 2606 longum
1856 2568 2010 2606 tempus,
2046 2569 2080 2596 et
2105 2512 2234 2597 deifide

218 2613 324 2649 rabili
343 2613 413 2651 Dei
434 2612 582 2646 consilio
607 2622 641 2648 et
664 2615 864 2655 voluntate,
899 2612 1092 2649 Ecclesiam
1115 2615 1199 2649 sub-
1222 2611 1225 2636 ¹
1248 2615 1403 2649 subitam
1428 2625 1466 2648 30
1486 2613 1738 2658 inexpectatam
1763 2612 2050 2653 inclinationem,
2077 2614 2159 2658 quia
2175 2614 2232 2648 di-

218 2665 344 2700 iectam
376 2674 448 2697 esse
480 2664 585 2699 cruci,

653 2663 786 2700 Causae
806 2665 911 2700 etiam
934 2665 1138 2701 indicantur
1161 2666 1199 2701 in
1222 2670 1225 2707 i

1248 2667 1314 2708 cit,
1342 2664 1540 2702 Dimidium
1564 2663 1748 2708 temporis,
1775 2663 1874 2708 quasi
1899 2663 2011 2703 dicat,
2038 2662 2129 2698 Cum
2151 2676 2232 2709 per-
