2379 2948
88 120 161 154 829
487 117 530 153 V.

84 201 210 238 Ezech.
229 204 306 239 33.:
345 203 437 237 Vivo
463 215 547 247 ego,
593 203 677 236 nolo
705 210 851 236 mortem
878 201 1081 246 peccatoris.

82 253 128 289 Et
155 252 211 288 hic
234 255 423 299 prudentia
447 266 537 299 opus
553 261 622 296 est,
651 254 801 287 sciamus
818 252 931 286 Deum
952 253 1081 296 guber-

82 312 250 339 naturum
290 319 362 340 esse
406 313 572 345 eventus,
616 317 721 348 supra
760 312 880 337 nostra
921 305 1108 345 consilia,¹

82 357 161 390 ideo
181 357 317 391 etiamsi
337 358 501 391 differtur
517 357 697 396 liberatio,
726 367 798 387 uon
819 355 1028 388 dificiamus.

184 424 263 458 Hoc
287 427 388 459 docet
405 425 537 458 Paulus
556 435 636 456 cum
657 423 775 469 inquit
791 424 832 456 ad
852 421 1001 468 Ephes.:
1034 422 1078 457 Ei

82 477 142 522 qui
170 485 294 521 potens
321 484 370 510 est
390 477 502 509 facere
519 487 624 519 supra
643 487 748 519 quam
770 475 922 519 petimus
939 483 997 508 aut
1021 475 1078 507 in—

81 528 291 571 telligimus,
319 529 363 561 sit
388 527 498 570 gloria
519 533 583 561 etc.
639 525 689 559 lta
716 524 773 559 hic
796 527 950 570 populus
965 527 1078 559 maio-

81 591 154 612 rem
181 579 328 622 gloriam
354 579 390 610 in
416 577 521 610 exilio
541 574 686 615 habuit,
716 590 822 621 quam
838 578 947 612 domi.
1002 576 1075 611 Ha-

80 630 159 663 buit
185 628 378 674 Prophetas
410 628 558 671 multos,
598 628 806 673 Danielem,
841 627 1076 670 Ezechielem,

81 678 307 721 Zachariam,
333 679 547 722 Haggaeum.
601 678 698 713 Deus
723 680 903 713 miraculis
921 680 1074 723 ingenti-

79 733 147 765 bus
173 738 315 766 testatus
340 738 410 771 est,
446 728 541 763 hunc
568 732 740 775 populum
770 729 899 764 habere
925 732 1072 764 verbum

79 782 159 826 Dei,
182 794 281 815 veros
300 782 426 819 cultus,
450 788 483 815 et
496 783 768 826 promissionem
781 782 917 816 salutis.
960 782 1074 825 Quale

78 834 147 867 suit
179 833 388 866 miraculum
422 834 652 866 liberatorum
686 846 725 866 ex
759 834 910 867 camino.
989 833 1072 866 ltem

79 884 207 918 summi
236 896 331 927 reges
355 885 516 917 conversi
537 892 618 918 sunt
638 887 679 918 ad
700 897 822 917 verum
841 885 974 918 cultum
994 885 1074 925 Dei,

77 934 318 969 Conservatur
341 944 372 969 et
395 936 486 978 regia
508 936 632 980 stirps,
658 944 690 970 et
709 936 874 979 regaliter
895 943 1074 969 tractatur.

76 985 158 1020 Non
189 986 298 1029 igitur
322 994 394 1019 erat
424 987 522 1020 irrita
549 988 760 1031 promissio,
794 1000 866 1020 non
894 988 1075 1021 auferetur

76 1044 253 1081 sceptrum
272 1044 334 1072 etc.
379 1037 446 1072 Sed
459 1037 553 1071 Deus
571 1039 650 1071 aliis
667 1040 782 1072 modis
800 1040 974 1083 praestitit
991 1051 1073 1083 pro—

74 1088 279 1129 missiones,
306 1101 410 1134 quam
426 1088 762 1135 pseudoprophetae
779 1091 1035 1133 cogitaverunt.

178 1155 365 1190 Discamus
388 1157 496 1200 igitur
518 1164 551 1191 et
569 1169 634 1190 nos
653 1158 689 1190 in
709 1158 903 1190 afflictione
921 1159 1074 1191 retinere
1102 1192 1104 1200 ¹

75 1209 200 1249 fidem,
237 1208 402 1241 invocare
435 1215 468 1242 et
500 1215 682 1253 expectare
708 1209 901 1249 auxilium,
936 1210 1072 1242 etiamsi

75 1266 223 1293 eventus
246 1272 319 1292 non
344 1260 557 1303 contingunt
582 1260 676 1293 iuxta
700 1267 819 1293 nostra
846 1261 1073 1303 imaginatio-

74 1321 158 1351 nes,
187 1323 250 1343 nec
275 1311 560 1353 languescamus,
589 1311 649 1343 sed
674 1318 894 1354 expectemus
918 1323 996 1348 eos,
1025 1312 1072 1343 si-

28 1384 29 1391 η
74 1368 129 1395 cut
148 1360 211 1395 Dei
230 1362 380 1394 consilio
399 1362 657 1404 gubernantur.
715 1360 798 1393 Ideo
815 1362 984 1404 scriptum
1004 1369 1071 1395 est:

74 1412 116 1445 ln
141 1413 301 1446 oratione
324 1412 511 1446 instantes.
566 1410 694 1445 Oratio
712 1409 891 1446 humiliati
909 1425 982 1446 non
999 1414 1071 1446 dis-

74 1464 172 1497 cedet
192 1475 210 1496 a
227 1462 314 1497 Deo.

178 1522 334 1566 Quidam
362 1521 419 1557 hic
448 1523 589 1567 litigant
613 1524 656 1556 de
681 1524 914 1558 annotatione
932 1531 1071 1567 tempo-

72 1587 171 1616 rum,
199 1575 342 1620 quando
358 1573 488 1608 Daniel
508 1575 546 1608 in
566 1576 804 1620 captivitatem
822 1576 995 1609 abductus
1013 1576 1069 1608 sit.

74 1625 143 1660 Sed
169 1626 282 1659 facilis
306 1633 357 1660 est
372 1627 569 1670 explicatio.
624 1626 758 1659 Textus
778 1627 851 1670 ipse
871 1634 991 1660 narrat
1007 1627 1069 1659 ab-

73 1677 219 1711 ductum
251 1689 324 1710 esse
355 1689 449 1710 anno
478 1677 584 1711 tertio
610 1676 782 1718 loiakim‚
826 1678 991 1710 videlicet
1016 1690 1069 1710 se-

72 1729 221 1773 ptennio
253 1735 333 1762 ante
366 1729 614 1771 migrationem
640 1735 870 1772 spontaneam
896 1728 1069 1764 Ieconiae.

72 1778 163 1814 Nam
190 1778 340 1813 Ioiakim
371 1780 531 1822 regnavit
563 1786 644 1813 ante
665 1778 853 1813 Ieconiam.
917 1779 1070 1813 Venerat

71 1838 188 1864 autem
208 1829 492 1874 Nahogdonosor
507 1831 761 1876 lerosolymam
778 1832 881 1864 etiam
899 1838 1069 1874 regnante

73 1881 247 1923 Ioiakim,
283 1889 402 1916 exacto
438 1883 541 1916 tertio
575 1894 669 1915 anno
700 1883 797 1925 regni
823 1881 994 1923 loiakim,
1031 1895 1069 1914 ac

72 1934 239 1977 praedam
279 1934 442 1974 abstulit,
486 1942 518 1968 et
552 1933 709 1977 captivos
742 1933 881 1978 aliquos
911 1933 1069 1968 abduxit.

71 1983 162 2026 Regi
188 1996 271 2018 vero
298 1984 447 2018 loiakim
472 1997 544 2018 non
570 1985 701 2028 eripuit
726 1996 893 2028 regnum,
927 1986 985 2017 sed
1012 1996 1068 2017 so-

74 2035 165 2068 cium
185 2047 256 2068 esse
277 2036 395 2077 iussit,
421 2036 480 2081 qui
497 2048 576 2069 cum
597 2043 677 2080 post
694 2048 807 2069 anuos
825 2048 881 2069 sex
901 2037 1068 2069 rebellas-

73 2093 124 2120 set
157 2087 386 2121 redeuntibus
412 2086 618 2127 Chaldaeis,
656 2087 692 2120 in
726 2088 838 2131 patria
865 2088 1069 2121 interfectus

73 2143 142 2175 est,
171 2143 204 2170 et
228 2139 374 2171 cadaver
397 2140 490 2172 inter
505 2139 601 2182 vulgi
619 2140 788 2172 cadavera
805 2139 1001 2178 abiectum,
1031 2146 1068 2172 ut

74 2187 240 2221 Ieremias
256 2188 286 2221 ei
304 2190 485 2233 praedixit,
512 2188 669 2235 Cap.22.
687 2191 730 2224 de
747 2191 927 2236 sepultura
938 2191 1039 2225 asini.

175 2255 287 2301 Saepe
325 2258 543 2292 rebellabant
575 2271 672 2301 reges
705 2259 936 2300 Iudaeorum,
988 2259 1067 2292 ideo

73 2321 174 2352 saepe
196 2309 361 2342 redibant
379 2306 561 2344 Chaldaei.
616 2310 709 2344 Illud
734 2318 850 2345 autem
876 2318 925 2344 est
951 2311 1067 2344 consi-

72 2360 282 2400 derandum,
310 2359 416 2402 Quod
430 2358 526 2393 Deus
539 2361 600 2394 diu
616 2362 753 2396 distulit
772 2369 963 2396 extremam
983 2375 1067 2407 poe-

73 2423 166 2452 nam,
196 2418 232 2444 ut
249 2423 307 2444 eos
325 2412 365 2443 ad
387 2411 639 2454 poenitentiam
657 2413 834 2449 invitaret.
861 2413 962 2448 Sicut
979 2426 1064 2446 con-

73 2462 234 2496 cionatur
251 2461 416 2495 Ieremias
427 2462 503 2496 26:
540 2462 608 2497 Sed
630 2475 709 2497 cum
728 2472 893 2509 putarent
911 2465 1012 2509 impii
1032 2478 1066 2498 se

73 2514 275 2557 perfunctos
294 2526 367 2547 esse
385 2514 520 2558 poenis,
549 2514 679 2548 fiebant
694 2517 976 2549 contumaciores
991 2524 1053 2550 etc.

533 2603 603 2635 ΙΙΙ.

173 2657 275 2692 Finis
297 2659 464 2694 victoriae
488 2660 594 2693 debet
616 2671 689 2693 esse
713 2671 784 2693 non
809 2661 971 2702 vastitas,
1005 2663 1063 2696 sed

73 2709 277 2745 constitutio
315 2711 475 2745 melioris
510 2718 632 2747 status.
703 2710 789 2745 Ideo
822 2713 1065 2748 moderatione

593 116 644 151 IN
671 114 934 151 DANIELEM
961 111 1278 149 PROPHETAM
1305 111 1725 150 COMMENTARIUS.

2055 111 2129 145 830

1137 211 1226 244 opus
1250 206 1315 240 est,
1351 207 1382 233 et
1406 202 1563 234 saniores
1587 201 1753 234 servandi
1778 206 1871 233 sunt.
1932 198 2033 232 Sicut
2056 198 2127 231 Na-

1135 252 1364 294 hugdonosor
1389 253 1540 286 servavit
1560 252 1742 285 [eremiam
1766 259 1799 286 et
1824 262 1960 295 regem,
1995 257 2028 283 et
2054 261 2129 282 ma—

1134 304 1263 335 ximam
1282 303 1550 336 multitudinem
1569 304 1702 347 populi.

1237 360 1317 394 Huc
1340 362 1518 405 pertinent
1543 371 1725 406 praecepta
1744 365 1787 396 de
1805 363 2008 403 clementia,
2038 373 2128 406 quae

1106 426 1108 433 ¹
1134 419 1184 445 est
1211 413 1416 445 benefacere
1447 413 1572 453 bonis,
1607 414 1805 447 discernere
1830 416 1944 448 bonos
1968 426 1985 447 a
2013 413 2128 452 malis,

1133 464 1310 496 moderari
1337 475 1467 507 poenas
1490 464 1634 497 illorum
1661 465 1820 508 quisunt
1840 466 2032 505 sanabiles,
2061 465 2128 496 im-

1132 515 1209 558 pios
1243 527 1325 548 vero
1354 523 1385 548 et
1412 515 1627 548 insanabiles
1653 527 1670 547 e
1694 516 1812 548 medio
1837 517 1972 548 tollere.
2039 515 2128 548 Pro-

1132 567 1229 600 verb.
1247 566 1323 599 20.:
1361 566 1608 600 Misericordia
1636 573 1669 599 et
1694 567 1822 600 veritas
1845 568 2049 600 custodiunt
2072 578 2128 599 re-

1130 628 1227 659 gem,
1255 625 1287 651 et
1305 618 1491 650 clementia
1510 618 1656 651 fulcitur
1674 616 1826 651 thronus
1843 618 1927 650 eius.

1232 676 1438 718 Praeterea,
1468 679 1561 723 quod
1587 678 1791 722 principum
1818 677 1972 711 officium
2000 678 2043 710 sit
2068 690 2127 710 cu·-

1130 740 1229 769 rare,
1256 737 1295 762 ut
1319 729 1410 762 cives
1435 729 1573 763 discant
1596 731 1742 762 verbum
1764 728 1853 769 Dei,
1880 737 1910 762 et
1931 729 2016 761 alias
2035 735 2126 761 artes

1130 779 1223 812 vitae
1247 782 1476 821 necessarias,
1505 787 1650 813 testatur
1670 787 1894 825 praeceptum
1916 779 2041 813 Deute.
2058 779 2128 817 17„

1129 831 1190 862 ubi
1220 831 1317 864 iubet
1343 843 1457 874 regem
1483 839 1601 865 tenere
1627 833 1662 864 in
1687 832 1854 864 manibus
1878 832 2010 864 librum
2029 831 2126 873 legis,

1129 889 1167 914 ut
1192 883 1281 924 legat
1308 889 1341 916 et
1362 884 1483 918 discat.
1528 882 1623 926 Ergo
1649 895 1788 917 necesse
1804 890 1853 916 est
1879 894 1975 926 reges
1994 893 2129 921 curare,

1130 940 1166 966 ut
1187 931 1340 967 habeant
1360 947 1376 966 a
1397 935 1528 980 quibus
1547 935 1696 971 discant.

1232 992 1277 1027 lit
1302 992 1370 1026 huc
1395 994 1547 1038 pertinet
1566 995 1699 1028 dictum
1719 994 1862 1033 Esaiae,
1892 993 2005 1037 Reges
2024 999 2127 1026 erunt

1131 1045 1325 1078 nutritores
1350 1046 1422 1085 tui,
1452 1047 1486 1078 id
1514 1053 1583 1083 est,
1614 1046 1806 1091 Praecipue
1825 1047 1966 1089 regibus
1982 1045 2127 1078 mandat

1129 1095 1248 1136 Deus,
1275 1104 1313 1130 ut
1331 1098 1493 1130 doctores
1512 1095 1689 1131 Ecclesiae
1705 1099 1847 1131 foveant
1866 1105 1899 1131 et
1914 1103 2090 1131 tueantur.

1232 1158 1266 1190 2.
1285 1155 1398 1189 Paral.
1420 1157 1479 1191 31.
1510 1156 1694 1191 Laudatur
1718 1155 1906 1198 Ezechias,
1935 1157 2028 1202 quod
2052 1162 2126 1188 stu—

1128 1207 1186 1238 dia
1216 1209 1437 1241 sacerdotum
1471 1209 1636 1243 restituit.
1708 1208 1827 1252 Quare
1859 1208 2010 1242 docendi
2044 1213 2127 1240 sunt

1130 1258 1327 1302 principes,
1362 1267 1400 1292 ut
1426 1259 1536 1292 sciant
1562 1258 1676 1292 Deum
1702 1262 1746 1293 ab
1771 1261 1854 1304 ipsis
1880 1258 1947 1292 hoc
1972 1258 2125 1292 officium

1130 1321 1290 1353 poscere,
1319 1317 1357 1343 ut
1376 1311 1492 1343 studia
1512 1311 1706 1344 necessaria
1723 1309 1900 1344 Ecclesiae
1917 1312 2068 1343 foveant.

1233 1368 1356 1401 ludaei
1372 1370 1544 1412 persecuti
1563 1368 1925 1414 fuerantl'rophetaS,
1954 1381 2048 1402 nunc
2064 1369 2127 1401 alit

1129 1431 1187 1452 eos
1211 1432 1269 1452 rex
1290 1417 1470 1464 ethnicus,
1500 1429 1533 1455 ct
1555 1433 1678 1464 magua
1705 1422 1747 1454 ab
1775 1422 1824 1455 eis
1849 1421 2017 1454 beneficia
2035 1420 2126 1452 acci-

1129 1471 1211 1514 piet.
1275 1470 1510 1505 Convertetur
1533 1472 1575 1504 ad
1603 1473 1788 1516 pietatem,
1823 1471 1969 1506 habebit
1994 1472 2125 1505 florens

1128 1534 1275 1565 regnum
1296 1531 1440 1566 propter
1459 1521 1522 1556 hos
1541 1524 1811 1565 gubernatores,
1841 1524 1933 1568 Quia
1947 1523 2042 1556 Deus
2060 1521 2126 1555 hoc

1127 1585 1238 1615 genus
1263 1574 1369 1606 officii
1390 1575 1532 1617 largiter
1548 1583 1771 1619 compensat,
1800 1577 1893 1609 iuxta
1915 1576 2022 1608 illud:
2052 1573 2123 1616 Qui

1126 1625 1265 1658 dederit
1281 1633 1403 1669 potum
1420 1638 1549 1670 aquae,
1579 1634 1722 1671 propter
1735 1627 1933 1660 doctrinam
1949 1633 2012 1660 etc.
2024 1653 2032 1665 ,
2060 1622 2124 1657 ha-

1127 1676 1224 1709 bebit
1240 1677 1449 1712 mercedem.
1497 1675 1652 1710 Econtra
1671 1679 1832 1724 tyranni,
1861 1679 1921 1723 qui
1939 1677 2124 1720 negligunt

1126 1733 1185 1760 aut
1209 1735 1472 1772 persequuntur
1496 1729 1611 1762 studia
1636 1727 1831 1770 Ecclesiae,
1857 1737 1918 1763 aut
1942 1729 2123 1761 ministros

1126 1779 1221 1822 pios,
1251 1779 1450 1812 afficientur
1468 1777 1703 1813 horribilibus
1723 1781 1854 1825 poenis.

1228 1839 1368 1871 Deinde
1390 1841 1485 1884 quod
1507 1840 1672 1883 privatim
1691 1841 1820 1885 singuli
1841 1843 1974 1875 discere
1994 1843 2121 1875 debea-

1125 1902 1220 1931 mus,
1266 1891 1436 1934 praecipit
1480 1890 1620 1924 Petrus:
1672 1891 1788 1926 Parati
1829 1896 1871 1926 ad
1914 1893 2121 1926 satisfactio—-

1125 1954 1204 1974 nem
1225 1948 1289 1976 etc.
1345 1941 1430 1975 Item
1455 1943 1498 1974 sle
1522 1944 1665 1976 caeteris
1690 1945 1826 1977 artibus
1849 1945 1966 1990 inquit
1990 1943 2120 1977 Paulus

1124 1994 1166 2025 ad
1186 1992 1309 2026 Titum
1328 1993 1378 2028 3.:
1406 1992 1553 2027 Discant
1577 1995 1688 2027 nostri
1712 1996 1815 2029 bonis
1833 1997 2000 2039 operibus
2020 2008 2119 2040 prae-

1124 2056 1196 2077 esse
1214 2045 1256 2077 ad
1273 2056 1357 2078 usus
1374 2045 1606 2087 necessarios,
1635 2054 1675 2080 ut
1694 2059 1765 2079 uon
1785 2047 1855 2081 sint
1873 2047 2094 2082 infructuosi.

1595 2134 1656 2168 Vl.

1226 2190 1280 2225 De
1312 2199 1489 2235 postremo
1519 2193 1596 2226 loco
1628 2193 1875 2237 principaliter
1907 2192 1963 2226 bic
1996 2194 2117 2227 obser-

1124 2243 1279 2276 vandum
1312 2251 1380 2281 est,
1416 2242 1577 2277 Danielis
1601 2245 1871 2288 temperantiam
1896 2246 2002 2278 fuisse
2028 2257 2117 2286 opus

1123 2295 1376 2335 confessionis,
1403 2303 1435 2328 et
1460 2296 1600 2337 quidem
1628 2294 1718 2329 hanc
1741 2297 1991 2329 abstinentiam
2010 2297 2116 2329 fuisse

1123 2354 1341 2390 praeceptam
1369 2347 1442 2391 lege
1458 2345 1542 2387 Dei,
1570 2359 1642 2380 non
1667 2346 1833 2380 humanis
1850 2348 2115 2382 traditionibus

1122 2395 1216 2440 Ergo
1236 2397 1434 2431 abstinebat
1452 2397 1599 2438 Daniel,
1626 2405 1662 2431 nt
1681 2405 1868 2431 testaretur
1882 2410 1916 2430 se
1934 2411 2006 2432 non
2024 2399 2116 2432 abii-

1121 2461 1198 2482 cere
1224 2450 1442 2489 doctrinam,
1471 2449 1505 2481 iu
1531 2462 1597 2494 qna
1624 2449 1695 2481 sola
1716 2450 1855 2482 extabat
1873 2451 2020 2483 verbum
2038 2449 2116 2491 Dei,

1121 2507 1154 2534 et
1168 2497 1362 2534 abhorrere
1380 2501 1424 2532 ab
1442 2500 1592 2533 aliarum
1611 2500 1768 2543 gentium
1787 2500 2032 2543 religionibus,

1224 2559 1302 2594 Hoc
1322 2560 1521 2602 exemplum
1541 2571 1605 2592 nos
1623 2571 1764 2605 quoque
1783 2561 1826 2593 ad
1846 2561 2115 2603 confessionem,

1120 2611 1416 2655 perseverentiam
1441 2616 1474 2642 et
1498 2611 1766 2654 temperantiam
1793 2609 1966 2646 hortetur.
2020 2612 2114 2656 Quia

1119 2661 1215 2696 Deus
1237 2660 1322 2695 haec
1348 2661 1461 2694 officia
1488 2662 1655 2707 requirit,
1683 2669 1715 2696 et
1739 2670 1843 2697 ornat
1859 2664 1996 2708 magnis
2013 2677 2113 2710 prae—

1119 2725 1211 2749 mus.
