2379 2948
264 92 336 129 955
856 85 980 121 PHlL.

264 187 295 212 ιι
320 177 449 210 similes
473 176 538 221 ρίἰ,
567 175 620 207 xel
646 172 806 205 ordinem
835 171 1070 209 damnabant,
1095 170 1148 202 vel
1175 169 1244 202 eri-
1269 170 1273 174 “

265 230 406 274 piibant
428 228 478 261 eis
506 225 721 259 functionem
747 222 879 266 publici
906 222 1073 261 muneris,
1102 221 1154 253 vel
1172 220 1243 252 dis-

265 280 434 313 cedebant
450 278 492 310 ab
510 277 569 309 cis.

367 328 548 371 Quantum
578 324 798 358 miseriarum
829 323 895 356 fuit
925 323 962 355 in
991 321 1245 366 gubernatione

265 379 536 424 Apostolorum,
571 375 631 422 qui
664 387 742 408 cnm
774 386 879 407 manu
904 373 1082 406 neminem
1106 372 1244 405 coerce-

266 438 360 470 rent,
387 429 516 462 multos
546 425 745 460 habuerunt
777 431 1017 464 contumaces,
1053 424 1164 463 lev,es
1190 433 1246 454 ar-

265 487 444 525 rogantes,
474 477 682 521 discipulos,
707 476 768 520 qui
790 482 849 508 ant
868 475 950 507 salsa
970 476 1130 517 dogmata
1148 483 1247 516 spar-

265 534 407 576 gebant,
434 536 493 563 aut
519 528 620 561 malis
647 527 803 560 moribus
821 526 1064 559 deformabant
1085 521 1247 566 Evange-

267 585 365 617 lium

367 630 530 675 Denique
552 628 702 662 amentia
719 634 769 661 est
790 627 828 659 in
846 625 909 660 hac
928 623 1112 658 hominum
1136 623 1249 656 imbe-

267 684 402 719 cillium
422 680 693 719 consuetudine,
722 679 792 710 imo
817 678 853 710 in
870 675 933 710 hac
951 681 1087 708 senecta
1113 673 1249 713 mundi,

268 736 438 769 delirante
455 732 523 765 iam
542 732 614 775 ipsa
636 728 818 762 bominum
838 734 974 766 natura,
1002 726 1131 768 fingere
1149 723 1250 769 quasi

269 784 488 819 Platonicam
508 782 700 817 cixitatem,
729 779 888 823 politiam
914 777 1023 810 ullam
1052 776 1126 808 sine
1153 786 1248 807 mor-

269 837 340 877 bis,
368 834 464 867 vitiis
482 839 514 865 et
536 830 698 865 miseriis.

379 883 426 918 Et
461 884 618 916 omnium
662 886 811 913 actatum
854 878 1011 921 exempla
1045 876 1249 913 ostendunt,

270 935 409 971 tentatis
440 931 745 967 emendationibus
780 929 1003 974 politiarum,
1045 933 1249 972 sequentem

269 994 396 1021 statum
421 996 512 1017 nova
531 983 612 1015 vitia
636 981 806 1024 genuisse.
858 978 1081 1013 Democratia
1098 974 1249 1010 Athenis

270 1037 447 1071 licentiam
473 1034 568 1076 vulgi
602 1038 755 1066 auxerat.
816 1029 941 1064 Postea
975 1026 1165 1071 oligarchia
1188 1039 1250 1071 pe-

270 1089 360 1133 perit
377 1085 597 1131 tyrannides,
627 1095 715 1128 quae
733 1082 861 1115 iterum
881 1080 1074 1113 discordias
1103 1085 1136 1111 et
1158 1078 1249 1111 bella

271 1139 387 1172 civilia
407 1136 613 1169 excitarunt.

370 1186 459 1221 Cum
486 1186 591 1228 igitur
621 1184 730 1217 multa
759 1181 980 1215 incommoda
1016 1179 1250 1212 condonanda

271 1240 339 1272 sint
361 1236 626 1281 gubernationi,
660 1233 750 1278 Cur,
780 1233 965 1278 inquiunt,
993 1238 1063 1264 tam
1088 1229 1252 1263 atrociter

270 1286 527 1334 reprehenditis
554 1284 771 1329 Episcopus?
831 1283 902 1318 Cur
933 1294 1006 1315 non
1041 1281 1169 1325 paretis
1193 1292 1251 1313 eo-

271 1352 348 1374 rum
368 1337 525 1381 legibus?
577 1336 649 1369 Cur
671 1348 744 1368 non
771 1334 957 1377 agnoscitis
982 1344 1053 1365 esse
1076 1330 1252 1365 Ecclesiae

271 1387 542 1434 gubernzwtores
595 1385 668 1419 lmo
693 1397 754 1418 cur
780 1361 970 1427 andiungitis
994 1382 1173 1426 pontifices
1198 1393 1253 1413 re-

272 1442 349 1485 gnis
368 1445 485 1482 aperte
503 1437 621 1480 impiis
638 1443 671 1470 et
689 1436 803 1480 palam
829 1434 1037 1468 conantibus
1057 1432 1171 1466 delere
1187 1443 1253 1464 no-

271 1503 351 1524 men
367 1487 523 1524 Christi?

374 1540 536 1583 Agnosco
556 1535 863 1582 reprehensionem
882 1547 953 1568 esse
970 1541 1133 1568 atrocem.
1184 1531 1252 1566 Sed

274 1602 474 1637 quanquam
493 1589 600 1621 multa
622 1588 854 1631 plausibiliter
864 1587 932 1618 dici
950 1585 1255 1628 possuntdevete-

272 1644 369 1676 ribus
396 1639 530 1673 meritis
548 1638 703 1678 ordinis,
733 1639 774 1670 de
792 1636 960 1669 modestia
980 1642 1011 1668 et
1032 1630 1198 1678 ἐπιεικείᾳ
1216 1633 1254 1664 in

273 1692 445 1725 leniendis
463 1689 696 1724 incommodis
713 1695 745 1721 et
762 1687 901 1727 erratis,
922 1693 1037 1720 tamen
1053 1684 1198 1727 regula
1189 1695 1255 1715 im-

272 1742 454 1776 mutabilis
473 1740 623 1774 tenenda
647 1747 712 1773 est:
741 1738 778 1772 Si
802 1738 880 1783 quis
905 1737 1000 1770 aliud
1020 1734 1254 1778 Evangelium

273 1793 432 1834 docebit,
461 1788 644 1825 anathema
666 1790 720 1823 sit.
764 1788 880 1822 Melae
899 1794 981 1821 sunt
1001 1793 1137 1826 certae,
1166 1796 1254 1830 quae

273 1851 437 1883 monent,
456 1854 542 1887 quae
562 1841 784 1873 incommoda
804 1838 1038 1872 condonanda
1058 1836 1146 1876 sint,
1167 1846 1255 1880 quae

274 1906 357 1928 vero
376 1894 523 1927 taxanda
542 1899 575 1925 et
593 1891 813 1924 excutiendm
850 1888 930 1922 Non
960 1888 1159 1932 probabant
1178 1885 1256 1929 opi-

273 1945 396 1978 niones
421 1942 546 1977 Annae
579 1949 611 1974 et
641 1939 796 1985 Caiphae
822 1939 966 1974 Simeon
999 1945 1031 1971 et
1058 1934 1255 1976 Zacharias,

273 2007 337 2028 nec
363 1994 526 2027 omnibus
550 1992 685 2034 legibus
715 1999 820 2037 atque
844 1991 965 2023 edictis
992 1989 1180 2033 parebant,
1218 1993 1256 2020 ut

273 2043 495 2089 Epiphanius
526 2049 662 2081 nairat,
699 2042 917 2074 interfectum
951 2051 1023 2072 esse
1048 2036 1254 2072 Zachaliam

275 2103 406 2139 patrem
423 2094 620 2138 Baptistae,
646 2099 819 2125 taxantem
838 2102 971 2123 errores
988 2090 1041 2122 sui
1062 2088 1213 2131 collegii.

377 2145 456 2179 Scio
481 2144 606 2176 multas
632 2154 773 2185 magnis
800 2153 870 2174 esse
893 2140 1069 2178 miserias,
1098 2150 1256 2183 praeser-

275 2197 337 2231 tim
366 2196 404 2228 in
431 2194 684 2239 gubernatione
690 2170 902 2230 eEcclesiaQ
938 2190 1193 2223 dissimulanda
1223 2196 1255 2222 et

275 2248 417 2280 serenda
438 2252 487 2279 est
506 2238 689 2277 iufirmitas
707 2256 846 2276 morum
871 2242 907 2274 in
925 2241 1045 2273 multis
1069 2240 1127 2284 qui
1156 2252 1254 2283 prae-

276 2305 368 2331 sunt.
422 2296 585 2328 Vicissim
605 2295 706 2328 etiam
725 2294 810 2327 boni
836 2300 869 2326 et
891 2292 1061 2335 sapientes
1081 2291 1254 2333 guberna-

275 2356 386 2390 tores,
412 2355 450 2381 ut
475 2346 648 2389 sapientes
675 2351 805 2389 patres,
835 2344 986 2378 tolerant
1002 2343 1152 2386 quadam
1174 2353 1256 2384 pro-

276 2372 386 2430 habili
405 2397 645 2430 moderatione
671 2396 846 2438 ingentem
866 2392 1105 2426 infirmitatem
1124 2391 1256 2435 populi.

1009 83 1123 119 MEL.
1149 83 1356 119 SCRIPTA
1384 81 1681 119 EXEGETICA.

2204 85 2278 122 956

1398 169 1590 203 Adsentior
1630 176 1762 203 veteres
1802 168 1994 214 Episcopos
2024 167 2275 215 Apostolorum

1296 220 1486 265 discipulos
1516 220 1647 264 optime
1675 220 1816 252 meritos
1838 231 1928 259 esse,
1954 228 2122 254 eteorum
2145 234 2277 255 memo-

1297 271 1384 304 riam
1406 283 1574 313 veneror,
1602 282 1640 303 ac
1651 269 1725 304 Deo
1744 270 1871 313 gratias
1888 282 1968 313 ago,
1995 272 2088 316 qnod
2109 269 2169 304 has
2180 271 2279 306 Gen-

1297 329 1346 355 tes
1361 333 1481 355 eorum
1500 321 1695 354 ministerio
1715 322 1757 354 ad
1775 318 2006 363 Evangelium
2026 322 2173 362 vocavit,
2196 323 2279 366 ipsis

1298 372 1400 404 etiam
1420 372 1546 415 gratias
1566 382 1705 414 agemus
1725 371 1761 404 in
1780 371 1840 404 illa
1859 378 1999 405 aeterna
2016 373 2280 407 consuetudine.

1298 422 1367 456 Sed
1391 420 1547 456 Ecclesia
1573 423 1673 455 valde
1698 422 1879 455 dissimilis
1902 430 1950 457 est
1976 423 2122 455 aliarum
2140 423 2283 467 politia-

1299 485 1396 513 rum,
1423 485 1487 506 nec
1506 474 1646 515 alligata
1662 480 1712 507 est
1732 473 1845 506 titulis
1869 473 2090 515 dignitatum.
2132 471 2282 506 Etiamsi

1301 522 1336 556 hi
1355 530 1511 557 recentes
1527 522 1693 567 Episcopi
1709 531 1948 557 successerunt
1979 524 2013 556 in
2039 523 2153 556 locnvn
2183 523 2281 568 Apo-

1299 574 1489 613 stolorum,
1516 581 1631 607 tamen
1654 574 1812 607 doctrina
1840 581 1990 612 mutata,
2027 575 2162 608 functio
2191 586 2283 608 nova

1301 632 1333 658 et
1352 624 1532 658 dissimilis
1552 631 1601 657 est
1618 625 1838 668 apostolicae.

1402 674 1534 708 Tenuit
1550 675 1782 707 sacerdotium
1799 675 1835 707 in
1851 686 1910 708 sua
1928 675 2061 707 familia
2079 672 2218 719 Iaphet‚
2243 681 2282 707 ut

1301 732 1477 769 acceperat
1496 738 1513 758 a
1534 732 1630 769 patre
1646 723 1767 766 Noha,
1794 725 1980 769 probatum
1998 725 2083 761 Deo.
2138 724 2283 759 Succes-

1301 783 1421 809 serunt
1439 776 1476 808 in
1495 776 1568 809 eius
1586 776 1702 809 locum
1718 775 1867 820 posteri,
1895 776 1957 820 qui
1972 777 2067 819 orgia
2085 776 2284 809 celebrave-

1301 834 1394 860 runt.
1466 825 1679 871 Quanquam
1724 826 1832 869 igitur
1868 827 2120 860 successionem
2155 826 2284 870 allega-

1300 878 1403 918 bant,
1429 884 1547 911 tamen
1567 889 1708 921 prorsus
1728 876 1898 910 dissimile
1913 877 1980 910 fuit
1996 877 2240 911 sacerdotium.

1402 927 1472 962 Sed
1494 926 1588 961 Deus
1614 928 1773 960 miranda
1805 927 1961 960 bonitate
1994 935 2108 961 servat
2131 928 2284 973 aliquem

1301 985 1458 1019 coetum,
1493 978 1553 1023 qui
1582 978 1709 1012 retinet
1739 978 1934 1010 doctrinam
1967 976 2223 1022 Prophetarum
2251 985 2285 1012 et

1301 1028 1573 1074 Apostolorum,
1608 1041 1670 1062 nec
1705 1040 1847 1073 prorsus
1879 1028 1963 1061 sinit
1994 1029 2138 1062 interire
2166 1040 2284 1061 veram

1301 1079 1514 1120 Ecclesiam,
1549 1079 1683 1112 etiamsi
1715 1091 1815 1123 saepe
1847 1080 2038 1112 admodum
2067 1087 2116 1114 est
2149 1080 2284 1123 exigua.

1302 1130 1371 1164 Sed
1402 1130 1439 1162 in
1471 1142 1510 1163 eo
1540 1137 1640 1163 coetu
1673 1129 1823 1163 subinde
1852 1129 1975 1162 excitat
2001 1132 2180 1171 doctores,
2224 1130 2285 1175 qui

1302 1193 1422 1214 rursus
1445 1182 1638 1214 accendant
1659 1181 1773 1214 lucem
1800 1178 2006 1223 Evangelii,
2033 1188 2071 1214 ut
2095 1178 2225 1224 Ephes.
2249 1179 2284 1215 4.

1303 1232 1472 1276 scriptum
1491 1239 1550 1265 est.
1579 1231 1630 1266 Ita
1647 1231 1710 1265 etsi
1728 1238 1839 1265 totum
1857 1231 2089 1265 sacerdotium
2099 1230 2283 1265 leroboam

1304 1290 1376 1316 erat
1404 1283 1632 1323 damnatum,
1668 1289 1784 1316 tamen
1818 1281 1914 1315 Deus
1951 1282 2120 1316 excitabat
2153 1282 2284 1326 populo

1303 1331 1517 1377 Prophetas,
1557 1333 1617 1378 qui
1647 1333 1844 1366 doctrinam
1876 1333 1919 1365 de
1951 1344 2031 1365 vera
2063 1333 2286 1366 invocatione

1304 1384 1559 1428 proponebant.
1616 1383 1757 1417 Horum
1782 1382 1959 1416 auditores
1990 1389 2090 1416 erant
2113 1395 2191 1416 vera
2217 1381 2285 1416 Ec-

1304 1434 1426 1474 clesia,
1452 1440 1490 1467 ut
1507 1434 1591 1468 dicit
1612 1440 1737 1467 textus:
1767 1431 1865 1466 Eliae
1882 1433 2078 1477 deploranti
2103 1434 2286 1468 interitum

1303 1483 1500 1522 Ecclesiae,
1528 1483 1673 1529 Reliqui
1700 1481 1787 1516 mihi
1809 1490 1940 1527 septem
1967 1484 2096 1525 millia,
2124 1485 2183 1529 qui
2212 1495 2286 1517 non

1304 1537 1453 1568 adorant
1470 1533 1557 1568 Baal
1577 1542 1638 1568 etc.

1408 1593 1578 1626 Videmus
1600 1600 1634 1626 et
1650 1599 1730 1626 ante
1751 1601 1908 1627 nostram
1932 1599 2076 1627 aetatem
2100 1592 2205 1625 fuisse
2222 1593 2287 1626 do-

1305 1651 1377 1678 ctos
1403 1645 1517 1681 viros,
1551 1644 1610 1688 qni
1639 1643 1795 1687 publicos
1821 1655 1956 1677 errores
1981 1640 2286 1688 reprehenderunt

1304 1702 1335 1729 et
1372 1695 1663 1739 deploraverunt,
1699 1694 1770 1726 imo
1801 1694 1862 1739 qni
1895 1694 1997 1727 exilia
2029 1701 2090 1728 aut
2117 1694 2289 1738 supplicia

1304 1753 1448 1790 propter
1474 1745 1564 1789 piam
1597 1745 1851 1778 confessionem
1885 1745 2118 1789 pertulerunt.
2181 1742 2286 1777 Tales

1304 1797 1448 1829 suerunt
1484 1795 1673 1829 Wesselus
1709 1794 1988 1838 Groningensis‚
2035 1796 2135 1828 cuins
2169 1802 2286 1828 extant

1305 1848 1451 1890 scripta,
1481 1845 1671 1887 Taulerus,
1702 1843 1878 1878 Iohannes
1905 1845 2017 1886 Huss,
2046 1845 2286 1890 Hieronymus

1305 1897 1507 1940 Pragensis,
1536 1903 1568 1929 et
1585 1906 1685 1930 antea
1707 1897 1830 1936 multi,
1858 1908 2051 1929 annumero
2071 1894 2124 1928 his
2148 1903 2179 1928 et
2198 1894 2286 1929 Ber-

1305 1952 1475 1986 nardum,
1503 1954 1534 1980 et
1551 1948 1657 1980 fuisse
1676 1947 1762 1979 alios
1785 1947 1914 1980 multos
1942 1944 2031 1978 nihil
2051 1946 2197 1979 dubium
2225 1954 2285 1982 est.

1305 1999 1440 2033 Mansit
1455 1998 1562 2041 igitur
1580 1997 1737 2030 Ecclesia
1753 1996 1836 2036 Dei,
1865 1998 1945 2037 etsi,
1972 2003 2010 2029 ut
2035 2007 2189 2040 semper,
2214 1997 2286 2030 exi-

1306 2063 1370 2094 gua
1391 2057 1474 2084 erat.
1527 2046 1572 2081 Et
1590 2049 1675 2081 alias
1694 2048 1772 2091 plus
1798 2055 1846 2080 est
1865 2047 2044 2090 caliginis,
2071 2047 2157 2080 alias
2173 2054 2283 2081 certa-

1306 2101 1399 2133 mina
1422 2102 1464 2132 de
1479 2100 1638 2133 doctrina
1655 2099 1820 2132 oriuntur
1840 2099 1994 2138 acriora,
2021 2106 2059 2132 ut
2076 2098 2133 2130 fiat
2151 2098 2286 2132 instau-

1306 2152 1394 2185 ratio
1419 2151 1553 2195 aliqua‚
1581 2157 1608 2182 et
1639 2150 1755 2193 plures
1780 2156 1947 2182 vocentur
1971 2149 2013 2181 ad
2031 2148 2213 2192 Evangelii
2231 2149 2285 2182 lu-

1306 2214 1390 2236 cem.
1445 2201 1499 2234 lbi
1525 2207 1659 2240 coetus,
1688 2199 1749 2243 qui
1775 2211 1907 2233 errores
1930 2200 2104 2240 defendit,
2131 2207 2163 2233 et
2188 2199 2285 2233 addit

1307 2253 1530 2297 pertinaciam
1564 2248 1801 2292 blasphemam
1834 2252 1999 2284 adversus
2022 2249 2155 2290 Deum,
2194 2257 2285 2284 certe

1306 2316 1377 2337 non
1397 2310 1445 2337 est
1460 2301 1614 2335 Ecclesia
1632 2300 1709 2335 Dei.

1406 2387 1458 2421 De
1495 2385 1549 2420 his
1573 2384 1759 2428 Evangelii
1793 2383 1953 2420 hostibus
1990 2385 2217 2427 intelligimus
2251 2391 2286 2418 et

277 2448 433 2481 Debetur
449 2445 566 2481 honos
584 2455 616 2480 et
634 2458 691 2478 rex
697 2447 827 2479 erentia
854 2443 908 2477 his
933 2443 992 2488 qui
1020 2448 1201 2487 praesunt,
1227 2442 1255 2474 si
1280 2432 1283 2475 l,
1307 2439 1456 2473 Paulum
1483 2445 1516 2471 et
1539 2437 1743 2476 Quietem,
1782 2449 1859 2469 cum
1887 2438 1919 2469 d.-
1923 2443 2055 2469 imnant
2074 2447 2222 2478 regnum
2248 2436 2285 2468 in

277 2498 497 2530 mediocriter
514 2497 642 2530 saciant
663 2497 826 2530 officium.

278 2556 509 2586 concurrunt,

278 2599 375 2631 sione
402 2598 588 2641 pertinacia
623 2609 682 2631 seu
703 2596 895 2642 Epicurea,
929 2607 987 2628 seu
1011 2595 1169 2634 Iudaica,

278 2648 406 2692 fragari
425 2658 562 2681 necesse
581 2655 639 2680 est.

1204 2605 1256 2626 1⁸8-

881 2495 949 2529 Sed
973 2506 1051 2527 cum
1076 2490 1160 2525 haec
1186 2494 1256 2525 duo
1280 2482 1283 2542 l

543 2548 697 2580 defensio
722 2547 916 2583 idolorum,
953 2553 983 2578 et
1011 2545 1046 2576 in
1072 2555 1109 2576 ea
1135 2543 1256 2575 defen-
1281 2549 1283 2566 ¹
1308 2540 1368 2585 qui
1395 2540 1490 2582 regio
1518 2551 1615 2571 more
1639 2538 1888 2577 dominantur,
1924 2544 1957 2570 et
1981 2549 2025 2569 ne
2052 2537 2206 2580 potentia
2232 2537 2285 2570 vel

1307 2489 1461 2523 Ecclesia
1497 2489 1687 2520 defendens
1722 2486 1835 2527 idola,
1884 2487 2046 2519 videlicet
2080 2484 2286 2530 Episcopos‚

1309 2591 1475 2623 autoritas
1493 2590 1737 2629 labefactetur,
1765 2589 1891 2621 nolunt
1908 2587 1999 2620 ullos
2016 2598 2150 2620 errores
2167 2587 2286 2626 taxari,

1309 2650 1341 2675 et
1357 2648 1394 2674 ut
1414 2647 1636 2685 propugnent
1655 2639 1894 2678 autoritatem,
1920 2645 2080 2671 exercent
2107 2638 2284 2671 saevitiam
