2379 2948
216 152 287 186 479

219 239 320 271 bvses
339 231 497 265 nondum
513 226 616 260 talem
636 221 747 254 filium
765 227 873 259 regno
891 214 1086 258 genuisset,
1113 221 1200 266 qna-

222 277 291 320 lein
319 280 461 324 reliquit
485 277 610 320 Cyrus.
675 269 769 303 Haec
801 268 946 310 figurata
974 259 1201 317 reprehensio

222 338 301 381 plus
319 329 441 366 hahuit
460 321 695 360 adulationis,
722 329 827 364 quam
843 316 995 349 aliorum
1021 311 1203 367 magnifica

421 377 468 411 Et
484 377 626 408 inanem
651 371 744 404 ridet
770 365 945 401 barbarici
975 371 1117 409 tyranni
1143 371 1205 392 va-

225 437 381 469 nitatem.
437 426 543 459 Varie
559 429 709 457 utuntur
725 417 885 452 homines
904 414 1020 454 astuti,
1045 423 1124 445 cum
1142 407 1207 442 hac

224 487 352 524 figura,
380 486 454 513 tum
480 476 576 512 aliis,
603 483 712 517 eaque
736 468 885 502 varietas
911 476 990 521 cum
1016 470 1088 496 arte
1112 471 1209 493 com-

224 520 392 580 prehendi
414 539 486 560 non
506 524 632 569 possit,
657 523 695 554 in
711 518 919 565 quotidiana
945 520 1038 547 vitae
1061 520 1210 544 consue-

225 584 347 619 tudine
375 576 594 613 observanda
618 572 701 611 etit,
742 579 847 613 quam
873 574 990 599 tamen
1013 558 1210 618 deprehen-

227 637 310 669 dent
328 630 485 668 facilius,
508 627 536 659 si
556 624 616 669 qui
638 623 681 654 ab
707 625 780 653 arte
808 616 1044 671 adiuvantur,
1071 611 1133 644 ubi
1156 610 1210 642 lo-

229 697 287 719 cus
304 679 519 717 ostenditur,
545 681 578 707 et
594 672 700 705 unius
718 676 821 713 atque
839 667 985 700 alterins
1002 663 1135 695 formae
1153 671 1211 692 ex-

224 382 378 420 eiicoinia
389 404 398 417 ,

231 734 343 778 empla
366 729 574 764 traduntur,
601 735 640 755 ex
664 720 792 765 quibus
818 715 969 750 iudicari
992 712 1107 745 vicina
1133 721 1235 754 pos-1

231 792 323 819 sunt.
356 781 454 814 Sicut
471 776 562 809 enini
583 772 681 805 nulla
699 776 771 802 arte
788 773 902 810 gestus
919 774 1041 821 omnes
1057 760 1214 805 corporis

233 828 481 876 comprehendi
501 828 660 869 possent,
687 820 735 853 ita
759 817 822 851 hec
842 815 1013 850 orationis
1038 819 1153 856 gestus
1177 821 1216 844 ac

231 891 347 917 motus
361 887 484 913 omnes
503 882 688 908 numerare
704 873 850 915 queunt.

472 984 622 1019 Tertius
651 977 738 1013 ordo
765 975 984 1024 figurarum.

314 1064 356 1099 In
374 1060 476 1096 tertio
494 1057 620 1091 ordine
640 1051 888 1087 collocavimus
905 1059 960 1081 eas
977 1047 1115 1088 figuras,
1131 1054 1220 1101 quae

238 1121 365 1150 :iuvent
381 1110 589 1145 orationem,
617 1111 649 1137 et
667 1103 821 1136 reddunt
838 1097 1116 1142 locupletiorem.
1143 1096 1220 1150 bic-

237 1142 408 1201 utziintem
428 1159 495 1193 hoc
514 1153 736 1200 eloquentiae
754 1161 927 1184 summum
945 1158 1033 1191 opus
1057 1151 1127 1202 est,
1153 1144 1221 1176 alia

238 1214 471 1259 amplificare,
497 1208 565 1241 alia
583 1211 788 1242 extenuare,
815 1201 863 1233 ita
884 1197 1092 1251 difficile-est
1110 1205 1222 1250 impe-

239 1267 315 1301 ritis
331 1262 436 1297 liuius
453 1258 504 1293 rei
523 1255 724 1290 efficiendae
743 1252 834 1284 viam
853 1256 956 1293 atque
973 1253 1145 1302 rationem
1170 1257 1223 1276 vi-

241 1319 331 1351 dere.
385 1311 507 1355 Itaque
533 1318 611 1340 cum
641 1305 762 1346 legunt
794 1301 1004 1334 disertorum
1035 1302 1223 1332 orationes,

241 1367 417 1400 mirantur
432 1360 526 1394 unde
544 1353 756 1398 sumpserint
773 1362 843 1385 una
861 1351 903 1383 de
925 1360 962 1381 re
987 1353 1122 1382 tantam
1144 1356 1224 1378 sen-

241 1415 432 1450 tentiarum
457 1421 496 1441 ac
519 1407 707 1439 verborum
735 1402 882 1445 copiam.
947 1397 1096 1440 Figurae
1120 1405 1225 1438 supra

243 1464 410 1501 traditae,
437 1458 541 1492 etiam
558 1455 601 1488 ab
617 1452 771 1485 indoctis
785 1449 886 1481 facile
900 1447 1050 1502 iudicari
1067 1450 1226 1487 possunt,

244 1517 304 1550 sed
332 1506 555 1555 amplificatio
586 1502 796 1545 singularem
821 1497 968 1542 requirit
992 1499 1226 1551 artem-atque

245 1576 360 1599 usum.
417 1560 469 1593 Ad
488 1556 578 1590 hanc
593 1565 666 1586 rem
692 1550 811 1594 scripti
837 1554 917 1581 suiit
940 1546 1120 1579 utilissimi
1143 1543 1227 1575 libri

245 1615 298 1649 De
325 1611 423 1655 copia
441 1605 597 1644 Erasmi‚
624 1612 775 1647 quorum
793 1599 890 1643 prior
908 1596 1065 1650 continet
1089 1594 1228 1635 figuras,

247 1665 376 1710 quibus
393 1660 499 1692 verba
519 1655 712 1688 variantur.
765 1648 942 1682 Posterior
962 1643 1229 1699 continebfigu-

247 1727 323 1754 ras,
357 1721 444 1756 quae
474 1706 641 1740 maiorem
674 1711 793 1735 rerum
827 1699 960 1742 copiam
992 1694 1227 1752 suppeditant.

247 1765 345 1799 Idem
362 1772 426 1794 nos
450 1760 486 1791 in
507 1755 574 1789 hoc
596 1753 699 1788 tertio
725 1751 914 1793 figurarum
939 1747 1062 1780 ordine
1088 1744 1231 1801 docebi-

249 1825 338 1854 mus,
366 1809 545 1855 quomodo
562 1809 691 1838 crescat
706 1800 833 1840 oratio,
858 1798 989 1852 partim.
1002 1795 1137 1849 verbm.
1150 1805 1231 1837 par-

250 1866 312 1899 tim
331 1862 432 1895 etiam
449 1858 553 1891 rebus
571 1860 681 1887 aucta.
726 1850 795 1884 Sed
812 1860 876 1882 nos
893 1849 1072 1880 breviores
1089 1854 1232 1900 erimus,

251 1914 332 1959 quia
348 1910 513 1944 omnibus
534 1907 572 1937 in
593 1914 700 1936 manu
725 1908 807 1934 sunt
823 1897 962 1932 Erasmi
986 1895 1117 1934 libelli,
1143 1905 1232 1937 quo-

253 1975 332 1997 rnm
359 1960 500 2005 quidem
524 1954 740 1988 mentionem
762 1957 795 1984 et
818 1951 862 1983 ob
887 1946 979 1981 banc
1002 1956 1141 1979 causam
1158 1941 1233 2000 ‘hoc

254 2015 330 2047 loco
355 2011 518 2045 fecimus,
545 2011 585 2038 ut
609 2003 724 2036 obiter
747 2002 1017 2033 admoneremus
1041 1996 1234 2038 imperitos,

254 2075 322 2108 qua
340 2062 377 2094 in
394 2065 490 2103 parte
508 2054 699 2089 rhetorices
715 2050 898 2094 praecipue
918 2058 1002 2081 usus
1024 2045 1233 2102 sit-illorum

254 2111 393 2147 Erasini
417 2112 695 2153 praeceptorum.
754 2098 844 2132 Cum
872 2099 965 2130 enini
992 2107 1046 2129 res
1072 2102 1235 2128 inventae

255 2171 358 2207 atque
383 2157 570 2202 dispositae
595 2158 695 2192 sunt,
729 2161 817 2194 quae
845 2146 978 2189 negotii
1005 2145 1233 2177 substantiam

257 2213 458 2247 continent,
498 2212 617 2251 postea
652 2200 846 2234 videndum
877 2204 945 2236 est,
981 2195 1043 2228 ubi
1074 2194 1236 2238 pluribus

258 2262 373 2296 verbis
391 2261 428 2292 in
445 2269 515 2291 una
534 2268 570 2289 re
593 2253 762 2287 utendum
786 2250 848 2286 sit,
871 2254 911 2280 ut
932 2245 1048 2278 verbis
1069 2252 1237 2289 tanquam

258 2314 369 2357 pictae
388 2317 421 2343 et
439 2306 661 2341 illuminatae
678 2312 732 2335 res
750 2301 835 2332 fiant
852 2296 1070 2330 illustriores.
1100 2294 1237 2328 Deinde

259 2362 322 2396 ubi
340 2361 443 2394 etiam
461 2357 572 2401 prosit
591 2355 669 2398 plus
687 2352 815 2385 addere
842 2358 971 2382 rerum.
1024 2344 1161 2377 Horum
1187 2345 1239 2377 al-

260 2420 371 2445 terum
391 2411 493 2442 docet
510 2404 678 2439 Erasmus
696 2402 830 2435 efficere
846 2398 963 2443 priore
987 2396 1125 2433 libello,
1152 2395 1238 2427 alte-

263 2473 339 2494 rum
354 2458 556 2503 posteriore.

339 2524 514 2558 Observet
524 2528 637 2555 autem
649 2519 825 2553 studiosus
840 2516 950 2550 lector
965 2514 1090 2557 figuras
1105 2522 1238 2566 omnes,

264 2574 466 2623 praesertim
492 2571 573 2612 has,
605 2582 692 2615 quae
724 2574 852 2612 augent
874 2565 1068 2600 orationem
1092 2574 1132 2595 ex
1155 2562 1241 2594 locis

265 2624 455 2661 dialecticis
480 2622 587 2661 oriri,
613 2622 655 2653 ad
679 2631 765 2663 quos
788 2619 817 2651 si
842 2618 920 2662 quis
943 2615 1134 2659 prudenter
1157 2611 1242 2644 sciet

265 2690 319 2711 eas
341 2676 489 2712 referre,
517 2672 702 2715 plaeraqiie
724 2670 759 2700 iii
777 2668 887 2701 causis
904 2665 1078 2699 subtiliter
1093 2669 1130 2696 etv
1143 2668 1241 2696 acute
1266 2680 1268 2697 ς

453 139 659 180 SCRIPTA
687 135 761 171 PH.
787 130 903 167 MEL.
930 128 995 163 AD
1022 125 1149 161 IIIST.
1177 119 1321 159 PROF.
1348 116 1414 153 ET
1442 117 1635 154 PHILOS.
1666 118 1986 158 5ΡΕΟΤΑΝΤῙΑ.

2159 120 2235 156 480

1257 204 1434 246 iudicare,
1461 209 1494 237 et
1517 203 1679 237 definitas
1704 205 1836 247 negotii
1859 206 2019 248 regiones
2041 203 2168 237 melius
2188 204 2243 236 vi-

1257 256 1340 288 dere
1367 254 1507 298 poterit.
1562 253 1651 287 Ram
1679 254 1785 287 iidem
1810 255 1880 288 loci
1905 267 1983 288 cum
2009 254 2242 288 confirmandi

1257 311 1318 338 aut
1336 303 1544 337 confutandi
1561 314 1661 337 (ausa
1680 302 1913 344 adhibentur,
1941 311 2142 347 argumenta
2161 310 2243 337 sunt

1259 367 1299 388 ac
1314 354 1427 394 nervi,
1454 360 1494 387 ut
1509 361 1647 389 vocant.
1676 353 1763 388 Cum
1784 353 2001 388 adhibentur
2017 353 2242 387 illuminandi

1260 416 1379 444 causa,
1409 403 1579 437 dicuntur
1604 411 1822 439 ornamenta.
1885 402 1937 438 Ac
1961 404 2146 448 plaeraque
2170 415 2243 437 non

1261 461 1397 489 tantum
1422 456 1467 487 ad
1492 466 1629 498 pugnae
1654 455 1803 499 speciem
1825 460 2023 499 comparata
2052 460 2152 494 sunt,
2185 454 2244 487 sed

1262 504 1477 547 argumentis
1494 505 1633 548 pondus
1650 507 1798 539 addunt.

1363 552 1429 603 Εθῑ
1453 561 1569 587 autem
1595 553 1680 588 haec
1701 556 1815 599 prima
1838 563 1872 589 et
1894 554 2080 600 praecipua
2098 553 2249 597 augendi

1264 602 1372 643 ratio,
1405 604 1596 638 transferre
1631 602 1813 640 ὑπόθεσιν
1848 607 1891 639 ad
1923 603 2048 645 θέσιν,
2087 601 2154 637 hoc
2185 610 2248 643 est,

1265 652 1454 687 transferre
1476 664 1615 687 causam
1640 656 1685 687 ad
1710 656 1826 689 locum
1852 667 2094 694 communem,
2120 665 2188 698 qua
2204 655 2247 687 de

1266 715 1303 737 re
1319 714 1420 747 saepe
1437 703 1605 748 praecipit
1621 702 1693 738 Cic.
1709 712 1743 738 et
1757 717 1821 739 nos
1837 717 1941 750 supra
1957 705 2121 740 diximus.
2148 703 2250 746 Quo-

1241 789 1246 798 ⁸
1267 754 1374 787 modo
1392 760 1508 787 autem
1526 751 1593 787 hoc
1614 754 1692 787 sieri
1712 757 1916 795 conveniat,
1944 756 1981 788 in
2005 754 2171 798 exemplis
2197 754 2250 787 fa-

1270 804 1390 844 cilius,
1417 815 1522 848 quam
1540 803 1578 836 in
1600 805 1792 850 praeceptis
1815 806 1910 839 cerni
1931 812 2059 849 potest,
2078 805 2108 838 si
2132 811 2251 838 tamen

1269 856 1472 888 admonitus
1483 853 1592 888 lector
1603 855 1699 896 sciet,
1713 867 1748 889 se
1767 857 1892 889 debere
1906 855 2138 895 considerare,
2155 855 2253 899 quod

1271 916 1326 938 res
1344 905 1387 937 ad
1405 904 1523 937 locum
1547 917 1768 938 communem
1794 907 1975 940 referatur.
2030 904 2134 937 Varie
2157 904 2254 937 enim

1273 956 1533 989 intertexuntur
1548 955 1660 988 causis
1678 956 1746 988 loci
1770 967 1993 996 communes,
2019 955 2105 988 alias
2125 954 2163 988 fit
2186 952 2254 987 hoc

1273 1010 1391 1049 aperte
1406 1011 1439 1037 et
1451 1003 1606 1047 prolixe,
1632 1006 1717 1039 alias
1737 1006 1775 1040 fixt
1790 1007 1944 1040 breviter
1968 1012 2002 1039 et
2026 1004 2255 1038 dissimulan-

1274 1062 1336 1089 ter.
1388 1052 1523 1098 Estque
1546 1056 1733 1089 mediocris
1756 1057 1937 1090 cniusdam
1961 1063 2036 1089 tuin
2053 1066 2155 1096 usus,
2180 1062 2256 1088 tum

1276 1104 1501 1150 prudentiae,
1525 1105 1644 1138 videre
1663 1106 1749 1150 quid
1768 1107 1806 1139 in
1831 1105 1895 1140 hac
1919 1118 1956 1139 re
1979 1107 2119 1145 deceat,
2145 1111 2177 1138 et
2193 1104 2254 1137 ubi

1275 1154 1421 1199 recipiat
1435 1153 1547 1187 oratio
1564 1155 1660 1188 locos
1679 1168 1893 1189 communes.
1934 1155 1972 1189 Si
1992 1157 2034 1188 de
2051 1155 2144 1188 bello
2161 1154 2256 1187 Tur-

1276 1206 1349 1239 cico
1366 1205 1556 1238 dicendum
1576 1205 1639 1246 sit,
1666 1207 1736 1239 duo
1763 1213 1844 1240 sunt
1867 1205 2046 1250 praecipui
2071 1204 2139 1238 loci
2162 1216 2258 1237 com—

1276 1267 1420 1296 munes,
1453 1255 1493 1290 in
1513 1255 1615 1288 certis
1638 1257 1797 1300 partibus
1823 1264 1940 1301 aperte
1958 1254 2151 1295 tractandi,
2179 1265 2258 1288 cae·

1277 1313 1390 1340 terum
1413 1305 1461 1338 ita
1482 1307 1669 1349 spargendi
1692 1314 1774 1340 sunt
1798 1307 1835 1339 in
1852 1313 1960 1340 totam
1979 1306 2193 1343 orationem,
2220 1310 2260 1338 ut

1278 1358 1321 1390 ad
1340 1366 1397 1388 eos
1416 1355 1570 1388 alludere
1586 1357 1760 1389 dicentem
1777 1357 1927 1399 intelligi
1946 1356 2061 1399 possit.
2091 1355 2183 1389 Sunt
2197 1366 2261 1387 au-

1278 1413 1346 1440 tem
1364 1403 1401 1437 hi
1419 1405 1498 1438 loci.
1552 1405 1655 1439 Prior
1671 1414 1738 1449 est,
1765 1407 1862 1450 pium
1886 1418 1924 1439 ac
1950 1405 2181 1438 necessarium
2206 1404 2261 1437 of-

1279 1456 1395 1488 ficinm
1421 1466 1492 1488 esse
1524 1453 1708 1486 christiani
1731 1454 1920 1498 principis,
1955 1454 2047 1486 bello
2074 1454 2261 1486 defendere

1280 1515 1376 1544 suos,
1402 1514 1441 1535 ac
1457 1503 1547 1535 tueri
1567 1503 1706 1536 civilem
1730 1510 1859 1537 statum
1885 1503 2073 1546 religiones
2097 1515 2136 1536 ac
2159 1503 2263 1546 leges.

1281 1553 1401 1588 Altera
1419 1559 1468 1585 est
1485 1553 1527 1585 de
1548 1553 1765 1587 immanitate
1781 1554 1894 1597 gentis
1913 1553 2103 1592 Turcicae,
2131 1560 2263 1598 quanta

1282 1604 1326 1637 sit
1342 1604 1379 1635 in
1395 1603 1456 1635 illa
1473 1603 1633 1636 barbarie
1649 1604 1808 1647 impietas
1821 1605 1985 1637 adversus
1994 1603 2118 1644 Deum,
2133 1611 2263 1647 quanta

1284 1653 1471 1687 crudelitas
1489 1660 1592 1698 atque
1610 1654 1809 1688 immanitas
1825 1655 1992 1688 adversus
2009 1652 2182 1687 homines.
2208 1652 2263 1687 Ex

1284 1703 1339 1737 his
1362 1703 1459 1748 quasi
1485 1704 1643 1737 fontibus
1670 1716 1743 1737 non
1774 1711 1981 1738 ornamenta
2010 1711 2165 1744 tantum,
2202 1704 2264 1737 sed

1284 1755 1388 1788 etiam
1415 1755 1641 1798 probationes
1663 1763 1862 1790 sumuntur.
1915 1754 2004 1788 Nam
2039 1755 2137 1788 locus
2167 1766 2265 1787 com-

1284 1805 1402 1838 munis
1419 1805 1576 1838 continet
1595 1805 1762 1838 maiorem
1788 1807 1826 1840 i'n
1850 1805 2038 1850 principali
2063 1804 2264 1850 syllogismo

1285 1866 1416 1888 causae.
1470 1854 1589 1898 ltaque
1605 1856 1641 1886 in
1660 1868 1697 1888 ea
1716 1864 1812 1900 parte
1831 1856 2019 1895 orationis,
2047 1866 2136 1899 quae
2151 1854 2265 1887 maio-

1286 1917 1358 1938 rem
1387 1904 1548 1948 exponit,
1584 1912 1700 1948 aperte
1726 1907 1928 1938 tractandus
1955 1911 2059 1949 atque
2084 1905 2265 1938 ornandus

1286 1962 1336 1989 est
1352 1955 1448 1987 locus
1467 1955 1674 1988 communis.
1730 1954 1769 1987 Id
1793 1955 1874 1988 fecit
1891 1953 2032 1993 Cicero,
2060 1966 2138 1988 cum
2163 1966 2265 1998 saepe

1287 2007 1391 2045 alias,
1415 2011 1491 2037 tuin
1515 2016 1578 2048 pro
1603 2004 1760 2044 Milone,
1792 2005 1856 2038 ubi
1879 2011 2060 2048 exaggerat
2083 2005 2154 2037 vim
2180 2005 2266 2047 legis

1288 2063 1452 2094 naturae,
1485 2056 1579 2098 quod
1604 2054 1707 2088 liceat
1728 2055 1797 2087 vim
1824 2056 1859 2088 vi
1883 2055 2062 2099 repellere.
2114 2054 2205 2088 Nam
2226 2066 2266 2087 ex

1289 2107 1349 2139 illa
1365 2106 1438 2147 lege
1453 2105 1604 2137 sumitur
1627 2105 1739 2138 maior
1762 2105 1799 2137 in
1824 2105 2044 2149 probatione.
2096 2103 2265 2139 Isocrates

1289 2158 1416 2190 bonam
1434 2162 1566 2198 partem
1581 2156 1694 2198 operis
1710 2156 1885 2190 consumit
1903 2155 1939 2188 in
1956 2156 2043 2189 locis
2068 2156 2267 2189 communi-

1290 2209 1365 2241 bus.
1418 2205 1486 2240 Sed
1503 2204 1568 2238 hoc
1585 2206 1684 2238 illum
1700 2206 1810 2249 magis
1829 2206 1964 2247 decuit,
1991 2205 2072 2250 quia
2099 2203 2265 2238 nonnihil

1290 2270 1308 2291 a
1325 2256 1471 2290 veritate
1487 2256 1663 2289 actionum
1681 2258 1850 2290 recedunt
1869 2255 2087 2301 panegyrici.
2130 2255 2171 2288 In
2188 2256 2264 2289 foro

1291 2321 1328 2342 ac
1353 2307 1504 2350 negociis
1522 2307 1753 2340 verecundior
1769 2318 1841 2340 esse
1857 2307 1960 2339 debet
1978 2312 2134 2340 ornatus.
2186 2304 2266 2338 Non

1291 2370 1369 2390 raro
1386 2364 1503 2390 tamen
1522 2354 1790 2396 Demosthenes,
1818 2364 1849 2389 et
1867 2357 1895 2389 si
1913 2368 2016 2389 nemo
2035 2356 2267 2389 verecundius

1292 2408 1398 2446 dixit,
1433 2408 1585 2450 integros
1608 2407 1703 2440 locos
1726 2418 1929 2440 communes
1950 2413 2090 2443 tractat,
2125 2412 2164 2439 ut
2186 2417 2265 2439 cum

1293 2456 1383 2491 hanc
1399 2458 1566 2491 maiorem
1583 2457 1635 2490 sui
1653 2457 1846 2502 syllogismi
1870 2456 2029 2499 exponit,
2057 2456 2268 2498 probaturus

1294 2521 1328 2541 se
1345 2507 1490 2541 honeste
1509 2508 1736 2542 consuluisse.
1783 2506 1928 2550 Semper
1945 2503 2181 2539 Athenienses
2195 2517 2267 2539 ser-

1294 2559 1439 2592 vitutem
1458 2570 1530 2591 non
1549 2558 1662 2590 solum
1680 2569 1698 2590 a
1716 2569 1761 2595 se,
1790 2558 1848 2589 sed
1866 2557 1970 2589 etiam
1987 2568 2004 2588 a
2023 2562 2096 2589 tota
2110 2554 2268 2595 Graecia,

1294 2609 1487 2653 quamlibet
1515 2619 1640 2651 magno
1668 2619 1746 2641 cum
1773 2606 1926 2650 periculo
1952 2605 2174 2648 depulerunt.
2227 2604 2268 2638 ln

1294 2657 1358 2692 hac
1389 2659 1561 2692 sententia
1604 2658 1665 2690 diu
1704 2662 1960 2695 commoratur,
2009 2667 2152 2700 eamque
2189 2666 2268 2688 cum
