2379 2948
231 105 300 140 691

236 189 334 222 ribus
358 186 462 227 locis,
488 193 521 219 et
544 184 696 218 absentis
715 183 870 215 membra
887 178 980 214 nihil
997 186 1105 224 agunt
1123 179 1159 212 in
1177 191 1218 212 eo
1242 186 1243 213 Ξ

239 240 334 279 loco,
361 239 455 271 unde
473 238 617 275 absunt,
644 241 697 267 ut:

337 288 460 323 Cicero
496 297 569 317 non
605 292 655 318 est
685 283 821 318 Romae
853 294 932 316 cum
965 281 1076 316 Iulius
1105 280 1217 314 inter-

442 336 568 374 ficitur,

390 387 469 420 Non
489 386 596 429 igitur
611 397 671 418 sua
689 396 795 417 manu
811 382 983 417 interfecit
1002 381 1142 416 Iulium.

339 437 496 480 Angelus
511 436 695 469 Persarum
713 442 762 468 est
779 436 815 467 in
836 433 946 474 lonia,

390 487 470 521 Non
490 487 597 530 igitur
613 488 736 520 eodem
754 493 910 529 tempore
928 491 978 517 est
1000 483 1035 515 in
1054 481 1184 515 Persia.

340 538 436 573 Deus
458 538 621 583 promisit
637 549 672 570 se
687 535 879 570 Ecclesiam
899 541 1118 567 servaturum
1136 544 1220 572 esse,
1243 561 1246 571 ⁴

445 601 556 633 usque
579 590 621 622 ad
649 588 752 620 finem
779 586 923 625 mundi,
958 584 1063 618 etiam
1092 583 1127 615 in
1155 581 1219 615 hac
1244 597 1246 605 ·

444 640 536 679 vita,
563 646 596 672 et
612 639 776 680 deinceps
794 644 974 681 perpetum

391 689 485 733 Ergo
511 690 609 724 dabit
626 687 801 722 Ecclesiae
827 687 942 731 aliqua
961 683 1131 727 hospitia,
1158 684 1219 716 ubi
1244 711 1247 726 ,

819 737 912 780 Quia
935 736 1060 768 studiis
1087 734 1219 767 doctri·
1244 736 1246 752 ²

445 803 514 837 ηας
540 802 626 834 opus
659 797 709 822 est
741 790 821 820 sede
849 788 965 832 aliqua
994 793 1027 819 et
1051 784 1219 818 mediocri
1245 800 1247 825 1,

1245 855 1247 869 ε
1273 841 1347 867 tum
1364 835 1405 867 ad
1426 835 1555 869 lumen.

444 741 558 774 studia
585 740 756 773 colantur.

445 841 712 885 tranquillitate.

341 891 513 936 Oportuit
536 889 717 924 Christum
743 889 838 921 nasci
865 889 902 921 in
926 885 1158 927 Bethlehem,
1188 893 1220 919 et

443 942 585 987 quidem
601 948 713 974 stante
729 939 851 983 politia
869 938 1037 978 Mosaica‚

342 993 415 1027 Iam
456 1005 538 1025 vero
577 991 728 1034 amplius
759 990 857 1022 mille
888 997 920 1022 et
953 987 1221 1032 quadringentis

442 1043 544 1076 annis
563 1043 675 1075 iacent
692 1041 806 1074 deleta
823 1037 1030 1073 Bethlehem
1049 1046 1081 1072 et
1100 1038 1220 1082 politia

443 1093 614 1133 Mosaica,

388 1143 484 1188 Ergo
506 1155 644 1176 necesse
661 1149 712 1175 est
729 1139 911 1175 Christum
931 1140 1042 1173 multo
1061 1146 1141 1173 ante
1159 1150 1222 1182 ap-

443 1195 611 1239 paruisse.

287 1245 391 1279 Valet
409 1244 660 1290 consequentia
677 1256 716 1277 ex
736 1243 812 1276 loco
831 1254 849 1275 a
868 1242 1047 1277 connexis.

338 1296 418 1330 Non
442 1297 568 1329 addam
588 1295 705 1340 plures
723 1294 860 1337 regulas
879 1293 921 1325 de
940 1292 1222 1331 circumstantiis,
1246 1328 1247 1338 η

240 1348 322 1393 quia
345 1348 490 1380 modum
514 1344 640 1380 harum
664 1344 952 1389 praeceptionum
976 1355 1047 1376 esse
1072 1349 1222 1387 oportet.

241 1399 398 1432 Tantum
429 1397 583 1430 recitabo
615 1396 782 1429 usitatum
814 1393 1046 1431 versiculum,
1080 1393 1142 1438 qui
1165 1399 1222 1425 ut-

240 1460 379 1494 cunque
395 1447 672 1481 circumstantias
686 1445 864 1478 nominat:
894 1442 1000 1486 Quis,
1024 1443 1128 1488 quid,
1149 1443 1222 1483 ubi,

240 1500 369 1546 quibus
387 1498 544 1537 auxiliis,
571 1509 648 1538 cur,
675 1496 864 1541 quomodo,
892 1495 1046 1539 quando.
1099 1492 1146 1527 Et
1160 1491 1222 1525 has

241 1551 351 1584 sciant
367 1548 516 1582 studiosi
533 1549 570 1581 in
590 1547 742 1590 negociis
758 1545 975 1590 quaerendas
994 1556 1065 1577 esse
1084 1551 1115 1578 et
1133 1556 1223 1588 quo-

241 1602 347 1634 modo
378 1599 461 1631 inde
491 1604 676 1632 sumantur
705 1603 928 1639 argumenta,
962 1595 1063 1628 docet
1093 1594 1221 1638 partim

241 1649 439 1686 communis
469 1649 556 1689 vita,
591 1648 718 1692 partim
743 1646 846 1680 lectio
872 1644 1223 1692 eloquentiumlscri-

239 1710 393 1748 ptorum.
450 1699 496 1734 Ut
519 1698 791 1732 Iurisconsultus
809 1698 918 1729 citans
936 1692 1223 1735 Demosthenem,

241 1752 409 1787 discernit
427 1751 575 1784 iniurias
595 1748 884 1785 circumstantiis,
912 1746 1027 1779 Multa
1046 1746 1128 1779 facit
1145 1757 1222 1777 ver-

243 1906 310 1938 liae
327 1915 427 1937 causa
444 1914 479 1935 se
496 1903 698 1942 verberare,
725 1907 787 1935 etc.
841 1898 1026 1933 Caeterum
1045 1909 1148 1940 supra
1167 1896 1222 1930 di-

243 1963 338 1990 ctum
373 1961 439 1994 est,
480 1952 577 1986 aliud
609 1963 681 1985 esse
711 1962 847 1991 causas,
887 1949 982 1982 aliud
1013 1948 1223 1988 occasiones,

244 2018 332 2052 quae
360 2010 442 2038 sunt
463 2010 661 2046 temporum
685 2009 744 2036 aut
767 2002 942 2040 locorum,
975 2006 1034 2032 aut
1056 2011 1223 2042 persona-

243 2069 325 2091 rum
353 2054 601 2100 congruentia,
636 2064 724 2097 quae
753 2052 846 2084 viam
873 2051 1071 2084 concedunt
1096 2049 1223 2092 agenti,

244 2118 394 2152 quarum
424 2105 528 2138 etiam
559 2115 659 2146 saepe
690 2103 727 2134 in
758 2102 906 2135 dicendo
936 2102 974 2134 fit
998 2100 1149 2139 mentio,
1185 2107 1223 2133 ut

242 2158 339 2192 Deus
354 2157 457 2190 offert
471 2154 687 2188 occasionem
705 2152 906 2195 migrationi
920 2148 1043 2194 Ioseph
1059 2151 1096 2183 in
1110 2149 1223 2195 Aegy-

245 2216 357 2253 ptum.
412 2207 464 2240 Ac
486 2217 606 2238 verum
632 2211 682 2237 est
704 2204 816 2237 bonas
839 2202 1038 2236 occasiones
1059 2202 1095 2233 in
1120 2203 1223 2234 rebus

245 2258 382 2302 maguis
397 2256 463 2291 Dei
487 2257 578 2289 dona
601 2267 691 2294 esse,
717 2254 845 2299 quibus
867 2259 958 2286 recte
980 2252 1033 2285 uti
1054 2252 1223 2295 sapientia

246 2317 314 2350 est,
339 2310 444 2353 idque
464 2306 673 2349 intelligitur
690 2303 757 2338 hoc
773 2305 885 2338 dicto:
914 2301 1090 2347 Oportere
1108 2301 1223 2335 horni-

246 2372 307 2393 nes
331 2371 403 2392 esse
424 2359 540 2391 fabros
556 2369 637 2390 suae
653 2357 826 2390 fortunae.
878 2354 984 2397 Quod
1001 2365 1072 2385 non
1091 2353 1223 2386 intelli-

247 2418 348 2454 gatur
370 2411 412 2442 de
434 2409 535 2442 totali
559 2419 679 2446 causa,
705 2408 764 2440 sed
782 2414 822 2440 ut
838 2405 966 2439 oblatis
981 2404 1223 2438 occasionibus
1249 2401 1250 2405 ¹

244 2467 334 2494 recte
350 2467 504 2494 utantur.

459 2543 705 2583 Adiaccntia
737 2545 777 2581 et
807 2540 1013 2580 adiuncta.

349 2608 461 2651 Supra
483 2609 525 2639 de
548 2607 819 2640 circumstantiis
841 2606 1003 2639 diximus.
1065 2603 1223 2648 Sequens

246 2662 342 2694 locus
370 2660 466 2693 iubet
492 2664 656 2702 perpetua
679 2658 868 2691 accidentia
893 2656 1085 2700 specierum
1108 2655 1222 2687 consi-

498 96 705 135 SCRIPTA
733 96 809 133 PH.
833 93 950 130 MEL.
979 94 1047 131 AD
1074 93 1202 130 HIST.
1229 91 1373 129 PROF.
1399 90 1466 127 ET
1493 91 1683 128 PHILOS.
1706 91 2024 131 SPECTANTIA.

1245 977 1247 989 Ι
1273 935 1416 968 Atrocia
1436 936 1561 969 delicta
1586 936 1801 969 comitantur
1823 947 1968 979 poenae.

1247 1777 1249 1781 ¹
1275 1765 1366 1797 ater,
1414 1771 1570 1799 amarus,

240 1806 380 1843 beranS,
409 1813 497 1847 quae
515 1799 769 1844 repraesentari
787 1798 946 1831 oratione
962 1809 1034 1830 non
1047 1797 1128 1830 satis
1142 1807 1222 1840 pos-
1247 1814 1248 1822 κ

242 1861 342 1894 sunt,
370 1860 487 1896 gestu,
514 1858 671 1895 aspectu,
699 1861 799 1890 voce,
825 1848 1024 1891 significans
1041 1854 1223 1880 contume-
1247 1872 1249 1879 ,

2176 95 2250 130 692

1269 178 1411 219 derare,
1452 184 1571 223 estque
1598 178 1696 211 locus
1721 176 1778 211 hic
1803 179 1940 212 vicinus
1964 180 2127 223 proprio,
2167 180 2251 225 quia

1269 236 1518 273 perpetuorum
1545 226 1779 262 accidentium
1802 231 2017 263 coacervatio
2039 237 2089 264 est
2112 242 2149 263 re
2176 231 2251 275 ipsa

1270 280 1397 323 speciei
1423 280 1638 324 proprietas,
1665 286 1719 312 ut:
1746 276 1994 326 γλυκύῤῥιζαν
2017 281 2250 315 discernimus

1271 330 1314 362 ab
1332 331 1410 363 aliis
1427 330 1625 371 radicibus,
1652 330 1760 373 figura
1779 337 1810 363 et
1830 331 2027 363 dulcedine.
2079 329 2186 365 Utilis
2202 339 2252 366 est

1270 381 1389 423 regula
1419 382 1463 414 ab
1490 380 1678 414 Aristotele
1708 381 1854 414 tradita:
1890 380 2010 414 Posita
2037 381 2148 424 specie
2173 395 2253 415 mox

1272 438 1436 474 perpetua
1467 431 1540 464 eius
1568 432 1761 464 accidentia
1787 432 1986 477 quaerenda
2013 442 2113 472 esse.
2138 438 2177 464 ut
2199 433 2253 466 fa·

1271 481 1369 514 ciunt
1386 482 1572 525 scriptores
1588 482 1624 514 in
1643 483 1842 526 plantarum
1861 481 2107 524 descriptione.
2160 481 2254 516 Haec

1272 539 1439 575 perpetua
1461 533 1652 565 accidentia
1670 533 1902 565 nominantur
1919 533 1963 565 ab
1980 532 2160 576 aliquibus
2179 532 2255 565 Ad-

1273 583 1439 622 iacenfia,
1475 582 1557 626 quia
1588 584 1680 624 apud
1702 584 1928 617 Aristotelem
1959 582 2126 616 dicuntur
2147 595 2256 628 προς-

1271 630 1433 676 κείμενα.
1488 631 1625 665 Deinde
1643 634 1831 667 nominant
1842 632 2038 676 Adiuncta,
2065 645 2255 666 ornamen-

1273 690 1324 723 ta,
1361 694 1450 727 quae
1480 682 1591 715 inesse
1615 684 1721 716 alicui
1745 685 1892 727 debent,
1927 691 1985 717 aut
2010 684 2076 717 alia
2103 690 2256 722 externa,

1273 745 1361 777 quae
1383 744 1521 776 semper
1545 734 1759 767 comitantur
1774 746 1866 774 rem,
1894 742 2018 767 natura
2038 735 2091 767 vel
2109 734 2257 767 ordina-

1273 784 1370 817 tione
1391 784 1526 829 aliqua,
1562 791 1616 817 ut:
1647 783 1779 817 Umbra
1806 785 1992 818 comitatur
2013 796 2138 828 corpus
2160 785 2257 829 posi-

1611 834 1718 868 Recte
1733 835 1820 867 facta
1837 835 2024 868 comitatur
2040 835 2162 878 gloria,
2188 833 2257 868 hoc

1273 892 1342 923 est,
1385 886 1627 929 comprobatio
1667 885 1705 917 in
1745 885 1848 918 bonis
1885 896 1963 918 vere
2005 886 2256 920 iudicantibus-

2024 935 2256 970 Pleuritidem

1273 986 1460 1019 comitatur
1482 986 1600 1019 febris.
1660 985 1733 1019 Nos
1754 986 1936 1020 brevitatis
1959 998 2060 1020 causa
2084 998 2156 1020 uno
2178 987 2256 1020 loco

1273 1036 1545 1080 complectemur
1561 1036 1755 1070 adiacentia
1776 1044 1809 1071 et
1827 1038 2004 1072 adiuncta.
2044 1035 2116 1070 Nec
2132 1037 2257 1081 ignoro

1274 1089 1370 1119 varie
1390 1087 1442 1121 uti
1461 1085 1515 1120 his
1532 1087 1829 1130 appellationibus
1846 1088 2048 1131 scriptores,
2074 1089 2134 1121 sed
2151 1088 2257 1121 omit-

1276 1143 1389 1170 tamus
1416 1135 1657 1185 λογομαχίας,
1690 1145 1724 1172 et
1748 1138 1918 1181 eligamus
1942 1136 2042 1171 utilia
2066 1145 2258 1182 praecepta,

1273 1194 1307 1220 et
1336 1188 1539 1226 videamus,
1571 1190 1749 1233 quomodo
1781 1190 1823 1221 ad
1855 1200 1938 1222 usus
1968 1195 2047 1232 apte
2073 1189 2258 1222 transferri

1274 1245 1431 1281 possunt.
1496 1237 1574 1272 Etsi
1605 1245 1719 1272 autem
1750 1236 1808 1272 hic
1833 1239 1949 1279 locus,
1983 1246 2023 1272 ut
2045 1250 2150 1283 supra
2174 1240 2259 1280 dixi,

1274 1289 1409 1322 includi
1440 1289 1476 1323 in
1509 1289 1625 1322 locum
1659 1290 1793 1332 proprii
1826 1296 1981 1333 poterat,
2029 1297 2146 1323 tamen
2177 1290 2259 1323 utili

1275 1347 1496 1383 praeceptum
1518 1340 1657 1384 saepius
1683 1341 1793 1383 repeti
1819 1352 1891 1373 non
1915 1346 2028 1374 nocet.
2081 1339 2136 1374 Sit
2152 1340 2259 1383 igitur

1274 1386 1359 1422 haec
1376 1391 1512 1432 regula:

1375 1455 1492 1490 Posita
1525 1457 1638 1500 specie
1667 1457 1773 1491 simul
1797 1464 1981 1501 ponuntur
2006 1457 2200 1492 adiacentia
2226 1465 2259 1492 et

1246 1525 1248 1536 ι
1275 1507 1459 1547 adiuncta,
1492 1514 1526 1541 et
1546 1519 1683 1540 rursus:
1721 1507 1907 1540 Destructa
1932 1508 2044 1552 specie
2069 1508 2175 1541 simul
2197 1509 2259 1542 de-

1275 1564 1460 1590 struuntur
1490 1558 1684 1590 adiacentia
1720 1564 1753 1590 et
1778 1558 1955 1593 adiuncta.
2025 1557 2083 1592 Sic
2107 1565 2260 1600 econtra,

1275 1607 1387 1650 posita
1412 1608 1674 1640 coacervatione
1699 1608 1933 1641 adiacentium
1953 1608 2100 1652 ponitur
2117 1609 2259 1653 species,

1275 1664 1313 1690 ut
1334 1658 1373 1690 fit
1394 1657 1430 1689 in
1448 1658 1684 1702 descriptione
1703 1658 1913 1701 plantarum.
1965 1657 2133 1703 Exempla
2153 1657 2259 1694 huius

1275 1708 1342 1741 loci
1366 1708 1499 1753 ubique
1525 1709 1629 1742 obvia
1654 1716 1752 1742 sunt:
1790 1709 1831 1742 ln
1859 1709 2030 1752 sanguine
2055 1717 2106 1743 est
2129 1707 2260 1744 humor

1618 1760 1762 1793 mordax
1777 1787 1785 1799 ,
1828 1761 2015 1800 arrodens,
2055 1760 2259 1795 exulcerans

1275 1809 1451 1852 linguam,
1478 1816 1509 1842 et
1534 1811 1704 1850 foetidus,
1732 1810 1888 1845 Multum
1913 1817 1962 1844 est
1984 1811 2092 1854 igitur
2107 1818 2202 1845 atrae
2219 1824 2258 1845 ac

1275 1861 1418 1894 adustae
1442 1861 1535 1894 bilis.
1615 1860 1704 1894 Nam
1728 1858 1813 1895 haec
1837 1869 1919 1895 sunt
1945 1862 2139 1895 adiacentia
2163 1869 2258 1896 atrae

1276 1911 1357 1944 bilis
1375 1912 1530 1945 adustae.

1429 1969 1577 2003 Metalla
1594 1970 1710 2013 gravia
1729 1976 1821 2009 sunt,

1426 2018 1521 2064 Ergo
1549 2021 1658 2054 multa
1687 2021 1724 2053 in
1751 2021 1800 2053 eis
1823 2026 1913 2053 terra
1940 2027 2008 2062 est,
2042 2021 2124 2066 quia
2145 2028 2259 2057 terrae

1477 2071 1640 2104 adiacens
1659 2083 1694 2104 es
1712 2071 1877 2114 gravitas.

1327 2136 1587 2172 Adiunctorum
1606 2136 1688 2172 haec
1705 2146 1785 2173 sunt
1802 2138 1974 2183 exempla:

1430 2189 1546 2223 Tutor
1564 2196 1624 2229 est,

1428 2237 1522 2283 Ergo
1539 2239 1680 2273 debebit
1698 2240 1843 2272 reddere
1861 2239 2015 2274 rationes
2031 2241 2256 2276 administra—

1482 2297 1535 2324 tae
1553 2290 1692 2324 tutelae.

1429 2348 1638 2383 Contractus
1658 2349 1771 2381 bonae
1796 2349 1876 2382 fidei
1900 2350 2105 2384 adiunctum
2123 2356 2191 2390 est,
2216 2357 2256 2384 ut

1479 2401 1606 2433 damna
1637 2400 1849 2440 sarciantur,
1883 2400 2018 2434 etiamsi
2049 2401 2083 2433 id
2111 2412 2183 2433 non
2206 2407 2256 2434 est

1478 2451 1597 2492 lingua
1617 2458 1875 2494 nuncupatum,

1427 2500 1625 2535 Conductio
1644 2507 1693 2534 est
1710 2508 1908 2534 contractus
1925 2501 2035 2533 bonae
2055 2501 2148 2541 fidei,

1428 2550 1542 2595 Ergo,
1570 2563 1648 2584 cum
1669 2551 1891 2584 conductoris
1907 2550 2007 2593 culpa
2025 2551 2159 2596 aliquid
2177 2563 2255 2584 cor-

1478 2602 1666 2645 rumpitur,
1693 2602 1820 2635 sarcire
1837 2602 1962 2633 damna
1982 2601 2094 2642 debet,
2119 2602 2254 2636 etiamsi

1481 2653 1518 2686 id
1534 2665 1607 2686 non
1626 2659 1674 2686 est
1690 2653 1808 2695 lingua
1826 2658 2075 2696 nuncupatum.
