2379 2948
235 96 307 132 643

236 181 309 212 lum
345 180 523 224 quomodo
559 180 753 212 vestiantur
785 179 962 219 membra,
1007 180 1065 212 sed
1103 180 1247 222 etiam,l

238 242 325 274 quae
354 231 523 263 servanda
559 230 602 261 sit
635 229 857 261 mediocritas
890 230 925 262 in
951 231 1123 264 ornando.
1177 229 1245 271 ln¹

240 280 438 313 Miloniana
457 278 512 312 liic
531 279 755 324 syllogismus
774 280 981 323 praecipuus
1001 288 1064 314 est:

391 339 472 370 Yim
491 339 523 370 vi
543 338 719 381 depellere
738 339 866 372 iustum
884 347 952 380 est,

390 389 480 422 Milo
499 389 568 421 vim
588 389 622 421 vi
641 389 797 433 depulit,
1244 429 1246 435 ,

391 438 484 473 Iuste
504 440 610 482 igitur
626 439 718 473 fecit.
1244 449 1247 478 ἱ

338 501 378 532 In
396 499 599 532 defensione
616 497 864 533 Demosthenis
889 512 1014 544 magna
1039 512 1117 544 pars
1140 511 1219 532 ora-
1245 506 1247 518 ¹

240 551 348 584 tionis
366 550 584 584 consumitur
600 550 637 582 in
656 548 721 583 hoc
739 551 957 595 syllogismo:

389 599 544 635 Honesta
568 601 713 633 consilia
746 603 923 645 sequenda
955 608 1054 641 sunt,
1084 600 1219 634 etiamsi

435 652 621 684 coniuncta
633 658 713 684 sunt
723 663 801 684 cum
813 652 976 695 periculis
987 658 1017 684 et
1027 652 1220 692 laboribus,

391 702 512 735 Bleum
531 701 717 734 consilium
736 702 802 735 fuit
821 700 1027 740 honestum,

392 751 487 795 Ergo
507 758 597 785 recte
615 752 790 785 consului.

340 811 413 843 Iam
427 811 666 844 consideretur
685 823 772 855 quae
787 818 934 856 uterque
951 817 1070 844 orator
1086 811 1221 843 lumina

241 862 428 894 verborum
449 868 482 894 et
498 861 751 895 sententiarum
768 874 830 894 suo
851 868 1056 904 argumento
1073 861 1219 894 addide-

240 913 297 946 rit.
334 911 425 944 Illud
450 912 553 944 etiam
578 912 765 945 observent
792 912 978 953 discentes,
1006 925 1023 945 a
1041 912 1222 955 scriptori-

239 963 306 995 bus
321 959 529 996 Rhetorices
545 963 712 995 maiorem
724 970 756 996 et
772 963 944 995 minorem
960 963 1076 996 vocari
1093 963 1221 1001 αἴτιον,
1247 972 1250 1014 f

239 1012 336 1045 illam
363 1024 445 1046 vero
476 1013 771 1057 propositionem,
806 1010 1046 1059 κρινόμενον,
1082 1014 1124 1046 de
1152 1026 1219 1057 qua

239 1070 320 1096 ante
338 1063 599 1097 conclusionem
616 1063 816 1104 dimicatur,
844 1064 915 1097 sive
933 1065 976 1098 sit
995 1064 1119 1102 maior,
1149 1064 1221 1096 sive
1247 1097 1249 1122 ἲ

239 1126 369 1150 minor.
1247 1128 1250 1159 2

321 1208 424 1248 Quae
453 1211 511 1240 esi*
535 1209 660 1251 prima
691 1206 825 1241 clii-isio
854 1206 1138 1252 quaestionum?

341 1272 597 1315 Quaestionum
616 1273 683 1306 alia
704 1274 921 1317 estsimplex‚
950 1274 983 1306 id
1002 1281 1062 1314 est,
1091 1275 1132 1306 de
1149 1286 1220 1306 uno

240 1324 432 1364 vocabulo,
458 1331 511 1357 ut:
541 1323 638 1365 Quid
657 1331 706 1357 est
728 1324 866 1357 virtus?
906 1323 1003 1366 Quid
1021 1331 1070 1357 est
1089 1325 1221 1368 gloria?

240 1373 321 1406 Alia
347 1381 396 1406 est
423 1374 628 1411 coniuncta,
656 1375 691 1406 id
717 1381 784 1414 est,
812 1375 854 1407 de
882 1387 952 1407 una
978 1375 1220 1418 propositione

240 1432 299 1456 aut
316 1424 487 1467 pluribus,
515 1431 570 1457 ut:
599 1423 706 1457 Estne
721 1425 832 1457 virtus
850 1425 928 1456 finis
944 1422 1124 1457 hominis?
1158 1424 1219 1457 Li-

241 1483 338 1507 cetne
354 1472 558 1507 Christiano
574 1474 675 1511 ,bella
697 1474 839 1517 gerere?
871 1475 984 1518 Supra
1005 1482 1119 1508 autem
1139 1476 1220 1508 bre-

240 1525 331 1557 viter
354 1525 486 1557 dictum
506 1531 555 1557 est
581 1525 622 1557 de
642 1523 809 1558 methodo
831 1526 1028 1568 explicandi
1046 1526 1221 1569 simplices

240 1576 471 1619 quaestiones.
524 1574 593 1608 Sed
614 1576 807 1619 propositio
834 1576 1060 1608 confirmatur
1085 1583 1144 1608 aut
1166 1589 1220 1609 re-

239 1627 373 1659 futatur
397 1637 458 1668 per
482 1625 592 1665 locos,
627 1637 715 1669 quos
745 1626 782 1658 in
808 1624 872 1658 hac
894 1634 991 1669 parte
1013 1624 1220 1659 Dialectices

240 1676 480 1713 recitabimus,
521 1676 580 1719 qui
616 1682 733 1709 tamen
767 1676 888 1708 affines
924 1683 1005 1709 sunt
1039 1675 1218 1715 methodo,

239 1738 343 1771 quam
363 1737 465 1769 supra
483 1726 627 1759 tradidi.
682 1725 727 1760 Ut
747 1727 840 1759 enim
857 1727 1061 1771 explicanda
1077 1734 1127 1760 est
1150 1740 1219 1760 una

240 1789 305 1809 vox
329 1789 388 1820 per
414 1776 678 1814 definitionem,
716 1777 946 1818 divisionem,
974 1789 1113 1818 causas,
1137 1778 1220 1811 effe-

239 1835 331 1867 ctus,
358 1827 405 1860 ita
422 1833 538 1871 postea
557 1839 595 1859 ex
615 1827 738 1859 iisdem
752 1828 911 1861 sontibus
927 1836 1132 1871 argumenta
1156 1841 1220 1861 na-

238 1884 392 1910 scuntur.
454 1877 542 1909 Nam
567 1877 736 1910 iudicium
761 1880 804 1911 de
832 1879 1030 1913 coniunctis
1057 1880 1172 1914 oritur
1200 1891 1218 1913 a

239 1928 440 1971 cognitione
460 1934 492 1961 et
511 1927 697 1961 collatione
713 1929 938 1972 simplicium.

330 2022 403 2056 Cur
431 2021 572 2055 dicitur
599 2023 736 2066 triplex
763 2034 841 2057 esse
867 2023 1126 2070 sylloyismus?

337 2087 428 2123 Cum
454 2089 584 2122 dicitur
599 2089 665 2122 tria
685 2100 757 2122 esse
774 2101 900 2133 genera
918 2092 1216 2136 syllogismorum,

236 2142 278 2173 {le
295 2140 439 2174 materia
457 2139 597 2172 dicitur.
649 2138 738 2172 Nam
764 2141 831 2173 alia
854 2148 903 2174 est
927 2143 1071 2175 materia
1097 2155 1217 2176 neces-

236 2191 344 2231 saria,
371 2190 437 2223 alia
457 2190 670 2233 probabilis,
695 2190 761 2223 alia
784 2192 887 2232 salsa,
914 2203 973 2225 seu
997 2193 1130 2236 palam,
1157 2206 1216 2227 seu

234 2242 385 2285 speciem
413 2241 487 2273 veri
514 2239 658 2274 habens.
714 2240 800 2274 Inde
826 2242 938 2276 extitit
969 2240 1054 2276 haec
1088 2244 1215 2277 divisio

234 2292 532 2337 syllogismorum:
583 2292 657 2324 Alii
695 2299 777 2325 sunt
814 2292 1110 2335 Demonstrativi,
1155 2270 1244 2343 alii!

234 2341 435 2382 Dialectici,
463 2342 523 2374 alii
540 2339 747 2387 Sophistici.

332 2400 638 2435 Demonstrativus
660 2408 728 2442 est,
757 2403 818 2447 qui
843 2409 979 2437 constat
1002 2416 1042 2437 ex
1067 2405 1213 2439 materia

234 2453 424 2485 necessaria
443 2460 476 2486 et
491 2453 655 2493 immota,
681 2459 735 2486 ut:

384 2502 603 2546 Impossibile
636 2510 685 2537 est
717 2516 843 2548 corpus
874 2504 1053 2539 infinitum
1077 2507 1211 2540 moveri
1238 2520 1239 2523 ¹

437 2553 653 2587 circulariter
664 2581 672 2594 ,

477 92 684 129 SCRIPTA
712 93 788 127 PH.
818 93 933 128 MEL.
964 92 1030 131 AD
1059 93 1186 130 HIST.
1216 92 1358 129 PROF.
1387 92 1452 128 ET
1479 92 1669 129 PHILOS.
1698 95 2018 134 SPECTANTIA.

382 2600 527 2635 Coelum
544 2612 704 2638 movetur
719 2605 948 2646 circulariter,

380 2649 475 2695 Ergo
497 2654 632 2687 coelum
655 2667 727 2689 non
745 2663 795 2690 est
816 2656 1005 2692 infinitum.

2177 100 2250 136 644

1372 178 1586 212 Dialecticus
1611 178 1834 223 syllogismus
1859 188 1927 220 est,
1965 183 2024 228 qui
2051 189 2185 218 constat
2212 196 2251 217 ex

1271 230 1416 262 materia
1454 228 1652 273 probabili,
1697 237 1755 268 ut,
1801 242 1880 263 cum
1922 243 2022 266 causa
2059 234 2252 279 quaeritur,

1271 292 1378 324 quare
1396 281 1566 324 septimus
1582 280 1655 312 dies
1678 280 1715 312 in
1738 280 1873 314 morbis
1897 281 2037 316 criticus
2061 285 2121 323 sit,
2147 296 2251 328 argu—

1271 337 1428 364 mentum
1450 330 1633 374 probabile
1655 331 1821 364 traditur:

1371 380 1656 416 Consentaneum
1684 388 1752 422 est,
1786 393 1865 414 cum
1890 381 1992 415 Luna
2019 384 2115 417 venit
2137 387 2180 418 ad
2206 387 2254 420 si-

1423 443 1532 475 gnum
1559 433 1755 464 contrariae
1787 439 1954 473 naturae,
1987 445 2098 467 novos
2127 432 2254 470 humo-

1421 494 1499 515 rum
1529 489 1644 514 motus
1668 483 1705 514 in
1728 483 1936 527 corporibus
1961 484 2125 526 excitari,
2152 486 2255 519 dissi-

1427 533 1526 565 miles
1543 532 1644 565 initio
1663 534 1796 574 morbi,

1373 582 1530 626 Septimo
1557 583 1613 615 die
1638 584 1734 617 venit
1760 584 1861 617 Luna
1885 585 1928 617 ad
1954 585 2093 628 signum
2113 593 2256 621 contra-

1425 634 1496 665 riae
1513 639 1659 666 naturae
1670 660 1677 674 ‚

1375 681 1438 716 Est
1458 683 1566 726 igitur
1582 683 1763 716 dissimilis
1781 692 1896 719 motus
1920 683 2130 727 humorum,
2156 687 2256 720 ideo—

1426 746 1492 778 que
1509 730 1566 766 hie
1586 734 1659 766 dies
1682 734 1824 767 criticus
1841 742 1901 769 est.

1709 824 1823 855 Aliud.

1375 884 1660 919 Consentaneum
1679 893 1739 925 est,
1755 886 1927 929 originem
1944 899 2111 921 venarum
2129 899 2200 921 esse
2216 899 2256 921 eo

1427 937 1522 976 loco,
1549 936 1610 969 nbi
1636 938 1785 969 maxima
1810 943 1859 969 est
1887 949 1993 978 vena,
2026 945 2064 971 ut
2089 939 2255 971 arborum

1427 987 1528 1019 initia
1547 987 1662 1019 trunci
1683 994 1765 1020 sunt
1782 987 1963 1020 densiores
1978 989 2112 1033 reliqua
2129 995 2242 1032 parte,

1375 1034 1428 1069 Ex
1447 1043 1544 1080 epate
1564 1037 1681 1080 prodit
1699 1049 1789 1070 vena
1808 1038 1968 1071 omnium
1987 1039 2156 1080 maxima,

1379 1086 1491 1130 Igitur
1503 1087 1535 1119 id
1549 1087 1690 1120 initium
1703 1095 1734 1121 et
1744 1089 1839 1121 velut
1853 1095 1998 1122 truncus
2014 1096 2063 1123 est
2077 1101 2257 1123 venarum.

1601 1177 1706 1209 Aliud
1723 1188 1785 1219 pro
1807 1178 1935 1210 Roscio.

1376 1239 1457 1274 Non
1482 1247 1531 1273 est
1554 1247 1845 1281 consentaneum,
1879 1240 2034 1284 potuisse
2063 1252 2144 1274 mox
2175 1242 2258 1275 dor-

1427 1291 1515 1324 mire
1532 1291 1640 1332 filios,
1666 1292 1695 1323 si
1710 1291 1965 1324 interfecissent
1978 1298 2111 1334 patrem
2123 1318 2130 1332 ,

1376 1339 1517 1374 Inventi
1551 1349 1632 1375 sunt
1662 1348 1779 1375 autem
1813 1342 1878 1374 filii
1909 1342 2142 1382 dormientes,
2177 1354 2257 1376 cum

1426 1392 1581 1434 primum
1598 1393 1666 1424 iam
1684 1399 1783 1435 pater
1799 1391 2001 1425 interfectus
2017 1398 2118 1432 esset,

1376 1440 1659 1475 Consentaneum
1675 1449 1724 1476 est
1742 1442 1850 1485 igitur
1863 1469 1870 1483 ,
1897 1443 2036 1475 caedem
2056 1443 2100 1475 ab
2119 1442 2167 1475 eis
2182 1454 2256 1476 non

1425 1504 1497 1525 esse
1517 1493 1655 1527 factam.

1377 1541 1419 1575 In
1440 1541 1507 1576 hoc
1525 1555 1650 1586 genere
1669 1543 1737 1575 alia
1760 1543 1870 1585 magis
1895 1543 2093 1586 probabilia
2117 1549 2151 1576 et
2173 1543 2257 1577 illu-

1273 1593 1398 1626 striora
1429 1601 1528 1632 sunt,
1557 1594 1625 1626 alia
1651 1593 1781 1627 minus.
1835 1592 1925 1627 Cum
1947 1599 2063 1626 autem
2086 1605 2158 1627 non
2175 1601 2257 1628 sunt

1273 1643 1438 1676 immotae
1470 1644 1806 1685 demonstrationes,
1838 1651 1878 1677 ut
1904 1651 1985 1678 sunt
2016 1644 2257 1687 geometricae,

1274 1694 1440 1727 dicuntur
1454 1693 1644 1727 Dialectica
1660 1701 1875 1737 argumenta.
1916 1693 1975 1728 Sic
1992 1695 2087 1727 enim
2103 1701 2256 1729 vetustas

1273 1744 1494 1789 loquebatur.
1549 1744 1747 1778 Geometris
1773 1745 1950 1779 tribuebat
1979 1745 2255 1779 demonstratio-

1273 1807 1374 1836 nem,
1410 1803 1541 1829 caetera
1574 1796 1612 1828 in
1643 1796 1798 1829 materiis
1827 1793 1980 1841 physicis
2004 1802 2037 1829 et
2059 1796 2255 1830 moralibus

1273 1857 1397 1889 magna
1414 1858 1453 1879 ex
1472 1853 1570 1891 parte
1587 1845 1929 1880 vocabatDialectica
1948 1853 2164 1889 argumenta.
2189 1844 2255 1881 Et-

1273 1897 1301 1930 si
1325 1897 1418 1930 enim
1444 1898 1482 1929 in
1503 1895 1558 1930 his
1581 1897 1719 1941 aliquae
1741 1904 1823 1931 sunt
1839 1897 2174 1935 demonstrationes,
2202 1903 2254 1930 ta-

1245 1957 1247 1963 ’
1272 1959 1355 1980 men
1372 1947 1482 1981 multo
1499 1949 1612 1981 maior
1630 1959 1709 1991 pars
1728 1954 1864 1981 tantum
1883 1946 2082 1991 probabiles
2092 1948 2254 1981 materias

1272 1999 1441 2033 continet.
1493 1997 1541 2032 Et
1559 2000 1600 2031 de
1618 1998 1741 2031 iisdem
1758 1999 1863 2031 rebus
1881 1996 1985 2031 multi
2001 1997 2157 2031 diversas
2173 2008 2254 2031 sen-

1273 2050 1398 2083 tentias
1415 2049 1658 2092 probabilibus
1674 2049 1888 2091 argumentis
1905 2049 2136 2092 quaerebant,
2157 2055 2196 2082 ut
2211 2049 2254 2082 de

1275 2106 1507 2139 terraemotu,
1533 2111 1578 2132 an
1596 2111 1695 2132 causa
1714 2099 1757 2132 sit
1774 2102 1833 2132 ae'r
1847 2099 2004 2131 inclusus
2018 2098 2055 2131 in
2074 2099 2168 2132 cavis
2185 2106 2254 2132 ter-

1274 2162 1332 2183 rae
1347 2150 1446 2191 locis,
1462 2161 1507 2182 an
1524 2161 1607 2182 vero
1624 2161 1722 2194 aqua.
1750 2147 1828 2182 Hoc
1845 2161 1954 2192 genus
1971 2149 2251 2193 disputationum

1242 2230 1245 2236 .
1272 2202 1364 2245 quod
1391 2200 1590 2244 probabilia
1614 2207 1781 2241 venatur,
1807 2207 1976 2245 tanquam
2001 2200 2040 2232 in
2063 2200 2251 2245 colloquio,

1270 2264 1348 2285 cum
1374 2252 1413 2284 in
1444 2252 1563 2284 eadem
1585 2262 1623 2283 re
1645 2251 1756 2284 multa
1780 2250 1984 2283 verisimilia
2010 2250 2250 2292 conferuntur,

1270 2303 1443 2335 vocabant
1465 2300 1709 2334 Dialecticum.
1744 2300 1848 2334 Nunc
1862 2301 2073 2336 Dialecticae
2097 2312 2176 2346 pars
2199 2308 2250 2335 est

1270 2353 1374 2386 etiam
1392 2352 1553 2385 doctrina
1570 2353 1612 2385 de
1632 2352 2004 2386 demonstrationibus-

1369 2400 1589 2447 Sophisticus
1614 2403 1836 2448 syllogismus
1860 2409 1929 2443 est,
1963 2402 2025 2448 qui
2049 2409 2183 2436 constat
2207 2414 2247 2436 ex

1266 2454 1392 2494 falsis,
1419 2455 1476 2486 sed
1497 2460 1612 2487 tamen
1635 2454 1785 2498 speciem
1800 2453 1873 2486 veri
1890 2451 2112 2492 habentibus,
2139 2460 2177 2486 ut
2192 2465 2250 2486 so-

1267 2503 1459 2549 phisticum
1493 2511 1542 2538 est
1569 2502 1717 2548 Epicuri
1749 2510 2014 2547 argumentum,
2054 2503 2117 2536 etsi
2148 2504 2248 2537 valde

1236 2574 1238 2580 ⁴
1267 2556 1462 2600 speciosum
1479 2562 1544 2588 est:

1416 2605 1547 2639 Natura
1567 2613 1659 2639 recto
1678 2613 1711 2640 et
1729 2606 1853 2640 ultimo
1875 2604 2052 2650 appetitu,
2082 2604 2134 2638 sui
2161 2616 2247 2638 con-

1464 2657 1698 2691 servationem
1714 2655 1866 2701 appetit,
