2379 2948
67 101 142 137 961
184 152 186 154 η
428 98 473 135 V.

70 196 210 219 reamur
226 184 324 218 falsis
349 184 540 229 impiorum
563 185 724 226 iudiciis,
750 186 1005 229 amplectamur
1031 192 1063 219 et

69 236 284 270 retineamus
308 234 493 279 Evangelii
520 249 659 277 vocem,
685 248 841 269 amemus
859 243 891 269 et
916 247 1061 268 venere-

66 299 147 319 mur
164 298 280 319 veram
298 285 509 327 Ecclesiam,
536 287 687 320 sciamus
706 287 781 330 pios
801 299 871 319 non
893 286 1060 329 ignavum

66 338 181 371 ocium
211 338 347 379 vocari,
374 339 432 371 sed
458 339 501 371 ad
527 338 691 372 militiam
718 338 878 371 omnium
904 338 1061 370 difficili-

66 400 172 424 mam.

168 491 296 525 Hostes
313 491 420 535 igitur
438 490 607 524 noscendi
625 497 726 529 sunt,
745 491 922 524 noscenda
941 500 975 524 et
991 488 1057 524 ho-

65 542 172 577 stium
198 543 305 585 signa.
367 540 539 574 Diabolus
562 541 658 574 varie
681 542 871 574 insidiatur
892 543 1058 575 omnibus

65 592 290 632 hominibus,
318 593 404 625 alios
428 592 585 636 implicat
603 592 682 625 aliis
698 593 907 633 sceleribus,
934 593 1057 626 libidi-

64 645 190 686 nibus,
217 644 402 683 caedibus,
431 643 634 687 rapacitati,
668 644 788 677 multis
812 644 967 678 ossnndit
989 644 1056 676 fal-
1083 664 1084 668 =

63 707 118 729 sas
141 695 324 739 opiniones
349 695 391 726 de
415 694 596 737 religione.
657 695 839 728 Adversus
872 692 966 728 hunc
989 692 1055 728 ho-

63 753 150 780 stem
166 746 312 789 singulis
329 744 467 778 assidue
480 746 723 779 dimicandum
742 753 802 784 est,
833 753 864 778 et
885 757 975 790 quae
995 758 1052 778 ra-

64 797 113 831 tio
139 798 181 830 sit
202 796 418 840 praeliandi,
446 803 579 830 norunt
601 797 661 840 pii.
716 796 888 829 Tenenda
917 804 965 830 est
990 798 1055 830 do-

63 848 174 882 ctrina
201 859 218 880 a
245 846 320 880 Deo
343 847 489 885 tradita,
517 854 549 880 et
572 848 640 879 fide
664 848 854 891 petendum
883 848 1053 880 auxilium

62 910 80 930 a
99 897 193 939 Deo,
221 899 310 931 sicut
326 895 489 932 Christus
507 898 622 931 iussit:
653 898 782 939 Petite,
808 905 841 931 et
858 899 1052 942 accipietis:

62 956 93 982 et
127 949 388 982 confirmandae
422 956 504 983 sunt
540 957 694 991 mentes,
736 961 780 982 ne
810 950 1054 993 obtemperent

61 999 162 1033 malis
181 1000 367 1035 illecebris,

164 1059 283 1092 Habet
309 1066 424 1093 autem
445 1059 609 1092 diabolus
628 1066 661 1093 et
679 1071 809 1102 organa
827 1071 899 1100 sua,
924 1057 1051 1093 Maho-

60 1117 173 1144 metus
199 1112 311 1154 palam
343 1111 449 1144 infert
477 1111 610 1144 bellum
629 1108 791 1149 Christo,
820 1119 852 1145 et
879 1122 981 1144 nosse
1006 1112 1053 1144 si-
1078 1122 1080 1138 1

59 1173 127 1203 gna
143 1159 284 1194 hostilia
300 1162 401 1194 facile
419 1168 478 1195 est.
533 1160 626 1204 Quia
651 1162 746 1194 enim
765 1162 884 1195 abiicit
908 1162 1053 1195 univer-

61 1224 134 1245 sam
159 1213 359 1246 doctrinam
384 1213 550 1245 traditam
585 1225 648 1255 per
674 1211 867 1257 Prophetas
893 1219 924 1246 et
953 1213 1052 1257 Apo—

39 1291 42 1298 .
61 1264 190 1304 stolos,
217 1261 352 1297 hostem
373 1275 445 1296 esse
464 1262 528 1296 Dei
546 1261 636 1296 nihil
657 1265 805 1297 dubium
831 1271 889 1297 est.
933 1263 1053 1307 Quare

59 1314 225 1358 fugienda
245 1323 277 1349 et
295 1315 486 1347 execranda
504 1321 553 1347 est
571 1312 767 1348 Mahometi
784 1315 969 1349 doctrina..

162 1374 280 1408 Habet
315 1380 348 1407 et
381 1374 448 1406 alia
474 1385 604 1416 organa
631 1375 813 1414 diabolus,
847 1374 1051 1418 Epicureos,

58 1425 119 1471 qui
148 1437 270 1458 omnes
294 1425 481 1468 religiones
507 1425 693 1459 inflectunt
717 1426 761 1458 ad
781 1437 878 1458 suam
897 1432 935 1459 ut
953 1426 1052 1459 utili-

57 1483 182 1518 tatem,
210 1477 292 1522 quia
310 1476 568 1510 commentitias
588 1488 660 1509 esse
677 1483 813 1520 putant.

162 1534 248 1569 Item
262 1560 271 1574 ,
298 1535 333 1567 in
350 1535 426 1579 ipso
445 1541 562 1575 eoem,
589 1535 651 1580 qui
665 1535 957 1571 titulum-retinet
983 1535 1052 1570 Ec-

58 1586 184 1621 clesiae
201 1585 287 1626 Dei,
314 1585 500 1619 Pontifices
518 1593 550 1619 et
562 1584 751 1627 Doctores,
777 1587 837 1631 qui
855 1588 1052 1621 defendunt

58 1638 175 1679 idola,
199 1644 232 1671 et
249 1637 431 1670 abducunt
447 1643 581 1682 mentes
599 1649 615 1669 a
634 1649 712 1670 vera
731 1637 970 1673 invocatione.
1013 1638 1049 1672 Id

58 1701 206 1733 regnum
234 1689 335 1721 etiam
363 1687 668 1732 complectendum
701 1695 751 1722 est
777 1688 922 1721 nomine
947 1688 1052 1724 Anti-

57 1739 180 1774 christi
197 1746 230 1773 et
246 1739 441 1774 vitandum,
467 1752 472 1756 ·

162 1798 276 1832 Valde
300 1805 417 1832 movet
449 1799 619 1843 quosdam
645 1799 885 1831 venerandum
920 1811 1051 1831 nomen

58 1849 256 1891 Ecclesiae,
291 1850 385 1895 quod
409 1850 485 1881 loco
509 1855 541 1882 et
566 1849 685 1881 ordini
710 1849 865 1882 tribuere
888 1847 1052 1882 homines

59 1902 189 1942 solent,
218 1901 297 1934 ideo
321 1900 357 1933 in
376 1912 417 1934 eo
436 1907 536 1933 coetu
559 1912 630 1932 non
652 1899 852 1933 existimant
876 1901 1052 1944 pernicio—

60 1964 116 1986 sos
138 1964 272 1985 errores
300 1963 383 1986 esse.
437 1950 505 1984 Sed
533 1963 598 1983 vox
623 1948 754 1985 Christi
779 1952 961 1995 perspicua
987 1964 1050 1985 nos

61 2010 196 2042 monet,
224 2004 260 2036 in
277 2000 343 2036 hoc
361 2002 436 2046 ipso
453 2009 573 2042 coetu,
602 2002 663 2047 qui
677 2013 712 2034 se
727 1999 859 2036 Christi
879 2003 1048 2046 populum

62 2066 134 2087 esse
158 2054 357 2097 profitetur,
385 2054 459 2086 fore
476 2053 619 2086 dissidia
639 2054 680 2086 de
705 2054 881 2094 doctrina,
912 2060 996 2086 tunc
1021 2054 1050 2086 si

61 2105 141 2150 quis
167 2104 268 2137 dicit:

61 2156 211 2190 credite:
247 2153 460 2190 Exorientur
485 2157 578 2189 enim
604 2156 705 2188 multi
725 2153 991 2190 Pseudochristi
1018 2163 1049 2188 et

61 2204 415 2250 Pseudoprophetae,
452 2214 484 2240 et
505 2207 635 2240 facient
658 2207 777 2249 signa,
808 2213 844 2239 ut
871 2208 1049 2244 seducant,

62 2259 90 2291 si
107 2258 181 2290 fieri
198 2264 329 2301 posset,
358 2258 461 2290 etiam
481 2259 618 2293 electos.
671 2256 767 2290 Haec
791 2259 834 2290 de
857 2255 912 2291 his
936 2259 1050 2301 impo-

61 2309 216 2342 storibus
241 2309 425 2348 dicuntur,
453 2309 511 2353 qui
531 2309 655 2342 volunt
683 2307 868 2357 perhiberi
894 2310 1048 2342 membra

60 2358 258 2399 Ecclesiae,
286 2371 357 2391 non
376 2360 417 2391 de
434 2358 675 2402 Diocletiano,
703 2367 761 2393 aut
780 2360 876 2400 aliis,
903 2361 963 2405 qui
990 2372 1050 2404 pa-

61 2412 130 2445 lam
151 2418 278 2454 gerunt
294 2410 426 2442 bellum
447 2422 525 2442 cum
543 2411 688 2444 nomine
707 2409 854 2445 Christi.

168 2468 215 2503 Et
232 2470 265 2503 Ξ.
284 2467 353 2502 Pet.
371 2469 405 2503 2.
459 2467 556 2501 lnter
571 2480 650 2510 vos,
675 2470 813 2515 inquit,
841 2476 961 2509 erunt,
989 2470 1048 2514 qui

42 2521 146 2559 >falsa
175 2521 364 2554 docebunt.
418 2518 533 2552 Erunt
558 2519 665 2562 igitur
689 2532 841 2561 errores,
875 2533 947 2554 non
972 2527 1051 2554 tan-

63 2579 136 2605 tum
161 2572 254 2616 apud
275 2578 436 2603 externos
453 2568 586 2607 hostes,
615 2569 893 2612 Diocletianum,
920 2569 1050 2604 Maho-

62 2629 211 2663 metum,
240 2629 272 2655 et
296 2622 445 2659 similes,
473 2622 530 2653 sed
559 2621 663 2654 etiam
690 2621 727 2653 in
752 2621 814 2655 illo
839 2623 914 2665 ipso
939 2629 1051 2662 coetu,

65 2673 125 2717 qui
141 2680 284 2707 vocatur
301 2671 458 2706 Ecclesia
477 2670 562 2712 Dei,
588 2672 637 2705 sic
662 2678 695 2705 et
713 2671 842 2706 Paulus
868 2673 985 2718 inquit
1012 2673 1049 2705 in
1074 2673 1078 2717 ξ

117 2726 291 2756 MELANTH.
314 2726 415 2756 Opnn.
445 2725 522 2755 Vox„
540 2724 633 2757 ΧῙΠ.

529 98 579 134 IN
606 96 869 134 DANIELEM
895 96 1212 134 PROPHETAM
1241 95 1659 137 COMMENTARIUS.

322 2104 410 2138 Ecce
437 2103 493 2138 hic
517 2111 567 2138 est
595 2102 776 2143 Christus,
805 2112 863 2137 aut
888 2105 978 2145 illic,
1006 2117 1049 2137 ne
1076 2117 1077 2121 ¹

2041 102 2115 138 962

1117 181 1216 217 Actis
1242 196 1318 228 cap.
1336 184 1413 220 20.:
1468 184 1549 219 Scio
1583 193 1662 230 post
1691 185 1882 220 discessum
1907 200 2024 222 meum
2049 201 2110 233 pe-

1117 241 1318 268 netraturus
1350 236 1393 268 ad
1428 247 1489 269 vos
1517 237 1618 280 lupos
1640 250 1780 281 rapaces
1806 245 1868 272 etc.
1921 238 2023 272 Clare
2054 241 2111 272 di-

1116 286 1162 319 cit
1188 286 1225 318 in
1252 297 1291 318 eo
1316 293 1434 326 coetu,
1463 288 1524 331 qui
1551 294 1696 321 vocatur
1722 286 1876 322 Ecclesia
1903 289 1985 331 Dei,
2013 301 2109 333 gras-

1114 343 1251 369 saturos
1281 348 1353 369 esse
1384 337 1497 378 10ρο5.
1557 337 1652 382 Ergo
1687 340 1829 373 fuerunt
1860 347 1892 373 et
1924 348 2028 374 erunt
2051 353 2107 373 er-

1114 399 1211 420 rores
1234 387 1352 430 magni
1380 394 1412 420 et
1433 388 1622 431 perniciosi
1648 392 1741 432 apud
1770 402 1846 435 eos,
1875 391 1934 436 qui
1953 392 2107 426 retinent

1114 450 1244 471 nomen
1262 437 1447 471 Ecclesiae.
1503 436 1549 472 Et
1567 445 1683 472 tamen
1702 449 1822 482 erunt,
1852 443 1912 487 qui
1937 439 1990 475 his
2008 455 2106 475 erro-

1113 490 1212 522 ribus
1236 490 1517 531 refragaliuntur.
1573 489 1720 523 Necesse
1750 499 1799 525 est
1829 493 1979 526 iudicari
2008 506 2105 526 erro-

1113 551 1183 580 res,
1218 548 1251 574 et
1274 540 1415 583 agnosci
1441 540 1538 583 signa
1560 538 1714 574 hostium
1733 541 1810 576 Dei.
1863 542 1934 576 Nec
1958 544 2023 577 alia
2054 551 2105 577 est

1113 603 1235 624 norma
1269 588 1375 624 huius
1407 591 1553 635 iudicii,
1601 592 1668 624 nisi
1707 592 1821 636 ipsum
1855 591 2103 639 Evangelium,

1111 643 1200 675 sicut
1223 641 1353 675 Paulus
1380 642 1513 687 inquit:
1563 641 1601 675 Si
1632 643 1711 687 quis
1746 643 1843 675 aliud
1870 641 2101 686 Evangelium

1111 694 1229 733 docet,
1259 691 1445 725 anathema
1473 693 1528 727 sit.
1590 693 1664 726 Iam
1695 694 1724 726 si
1755 700 1889 727 constet
1921 696 2104 738 pontifices

1111 751 1143 777 et
1167 745 1327 777 doctores
1352 744 1540 776 defendere
1557 756 1692 776 errores
1718 751 1840 778 contra
1859 742 2103 788 Evangelium,

1110 795 1306 827 necessario
1331 794 1509 827 refutandi
1533 801 1565 827 et
1591 795 1727 827 vitandi
1751 802 1851 836 sunt,
1879 795 1966 829 sicut
1994 794 2102 829 Chri—

1110 853 1182 879 stus
1201 846 1335 890 inquit:
1365 844 1483 878 Nolite
1503 846 1654 878 credere.

1211 911 1306 945 Haec
1324 913 1538 956 opponenda
1557 918 1638 945 sunt
1657 909 1729 953 his,
1758 913 1817 957 qui
1838 914 1948 946 videri
1975 916 2100 949 volunt

1080 981 1081 989 1
1109 959 1383 1008 (ἳντᾳιάρτηῑοι,
1412 970 1615 1007 propterea,
1652 965 1748 1007 quod
1774 964 1841 997 sibi
1867 965 2007 998 titulum
2033 965 2102 1000 Ec-

1109 1015 1232 1047 clesiae
1257 1015 1431 1049 tribuunt.
1487 1014 1605 1056 Quare
1631 1013 1698 1046 sibi
1727 1014 1875 1059 quisque
1898 1017 2101 1059 perspicuos

1107 1065 1274 1098 articulos
1302 1072 1497 1108 proponat,
1525 1072 1562 1098 ut
1590 1066 1632 1097 de
1657 1064 1814 1099 Ecclesia
1842 1079 1921 1098 vere
1949 1075 2099 1101 statuere

1109 1117 1226 1159 possit.
1280 1115 1425 1148 Necesse
1451 1122 1500 1149 est
1526 1116 1619 1148 enim
1646 1115 1722 1160 pios
1746 1124 1856 1150 certos
1885 1128 1974 1158 esse,
2012 1131 2099 1163 quae

1108 1168 1151 1200 sit
1168 1166 1233 1200 Dei
1250 1165 1419 1200 Ecclesia.

1456 1286 1753 1322 Antitheses.

1214 1361 1241 1397 l.
1272 1361 1363 1395 Vera
1383 1361 1449 1395 Dei
1467 1361 1621 1396 Ecclesia
1641 1375 1777 1408 semper
1804 1365 1887 1397 inde
1915 1378 2026 1411 usque
2054 1368 2098 1400 ab

1108 1412 1222 1447 Adam
1247 1414 1444 1454 invocavit,
1472 1426 1582 1447 unum
1605 1422 1787 1448 aeternum
1811 1415 1945 1455 Deum,
1973 1418 2098 1450 condi-

1107 1471 1217 1498 torem
1243 1465 1403 1498 omnium
1433 1477 1573 1505 rerum,
1608 1472 1741 1509 patrem
1762 1465 1987 1500 Redemtoris
2014 1481 2096 1513 pro-

1107 1516 1223 1556 missi,
1253 1516 1364 1561 quise
1382 1516 1544 1559 patefecit
1560 1517 1594 1548 in
1614 1517 1721 1549 verbo
1745 1529 1825 1558 suo,
1854 1525 1886 1552 et
1909 1519 2004 1552 iuxta
2031 1517 2098 1553 hoc

1108 1568 1256 1600 verbum
1274 1567 1430 1600 invocari
1452 1567 1528 1600 vult
1553 1567 1680 1600 fiducia
1702 1566 1945 1610 Redemtoris,
1975 1577 2007 1603 et
2033 1582 2096 1604 suo

1108 1618 1244 1661 Spiritu
1270 1624 1389 1651 sancto
1413 1619 1560 1650 reddere
1587 1618 1700 1651 lucem
1727 1626 1760 1652 et
1776 1619 1883 1652 vitam
1908 1627 2098 1662 aeternam,

1108 1670 1156 1701 sic
1180 1669 1430 1701 invocantibus
1461 1669 1588 1712 ipsum.
1643 1669 1694 1702 Ac
1722 1668 1906 1713 prohibuit
1931 1671 2034 1704 aliter
2062 1684 2097 1704 se

1107 1719 1194 1757 coli,
1230 1732 1333 1764 quam
1370 1720 1462 1752 iuxta
1489 1721 1634 1753 verbum
1666 1731 1790 1761 suum,
1825 1729 1857 1755 et
1891 1722 1974 1765 fingi
2010 1723 2098 1756 alios

1108 1773 1190 1804 deos
1209 1778 1268 1804 aut
1284 1770 1508 1804 mediatores.

1211 1836 1299 1870 Cum
1319 1835 1385 1870 hoc
1403 1837 1518 1881 primo
1535 1837 1683 1871 articulo
1704 1835 1890 1881 Evangelii
1916 1841 2098 1875 manifeste

1107 1895 1266 1933 puguant
1284 1886 1320 1920 hi
1339 1889 1446 1929 ritus,
1473 1889 1638 1921 invocare
1665 1886 1825 1922 homines
1842 1897 2018 1931 mortuos,
2046 1892 2098 1924 al-

1106 1941 1213 1983 ligare
1238 1937 1352 1972 Deum
1378 1946 1437 1972 aut
1464 1939 1546 1972 illos
1571 1946 1729 1972 mortuos
1753 1942 1793 1972 ad
1822 1949 1931 1974 certas
1955 1948 2097 1986 statuas,

1106 1998 1164 2024 aut
1182 1992 1224 2023 ad
1243 1990 1351 2022 ullam
1370 2003 1460 2031 rem,
1489 1991 1531 2023 ad
1550 2002 1654 2035 quam
1680 2003 1715 2023 se
1738 2003 1808 2023 non
1829 1992 1985 2035 alligavit
2003 1992 2098 2026 Deus

1106 2043 1213 2075 verbo
1232 2053 1304 2075 suo.
1359 2040 1455 2074 Haec
1482 2048 1563 2074 sunt
1580 2041 1707 2074 similia
1735 2040 1866 2074 ethnici
1892 2044 2039 2083 furoris,
2065 2051 2098 2077 et

1106 2105 1185 2126 vere
1210 2106 1226 2125 a
1247 2092 1390 2125 diabolo
1414 2098 1509 2130 orta,
1538 2091 1598 2136 qui
1622 2093 1737 2124 studet
1760 2092 1907 2134 gloriam
1925 2093 1991 2127 Dei
2011 2107 2097 2127 con-

1106 2144 1247 2178 tumelia
1274 2143 1430 2183 afficere,
1465 2149 1497 2176 et
1529 2142 1678 2175 illudere
1711 2137 1871 2176 infirmae
1910 2142 2095 2178 hominum

1105 2202 1261 2229 naturae.

1210 2296 1256 2332 ll.
1275 2294 1432 2330 Ecclesia
1444 2294 1508 2329 Dei
1528 2307 1664 2339 semper
1680 2296 1762 2328 inde
1782 2307 1892 2340 usque
1910 2297 1954 2328 ab
1964 2294 2092 2338 Adam,

1106 2351 1209 2392 longe
1236 2349 1337 2382 aliter
1367 2347 1535 2380 iudicavit
1558 2347 1600 2379 de
1626 2353 1787 2389 peccato,
1816 2354 1849 2379 et
1875 2347 1917 2378 de
1943 2347 2094 2388 iusticia,

1106 2413 1210 2445 quam
1254 2400 1388 2432 iudicat
1424 2396 1577 2431 humana
1620 2394 1864 2440 philosophia,
1921 2398 2095 2439 videlicet,

1104 2451 1262 2485 Ecclesia
1296 2462 1375 2483 vera
1407 2460 1543 2491 semper
1580 2448 1724 2489 agnovit
1757 2448 2015 2481 dubitationem
2052 2451 2096 2482 de

1104 2502 1199 2543 Deo,
1227 2509 1260 2535 et
1285 2500 1541 2534 contumaciam
1564 2499 1748 2531 nobiscum
1767 2507 1987 2540 nascentem,
2015 2512 2097 2533 vere

1106 2567 1177 2588 esse
1194 2553 1324 2586 malum
1344 2561 1504 2595 pugnans
1524 2561 1602 2582 cum
1623 2549 1698 2591 lege
1715 2547 1791 2582 Dei.

1206 2618 1361 2653 Econtra
1377 2619 1537 2650 doctores
1556 2616 1724 2659 pontificii
1747 2617 1844 2659 regni
1862 2625 1990 2660 negant
2008 2615 2092 2651 haec

1104 2683 1176 2705 esse
1192 2670 1281 2703 mala
1300 2667 1493 2713 pugnantia
1511 2678 1589 2699 cum
1613 2667 1687 2710 lege
1706 2665 1783 2700 Dei.

1531 2717 1576 2750 61
