<?xml version="1.0" encoding="UTF-8"?>
<!DOCTYPE html PUBLIC "-//W3C//DTD XHTML 1.0 Transitional//EN"
    "http://www.w3.org/TR/xhtml1/DTD/xhtml1-transitional.dtd">
<html xmlns="http://www.w3.org/1999/xhtml" xml:lang="en" lang="en">
 <head>
  <title>
</title>
<meta http-equiv="Content-Type" content="text/html;charset=utf-8" />
  <meta name='ocr-system' content='tesseract 3.04.00' />
  <meta name='ocr-capabilities' content='ocr_page ocr_carea ocr_par ocr_line ocrx_word'/>
</head>
<body>
  <div class='ocr_page' id='page_1' title='image "./operaquaesupersu13melauoft_0691.png"; bbox 0 0 2379 2948; ppageno 0'>
   <div class='ocr_carea' id='block_1_1' title="bbox 145 103 239 137">
    <p class='ocr_par' dir='ltr' id='par_1_1' title="bbox 145 103 239 137">
     <span class='ocr_line' id='line_1_1' title="bbox 145 103 239 137; baseline -0.011 0"><span class='ocrx_word' id='word_1_1' title='bbox 145 103 239 137; x_wconf 82' lang='lat'>1361</span> 
     </span>
    </p>
   </div>
   <div class='ocr_carea' id='block_1_2' title="bbox 137 189 1133 640">
    <p class='ocr_par' dir='ltr' id='par_1_2' title="bbox 142 189 1133 323">
     <span class='ocr_line' id='line_1_2' title="bbox 142 189 1133 235; baseline 0.004 -14"><span class='ocrx_word' id='word_1_2' title='bbox 142 189 230 228; x_wconf 80' lang='lat' dir='ltr'>Quis</span> <span class='ocrx_word' id='word_1_3' title='bbox 253 190 351 222; x_wconf 79' lang='lat' dir='ltr'>sicut</span> <span class='ocrx_word' id='word_1_4' title='bbox 377 189 562 223; x_wconf 79' lang='lat' dir='ltr'><em>Dominus</em></span> <span class='ocrx_word' id='word_1_5' title='bbox 587 190 692 224; x_wconf 76' lang='lat' dir='ltr'>Deus</span> <span class='ocrx_word' id='word_1_6' title='bbox 718 195 862 234; x_wconf 77' lang='lat' dir='ltr'>noster,</span> <span class='ocrx_word' id='word_1_7' title='bbox 891 192 955 235; x_wconf 76' lang='lat' dir='ltr'>qui</span> <span class='ocrx_word' id='word_1_8' title='bbox 978 192 1018 224; x_wconf 79' lang='lat' dir='ltr'>in</span> <span class='ocrx_word' id='word_1_9' title='bbox 1041 192 1133 225; x_wconf 77' lang='lat' dir='ltr'>altis</span> 
     </span>
     <span class='ocr_line' id='line_1_3' title="bbox 190 237 1131 285; baseline 0.003 -13"><span class='ocrx_word' id='word_1_10' title='bbox 190 237 365 273; x_wconf 75' lang='lat' dir='ltr'>habitat?</span> <span class='ocrx_word' id='word_1_11' title='bbox 417 242 461 274; x_wconf 81' lang='lat' dir='ltr'>Et</span> <span class='ocrx_word' id='word_1_12' title='bbox 479 240 639 274; x_wconf 74' lang='lat' dir='ltr'>humilia</span> <span class='ocrx_word' id='word_1_13' title='bbox 663 243 816 285; x_wconf 74' lang='lat' dir='ltr'><em>respicit</em></span> <span class='ocrx_word' id='word_1_14' title='bbox 840 244 880 275; x_wconf 83' lang='lat' dir='ltr'>in</span> <span class='ocrx_word' id='word_1_15' title='bbox 906 243 1005 275; x_wconf 80' lang='lat' dir='ltr'>coelo</span> <span class='ocrx_word' id='word_1_16' title='bbox 1032 247 1070 275; x_wconf 89' lang='lat' dir='ltr'>et</span> <span class='ocrx_word' id='word_1_17' title='bbox 1092 244 1131 276; x_wconf 78' lang='lat' dir='ltr'>in</span> 
     </span>
     <span class='ocr_line' id='line_1_4' title="bbox 188 294 304 323; baseline 0.009 -1"><span class='ocrx_word' id='word_1_18' title='bbox 188 294 304 323; x_wconf 80' lang='lat' dir='ltr'>terra.</span> 
     </span>
    </p>

    <p class='ocr_par' dir='ltr' id='par_1_3' title="bbox 138 340 1130 436">
     <span class='ocr_line' id='line_1_5' title="bbox 138 340 1130 386; baseline 0.002 -12"><span class='ocrx_word' id='word_1_19' title='bbox 138 342 299 386; x_wconf 76' lang='lat' dir='ltr'>Eriyens</span> <span class='ocrx_word' id='word_1_20' title='bbox 317 340 363 374; x_wconf 87' lang='lat' dir='ltr'>de</span> <span class='ocrx_word' id='word_1_21' title='bbox 379 341 528 385; x_wconf 77' lang='lat' dir='ltr'>pulvere</span> <span class='ocrx_word' id='word_1_22' title='bbox 544 343 714 386; x_wconf 81' lang='lat' dir='ltr'><em>inopem,</em></span> <span class='ocrx_word' id='word_1_23' title='bbox 743 347 780 376; x_wconf 81' lang='lat' dir='ltr'>et</span> <span class='ocrx_word' id='word_1_24' title='bbox 803 342 850 376; x_wconf 82' lang='lat' dir='ltr'>de</span> <span class='ocrx_word' id='word_1_25' title='bbox 873 346 1038 376; x_wconf 79' lang='lat' dir='ltr'>stercore</span> <span class='ocrx_word' id='word_1_26' title='bbox 1064 353 1130 376; x_wconf 75' lang='lat' dir='ltr'>ex-</span> 
     </span>
     <span class='ocr_line' id='line_1_6' title="bbox 188 392 556 436; baseline 0.005 -12"><span class='ocrx_word' id='word_1_27' title='bbox 188 392 321 425; x_wconf 80' lang='lat' dir='ltr'>tollens</span> <span class='ocrx_word' id='word_1_28' title='bbox 337 403 556 436; x_wconf 81' lang='lat' dir='ltr'><strong><em>pauperem.</em></strong></span> 
     </span>
    </p>

    <p class='ocr_par' dir='ltr' id='par_1_4' title="bbox 141 442 1128 537">
     <span class='ocr_line' id='line_1_7' title="bbox 141 442 1128 487; baseline 0.003 -13"><span class='ocrx_word' id='word_1_29' title='bbox 141 443 187 475; x_wconf 88' lang='lat' dir='ltr'>Ut</span> <span class='ocrx_word' id='word_1_30' title='bbox 212 442 363 476; x_wconf 81' lang='lat' dir='ltr'>collocet</span> <span class='ocrx_word' id='word_1_31' title='bbox 389 453 473 477; x_wconf 79' lang='lat' dir='ltr'>eum</span> <span class='ocrx_word' id='word_1_32' title='bbox 497 453 579 476; x_wconf 80' lang='lat' dir='ltr'>cum</span> <span class='ocrx_word' id='word_1_33' title='bbox 602 442 856 487; x_wconf 75' lang='lat' dir='ltr'>principibus,</span> <span class='ocrx_word' id='word_1_34' title='bbox 885 454 968 476; x_wconf 81' lang='lat' dir='ltr'>cum</span> <span class='ocrx_word' id='word_1_35' title='bbox 982 446 1128 487; x_wconf 75' lang='lat' dir='ltr'>princi-</span> 
     </span>
     <span class='ocr_line' id='line_1_8' title="bbox 184 491 522 537; baseline 0.006 -12"><span class='ocrx_word' id='word_1_36' title='bbox 184 491 295 536; x_wconf 77' lang='lat' dir='ltr'>pibus</span> <span class='ocrx_word' id='word_1_37' title='bbox 310 494 437 537; x_wconf 72' lang='lat' dir='ltr'>populi</span> <span class='ocrx_word' id='word_1_38' title='bbox 451 495 522 528; x_wconf 74' lang='lat' dir='ltr'>sui.</span> 
     </span>
    </p>

    <p class='ocr_par' dir='ltr' id='par_1_5' title="bbox 137 542 1125 640">
     <span class='ocr_line' id='line_1_9' title="bbox 137 542 1125 588; baseline 0.002 -11"><span class='ocrx_word' id='word_1_39' title='bbox 137 543 206 582; x_wconf 71' lang='lat' dir='ltr'>Qut</span> <span class='ocrx_word' id='word_1_40' title='bbox 241 543 415 577; x_wconf 79' lang='lat' dir='ltr'>habitare</span> <span class='ocrx_word' id='word_1_41' title='bbox 448 542 553 588; x_wconf 75' lang='lat' dir='ltr'>facit</span> <span class='ocrx_word' id='word_1_42' title='bbox 579 545 749 578; x_wconf 78' lang='lat' dir='ltr'>sterilem</span> <span class='ocrx_word' id='word_1_43' title='bbox 771 546 810 578; x_wconf 81' lang='lat' dir='ltr'>in</span> <span class='ocrx_word' id='word_1_44' title='bbox 834 544 940 579; x_wconf 86' lang='lat' dir='ltr'>domo</span> <span class='ocrx_word' id='word_1_45' title='bbox 966 550 1125 579; x_wconf 56' lang='lat' dir='ltr'>matrem«</span> 
     </span>
     <span class='ocr_line' id='line_1_10' title="bbox 186 592 587 640; baseline 0 -13"><span class='ocrx_word' id='word_1_46' title='bbox 186 592 351 640; x_wconf 74' lang='lat' dir='ltr'>filiorum</span> <span class='ocrx_word' id='word_1_47' title='bbox 365 596 587 629; x_wconf 79' lang='lat' dir='ltr'>laetantem.</span> 
     </span>
    </p>
   </div>
   <div class='ocr_carea' id='block_1_3' title="bbox 468 685 810 731">
    <p class='ocr_par' dir='ltr' id='par_1_6' title="bbox 468 685 810 731">
     <span class='ocr_line' id='line_1_11' title="bbox 468 685 810 731; baseline 0.003 -11"><span class='ocrx_word' id='word_1_48' title='bbox 468 685 810 731; x_wconf 83' lang='lat' dir='ltr'><strong>Argumentum.</strong></span> 
     </span>
    </p>
   </div>
   <div class='ocr_carea' id='block_1_4' title="bbox 127 759 1122 1401">
    <p class='ocr_par' dir='ltr' id='par_1_7' title="bbox 127 759 1122 1401">
     <span class='ocr_line' id='line_1_12' title="bbox 237 759 1122 805; baseline 0.001 -11"><span class='ocrx_word' id='word_1_49' title='bbox 237 759 353 804; x_wconf 88' lang='lat' dir='ltr'>Supra</span> <span class='ocrx_word' id='word_1_50' title='bbox 369 761 515 794; x_wconf 83' lang='lat' dir='ltr'>distinxi</span> <span class='ocrx_word' id='word_1_51' title='bbox 531 773 658 805; x_wconf 88' lang='lat' dir='ltr'>genera</span> <span class='ocrx_word' id='word_1_52' title='bbox 677 761 910 799; x_wconf 78' lang='lat' dir='ltr'>psalmorum,</span> <span class='ocrx_word' id='word_1_53' title='bbox 939 761 1122 796; x_wconf 86' lang='lat' dir='ltr'>videlicet:</span> 
     </span>
     <span class='ocr_line' id='line_1_13' title="bbox 135 810 1121 858; baseline 0.002 -14"><span class='ocrx_word' id='word_1_54' title='bbox 135 811 223 844; x_wconf 90' lang='lat' dir='ltr'>alios</span> <span class='ocrx_word' id='word_1_55' title='bbox 243 811 427 855; x_wconf 80' lang='lat' dir='ltr'><strong>complecti</strong></span> <span class='ocrx_word' id='word_1_56' title='bbox 448 813 613 846; x_wconf 88' lang='lat' dir='ltr'>vaticinia</span> <span class='ocrx_word' id='word_1_57' title='bbox 637 814 679 845; x_wconf 91' lang='lat' dir='ltr'>de</span> <span class='ocrx_word' id='word_1_58' title='bbox 699 810 862 852; x_wconf 84' lang='lat' dir='ltr'>Christo,</span> <span class='ocrx_word' id='word_1_59' title='bbox 889 818 949 845; x_wconf 91' lang='lat' dir='ltr'>aut</span> <span class='ocrx_word' id='word_1_60' title='bbox 967 813 1121 858; x_wconf 77' lang='lat' dir='ltr'>aliquam</span> 
     </span>
     <span class='ocr_line' id='line_1_14' title="bbox 133 861 1121 906; baseline 0.003 -12"><span class='ocrx_word' id='word_1_61' title='bbox 133 869 267 905; x_wconf 87' lang='lat' dir='ltr'>partem</span> <span class='ocrx_word' id='word_1_62' title='bbox 289 862 471 896; x_wconf 85' lang='lat' dir='ltr'>doctrinae</span> <span class='ocrx_word' id='word_1_63' title='bbox 494 861 699 906; x_wconf 81' lang='lat' dir='ltr'>Evangelii,</span> <span class='ocrx_word' id='word_1_64' title='bbox 728 870 788 897; x_wconf 87' lang='lat' dir='ltr'>aut</span> <span class='ocrx_word' id='word_1_65' title='bbox 812 874 884 895; x_wconf 90' lang='lat' dir='ltr'>esse</span> <span class='ocrx_word' id='word_1_66' title='bbox 907 864 1121 898; x_wconf 88' lang='lat' dir='ltr'>consolatio-</span> 
     </span>
     <span class='ocr_line' id='line_1_15' title="bbox 133 913 1120 959; baseline 0.002 -14"><span class='ocrx_word' id='word_1_67' title='bbox 133 923 215 953; x_wconf 87' lang='lat' dir='ltr'>nes,</span> <span class='ocrx_word' id='word_1_68' title='bbox 240 913 457 956; x_wconf 81' lang='lat' dir='ltr'>precationes</span> <span class='ocrx_word' id='word_1_69' title='bbox 474 921 506 948; x_wconf 87' lang='lat' dir='ltr'>et</span> <span class='ocrx_word' id='word_1_70' title='bbox 525 915 715 959; x_wconf 84' lang='lat' dir='ltr'>gratiarum</span> <span class='ocrx_word' id='word_1_71' title='bbox 740 914 911 947; x_wconf 79' lang='lat' dir='ltr'>actiones:</span> <span class='ocrx_word' id='word_1_72' title='bbox 940 914 1027 947; x_wconf 90' lang='lat' dir='ltr'>alios</span> <span class='ocrx_word' id='word_1_73' title='bbox 1048 921 1120 949; x_wconf 86' lang='lat' dir='ltr'>tra-</span> 
     </span>
     <span class='ocr_line' id='line_1_16' title="bbox 134 963 1121 1009; baseline 0.003 -14"><span class='ocrx_word' id='word_1_74' title='bbox 134 963 215 996; x_wconf 87' lang='lat' dir='ltr'>dere</span> <span class='ocrx_word' id='word_1_75' title='bbox 240 963 435 997; x_wconf 82' lang='lat' dir='ltr'>doctrinam</span> <span class='ocrx_word' id='word_1_76' title='bbox 461 965 563 1008; x_wconf 87' lang='lat' dir='ltr'>legis,</span> <span class='ocrx_word' id='word_1_77' title='bbox 590 972 650 998; x_wconf 89' lang='lat' dir='ltr'>aut</span> <span class='ocrx_word' id='word_1_78' title='bbox 666 971 848 1009; x_wconf 88' lang='lat' dir='ltr'>praecepta</span> <span class='ocrx_word' id='word_1_79' title='bbox 864 976 1022 1007; x_wconf 89' lang='lat' dir='ltr'>operum.</span> <span class='ocrx_word' id='word_1_80' title='bbox 1075 963 1121 998; x_wconf 89' lang='lat' dir='ltr'>Et</span> 
     </span>
     <span class='ocr_line' id='line_1_17' title="bbox 133 1013 1119 1059; baseline 0.003 -14"><span class='ocrx_word' id='word_1_81' title='bbox 133 1014 295 1058; x_wconf 90' lang='lat' dir='ltr'>quamvis</span> <span class='ocrx_word' id='word_1_82' title='bbox 311 1013 490 1048; x_wconf 89' lang='lat' dir='ltr'>interdum</span> <span class='ocrx_word' id='word_1_83' title='bbox 508 1014 591 1049; x_wconf 90' lang='lat' dir='ltr'>haec</span> <span class='ocrx_word' id='word_1_84' title='bbox 614 1027 741 1059; x_wconf 87' lang='lat' dir='ltr'>genera</span> <span class='ocrx_word' id='word_1_85' title='bbox 758 1016 968 1048; x_wconf 79' lang='lat' dir='ltr'><strong>miscentur:</strong></span> <span class='ocrx_word' id='word_1_86' title='bbox 1002 1022 1119 1048; x_wconf 88' lang='lat' dir='ltr'>tamen</span> 
     </span>
     <span class='ocr_line' id='line_1_18' title="bbox 132 1064 1119 1110; baseline 0.003 -14"><span class='ocrx_word' id='word_1_87' title='bbox 132 1064 170 1096; x_wconf 87' lang='lat' dir='ltr'>in</span> <span class='ocrx_word' id='word_1_88' title='bbox 187 1064 336 1107; x_wconf 85' lang='lat' dir='ltr'>singulis</span> <span class='ocrx_word' id='word_1_89' title='bbox 350 1066 645 1099; x_wconf 87' lang='lat' dir='ltr'>considerandum</span> <span class='ocrx_word' id='word_1_90' title='bbox 666 1073 728 1106; x_wconf 88' lang='lat' dir='ltr'>est,</span> <span class='ocrx_word' id='word_1_91' title='bbox 754 1066 846 1110; x_wconf 89' lang='lat' dir='ltr'>quod</span> <span class='ocrx_word' id='word_1_92' title='bbox 867 1065 910 1099; x_wconf 91' lang='lat' dir='ltr'>sit</span> <span class='ocrx_word' id='word_1_93' title='bbox 929 1066 1119 1110; x_wconf 84' lang='lat' dir='ltr'>principale</span> 
     </span>
     <span class='ocr_line' id='line_1_19' title="bbox 132 1116 1120 1161; baseline 0.003 -14"><span class='ocrx_word' id='word_1_94' title='bbox 132 1122 389 1157; x_wconf 80' lang='lat' dir='ltr'><strong>argumentum.</strong></span> <span class='ocrx_word' id='word_1_95' title='bbox 443 1116 532 1150; x_wconf 91' lang='lat' dir='ltr'>Cum</span> <span class='ocrx_word' id='word_1_96' title='bbox 552 1124 667 1150; x_wconf 86' lang='lat' dir='ltr'>autem</span> <span class='ocrx_word' id='word_1_97' title='bbox 686 1116 817 1150; x_wconf 82' lang='lat' dir='ltr'>Psalmi</span> <span class='ocrx_word' id='word_1_98' title='bbox 841 1117 982 1150; x_wconf 86' lang='lat' dir='ltr'>tradant</span> <span class='ocrx_word' id='word_1_99' title='bbox 1006 1117 1120 1161; x_wconf 91' lang='lat' dir='ltr'>pluri—</span> 
     </span>
     <span class='ocr_line' id='line_1_20' title="bbox 131 1167 1118 1210; baseline 0.003 -12"><span class='ocrx_word' id='word_1_100' title='bbox 131 1177 208 1198; x_wconf 87' lang='lat' dir='ltr'>mos</span> <span class='ocrx_word' id='word_1_101' title='bbox 239 1172 272 1199; x_wconf 89' lang='lat' dir='ltr'>et</span> <span class='ocrx_word' id='word_1_102' title='bbox 304 1167 529 1209; x_wconf 84' lang='lat' dir='ltr'>gravissimos</span> <span class='ocrx_word' id='word_1_103' title='bbox 569 1168 666 1201; x_wconf 91' lang='lat' dir='ltr'>locos</span> <span class='ocrx_word' id='word_1_104' title='bbox 698 1167 879 1200; x_wconf 88' lang='lat' dir='ltr'>doctrinae</span> <span class='ocrx_word' id='word_1_105' title='bbox 912 1167 1118 1210; x_wconf 90' lang='lat' dir='ltr'>spiritualis,</span> 
     </span>
     <span class='ocr_line' id='line_1_21' title="bbox 131 1216 1119 1262; baseline 0.003 -14"><span class='ocrx_word' id='word_1_106' title='bbox 131 1216 321 1259; x_wconf 78' lang='lat' dir='ltr'>gratissimi</span> <span class='ocrx_word' id='word_1_107' title='bbox 337 1225 370 1251; x_wconf 92' lang='lat' dir='ltr'>et</span> <span class='ocrx_word' id='word_1_108' title='bbox 386 1218 582 1252; x_wconf 85' lang='lat' dir='ltr'>dulcissimi</span> <span class='ocrx_word' id='word_1_109' title='bbox 600 1225 681 1252; x_wconf 90' lang='lat' dir='ltr'>sunt</span> <span class='ocrx_word' id='word_1_110' title='bbox 698 1218 767 1257; x_wconf 86' lang='lat' dir='ltr'>illi,</span> <span class='ocrx_word' id='word_1_111' title='bbox 794 1218 853 1262; x_wconf 89' lang='lat' dir='ltr'>qui</span> <span class='ocrx_word' id='word_1_112' title='bbox 873 1218 1013 1261; x_wconf 84' lang='lat' dir='ltr'>proprie</span> <span class='ocrx_word' id='word_1_113' title='bbox 1032 1230 1119 1251; x_wconf 89' lang='lat' dir='ltr'>con-</span> 
     </span>
     <span class='ocr_line' id='line_1_22' title="bbox 131 1267 1118 1313; baseline 0.002 -14"><span class='ocrx_word' id='word_1_114' title='bbox 131 1267 321 1300; x_wconf 86' lang='lat' dir='ltr'>cionantur</span> <span class='ocrx_word' id='word_1_115' title='bbox 349 1269 392 1302; x_wconf 91' lang='lat' dir='ltr'>de</span> <span class='ocrx_word' id='word_1_116' title='bbox 414 1269 656 1302; x_wconf 82' lang='lat' dir='ltr'>misericordia</span> <span class='ocrx_word' id='word_1_117' title='bbox 681 1275 714 1302; x_wconf 89' lang='lat' dir='ltr'>et</span> <span class='ocrx_word' id='word_1_118' title='bbox 741 1268 936 1309; x_wconf 89' lang='lat' dir='ltr'>beneficiis,</span> <span class='ocrx_word' id='word_1_119' title='bbox 964 1281 1052 1313; x_wconf 87' lang='lat' dir='ltr'>quae</span> <span class='ocrx_word' id='word_1_120' title='bbox 1081 1269 1118 1301; x_wconf 92' lang='lat' dir='ltr'>in</span> 
     </span>
     <span class='ocr_line' id='line_1_23' title="bbox 130 1315 1119 1363; baseline 0.003 -14"><span class='ocrx_word' id='word_1_121' title='bbox 130 1315 325 1360; x_wconf 89' lang='lat' dir='ltr'>Evangelio</span> <span class='ocrx_word' id='word_1_122' title='bbox 345 1326 606 1363; x_wconf 85' lang='lat' dir='ltr'>proponuntur.</span> <span class='ocrx_word' id='word_1_123' title='bbox 662 1317 715 1352; x_wconf 87' lang='lat' dir='ltr'>Ex</span> <span class='ocrx_word' id='word_1_124' title='bbox 733 1331 772 1352; x_wconf 90' lang='lat' dir='ltr'>eo</span> <span class='ocrx_word' id='word_1_125' title='bbox 790 1330 916 1362; x_wconf 82' lang='lat' dir='ltr'>genere</span> <span class='ocrx_word' id='word_1_126' title='bbox 932 1326 981 1353; x_wconf 89' lang='lat' dir='ltr'>est</span> <span class='ocrx_word' id='word_1_127' title='bbox 1006 1326 1040 1353; x_wconf 89' lang='lat' dir='ltr'>et</span> <span class='ocrx_word' id='word_1_128' title='bbox 1061 1317 1119 1352; x_wconf 90' lang='lat' dir='ltr'>hic</span> 
     </span>
     <span class='ocr_line' id='line_1_24' title="bbox 127 1366 296 1401; baseline 0 -1"><span class='ocrx_word' id='word_1_129' title='bbox 127 1366 296 1401; x_wconf 87' lang='lat' dir='ltr'>Psalmus.</span> 
     </span>
    </p>
   </div>
   <div class='ocr_carea' id='block_1_5' title="bbox 85 1433 1116 1884">
    <p class='ocr_par' dir='ltr' id='par_1_8' title="bbox 85 1433 1116 1884">
     <span class='ocr_line' id='line_1_25' title="bbox 231 1433 1116 1479; baseline 0.001 -12"><span class='ocrx_word' id='word_1_130' title='bbox 231 1433 294 1468; x_wconf 87' lang='lat' dir='ltr'>Est</span> <span class='ocrx_word' id='word_1_131' title='bbox 309 1434 403 1467; x_wconf 90' lang='lat' dir='ltr'>enim</span> <span class='ocrx_word' id='word_1_132' title='bbox 422 1435 630 1469; x_wconf 85' lang='lat' dir='ltr'>vaticinium</span> <span class='ocrx_word' id='word_1_133' title='bbox 646 1436 689 1468; x_wconf 92' lang='lat' dir='ltr'>de</span> <span class='ocrx_word' id='word_1_134' title='bbox 713 1447 806 1468; x_wconf 90' lang='lat' dir='ltr'>novo</span> <span class='ocrx_word' id='word_1_135' title='bbox 826 1435 979 1479; x_wconf 88' lang='lat' dir='ltr'>quodam</span> <span class='ocrx_word' id='word_1_136' title='bbox 996 1436 1116 1474; x_wconf 84' lang='lat' dir='ltr'>verbo,</span> 
     </span>
     <span class='ocr_line' id='line_1_26' title="bbox 130 1485 1116 1529; baseline -0.001 -10"><span class='ocrx_word' id='word_1_137' title='bbox 130 1492 164 1519; x_wconf 88' lang='lat' dir='ltr'>et</span> <span class='ocrx_word' id='word_1_138' title='bbox 179 1496 271 1518; x_wconf 91' lang='lat' dir='ltr'>nova</span> <span class='ocrx_word' id='word_1_139' title='bbox 289 1485 419 1518; x_wconf 86' lang='lat' dir='ltr'>noticia</span> <span class='ocrx_word' id='word_1_140' title='bbox 442 1487 635 1529; x_wconf 89' lang='lat' dir='ltr'>spargenda</span> <span class='ocrx_word' id='word_1_141' title='bbox 659 1493 693 1519; x_wconf 88' lang='lat' dir='ltr'>et</span> <span class='ocrx_word' id='word_1_142' title='bbox 717 1486 915 1528; x_wconf 87' lang='lat' dir='ltr'>evulganda</span> <span class='ocrx_word' id='word_1_143' title='bbox 940 1486 978 1518; x_wconf 88' lang='lat' dir='ltr'>in</span> <span class='ocrx_word' id='word_1_144' title='bbox 1004 1493 1116 1520; x_wconf 90' lang='lat' dir='ltr'>totum</span> 
     </span>
     <span class='ocr_line' id='line_1_27' title="bbox 85 1536 1116 1580; baseline 0 -11"><span class='ocrx_word' id='word_1_145' title='bbox 85 1555 86 1558; x_wconf 67' lang='lat'><em>=</em></span> <span class='ocrx_word' id='word_1_146' title='bbox 130 1537 272 1576; x_wconf 87' lang='lat' dir='ltr'>orbem,</span> <span class='ocrx_word' id='word_1_147' title='bbox 305 1547 374 1580; x_wconf 88' lang='lat' dir='ltr'>qua</span> <span class='ocrx_word' id='word_1_148' title='bbox 397 1536 618 1571; x_wconf 80' lang='lat' dir='ltr'>innotescant</span> <span class='ocrx_word' id='word_1_149' title='bbox 647 1543 680 1570; x_wconf 85' lang='lat' dir='ltr'>et</span> <span class='ocrx_word' id='word_1_150' title='bbox 706 1537 954 1580; x_wconf 85' lang='lat' dir='ltr'>praedicentur</span> <span class='ocrx_word' id='word_1_151' title='bbox 978 1537 1116 1569; x_wconf 90' lang='lat' dir='ltr'>miseri—</span> 
     </span>
     <span class='ocr_line' id='line_1_28' title="bbox 130 1587 1114 1628; baseline -0.001 -8"><span class='ocrx_word' id='word_1_152' title='bbox 130 1587 250 1620; x_wconf 86' lang='lat' dir='ltr'>cordia</span> <span class='ocrx_word' id='word_1_153' title='bbox 273 1592 306 1620; x_wconf 89' lang='lat' dir='ltr'>et</span> <span class='ocrx_word' id='word_1_154' title='bbox 324 1587 490 1620; x_wconf 86' lang='lat' dir='ltr'>beneficia</span> <span class='ocrx_word' id='word_1_155' title='bbox 508 1587 594 1628; x_wconf 80' lang='lat' dir='ltr'>Dei,</span> <span class='ocrx_word' id='word_1_156' title='bbox 620 1593 653 1620; x_wconf 92' lang='lat' dir='ltr'>et</span> <span class='ocrx_word' id='word_1_157' title='bbox 668 1587 818 1620; x_wconf 80' lang='lat' dir='ltr'>existant</span> <span class='ocrx_word' id='word_1_158' title='bbox 834 1588 907 1619; x_wconf 87' lang='lat' dir='ltr'>veri</span> <span class='ocrx_word' id='word_1_159' title='bbox 923 1587 1055 1627; x_wconf 87' lang='lat' dir='ltr'>cultus,</span> <span class='ocrx_word' id='word_1_160' title='bbox 1078 1587 1114 1619; x_wconf 90' lang='lat' dir='ltr'>in</span> 
     </span>
     <span class='ocr_line' id='line_1_29' title="bbox 130 1637 1113 1682; baseline -0.001 -11"><span class='ocrx_word' id='word_1_161' title='bbox 130 1637 260 1682; x_wconf 91' lang='lat' dir='ltr'>quibus</span> <span class='ocrx_word' id='word_1_162' title='bbox 282 1637 479 1671; x_wconf 86' lang='lat' dir='ltr'>celebretur</span> <span class='ocrx_word' id='word_1_163' title='bbox 493 1638 603 1681; x_wconf 87' lang='lat' dir='ltr'>gloria</span> <span class='ocrx_word' id='word_1_164' title='bbox 615 1637 690 1678; x_wconf 90' lang='lat' dir='ltr'>Dei,</span> <span class='ocrx_word' id='word_1_165' title='bbox 717 1637 891 1678; x_wconf 89' lang='lat' dir='ltr'>videlicet,</span> <span class='ocrx_word' id='word_1_166' title='bbox 918 1638 1012 1682; x_wconf 92' lang='lat' dir='ltr'>quod</span> <span class='ocrx_word' id='word_1_167' title='bbox 1034 1650 1113 1670; x_wconf 87' lang='lat' dir='ltr'>vere</span> 
     </span>
     <span class='ocr_line' id='line_1_30' title="bbox 129 1687 1113 1733; baseline 0 -12"><span class='ocrx_word' id='word_1_168' title='bbox 129 1689 355 1728; x_wconf 86' lang='lat' dir='ltr'>misereatur,</span> <span class='ocrx_word' id='word_1_169' title='bbox 396 1689 492 1733; x_wconf 89' lang='lat' dir='ltr'>quod</span> <span class='ocrx_word' id='word_1_170' title='bbox 532 1687 711 1732; x_wconf 78' lang='lat' dir='ltr'>respiciat,</span> <span class='ocrx_word' id='word_1_171' title='bbox 754 1689 898 1721; x_wconf 74' lang='lat' dir='ltr'>adiuvet</span> <span class='ocrx_word' id='word_1_172' title='bbox 936 1695 969 1721; x_wconf 91' lang='lat' dir='ltr'>et</span> <span class='ocrx_word' id='word_1_173' title='bbox 1004 1688 1113 1721; x_wconf 85' lang='lat' dir='ltr'>salvet</span> 
     </span>
     <span class='ocr_line' id='line_1_31' title="bbox 127 1737 1112 1782; baseline -0.001 -9"><span class='ocrx_word' id='word_1_174' title='bbox 127 1738 302 1778; x_wconf 88' lang='lat' dir='ltr'>humiles,</span> <span class='ocrx_word' id='word_1_175' title='bbox 336 1739 496 1772; x_wconf 83' lang='lat' dir='ltr'>adflictos</span> <span class='ocrx_word' id='word_1_176' title='bbox 520 1746 553 1772; x_wconf 89' lang='lat' dir='ltr'>et</span> <span class='ocrx_word' id='word_1_177' title='bbox 576 1739 738 1773; x_wconf 74' lang='lat' dir='ltr'>abiectos.</span> <span class='ocrx_word' id='word_1_178' title='bbox 791 1737 869 1771; x_wconf 87' lang='lat' dir='ltr'>Hoc</span> <span class='ocrx_word' id='word_1_179' title='bbox 889 1738 1005 1782; x_wconf 88' lang='lat' dir='ltr'>ipsum</span> <span class='ocrx_word' id='word_1_180' title='bbox 1032 1751 1112 1772; x_wconf 90' lang='lat' dir='ltr'>vere</span> 
     </span>
     <span class='ocr_line' id='line_1_32' title="bbox 128 1787 1112 1833; baseline -0.001 -10"><span class='ocrx_word' id='word_1_181' title='bbox 128 1798 178 1823; x_wconf 88' lang='lat' dir='ltr'>est</span> <span class='ocrx_word' id='word_1_182' title='bbox 194 1790 378 1823; x_wconf 90' lang='lat' dir='ltr'>vaticinari</span> <span class='ocrx_word' id='word_1_183' title='bbox 396 1791 437 1822; x_wconf 90' lang='lat' dir='ltr'>de</span> <span class='ocrx_word' id='word_1_184' title='bbox 462 1801 568 1832; x_wconf 87' lang='lat' dir='ltr'>regno</span> <span class='ocrx_word' id='word_1_185' title='bbox 585 1787 736 1828; x_wconf 87' lang='lat' dir='ltr'>Christi,</span> <span class='ocrx_word' id='word_1_186' title='bbox 761 1790 805 1821; x_wconf 91' lang='lat' dir='ltr'>de</span> <span class='ocrx_word' id='word_1_187' title='bbox 831 1801 900 1833; x_wconf 91' lang='lat' dir='ltr'>quo</span> <span class='ocrx_word' id='word_1_188' title='bbox 924 1789 1112 1823; x_wconf 89' lang='lat' dir='ltr'>conciona-</span> 
     </span>
     <span class='ocr_line' id='line_1_33' title="bbox 125 1839 1110 1884; baseline -0.002 -10"><span class='ocrx_word' id='word_1_189' title='bbox 125 1848 184 1874; x_wconf 88' lang='lat' dir='ltr'>tur</span> <span class='ocrx_word' id='word_1_190' title='bbox 203 1839 456 1883; x_wconf 88' lang='lat' dir='ltr'>Evangelium,</span> <span class='ocrx_word' id='word_1_191' title='bbox 491 1847 524 1873; x_wconf 90' lang='lat' dir='ltr'>et</span> <span class='ocrx_word' id='word_1_192' title='bbox 555 1841 720 1884; x_wconf 88' lang='lat' dir='ltr'>proponit</span> <span class='ocrx_word' id='word_1_193' title='bbox 743 1840 970 1884; x_wconf 89' lang='lat' dir='ltr'>praecipuum</span> <span class='ocrx_word' id='word_1_194' title='bbox 994 1840 1110 1873; x_wconf 89' lang='lat' dir='ltr'>locum</span> 
     </span>
    </p>
   </div>
   <div class='ocr_carea' id='block_1_6' title="bbox 126 1890 1137 1937">
    <p class='ocr_par' dir='ltr' id='par_1_9' title="bbox 126 1890 1137 1937">
     <span class='ocr_line' id='line_1_34' title="bbox 126 1890 1137 1937; baseline -0.002 -12"><span class='ocrx_word' id='word_1_195' title='bbox 126 1891 187 1937; x_wconf 88' lang='lat' dir='ltr'>qui</span> <span class='ocrx_word' id='word_1_196' title='bbox 203 1891 355 1935; x_wconf 86' lang='lat' dir='ltr'>pertinet</span> <span class='ocrx_word' id='word_1_197' title='bbox 373 1892 415 1923; x_wconf 90' lang='lat' dir='ltr'>ad</span> <span class='ocrx_word' id='word_1_198' title='bbox 440 1891 718 1924; x_wconf 87' lang='lat' dir='ltr'>consolationem</span> <span class='ocrx_word' id='word_1_199' title='bbox 737 1890 1052 1934; x_wconf 84' lang='lat' dir='ltr'>conscientiarum,</span> <span class='ocrx_word' id='word_1_200' title='bbox 1079 1898 1111 1923; x_wconf 87' lang='lat' dir='ltr'>et</span> <span class='ocrx_word' id='word_1_201' title='bbox 1135 1925 1137 1937; x_wconf 31' lang='lat'><em>3</em></span> 
     </span>
    </p>
   </div>
   <div class='ocr_carea' id='block_1_7' title="bbox 126 1940 1112 2137">
    <p class='ocr_par' dir='ltr' id='par_1_10' title="bbox 126 1940 1112 2137">
     <span class='ocr_line' id='line_1_35' title="bbox 126 1940 1112 1984; baseline -0.001 -8"><span class='ocrx_word' id='word_1_202' title='bbox 126 1943 240 1976; x_wconf 87' lang='lat' dir='ltr'>adfert</span> <span class='ocrx_word' id='word_1_203' title='bbox 258 1953 375 1974; x_wconf 89' lang='lat' dir='ltr'>veram</span> <span class='ocrx_word' id='word_1_204' title='bbox 395 1942 561 1976; x_wconf 87' lang='lat' dir='ltr'>noticiam</span> <span class='ocrx_word' id='word_1_205' title='bbox 588 1953 648 1974; x_wconf 91' lang='lat' dir='ltr'>sen</span> <span class='ocrx_word' id='word_1_206' title='bbox 673 1941 890 1983; x_wconf 87' lang='lat' dir='ltr'>agnitionem</span> <span class='ocrx_word' id='word_1_207' title='bbox 908 1940 992 1980; x_wconf 90' lang='lat' dir='ltr'>Dei,</span> <span class='ocrx_word' id='word_1_208' title='bbox 1020 1942 1112 1984; x_wconf 89' lang='lat' dir='ltr'>parit</span> 
     </span>
     <span class='ocr_line' id='line_1_36' title="bbox 126 1991 1110 2034; baseline 0 -9"><span class='ocrx_word' id='word_1_209' title='bbox 126 2004 228 2026; x_wconf 85' lang='lat' dir='ltr'>veros</span> <span class='ocrx_word' id='word_1_210' title='bbox 249 1992 382 2033; x_wconf 89' lang='lat' dir='ltr'>cultus,</span> <span class='ocrx_word' id='word_1_211' title='bbox 415 1993 596 2031; x_wconf 89' lang='lat' dir='ltr'>timorem,</span> <span class='ocrx_word' id='word_1_212' title='bbox 624 1991 750 2034; x_wconf 70' lang='lat' dir='ltr'>fidem,</span> <span class='ocrx_word' id='word_1_213' title='bbox 786 1992 1048 2024; x_wconf 80' lang='lat' dir='ltr'>invocationem</span> <span class='ocrx_word' id='word_1_214' title='bbox 1078 1999 1110 2025; x_wconf 92' lang='lat' dir='ltr'>et</span> 
     </span>
     <span class='ocr_line' id='line_1_37' title="bbox 126 2042 1110 2088; baseline -0.001 -12"><span class='ocrx_word' id='word_1_215' title='bbox 126 2044 214 2076; x_wconf 89' lang='lat' dir='ltr'>alios</span> <span class='ocrx_word' id='word_1_216' title='bbox 229 2043 427 2086; x_wconf 88' lang='lat' dir='ltr'>spirituales</span> <span class='ocrx_word' id='word_1_217' title='bbox 447 2050 583 2083; x_wconf 88' lang='lat' dir='ltr'>motus,</span> <span class='ocrx_word' id='word_1_218' title='bbox 608 2054 760 2088; x_wconf 87' lang='lat' dir='ltr'>quorum</span> <span class='ocrx_word' id='word_1_219' title='bbox 787 2042 878 2076; x_wconf 88' lang='lat' dir='ltr'>nihil</span> <span class='ocrx_word' id='word_1_220' title='bbox 903 2049 1015 2086; x_wconf 91' lang='lat' dir='ltr'>potest</span> <span class='ocrx_word' id='word_1_221' title='bbox 1039 2043 1110 2076; x_wconf 78' lang='lat' dir='ltr'>exi·</span> 
     </span>
     <span class='ocr_line' id='line_1_38' title="bbox 126 2094 559 2137; baseline 0 -10"><span class='ocrx_word' id='word_1_222' title='bbox 126 2100 215 2127; x_wconf 86' lang='lat' dir='ltr'>stere</span> <span class='ocrx_word' id='word_1_223' title='bbox 233 2106 273 2127; x_wconf 83' lang='lat' dir='ltr'>ex</span> <span class='ocrx_word' id='word_1_224' title='bbox 289 2094 449 2127; x_wconf 88' lang='lat' dir='ltr'>doctrina</span> <span class='ocrx_word' id='word_1_225' title='bbox 464 2094 559 2137; x_wconf 86' lang='lat' dir='ltr'>legis.</span> 
     </span>
    </p>
   </div>
   <div class='ocr_carea' id='block_1_8' title="bbox 125 2157 1109 2751">
    <p class='ocr_par' dir='ltr' id='par_1_11' title="bbox 125 2157 1109 2711">
     <span class='ocr_line' id='line_1_39' title="bbox 230 2157 1109 2204; baseline -0.001 -10"><span class='ocrx_word' id='word_1_226' title='bbox 230 2160 318 2194; x_wconf 89' lang='lat' dir='ltr'>Nam</span> <span class='ocrx_word' id='word_1_227' title='bbox 339 2160 474 2193; x_wconf 88' lang='lat' dir='ltr'>etiamsi</span> <span class='ocrx_word' id='word_1_228' title='bbox 494 2161 548 2193; x_wconf 85' lang='lat' dir='ltr'>lex</span> <span class='ocrx_word' id='word_1_229' title='bbox 574 2157 680 2193; x_wconf 87' lang='lat' dir='ltr'>habet</span> <span class='ocrx_word' id='word_1_230' title='bbox 698 2159 967 2204; x_wconf 87' lang='lat' dir='ltr'>promissiones,</span> <span class='ocrx_word' id='word_1_231' title='bbox 994 2166 1026 2193; x_wconf 89' lang='lat' dir='ltr'>et</span> <span class='ocrx_word' id='word_1_232' title='bbox 1046 2161 1109 2193; x_wconf 87' lang='lat' dir='ltr'>do-</span> 
     </span>
     <span class='ocr_line' id='line_1_40' title="bbox 127 2211 1108 2251; baseline -0.003 -5"><span class='ocrx_word' id='word_1_233' title='bbox 127 2219 180 2246; x_wconf 85' lang='lat' dir='ltr'>cet</span> <span class='ocrx_word' id='word_1_234' title='bbox 196 2211 314 2246; x_wconf 82' lang='lat' dir='ltr'>Deum</span> <span class='ocrx_word' id='word_1_235' title='bbox 329 2222 402 2243; x_wconf 87' lang='lat' dir='ltr'>esse</span> <span class='ocrx_word' id='word_1_236' title='bbox 423 2212 572 2251; x_wconf 89' lang='lat' dir='ltr'>bonum,</span> <span class='ocrx_word' id='word_1_237' title='bbox 600 2211 863 2244; x_wconf 87' lang='lat' dir='ltr'>misericordem</span> <span class='ocrx_word' id='word_1_238' title='bbox 886 2217 1108 2251; x_wconf 52' lang='lat' dir='ltr'>etc.‚*tamen</span> 
     </span>
     <span class='ocr_line' id='line_1_41' title="bbox 127 2261 1109 2306; baseline -0.001 -10"><span class='ocrx_word' id='word_1_239' title='bbox 127 2264 228 2296; x_wconf 83' lang='lat' dir='ltr'>addit</span> <span class='ocrx_word' id='word_1_240' title='bbox 265 2261 503 2295; x_wconf 85' lang='lat' dir='ltr'>conditionem</span> <span class='ocrx_word' id='word_1_241' title='bbox 540 2269 681 2295; x_wconf 86' lang='lat' dir='ltr'>nostrae</span> <span class='ocrx_word' id='word_1_242' title='bbox 718 2261 917 2304; x_wconf 86' lang='lat' dir='ltr'>dignitatis,</span> <span class='ocrx_word' id='word_1_243' title='bbox 958 2262 1109 2306; x_wconf 79' lang='lat' dir='ltr'>requirit</span> 
     </span>
     <span class='ocr_line' id='line_1_42' title="bbox 126 2312 1109 2358; baseline -0.001 -12"><span class='ocrx_word' id='word_1_244' title='bbox 126 2314 313 2358; x_wconf 86' lang='lat' dir='ltr'>perfectam</span> <span class='ocrx_word' id='word_1_245' title='bbox 333 2312 588 2353; x_wconf 87' lang='lat' dir='ltr'>obedientiam,</span> <span class='ocrx_word' id='word_1_246' title='bbox 608 2325 681 2345; x_wconf 90' lang='lat' dir='ltr'>non</span> <span class='ocrx_word' id='word_1_247' title='bbox 700 2314 799 2345; x_wconf 86' lang='lat' dir='ltr'>docet</span> <span class='ocrx_word' id='word_1_248' title='bbox 817 2313 860 2347; x_wconf 87' lang='lat' dir='ltr'>de</span> <span class='ocrx_word' id='word_1_249' title='bbox 876 2313 1024 2355; x_wconf 86' lang='lat' dir='ltr'>gratuita</span> <span class='ocrx_word' id='word_1_250' title='bbox 1043 2313 1109 2345; x_wconf 88' lang='lat' dir='ltr'>mi-</span> 
     </span>
     <span class='ocr_line' id='line_1_43' title="bbox 128 2361 1108 2408; baseline -0.001 -11"><span class='ocrx_word' id='word_1_251' title='bbox 128 2364 340 2403; x_wconf 87' lang='lat' dir='ltr'>sericordia,</span> <span class='ocrx_word' id='word_1_252' title='bbox 368 2364 461 2407; x_wconf 91' lang='lat' dir='ltr'>quod</span> <span class='ocrx_word' id='word_1_253' title='bbox 487 2361 581 2395; x_wconf 88' lang='lat' dir='ltr'>Deus</span> <span class='ocrx_word' id='word_1_254' title='bbox 607 2364 769 2408; x_wconf 81' lang='lat' dir='ltr'>recipiat,</span> <span class='ocrx_word' id='word_1_255' title='bbox 794 2363 957 2396; x_wconf 82' lang='lat' dir='ltr'>exaudiat</span> <span class='ocrx_word' id='word_1_256' title='bbox 985 2371 1017 2397; x_wconf 89' lang='lat' dir='ltr'>et</span> <span class='ocrx_word' id='word_1_257' title='bbox 1040 2364 1108 2396; x_wconf 83' lang='lat' dir='ltr'>sal-</span> 
     </span>
     <span class='ocr_line' id='line_1_44' title="bbox 126 2411 1108 2458; baseline -0.001 -11"><span class='ocrx_word' id='word_1_258' title='bbox 126 2422 184 2447; x_wconf 86' lang='lat' dir='ltr'>vet</span> <span class='ocrx_word' id='word_1_259' title='bbox 206 2414 382 2457; x_wconf 89' lang='lat' dir='ltr'>indignos.</span> <span class='ocrx_word' id='word_1_260' title='bbox 437 2413 556 2458; x_wconf 87' lang='lat' dir='ltr'>ltaque</span> <span class='ocrx_word' id='word_1_261' title='bbox 581 2411 740 2447; x_wconf 87' lang='lat' dir='ltr'>homines</span> <span class='ocrx_word' id='word_1_262' title='bbox 768 2414 831 2447; x_wconf 90' lang='lat' dir='ltr'>etsi</span> <span class='ocrx_word' id='word_1_263' title='bbox 863 2412 992 2447; x_wconf 83' lang='lat' dir='ltr'>habent</span> <span class='ocrx_word' id='word_1_264' title='bbox 1017 2415 1108 2447; x_wconf 80' lang='lat' dir='ltr'>noti—</span> 
     </span>
     <span class='ocr_line' id='line_1_45' title="bbox 127 2463 1107 2508; baseline -0.001 -9"><span class='ocrx_word' id='word_1_265' title='bbox 127 2466 216 2499; x_wconf 88' lang='lat' dir='ltr'>ciam</span> <span class='ocrx_word' id='word_1_266' title='bbox 243 2465 346 2507; x_wconf 89' lang='lat' dir='ltr'>legis,</span> <span class='ocrx_word' id='word_1_267' title='bbox 384 2471 498 2497; x_wconf 87' lang='lat' dir='ltr'>tamen</span> <span class='ocrx_word' id='word_1_268' title='bbox 531 2465 606 2496; x_wconf 90' lang='lat' dir='ltr'>sine</span> <span class='ocrx_word' id='word_1_269' title='bbox 628 2463 824 2507; x_wconf 86' lang='lat' dir='ltr'>Evangelio</span> <span class='ocrx_word' id='word_1_270' title='bbox 856 2477 927 2497; x_wconf 90' lang='lat' dir='ltr'>non</span> <span class='ocrx_word' id='word_1_271' title='bbox 963 2473 1107 2508; x_wconf 88' lang='lat' dir='ltr'>possunt</span> 
     </span>
     <span class='ocr_line' id='line_1_46' title="bbox 127 2514 1107 2555; baseline 0 -6"><span class='ocrx_word' id='word_1_272' title='bbox 127 2523 219 2550; x_wconf 86' lang='lat' dir='ltr'>certo</span> <span class='ocrx_word' id='word_1_273' title='bbox 238 2523 389 2548; x_wconf 86' lang='lat' dir='ltr'>statuere</span> <span class='ocrx_word' id='word_1_274' title='bbox 405 2515 447 2547; x_wconf 90' lang='lat' dir='ltr'>de</span> <span class='ocrx_word' id='word_1_275' title='bbox 464 2515 646 2548; x_wconf 85' lang='lat' dir='ltr'>voluntate</span> <span class='ocrx_word' id='word_1_276' title='bbox 662 2514 749 2555; x_wconf 82' lang='lat' dir='ltr'>Dei,</span> <span class='ocrx_word' id='word_1_277' title='bbox 776 2528 849 2548; x_wconf 89' lang='lat' dir='ltr'>non</span> <span class='ocrx_word' id='word_1_278' title='bbox 874 2516 1023 2549; x_wconf 90' lang='lat' dir='ltr'>credunt</span> <span class='ocrx_word' id='word_1_279' title='bbox 1041 2516 1107 2549; x_wconf 90' lang='lat' dir='ltr'>sibi</span> 
     </span>
     <span class='ocr_line' id='line_1_47' title="bbox 127 2566 1109 2610; baseline 0.001 -10"><span class='ocrx_word' id='word_1_280' title='bbox 127 2567 233 2610; x_wconf 87' lang='lat' dir='ltr'>gratis</span> <span class='ocrx_word' id='word_1_281' title='bbox 262 2567 413 2609; x_wconf 84' lang='lat' dir='ltr'>ignosci,</span> <span class='ocrx_word' id='word_1_282' title='bbox 447 2572 506 2599; x_wconf 90' lang='lat' dir='ltr'>aut</span> <span class='ocrx_word' id='word_1_283' title='bbox 540 2577 575 2598; x_wconf 89' lang='lat' dir='ltr'>se</span> <span class='ocrx_word' id='word_1_284' title='bbox 605 2566 784 2604; x_wconf 75' lang='lat' dir='ltr'>exaudiri,</span> <span class='ocrx_word' id='word_1_285' title='bbox 820 2579 893 2600; x_wconf 91' lang='lat' dir='ltr'>non</span> <span class='ocrx_word' id='word_1_286' title='bbox 926 2574 1109 2610; x_wconf 84' lang='lat' dir='ltr'>expectant</span> 
     </span>
     <span class='ocr_line' id='line_1_48' title="bbox 125 2615 1109 2651; baseline 0 -1"><span class='ocrx_word' id='word_1_287' title='bbox 125 2624 220 2651; x_wconf 88' lang='lat' dir='ltr'>certo</span> <span class='ocrx_word' id='word_1_288' title='bbox 236 2617 407 2650; x_wconf 86' lang='lat' dir='ltr'>auxilium</span> <span class='ocrx_word' id='word_1_289' title='bbox 422 2615 498 2650; x_wconf 88' lang='lat' dir='ltr'>Dei.</span> <span class='ocrx_word' id='word_1_290' title='bbox 553 2616 644 2649; x_wconf 91' lang='lat' dir='ltr'>Cum</span> <span class='ocrx_word' id='word_1_291' title='bbox 662 2617 755 2649; x_wconf 89' lang='lat' dir='ltr'>enim</span> <span class='ocrx_word' id='word_1_292' title='bbox 772 2629 843 2650; x_wconf 91' lang='lat' dir='ltr'>non</span> <span class='ocrx_word' id='word_1_293' title='bbox 859 2617 1109 2650; x_wconf 86' lang='lat' dir='ltr'>satisfaciamus</span> 
     </span>
     <span class='ocr_line' id='line_1_49' title="bbox 125 2666 1108 2711; baseline 0 -10"><span class='ocrx_word' id='word_1_294' title='bbox 125 2668 210 2711; x_wconf 85' lang='lat' dir='ltr'>legi,</span> <span class='ocrx_word' id='word_1_295' title='bbox 239 2680 318 2701; x_wconf 92' lang='lat' dir='ltr'>cum</span> <span class='ocrx_word' id='word_1_296' title='bbox 336 2666 527 2701; x_wconf 88' lang='lat' dir='ltr'>habeamus</span> <span class='ocrx_word' id='word_1_297' title='bbox 545 2673 738 2711; x_wconf 87' lang='lat' dir='ltr'>peccatum,</span> <span class='ocrx_word' id='word_1_298' title='bbox 764 2668 931 2702; x_wconf 89' lang='lat' dir='ltr'>reclamat</span> <span class='ocrx_word' id='word_1_299' title='bbox 948 2668 985 2701; x_wconf 91' lang='lat' dir='ltr'>in</span> <span class='ocrx_word' id='word_1_300' title='bbox 1005 2667 1108 2701; x_wconf 90' lang='lat' dir='ltr'>nobis</span> 
     </span>
    </p>

    <p class='ocr_par' dir='ltr' id='par_1_12' title="bbox 181 2720 716 2751">
     <span class='ocr_line' id='line_1_50' title="bbox 181 2720 716 2751; baseline 0.002 -1"><span class='ocrx_word' id='word_1_301' title='bbox 181 2720 356 2751; x_wconf 63' lang='grc' dir='ltr'>Μειᾼπτιι.</span> <span class='ocrx_word' id='word_1_302' title='bbox 387 2721 489 2751; x_wconf 63' lang='lat' dir='ltr'>Ormi.</span> <span class='ocrx_word' id='word_1_303' title='bbox 520 2720 600 2750; x_wconf 65' lang='lat' dir='ltr'>Vot„</span> <span class='ocrx_word' id='word_1_304' title='bbox 622 2720 716 2751; x_wconf 82' lang='lat' dir='ltr'>XIll.</span> 
     </span>
    </p>
   </div>
   <div class='ocr_carea' id='block_1_9' title="bbox 744 101 1582 144">
    <p class='ocr_par' dir='ltr' id='par_1_13' title="bbox 744 101 1582 144">
     <span class='ocr_line' id='line_1_51' title="bbox 744 101 1582 144; baseline 0.007 -6"><span class='ocrx_word' id='word_1_305' title='bbox 744 103 808 139; x_wconf 87' lang='lat' dir='ltr'>IX.</span> <span class='ocrx_word' id='word_1_306' title='bbox 862 101 1224 141; x_wconf 88' lang='lat' dir='ltr'>COMMENTARII</span> <span class='ocrx_word' id='word_1_307' title='bbox 1259 105 1309 141; x_wconf 88' lang='lat' dir='ltr'>IN</span> <span class='ocrx_word' id='word_1_308' title='bbox 1340 105 1582 144; x_wconf 86' lang='lat' dir='ltr'><strong>PSALMOS.</strong></span> 
     </span>
    </p>
   </div>
   <div class='ocr_carea' id='block_1_10' title="bbox 2073 118 2171 157">
    <p class='ocr_par' dir='ltr' id='par_1_14' title="bbox 2073 118 2171 157">
     <span class='ocr_line' id='line_1_52' title="bbox 2073 118 2171 157; baseline 0.041 -4"><span class='ocrx_word' id='word_1_309' title='bbox 2073 118 2171 157; x_wconf 77' lang='lat'><strong>1362</strong></span> 
     </span>
    </p>
   </div>
   <div class='ocr_carea' id='block_1_11' title="bbox 1180 191 2167 390">
    <p class='ocr_par' dir='ltr' id='par_1_15' title="bbox 1180 191 2167 390">
     <span class='ocr_line' id='line_1_53' title="bbox 1182 191 2167 245; baseline 0.016 -22"><span class='ocrx_word' id='word_1_310' title='bbox 1182 191 1258 234; x_wconf 91' lang='lat' dir='ltr'>ipsa</span> <span class='ocrx_word' id='word_1_311' title='bbox 1282 203 1349 224; x_wconf 87' lang='lat' dir='ltr'>vox</span> <span class='ocrx_word' id='word_1_312' title='bbox 1373 193 1480 235; x_wconf 87' lang='lat' dir='ltr'>legis,</span> <span class='ocrx_word' id='word_1_313' title='bbox 1507 205 1546 227; x_wconf 90' lang='lat' dir='ltr'>ac</span> <span class='ocrx_word' id='word_1_314' title='bbox 1565 191 1840 240; x_wconf 82' lang='lat' dir='ltr'>chirographum</span> <span class='ocrx_word' id='word_1_315' title='bbox 1864 198 2071 245; x_wconf 87' lang='lat' dir='ltr'>inscriptum</span> <span class='ocrx_word' id='word_1_316' title='bbox 2088 217 2167 238; x_wconf 93' lang='lat' dir='ltr'>cor-</span> 
     </span>
     <span class='ocr_line' id='line_1_54' title="bbox 1183 242 2166 296; baseline 0.017 -24"><span class='ocrx_word' id='word_1_317' title='bbox 1183 242 1288 274; x_wconf 90' lang='lat' dir='ltr'>dibus</span> <span class='ocrx_word' id='word_1_318' title='bbox 1306 244 1435 276; x_wconf 89' lang='lat' dir='ltr'>nostris</span> <span class='ocrx_word' id='word_1_319' title='bbox 1453 256 1616 279; x_wconf 88' lang='lat' dir='ltr'>accusans</span> <span class='ocrx_word' id='word_1_320' title='bbox 1632 253 1666 280; x_wconf 89' lang='lat' dir='ltr'>et</span> <span class='ocrx_word' id='word_1_321' title='bbox 1679 248 1853 281; x_wconf 85' lang='lat' dir='ltr'>damnans</span> <span class='ocrx_word' id='word_1_322' title='bbox 1872 261 1955 289; x_wconf 89' lang='lat' dir='ltr'>nos,</span> <span class='ocrx_word' id='word_1_323' title='bbox 1984 261 2087 296; x_wconf 85' lang='lat' dir='ltr'>negat</span> <span class='ocrx_word' id='word_1_324' title='bbox 2102 267 2166 289; x_wconf 91' lang='lat' dir='ltr'>nos</span> 
     </span>
     <span class='ocr_line' id='line_1_55' title="bbox 1182 292 2166 349; baseline 0.015 -26"><span class='ocrx_word' id='word_1_325' title='bbox 1182 292 1289 335; x_wconf 91' lang='lat' dir='ltr'>recipi</span> <span class='ocrx_word' id='word_1_326' title='bbox 1308 304 1326 325; x_wconf 92' lang='lat' dir='ltr'>a</span> <span class='ocrx_word' id='word_1_327' title='bbox 1344 293 1424 326; x_wconf 89' lang='lat' dir='ltr'>Deo</span> <span class='ocrx_word' id='word_1_328' title='bbox 1436 320 1445 334; x_wconf 92' lang='lat'>‚</span> <span class='ocrx_word' id='word_1_329' title='bbox 1472 297 1683 338; x_wconf 88' lang='lat' dir='ltr'>pronunciat</span> <span class='ocrx_word' id='word_1_330' title='bbox 1700 309 1765 331; x_wconf 92' lang='lat' dir='ltr'>nos</span> <span class='ocrx_word' id='word_1_331' title='bbox 1785 307 1927 343; x_wconf 89' lang='lat' dir='ltr'>propter</span> <span class='ocrx_word' id='word_1_332' title='bbox 1944 311 2081 345; x_wconf 90' lang='lat' dir='ltr'>peccata</span> <span class='ocrx_word' id='word_1_333' title='bbox 2100 318 2166 349; x_wconf 90' lang='lat' dir='ltr'>pu-</span> 
     </span>
     <span class='ocr_line' id='line_1_56' title="bbox 1180 342 2165 390; baseline 0.013 -15"><span class='ocrx_word' id='word_1_334' title='bbox 1180 342 1261 377; x_wconf 90' lang='lat' dir='ltr'>niri.</span> <span class='ocrx_word' id='word_1_335' title='bbox 1316 342 1438 388; x_wconf 90' lang='lat' dir='ltr'>ltaque</span> <span class='ocrx_word' id='word_1_336' title='bbox 1462 357 1534 378; x_wconf 91' lang='lat' dir='ltr'>non</span> <span class='ocrx_word' id='word_1_337' title='bbox 1559 353 1672 390; x_wconf 88' lang='lat' dir='ltr'>potest</span> <span class='ocrx_word' id='word_1_338' title='bbox 1689 349 1833 383; x_wconf 87' lang='lat' dir='ltr'>existere</span> <span class='ocrx_word' id='word_1_339' title='bbox 1852 351 1938 384; x_wconf 90' lang='lat' dir='ltr'>fides</span> <span class='ocrx_word' id='word_1_340' title='bbox 1963 360 1996 386; x_wconf 92' lang='lat' dir='ltr'>et</span> <span class='ocrx_word' id='word_1_341' title='bbox 2020 353 2165 389; x_wconf 87' lang='lat' dir='ltr'>invoca-</span> 
     </span>
    </p>
   </div>
   <div class='ocr_carea' id='block_1_12' title="bbox 1179 392 2165 487">
    <p class='ocr_par' dir='ltr' id='par_1_16' title="bbox 1179 392 2165 487">
     <span class='ocr_line' id='line_1_57' title="bbox 1180 392 2165 443; baseline 0.016 -19"><span class='ocrx_word' id='word_1_342' title='bbox 1180 392 1228 425; x_wconf 88' lang='lat' dir='ltr'>tio</span> <span class='ocrx_word' id='word_1_343' title='bbox 1240 420 1249 434; x_wconf 92' lang='lat'>,</span> <span class='ocrx_word' id='word_1_344' title='bbox 1277 393 1348 426; x_wconf 91' lang='lat' dir='ltr'>imo</span> <span class='ocrx_word' id='word_1_345' title='bbox 1368 396 1600 429; x_wconf 85' lang='lat' dir='ltr'>conscientiae</span> <span class='ocrx_word' id='word_1_346' title='bbox 1624 399 1877 443; x_wconf 88' lang='lat' dir='ltr'>opprimuntur</span> <span class='ocrx_word' id='word_1_347' title='bbox 1893 403 2117 438; x_wconf 89' lang='lat' dir='ltr'>dubitatione</span> <span class='ocrx_word' id='word_1_348' title='bbox 2133 413 2165 440; x_wconf 88' lang='lat' dir='ltr'>et</span> 
     </span>
     <span class='ocr_line' id='line_1_58' title="bbox 1179 444 1433 487; baseline 0.008 -12"><span class='ocrx_word' id='word_1_349' title='bbox 1179 444 1433 487; x_wconf 88' lang='lat' dir='ltr'>desperatione.</span> 
     </span>
    </p>
   </div>
   <div class='ocr_carea' id='block_1_13' title="bbox 1171 523 2164 1129">
    <p class='ocr_par' dir='ltr' id='par_1_17' title="bbox 1171 523 2164 1129">
     <span class='ocr_line' id='line_1_59' title="bbox 1279 523 2164 579; baseline 0.019 -23"><span class='ocrx_word' id='word_1_350' title='bbox 1279 523 1398 567; x_wconf 85' lang='lat' dir='ltr'>Quare</span> <span class='ocrx_word' id='word_1_351' title='bbox 1421 538 1510 570; x_wconf 91' lang='lat' dir='ltr'>opus</span> <span class='ocrx_word' id='word_1_352' title='bbox 1543 535 1593 562; x_wconf 90' lang='lat' dir='ltr'>est</span> <span class='ocrx_word' id='word_1_353' title='bbox 1621 530 1689 562; x_wconf 89' lang='lat' dir='ltr'>alia</span> <span class='ocrx_word' id='word_1_354' title='bbox 1712 531 1892 574; x_wconf 83' lang='lat' dir='ltr'>doctrina,</span> <span class='ocrx_word' id='word_1_355' title='bbox 1919 547 2009 579; x_wconf 87' lang='lat' dir='ltr'>quae</span> <span class='ocrx_word' id='word_1_356' title='bbox 2029 538 2164 574; x_wconf 87' lang='lat' dir='ltr'>adferat</span> 
     </span>
     <span class='ocr_line' id='line_1_60' title="bbox 1177 576 2163 633; baseline 0.018 -28"><span class='ocrx_word' id='word_1_357' title='bbox 1177 580 1306 607; x_wconf 90' lang='lat' dir='ltr'>certam</span> <span class='ocrx_word' id='word_1_358' title='bbox 1344 582 1377 609; x_wconf 89' lang='lat' dir='ltr'>et</span> <span class='ocrx_word' id='word_1_359' title='bbox 1406 576 1541 610; x_wconf 88' lang='lat' dir='ltr'>firmam</span> <span class='ocrx_word' id='word_1_360' title='bbox 1577 580 1744 613; x_wconf 86' lang='lat' dir='ltr'>noticiam</span> <span class='ocrx_word' id='word_1_361' title='bbox 1778 583 2059 628; x_wconf 87' lang='lat' dir='ltr'>misericordiae,</span> <span class='ocrx_word' id='word_1_362' title='bbox 2101 602 2163 633; x_wconf 89' lang='lat' dir='ltr'>per</span> 
     </span>
     <span class='ocr_line' id='line_1_61' title="bbox 1176 626 2163 674; baseline 0.018 -18"><span class='ocrx_word' id='word_1_363' title='bbox 1176 637 1280 670; x_wconf 89' lang='lat' dir='ltr'>quam</span> <span class='ocrx_word' id='word_1_364' title='bbox 1297 626 1465 660; x_wconf 80' lang='lat' dir='ltr'>excitetur</span> <span class='ocrx_word' id='word_1_365' title='bbox 1481 628 1517 660; x_wconf 88' lang='lat' dir='ltr'>in</span> <span class='ocrx_word' id='word_1_366' title='bbox 1536 631 1702 663; x_wconf 90' lang='lat' dir='ltr'>cordibus</span> <span class='ocrx_word' id='word_1_367' title='bbox 1718 632 1814 671; x_wconf 78' lang='lat' dir='ltr'>fides,</span> <span class='ocrx_word' id='word_1_368' title='bbox 1837 641 1868 667; x_wconf 89' lang='lat' dir='ltr'>et</span> <span class='ocrx_word' id='word_1_369' title='bbox 1886 636 2073 672; x_wconf 86' lang='lat' dir='ltr'>vincantur</span> <span class='ocrx_word' id='word_1_370' title='bbox 2092 647 2163 674; x_wconf 88' lang='lat' dir='ltr'>ter-</span> 
     </span>
     <span class='ocr_line' id='line_1_62' title="bbox 1176 676 2162 726; baseline 0.019 -20"><span class='ocrx_word' id='word_1_371' title='bbox 1176 687 1271 708; x_wconf 90' lang='lat' dir='ltr'>rores</span> <span class='ocrx_word' id='word_1_372' title='bbox 1301 677 1372 710; x_wconf 87' lang='lat' dir='ltr'>irae</span> <span class='ocrx_word' id='word_1_373' title='bbox 1399 676 1465 710; x_wconf 90' lang='lat' dir='ltr'>Dei</span> <span class='ocrx_word' id='word_1_374' title='bbox 1491 686 1523 711; x_wconf 92' lang='lat' dir='ltr'>et</span> <span class='ocrx_word' id='word_1_375' title='bbox 1548 680 1755 723; x_wconf 78' lang='lat' dir='ltr'>desperatio,</span> <span class='ocrx_word' id='word_1_376' title='bbox 1808 683 1903 718; x_wconf 87' lang='lat' dir='ltr'>Haec</span> <span class='ocrx_word' id='word_1_377' title='bbox 1928 693 1977 721; x_wconf 89' lang='lat' dir='ltr'>est</span> <span class='ocrx_word' id='word_1_378' title='bbox 2001 690 2162 726; x_wconf 88' lang='lat' dir='ltr'>doctrina</span> 
     </span>
     <span class='ocr_line' id='line_1_63' title="bbox 1176 723 2162 783; baseline 0.018 -26"><span class='ocrx_word' id='word_1_379' title='bbox 1176 723 1385 769; x_wconf 89' lang='lat' dir='ltr'>Evangelii,</span> <span class='ocrx_word' id='word_1_380' title='bbox 1420 740 1509 773; x_wconf 88' lang='lat' dir='ltr'>quae</span> <span class='ocrx_word' id='word_1_381' title='bbox 1544 731 1676 765; x_wconf 89' lang='lat' dir='ltr'>revelat</span> <span class='ocrx_word' id='word_1_382' title='bbox 1712 730 1801 766; x_wconf 89' lang='lat' dir='ltr'>hauc</span> <span class='ocrx_word' id='word_1_383' title='bbox 1835 736 2052 771; x_wconf 89' lang='lat' dir='ltr'>voluntatem</span> <span class='ocrx_word' id='word_1_384' title='bbox 2083 740 2162 783; x_wconf 89' lang='lat' dir='ltr'>Dei,</span> 
     </span>
     <span class='ocr_line' id='line_1_64' title="bbox 1175 778 2162 829; baseline 0.017 -21"><span class='ocrx_word' id='word_1_385' title='bbox 1175 778 1268 820; x_wconf 86' lang='lat' dir='ltr'>quod</span> <span class='ocrx_word' id='word_1_386' title='bbox 1291 779 1372 811; x_wconf 89' lang='lat' dir='ltr'>velit</span> <span class='ocrx_word' id='word_1_387' title='bbox 1392 780 1499 821; x_wconf 82' lang='lat' dir='ltr'>gratis</span> <span class='ocrx_word' id='word_1_388' title='bbox 1515 781 1693 815; x_wconf 78' lang='lat' dir='ltr'>remittere</span> <span class='ocrx_word' id='word_1_389' title='bbox 1716 791 1852 826; x_wconf 80' lang='lat' dir='ltr'>peccata</span> <span class='ocrx_word' id='word_1_390' title='bbox 1867 812 1875 825; x_wconf 87' lang='lat'>,</span> <span class='ocrx_word' id='word_1_391' title='bbox 1900 786 2080 829; x_wconf 89' lang='lat' dir='ltr'>ignoscere</span> <span class='ocrx_word' id='word_1_392' title='bbox 2104 792 2162 825; x_wconf 78' lang='lat' dir='ltr'>in-</span> 
     </span>
     <span class='ocr_line' id='line_1_65' title="bbox 1174 827 2161 882; baseline 0.017 -24"><span class='ocrx_word' id='word_1_393' title='bbox 1174 828 1310 869; x_wconf 80' lang='lat' dir='ltr'>dignis,</span> <span class='ocrx_word' id='word_1_394' title='bbox 1346 835 1379 862; x_wconf 91' lang='lat' dir='ltr'>et</span> <span class='ocrx_word' id='word_1_395' title='bbox 1405 827 1616 864; x_wconf 88' lang='lat' dir='ltr'>habentibus</span> <span class='ocrx_word' id='word_1_396' title='bbox 1647 841 1844 875; x_wconf 87' lang='lat' dir='ltr'>peccatum,</span> <span class='ocrx_word' id='word_1_397' title='bbox 1890 845 2032 882; x_wconf 87' lang='lat' dir='ltr'>propter</span> <span class='ocrx_word' id='word_1_398' title='bbox 2057 839 2161 875; x_wconf 86' lang='lat' dir='ltr'>Chri-</span> 
     </span>
     <span class='ocr_line' id='line_1_66' title="bbox 1173 879 2160 933; baseline 0.017 -24"><span class='ocrx_word' id='word_1_399' title='bbox 1173 885 1263 910; x_wconf 90' lang='lat' dir='ltr'>stum</span> <span class='ocrx_word' id='word_1_400' title='bbox 1282 879 1564 923; x_wconf 81' lang='lat' dir='ltr'>propiciatorem,</span> <span class='ocrx_word' id='word_1_401' title='bbox 1581 883 1608 914; x_wconf 91' lang='lat' dir='ltr'>si</span> <span class='ocrx_word' id='word_1_402' title='bbox 1628 890 1742 916; x_wconf 87' lang='lat' dir='ltr'>tamen</span> <span class='ocrx_word' id='word_1_403' title='bbox 1762 885 1829 917; x_wconf 86' lang='lat' dir='ltr'>fide</span> <span class='ocrx_word' id='word_1_404' title='bbox 1848 884 1941 920; x_wconf 88' lang='lat' dir='ltr'>hunc</span> <span class='ocrx_word' id='word_1_405' title='bbox 1959 890 2160 933; x_wconf 85' lang='lat' dir='ltr'>apprehen-</span> 
     </span>
     <span class='ocr_line' id='line_1_67' title="bbox 1173 930 2160 978; baseline 0.017 -18"><span class='ocrx_word' id='word_1_406' title='bbox 1173 930 1314 969; x_wconf 80' lang='lat' dir='ltr'>damus,</span> <span class='ocrx_word' id='word_1_407' title='bbox 1342 937 1371 963; x_wconf 88' lang='lat' dir='ltr'>et</span> <span class='ocrx_word' id='word_1_408' title='bbox 1391 933 1485 975; x_wconf 89' lang='lat' dir='ltr'>quod</span> <span class='ocrx_word' id='word_1_409' title='bbox 1515 939 1609 966; x_wconf 85' lang='lat' dir='ltr'>certo</span> <span class='ocrx_word' id='word_1_410' title='bbox 1632 934 1716 967; x_wconf 87' lang='lat' dir='ltr'>velit</span> <span class='ocrx_word' id='word_1_411' title='bbox 1736 937 1916 970; x_wconf 86' lang='lat' dir='ltr'>credentes</span> <span class='ocrx_word' id='word_1_412' title='bbox 1934 942 2100 976; x_wconf 85' lang='lat' dir='ltr'>exaudire</span> <span class='ocrx_word' id='word_1_413' title='bbox 2128 952 2160 978; x_wconf 89' lang='lat' dir='ltr'>et</span> 
     </span>
     <span class='ocr_line' id='line_1_68' title="bbox 1172 979 2160 1031; baseline 0.017 -20"><span class='ocrx_word' id='word_1_414' title='bbox 1172 979 1317 1012; x_wconf 88' lang='lat' dir='ltr'>salvare.</span> <span class='ocrx_word' id='word_1_415' title='bbox 1371 980 1448 1014; x_wconf 90' lang='lat' dir='ltr'>Hoc</span> <span class='ocrx_word' id='word_1_416' title='bbox 1463 984 1568 1016; x_wconf 90' lang='lat' dir='ltr'>modo</span> <span class='ocrx_word' id='word_1_417' title='bbox 1586 996 1665 1017; x_wconf 86' lang='lat' dir='ltr'>vere</span> <span class='ocrx_word' id='word_1_418' title='bbox 1682 987 1882 1028; x_wconf 88' lang='lat' dir='ltr'>agnoscitur</span> <span class='ocrx_word' id='word_1_419' title='bbox 1900 987 2007 1031; x_wconf 85' lang='lat' dir='ltr'>Deus,</span> <span class='ocrx_word' id='word_1_420' title='bbox 2038 1000 2067 1026; x_wconf 88' lang='lat' dir='ltr'>et</span> <span class='ocrx_word' id='word_1_421' title='bbox 2088 995 2160 1027; x_wconf 87' lang='lat' dir='ltr'>exi-</span> 
     </span>
     <span class='ocr_line' id='line_1_69' title="bbox 1171 1031 2158 1087; baseline 0.012 -26"><span class='ocrx_word' id='word_1_422' title='bbox 1171 1037 1268 1063; x_wconf 91' lang='lat' dir='ltr'>stunt</span> <span class='ocrx_word' id='word_1_423' title='bbox 1288 1031 1359 1064; x_wconf 83' lang='lat' dir='ltr'>veri</span> <span class='ocrx_word' id='word_1_424' title='bbox 1377 1032 1492 1065; x_wconf 89' lang='lat' dir='ltr'>cultus</span> <span class='ocrx_word' id='word_1_425' title='bbox 1511 1034 1728 1077; x_wconf 85' lang='lat' dir='ltr'>spirituales,</span> <span class='ocrx_word' id='word_1_426' title='bbox 1757 1049 1837 1070; x_wconf 90' lang='lat' dir='ltr'>vera</span> <span class='ocrx_word' id='word_1_427' title='bbox 1857 1038 2046 1083; x_wconf 74' lang='lat' dir='ltr'>invocatio,</span> <span class='ocrx_word' id='word_1_428' title='bbox 2077 1055 2158 1087; x_wconf 71' lang='lat' dir='ltr'>gra„</span> 
     </span>
     <span class='ocr_line' id='line_1_70' title="bbox 1171 1081 2021 1129; baseline 0.015 -17"><span class='ocrx_word' id='word_1_429' title='bbox 1171 1081 1299 1113; x_wconf 89' lang='lat' dir='ltr'>tiarum</span> <span class='ocrx_word' id='word_1_430' title='bbox 1318 1084 1428 1123; x_wconf 71' lang='lat' dir='ltr'>actio,</span> <span class='ocrx_word' id='word_1_431' title='bbox 1450 1096 1529 1117; x_wconf 89' lang='lat' dir='ltr'>vera</span> <span class='ocrx_word' id='word_1_432' title='bbox 1549 1091 1581 1117; x_wconf 91' lang='lat' dir='ltr'>et</span> <span class='ocrx_word' id='word_1_433' title='bbox 1598 1086 1791 1129; x_wconf 86' lang='lat' dir='ltr'>spiritualis</span> <span class='ocrx_word' id='word_1_434' title='bbox 1808 1089 2021 1127; x_wconf 87' lang='lat' dir='ltr'>ohedientia.</span> 
     </span>
    </p>
   </div>
   <div class='ocr_carea' id='block_1_14' title="bbox 1162 1164 2158 2031">
    <p class='ocr_par' dir='ltr' id='par_1_18' title="bbox 1162 1164 2158 2031">
     <span class='ocr_line' id='line_1_71' title="bbox 1271 1164 2158 1219; baseline 0.017 -21"><span class='ocrx_word' id='word_1_435' title='bbox 1271 1164 1325 1200; x_wconf 93' lang='lat' dir='ltr'>De</span> <span class='ocrx_word' id='word_1_436' title='bbox 1343 1165 1407 1200; x_wconf 87' lang='lat' dir='ltr'>hac</span> <span class='ocrx_word' id='word_1_437' title='bbox 1431 1168 1561 1202; x_wconf 90' lang='lat' dir='ltr'>noticia</span> <span class='ocrx_word' id='word_1_438' title='bbox 1586 1171 1800 1205; x_wconf 81' lang='lat' dir='ltr'>vaticinatur</span> <span class='ocrx_word' id='word_1_439' title='bbox 1819 1170 1874 1206; x_wconf 89' lang='lat' dir='ltr'>hic</span> <span class='ocrx_word' id='word_1_440' title='bbox 1892 1173 2074 1219; x_wconf 72' lang='lat' dir='ltr'>psalmus,</span> <span class='ocrx_word' id='word_1_441' title='bbox 2103 1182 2158 1214; x_wconf 75' lang='lat' dir='ltr'>vi-</span> 
     </span>
     <span class='ocr_line' id='line_1_72' title="bbox 1170 1216 2157 1274; baseline 0.017 -27"><span class='ocrx_word' id='word_1_442' title='bbox 1170 1216 1313 1255; x_wconf 88' lang='lat' dir='ltr'>delicet,</span> <span class='ocrx_word' id='word_1_443' title='bbox 1347 1221 1584 1261; x_wconf 87' lang='lat' dir='ltr'>spargendum</span> <span class='ocrx_word' id='word_1_444' title='bbox 1614 1233 1685 1254; x_wconf 91' lang='lat' dir='ltr'>esse</span> <span class='ocrx_word' id='word_1_445' title='bbox 1713 1223 1858 1256; x_wconf 87' lang='lat' dir='ltr'>verbum</span> <span class='ocrx_word' id='word_1_446' title='bbox 1886 1224 2068 1270; x_wconf 87' lang='lat' dir='ltr'>Evangelii</span> <span class='ocrx_word' id='word_1_447' title='bbox 2095 1243 2157 1274; x_wconf 84' lang='lat' dir='ltr'>per</span> 
     </span>
     <span class='ocr_line' id='line_1_73' title="bbox 1171 1269 2154 1325; baseline 0.018 -27"><span class='ocrx_word' id='word_1_448' title='bbox 1171 1273 1283 1300; x_wconf 88' lang='lat' dir='ltr'>totum</span> <span class='ocrx_word' id='word_1_449' title='bbox 1309 1269 1451 1309; x_wconf 89' lang='lat' dir='ltr'>orbem,</span> <span class='ocrx_word' id='word_1_450' title='bbox 1487 1283 1556 1314; x_wconf 91' lang='lat' dir='ltr'>quo</span> <span class='ocrx_word' id='word_1_451' title='bbox 1590 1283 1670 1304; x_wconf 90' lang='lat' dir='ltr'>vere</span> <span class='ocrx_word' id='word_1_452' title='bbox 1702 1281 1911 1316; x_wconf 87' lang='lat' dir='ltr'>agnoscatur</span> <span class='ocrx_word' id='word_1_453' title='bbox 1936 1276 2032 1312; x_wconf 85' lang='lat' dir='ltr'>Deus</span> <span class='ocrx_word' id='word_1_454' title='bbox 2062 1285 2154 1325; x_wconf 90' lang='lat' dir='ltr'>apud</span> 
     </span>
     <span class='ocr_line' id='line_1_74' title="bbox 1171 1321 2156 1375; baseline 0.017 -26"><span class='ocrx_word' id='word_1_455' title='bbox 1171 1329 1293 1350; x_wconf 89' lang='lat' dir='ltr'>omnes</span> <span class='ocrx_word' id='word_1_456' title='bbox 1309 1326 1445 1361; x_wconf 87' lang='lat' dir='ltr'>gentes,</span> <span class='ocrx_word' id='word_1_457' title='bbox 1471 1327 1503 1354; x_wconf 88' lang='lat' dir='ltr'>et</span> <span class='ocrx_word' id='word_1_458' title='bbox 1520 1321 1714 1356; x_wconf 88' lang='lat' dir='ltr'>innotescat</span> <span class='ocrx_word' id='word_1_459' title='bbox 1738 1325 1812 1357; x_wconf 88' lang='lat' dir='ltr'>eius</span> <span class='ocrx_word' id='word_1_460' title='bbox 1839 1326 1969 1368; x_wconf 83' lang='lat' dir='ltr'>gloria,</span> <span class='ocrx_word' id='word_1_461' title='bbox 2000 1337 2032 1363; x_wconf 90' lang='lat' dir='ltr'>et</span> <span class='ocrx_word' id='word_1_462' title='bbox 2056 1344 2156 1375; x_wconf 85' lang='lat' dir='ltr'>prae-</span> 
     </span>
     <span class='ocr_line' id='line_1_75' title="bbox 1171 1370 2155 1425; baseline 0.018 -26"><span class='ocrx_word' id='word_1_463' title='bbox 1171 1374 1307 1401; x_wconf 88' lang='lat' dir='ltr'>stentur</span> <span class='ocrx_word' id='word_1_464' title='bbox 1323 1370 1397 1402; x_wconf 90' lang='lat' dir='ltr'>veri</span> <span class='ocrx_word' id='word_1_465' title='bbox 1414 1371 1542 1404; x_wconf 85' lang='lat' dir='ltr'>cultus:</span> <span class='ocrx_word' id='word_1_466' title='bbox 1572 1380 1605 1405; x_wconf 85' lang='lat' dir='ltr'>et</span> <span class='ocrx_word' id='word_1_467' title='bbox 1628 1374 1839 1408; x_wconf 86' lang='lat' dir='ltr'>nominatim</span> <span class='ocrx_word' id='word_1_468' title='bbox 1855 1379 2034 1420; x_wconf 85' lang='lat' dir='ltr'>praedicat</span> <span class='ocrx_word' id='word_1_469' title='bbox 2053 1394 2155 1425; x_wconf 88' lang='lat' dir='ltr'>prae-</span> 
     </span>
     <span class='ocr_line' id='line_1_76' title="bbox 1170 1418 2144 1468; baseline 0.018 -19"><span class='ocrx_word' id='word_1_470' title='bbox 1170 1418 1271 1461; x_wconf 82' lang='lat' dir='ltr'>cipua</span> <span class='ocrx_word' id='word_1_471' title='bbox 1298 1420 1469 1453; x_wconf 86' lang='lat' dir='ltr'>beneficia</span> <span class='ocrx_word' id='word_1_472' title='bbox 1491 1420 1557 1454; x_wconf 90' lang='lat' dir='ltr'>Dei</span> <span class='ocrx_word' id='word_1_473' title='bbox 1586 1430 1618 1456; x_wconf 90' lang='lat' dir='ltr'>et</span> <span class='ocrx_word' id='word_1_474' title='bbox 1651 1426 1851 1459; x_wconf 88' lang='lat' dir='ltr'>testimonia</span> <span class='ocrx_word' id='word_1_475' title='bbox 1883 1429 2144 1468; x_wconf 89' lang='lat' dir='ltr'>misericordiae</span> 
     </span>
     <span class='ocr_line' id='line_1_77' title="bbox 1168 1463 2156 1519; baseline 0.018 -19"><span class='ocrx_word' id='word_1_476' title='bbox 1168 1468 1341 1510; x_wconf 90' lang='lat' dir='ltr'>videlicet,</span> <span class='ocrx_word' id='word_1_477' title='bbox 1359 1472 1453 1515; x_wconf 92' lang='lat' dir='ltr'>quod</span> <span class='ocrx_word' id='word_1_478' title='bbox 1471 1472 1514 1504; x_wconf 91' lang='lat' dir='ltr'>sit</span> <span class='ocrx_word' id='word_1_479' title='bbox 1533 1471 1628 1506; x_wconf 87' lang='lat' dir='ltr'>Deus</span> <span class='ocrx_word' id='word_1_480' title='bbox 1644 1475 1833 1519; x_wconf 89' lang='lat' dir='ltr'>respiciens</span> <span class='ocrx_word' id='word_1_481' title='bbox 1851 1485 1884 1512; x_wconf 85' lang='lat' dir='ltr'>et</span> <span class='ocrx_word' id='word_1_482' title='bbox 1899 1480 2070 1517; x_wconf 85' lang='lat' dir='ltr'>adiuvans</span> <span class='ocrx_word' id='word_1_483' title='bbox 2090 1463 2156 1519; x_wconf 47' lang='lat' dir='ltr'>huj</span> 
     </span>
     <span class='ocr_line' id='line_1_78' title="bbox 1167 1519 2154 1579; baseline 0.02 -29"><span class='ocrx_word' id='word_1_484' title='bbox 1167 1519 1286 1560; x_wconf 85' lang='lat' dir='ltr'>miles,</span> <span class='ocrx_word' id='word_1_485' title='bbox 1310 1521 1481 1566; x_wconf 88' lang='lat' dir='ltr'>abiectos,</span> <span class='ocrx_word' id='word_1_486' title='bbox 1515 1535 1699 1568; x_wconf 88' lang='lat' dir='ltr'>oppressos</span> <span class='ocrx_word' id='word_1_487' title='bbox 1723 1534 1785 1560; x_wconf 87' lang='lat' dir='ltr'>etc.</span> <span class='ocrx_word' id='word_1_488' title='bbox 1845 1528 1922 1562; x_wconf 87' lang='lat' dir='ltr'>Hae</span> <span class='ocrx_word' id='word_1_489' title='bbox 1948 1540 2032 1568; x_wconf 86' lang='lat' dir='ltr'>sunt</span> <span class='ocrx_word' id='word_1_490' title='bbox 2059 1535 2154 1579; x_wconf 90' lang='lat' dir='ltr'>ipsae</span> 
     </span>
     <span class='ocr_line' id='line_1_79' title="bbox 1165 1567 2152 1623; baseline 0.019 -22"><span class='ocrx_word' id='word_1_491' title='bbox 1165 1567 1352 1613; x_wconf 85' lang='lat' dir='ltr'>Evangelii</span> <span class='ocrx_word' id='word_1_492' title='bbox 1369 1584 1487 1613; x_wconf 89' lang='lat' dir='ltr'>voces,</span> <span class='ocrx_word' id='word_1_493' title='bbox 1515 1575 1634 1618; x_wconf 88' lang='lat' dir='ltr'>quales</span> <span class='ocrx_word' id='word_1_494' title='bbox 1659 1578 1786 1619; x_wconf 87' lang='lat' dir='ltr'>passim</span> <span class='ocrx_word' id='word_1_495' title='bbox 1813 1580 1986 1623; x_wconf 78' lang='lat' dir='ltr'>plurimae</span> <span class='ocrx_word' id='word_1_496' title='bbox 2006 1593 2090 1619; x_wconf 89' lang='lat' dir='ltr'>sunt</span> <span class='ocrx_word' id='word_1_497' title='bbox 2115 1589 2152 1621; x_wconf 90' lang='lat' dir='ltr'>in</span> 
     </span>
     <span class='ocr_line' id='line_1_80' title="bbox 1165 1621 2153 1683; baseline 0.017 -31"><span class='ocrx_word' id='word_1_498' title='bbox 1165 1621 1348 1664; x_wconf 88' lang='lat' dir='ltr'>scriptura.</span> <span class='ocrx_word' id='word_1_499' title='bbox 1404 1621 1532 1657; x_wconf 81' lang='lat' dir='ltr'>Matth.</span> <span class='ocrx_word' id='word_1_500' title='bbox 1554 1626 1625 1659; x_wconf 85' lang='lat'>11.:</span> <span class='ocrx_word' id='word_1_501' title='bbox 1654 1625 1781 1661; x_wconf 76' lang='lat' dir='ltr'>Venite</span> <span class='ocrx_word' id='word_1_502' title='bbox 1797 1631 1839 1662; x_wconf 91' lang='lat' dir='ltr'>ad</span> <span class='ocrx_word' id='word_1_503' title='bbox 1866 1642 1921 1663; x_wconf 86' lang='lat' dir='ltr'>me</span> <span class='ocrx_word' id='word_1_504' title='bbox 1944 1645 2067 1669; x_wconf 87' lang='lat' dir='ltr'>omnes</span> <span class='ocrx_word' id='word_1_505' title='bbox 2092 1639 2153 1683; x_wconf 87' lang='lat' dir='ltr'>qui</span> 
     </span>
     <span class='ocr_line' id='line_1_81' title="bbox 1165 1671 2152 1732; baseline 0.019 -30"><span class='ocrx_word' id='word_1_506' title='bbox 1165 1671 1331 1704; x_wconf 88' lang='lat' dir='ltr'>laboratis</span> <span class='ocrx_word' id='word_1_507' title='bbox 1348 1679 1409 1706; x_wconf 85' lang='lat' dir='ltr'>etc.</span> <span class='ocrx_word' id='word_1_508' title='bbox 1464 1673 1550 1707; x_wconf 87' lang='lat' dir='ltr'>Item</span> <span class='ocrx_word' id='word_1_509' title='bbox 1575 1675 1660 1711; x_wconf 86' lang='lat' dir='ltr'>Luc.</span> <span class='ocrx_word' id='word_1_510' title='bbox 1691 1679 1762 1712; x_wconf 68' lang='lat'>12:</span> <span class='ocrx_word' id='word_1_511' title='bbox 1790 1678 1908 1714; x_wconf 88' lang='lat' dir='ltr'>Nolite</span> <span class='ocrx_word' id='word_1_512' title='bbox 1936 1683 2060 1719; x_wconf 84' lang='lat' dir='ltr'>timere</span> <span class='ocrx_word' id='word_1_513' title='bbox 2085 1701 2152 1732; x_wconf 91' lang='lat' dir='ltr'>pu-</span> 
     </span>
     <span class='ocr_line' id='line_1_82' title="bbox 1163 1721 2151 1780; baseline 0.018 -27"><span class='ocrx_word' id='word_1_514' title='bbox 1163 1721 1263 1754; x_wconf 87' lang='lat' dir='ltr'>sillus</span> <span class='ocrx_word' id='word_1_515' title='bbox 1279 1733 1380 1765; x_wconf 84' lang='lat' dir='ltr'>grex,</span> <span class='ocrx_word' id='word_1_516' title='bbox 1405 1724 1536 1767; x_wconf 91' lang='lat' dir='ltr'>placuit</span> <span class='ocrx_word' id='word_1_517' title='bbox 1553 1727 1645 1759; x_wconf 89' lang='lat' dir='ltr'>enim</span> <span class='ocrx_word' id='word_1_518' title='bbox 1666 1730 1756 1772; x_wconf 90' lang='lat' dir='ltr'>patri</span> <span class='ocrx_word' id='word_1_519' title='bbox 1776 1732 1874 1764; x_wconf 91' lang='lat' dir='ltr'>vobis</span> <span class='ocrx_word' id='word_1_520' title='bbox 1891 1733 1973 1767; x_wconf 88' lang='lat' dir='ltr'>dare</span> <span class='ocrx_word' id='word_1_521' title='bbox 1993 1748 2151 1780; x_wconf 76' lang='lat' dir='ltr'>regnum,</span> 
     </span>
     <span class='ocr_line' id='line_1_83' title="bbox 1163 1770 2151 1833; baseline 0.016 -30"><span class='ocrx_word' id='word_1_522' title='bbox 1163 1770 1287 1805; x_wconf 87' lang='lat' dir='ltr'>Esaiae</span> <span class='ocrx_word' id='word_1_523' title='bbox 1306 1773 1381 1809; x_wconf 85' lang='lat'><strong>66.:</strong></span> <span class='ocrx_word' id='word_1_524' title='bbox 1410 1775 1465 1807; x_wconf 78' lang='lat' dir='ltr'>Ad</span> <span class='ocrx_word' id='word_1_525' title='bbox 1484 1788 1587 1820; x_wconf 92' lang='lat' dir='ltr'>quem</span> <span class='ocrx_word' id='word_1_526' title='bbox 1606 1779 1809 1822; x_wconf 87' lang='lat' dir='ltr'>respiciam,</span> <span class='ocrx_word' id='word_1_527' title='bbox 1838 1782 1906 1815; x_wconf 88' lang='lat' dir='ltr'>nisi</span> <span class='ocrx_word' id='word_1_528' title='bbox 1932 1786 1973 1817; x_wconf 86' lang='lat' dir='ltr'>ad</span> <span class='ocrx_word' id='word_1_529' title='bbox 1999 1799 2151 1833; x_wconf 79' lang='lat' dir='ltr'>pauper-</span> 
     </span>
     <span class='ocr_line' id='line_1_84' title="bbox 1163 1824 2150 1875; baseline 0.02 -21"><span class='ocrx_word' id='word_1_530' title='bbox 1163 1824 1279 1855; x_wconf 89' lang='lat' dir='ltr'>culum</span> <span class='ocrx_word' id='word_1_531' title='bbox 1305 1831 1339 1857; x_wconf 89' lang='lat' dir='ltr'>et</span> <span class='ocrx_word' id='word_1_532' title='bbox 1361 1827 1552 1859; x_wconf 89' lang='lat' dir='ltr'>contritum</span> <span class='ocrx_word' id='word_1_533' title='bbox 1578 1829 1717 1871; x_wconf 86' lang='lat' dir='ltr'>spiritu.</span> <span class='ocrx_word' id='word_1_534' title='bbox 1768 1831 1858 1867; x_wconf 80' lang='lat' dir='ltr'>Psat.</span> <span class='ocrx_word' id='word_1_535' title='bbox 1876 1833 1950 1868; x_wconf 62' lang='lat'>34:</span> <span class='ocrx_word' id='word_1_536' title='bbox 1977 1835 2075 1873; x_wconf 89' lang='lat' dir='ltr'>quta</span> <span class='ocrx_word' id='word_1_537' title='bbox 2100 1849 2150 1875; x_wconf 89' lang='lat' dir='ltr'>est</span> 
     </span>
     <span class='ocr_line' id='line_1_85' title="bbox 1163 1873 2148 1925; baseline 0.02 -20"><span class='ocrx_word' id='word_1_538' title='bbox 1163 1874 1342 1907; x_wconf 90' lang='lat' dir='ltr'>Dominus</span> <span class='ocrx_word' id='word_1_539' title='bbox 1360 1873 1432 1916; x_wconf 87' lang='lat' dir='ltr'>his,</span> <span class='ocrx_word' id='word_1_540' title='bbox 1461 1877 1521 1921; x_wconf 91' lang='lat' dir='ltr'>qui</span> <span class='ocrx_word' id='word_1_541' title='bbox 1541 1878 1710 1913; x_wconf 86' lang='lat' dir='ltr'>tribulato</span> <span class='ocrx_word' id='word_1_542' title='bbox 1728 1889 1810 1915; x_wconf 88' lang='lat' dir='ltr'>sunt</span> <span class='ocrx_word' id='word_1_543' title='bbox 1828 1886 1952 1925; x_wconf 88' lang='lat' dir='ltr'>corde,</span> <span class='ocrx_word' id='word_1_544' title='bbox 1980 1894 2011 1920; x_wconf 87' lang='lat' dir='ltr'>et</span> <span class='ocrx_word' id='word_1_545' title='bbox 2031 1886 2148 1925; x_wconf 88' lang='lat' dir='ltr'>humi-</span> 
     </span>
     <span class='ocr_line' id='line_1_86' title="bbox 1162 1925 2148 1976; baseline 0.016 -21"><span class='ocrx_word' id='word_1_546' title='bbox 1162 1925 1211 1956; x_wconf 87' lang='lat' dir='ltr'>les</span> <span class='ocrx_word' id='word_1_547' title='bbox 1229 1925 1354 1968; x_wconf 88' lang='lat' dir='ltr'>spiritu</span> <span class='ocrx_word' id='word_1_548' title='bbox 1370 1927 1519 1961; x_wconf 84' lang='lat' dir='ltr'>salvabit</span> <span class='ocrx_word' id='word_1_549' title='bbox 1539 1936 1602 1963; x_wconf 86' lang='lat' dir='ltr'>etc.</span> <span class='ocrx_word' id='word_1_550' title='bbox 1654 1930 1783 1968; x_wconf 85' lang='lat' dir='ltr'>Psalm.</span> <span class='ocrx_word' id='word_1_551' title='bbox 1805 1933 1905 1970; x_wconf 55' lang='lat'>144:</span> <span class='ocrx_word' id='word_1_552' title='bbox 1923 1935 2064 1975; x_wconf 77' lang='lat' dir='ltr'>Altevat</span> <span class='ocrx_word' id='word_1_553' title='bbox 2074 1940 2148 1976; x_wconf 89' lang='lat' dir='ltr'>Do-</span> 
     </span>
     <span class='ocr_line' id='line_1_87' title="bbox 1163 1976 2148 2031; baseline 0.021 -25"><span class='ocrx_word' id='word_1_554' title='bbox 1163 1976 1280 2008; x_wconf 84' lang='lat' dir='ltr'>minus</span> <span class='ocrx_word' id='word_1_555' title='bbox 1298 1989 1420 2010; x_wconf 90' lang='lat' dir='ltr'>omnes</span> <span class='ocrx_word' id='word_1_556' title='bbox 1437 1979 1498 2022; x_wconf 89' lang='lat' dir='ltr'>qui</span> <span class='ocrx_word' id='word_1_557' title='bbox 1515 1988 1697 2023; x_wconf 88' lang='lat' dir='ltr'>corruunt,</span> <span class='ocrx_word' id='word_1_558' title='bbox 1723 1990 1756 2016; x_wconf 91' lang='lat' dir='ltr'>et</span> <span class='ocrx_word' id='word_1_559' title='bbox 1773 1985 1873 2028; x_wconf 83' lang='lat' dir='ltr'>erigit</span> <span class='ocrx_word' id='word_1_560' title='bbox 1893 1999 2014 2021; x_wconf 88' lang='lat' dir='ltr'>omnes</span> <span class='ocrx_word' id='word_1_561' title='bbox 2033 1992 2148 2031; x_wconf 83' lang='lat' dir='ltr'>elisos.</span> 
     </span>
    </p>
   </div>
   <div class='ocr_carea' id='block_1_15' title="bbox 1133 2059 2146 2669">
    <p class='ocr_par' dir='ltr' id='par_1_19' title="bbox 1133 2059 2146 2669">
     <span class='ocr_line' id='line_1_88' title="bbox 1264 2059 2145 2115; baseline 0.023 -23"><span class='ocrx_word' id='word_1_562' title='bbox 1264 2059 1342 2093; x_wconf 89' lang='lat' dir='ltr'>Huc</span> <span class='ocrx_word' id='word_1_563' title='bbox 1364 2073 1444 2105; x_wconf 90' lang='lat' dir='ltr'>ergo</span> <span class='ocrx_word' id='word_1_564' title='bbox 1470 2063 1674 2097; x_wconf 89' lang='lat' dir='ltr'>referendus</span> <span class='ocrx_word' id='word_1_565' title='bbox 1699 2073 1750 2100; x_wconf 91' lang='lat' dir='ltr'>est</span> <span class='ocrx_word' id='word_1_566' title='bbox 1775 2065 1831 2102; x_wconf 90' lang='lat' dir='ltr'>hic</span> <span class='ocrx_word' id='word_1_567' title='bbox 1855 2068 2029 2115; x_wconf 76' lang='lat' dir='ltr'>psalmus,</span> <span class='ocrx_word' id='word_1_568' title='bbox 2065 2084 2145 2112; x_wconf 84' lang='lat' dir='ltr'>tan-</span> 
     </span>
     <span class='ocr_line' id='line_1_89' title="bbox 1162 2113 2146 2164; baseline 0.015 -22"><span class='ocrx_word' id='word_1_569' title='bbox 1162 2122 1266 2155; x_wconf 83' lang='lat' dir='ltr'>quam</span> <span class='ocrx_word' id='word_1_570' title='bbox 1287 2123 1365 2154; x_wconf 89' lang='lat' dir='ltr'>pars</span> <span class='ocrx_word' id='word_1_571' title='bbox 1380 2113 1560 2147; x_wconf 87' lang='lat' dir='ltr'>doctrinae</span> <span class='ocrx_word' id='word_1_572' title='bbox 1577 2113 1780 2159; x_wconf 81' lang='lat' dir='ltr'>Evangelii,</span> <span class='ocrx_word' id='word_1_573' title='bbox 1808 2132 1896 2164; x_wconf 88' lang='lat' dir='ltr'>quae</span> <span class='ocrx_word' id='word_1_574' title='bbox 1916 2125 2016 2158; x_wconf 86' lang='lat' dir='ltr'>docet</span> <span class='ocrx_word' id='word_1_575' title='bbox 2031 2128 2073 2160; x_wconf 89' lang='lat' dir='ltr'>de</span> <span class='ocrx_word' id='word_1_576' title='bbox 2091 2142 2146 2162; x_wconf 87' lang='lat' dir='ltr'>re-</span> 
     </span>
     <span class='ocr_line' id='line_1_90' title="bbox 1161 2159 2145 2213; baseline 0.02 -20"><span class='ocrx_word' id='word_1_577' title='bbox 1161 2173 1229 2204; x_wconf 84' lang='lat' dir='ltr'>gno</span> <span class='ocrx_word' id='word_1_578' title='bbox 1248 2159 1397 2203; x_wconf 87' lang='lat' dir='ltr'>Christi,</span> <span class='ocrx_word' id='word_1_579' title='bbox 1424 2164 1462 2196; x_wconf 88' lang='lat' dir='ltr'>in</span> <span class='ocrx_word' id='word_1_580' title='bbox 1479 2177 1547 2209; x_wconf 88' lang='lat' dir='ltr'>quo</span> <span class='ocrx_word' id='word_1_581' title='bbox 1570 2165 1661 2199; x_wconf 88' lang='lat' dir='ltr'>lucet</span> <span class='ocrx_word' id='word_1_582' title='bbox 1678 2174 1709 2200; x_wconf 88' lang='lat' dir='ltr'>et</span> <span class='ocrx_word' id='word_1_583' title='bbox 1727 2171 1927 2210; x_wconf 83' lang='lat' dir='ltr'>agnoscitur</span> <span class='ocrx_word' id='word_1_584' title='bbox 1945 2175 2145 2213; x_wconf 86' lang='lat' dir='ltr'>misericor-</span> 
     </span>
     <span class='ocr_line' id='line_1_91' title="bbox 1161 2211 2144 2268; baseline 0.015 -24"><span class='ocrx_word' id='word_1_585' title='bbox 1161 2213 1218 2245; x_wconf 89' lang='lat' dir='ltr'>dia</span> <span class='ocrx_word' id='word_1_586' title='bbox 1233 2211 1317 2251; x_wconf 82' lang='lat' dir='ltr'>Dei,</span> <span class='ocrx_word' id='word_1_587' title='bbox 1345 2220 1377 2247; x_wconf 88' lang='lat' dir='ltr'>et</span> <span class='ocrx_word' id='word_1_588' title='bbox 1396 2212 1500 2249; x_wconf 89' lang='lat' dir='ltr'>habet</span> <span class='ocrx_word' id='word_1_589' title='bbox 1516 2216 1653 2259; x_wconf 89' lang='lat' dir='ltr'>insigne</span> <span class='ocrx_word' id='word_1_590' title='bbox 1670 2222 1895 2261; x_wconf 86' lang='lat' dir='ltr'>praeconium</span> <span class='ocrx_word' id='word_1_591' title='bbox 1915 2236 2059 2268; x_wconf 90' lang='lat' dir='ltr'>operum</span> <span class='ocrx_word' id='word_1_592' title='bbox 2077 2232 2144 2263; x_wconf 88' lang='lat' dir='ltr'>mi-</span> 
     </span>
     <span class='ocr_line' id='line_1_92' title="bbox 1160 2263 2142 2319; baseline 0.02 -25"><span class='ocrx_word' id='word_1_593' title='bbox 1160 2263 1380 2305; x_wconf 75' lang='lat' dir='ltr'>sericordiae,</span> <span class='ocrx_word' id='word_1_594' title='bbox 1400 2274 1652 2301; x_wconf 87' lang='lat' dir='ltr'>commemorat</span> <span class='ocrx_word' id='word_1_595' title='bbox 1671 2269 1848 2311; x_wconf 82' lang='lat' dir='ltr'>beneficia,</span> <span class='ocrx_word' id='word_1_596' title='bbox 1865 2274 1909 2306; x_wconf 90' lang='lat' dir='ltr'>de</span> <span class='ocrx_word' id='word_1_597' title='bbox 1928 2277 2057 2319; x_wconf 89' lang='lat' dir='ltr'>quibus</span> <span class='ocrx_word' id='word_1_598' title='bbox 2077 2281 2142 2314; x_wconf 90' lang='lat' dir='ltr'>do-</span> 
     </span>
     <span class='ocr_line' id='line_1_93' title="bbox 1160 2312 2143 2369; baseline 0.014 -23"><span class='ocrx_word' id='word_1_599' title='bbox 1160 2312 1474 2358; x_wconf 84' lang='lat' dir='ltr'>cetEvangelium,</span> <span class='ocrx_word' id='word_1_600' title='bbox 1491 2330 1648 2362; x_wconf 88' lang='lat' dir='ltr'>quaeque</span> <span class='ocrx_word' id='word_1_601' title='bbox 1667 2321 1807 2362; x_wconf 89' lang='lat' dir='ltr'>propria</span> <span class='ocrx_word' id='word_1_602' title='bbox 1827 2331 1907 2357; x_wconf 89' lang='lat' dir='ltr'>sunt</span> <span class='ocrx_word' id='word_1_603' title='bbox 1923 2328 2021 2369; x_wconf 87' lang='lat' dir='ltr'>regni</span> <span class='ocrx_word' id='word_1_604' title='bbox 2038 2328 2143 2365; x_wconf 79' lang='lat' dir='ltr'>Chri-</span> 
     </span>
     <span class='ocr_line' id='line_1_94' title="bbox 1161 2365 2142 2418; baseline 0.016 -23"><span class='ocrx_word' id='word_1_605' title='bbox 1161 2365 1223 2402; x_wconf 78' lang='lat' dir='ltr'>sti,</span> <span class='ocrx_word' id='word_1_606' title='bbox 1251 2366 1413 2399; x_wconf 87' lang='lat' dir='ltr'>videlicet</span> <span class='ocrx_word' id='word_1_607' title='bbox 1438 2368 1607 2411; x_wconf 89' lang='lat' dir='ltr'>respicere</span> <span class='ocrx_word' id='word_1_608' title='bbox 1640 2367 1810 2410; x_wconf 84' lang='lat' dir='ltr'>humiles,</span> <span class='ocrx_word' id='word_1_609' title='bbox 1843 2375 2015 2418; x_wconf 86' lang='lat' dir='ltr'>abiectos,</span> <span class='ocrx_word' id='word_1_610' title='bbox 2040 2382 2142 2416; x_wconf 84' lang='lat' dir='ltr'>adiu-</span> 
     </span>
     <span class='ocr_line' id='line_1_95' title="bbox 1160 2417 2143 2468; baseline 0.019 -22"><span class='ocrx_word' id='word_1_611' title='bbox 1160 2428 1241 2448; x_wconf 89' lang='lat' dir='ltr'>vare</span> <span class='ocrx_word' id='word_1_612' title='bbox 1272 2423 1304 2449; x_wconf 90' lang='lat' dir='ltr'>et</span> <span class='ocrx_word' id='word_1_613' title='bbox 1335 2417 1530 2459; x_wconf 88' lang='lat' dir='ltr'>glorificare</span> <span class='ocrx_word' id='word_1_614' title='bbox 1553 2431 1737 2463; x_wconf 90' lang='lat' dir='ltr'>oppressos</span> <span class='ocrx_word' id='word_1_615' title='bbox 1760 2429 1823 2457; x_wconf 88' lang='lat' dir='ltr'>etc.</span> <span class='ocrx_word' id='word_1_616' title='bbox 1892 2425 2012 2468; x_wconf 84' lang='lat' dir='ltr'>Quare</span> <span class='ocrx_word' id='word_1_617' title='bbox 2040 2433 2143 2468; x_wconf 85' lang='lat' dir='ltr'>valde</span> 
     </span>
     <span class='ocr_line' id='line_1_96' title="bbox 1160 2466 2142 2522; baseline 0.017 -25"><span class='ocrx_word' id='word_1_618' title='bbox 1160 2466 1274 2499; x_wconf 83' lang='lat' dir='ltr'>suavis</span> <span class='ocrx_word' id='word_1_619' title='bbox 1300 2474 1349 2501; x_wconf 83' lang='lat' dir='ltr'>est</span> <span class='ocrx_word' id='word_1_620' title='bbox 1372 2467 1547 2509; x_wconf 75' lang='lat' dir='ltr'>Psatmus,</span> <span class='ocrx_word' id='word_1_621' title='bbox 1584 2477 1616 2503; x_wconf 90' lang='lat' dir='ltr'>et</span> <span class='ocrx_word' id='word_1_622' title='bbox 1639 2472 1740 2505; x_wconf 88' lang='lat' dir='ltr'>facile</span> <span class='ocrx_word' id='word_1_623' title='bbox 1764 2474 1936 2510; x_wconf 83' lang='lat' dir='ltr'>dulcescet</span> <span class='ocrx_word' id='word_1_624' title='bbox 1955 2479 2037 2522; x_wconf 86' lang='lat' dir='ltr'>piis,</span> <span class='ocrx_word' id='word_1_625' title='bbox 2064 2495 2142 2518; x_wconf 87' lang='lat' dir='ltr'>cum</span> 
     </span>
     <span class='ocr_line' id='line_1_97' title="bbox 1159 2519 2143 2570; baseline 0.02 -22"><span class='ocrx_word' id='word_1_626' title='bbox 1159 2519 1483 2552; x_wconf 89' lang='lat' dir='ltr'>accommodabitur</span> <span class='ocrx_word' id='word_1_627' title='bbox 1501 2522 1543 2553; x_wconf 91' lang='lat' dir='ltr'>ad</span> <span class='ocrx_word' id='word_1_628' title='bbox 1555 2522 1786 2556; x_wconf 90' lang='lat' dir='ltr'>consolandas</span> <span class='ocrx_word' id='word_1_629' title='bbox 1803 2532 1834 2558; x_wconf 89' lang='lat' dir='ltr'>et</span> <span class='ocrx_word' id='word_1_630' title='bbox 1850 2527 2032 2570; x_wconf 82' lang='lat' dir='ltr'>erigendas</span> <span class='ocrx_word' id='word_1_631' title='bbox 2044 2546 2143 2568; x_wconf 91' lang='lat' dir='ltr'>men-</span> 
     </span>
     <span class='ocr_line' id='line_1_98' title="bbox 1159 2569 2143 2620; baseline 0.018 -21"><span class='ocrx_word' id='word_1_632' title='bbox 1159 2574 1228 2607; x_wconf 88' lang='lat' dir='ltr'>tes,</span> <span class='ocrx_word' id='word_1_633' title='bbox 1257 2569 1294 2600; x_wconf 91' lang='lat' dir='ltr'>in</span> <span class='ocrx_word' id='word_1_634' title='bbox 1312 2570 1563 2604; x_wconf 87' lang='lat' dir='ltr'>certaminibus</span> <span class='ocrx_word' id='word_1_635' title='bbox 1578 2573 1830 2614; x_wconf 88' lang='lat' dir='ltr'>conscientiae,</span> <span class='ocrx_word' id='word_1_636' title='bbox 1856 2585 1890 2611; x_wconf 90' lang='lat' dir='ltr'>et</span> <span class='ocrx_word' id='word_1_637' title='bbox 1913 2581 1955 2611; x_wconf 90' lang='lat' dir='ltr'>ad</span> <span class='ocrx_word' id='word_1_638' title='bbox 1982 2586 2143 2620; x_wconf 80' lang='lat' dir='ltr'>exercitia</span> 
     </span>
     <span class='ocr_line' id='line_1_99' title="bbox 1133 2618 2082 2669; baseline 0.018 -20"><span class='ocrx_word' id='word_1_639' title='bbox 1133 2626 1134 2652; x_wconf 56' lang='grc' dir='ltr'><strong>ς</strong></span> <span class='ocrx_word' id='word_1_640' title='bbox 1159 2618 1239 2651; x_wconf 86' lang='lat' dir='ltr'>fidei</span> <span class='ocrx_word' id='word_1_641' title='bbox 1259 2618 1295 2651; x_wconf 87' lang='lat' dir='ltr'>in</span> <span class='ocrx_word' id='word_1_642' title='bbox 1313 2620 1556 2661; x_wconf 84' lang='lat' dir='ltr'>invocatione,</span> <span class='ocrx_word' id='word_1_643' title='bbox 1585 2629 1617 2656; x_wconf 90' lang='lat' dir='ltr'>et</span> <span class='ocrx_word' id='word_1_644' title='bbox 1634 2623 1670 2655; x_wconf 87' lang='lat' dir='ltr'>in</span> <span class='ocrx_word' id='word_1_645' title='bbox 1690 2626 1856 2660; x_wconf 89' lang='lat' dir='ltr'>omnibus</span> <span class='ocrx_word' id='word_1_646' title='bbox 1873 2630 2082 2669; x_wconf 87' lang='lat' dir='ltr'>actionibus.</span> 
     </span>
    </p>
   </div>
   <div class='ocr_carea' id='block_1_16' title="bbox 1132 2658 1136 2703">
    <p class='ocr_par' dir='ltr' id='par_1_20' title="bbox 1132 2658 1136 2703">
     <span class='ocr_line' id='line_1_100' title="bbox 1132 2658 1136 2703; baseline 0 0"><span class='ocrx_word' id='word_1_647' title='bbox 1132 2658 1136 2703; x_wconf 85' lang='grc' dir='ltr'>Ι</span> 
     </span>
    </p>
   </div>
   <div class='ocr_carea' id='block_1_17' title="bbox 1133 209 1160 2624">
    <p class='ocr_par' dir='ltr' id='par_1_21' title="bbox 1133 209 1160 2624">
     <span class='ocr_line' id='line_1_101' title="bbox 1133 209 1160 2624; baseline 0 0"><span class='ocrx_word' id='word_1_648' title='bbox 1133 209 1160 2624; x_wconf 95' lang='lat' dir='ltr'> </span> 
     </span>
    </p>
   </div>
   <div class='ocr_carea' id='block_1_18' title="bbox 1627 2724 1675 2758">
    <p class='ocr_par' dir='ltr' id='par_1_22' title="bbox 1627 2724 1675 2758">
     <span class='ocr_line' id='line_1_102' title="bbox 1627 2724 1675 2758; baseline 0.063 -3"><span class='ocrx_word' id='word_1_649' title='bbox 1627 2724 1675 2758; x_wconf 88' lang='grc'>86</span> 
     </span>
    </p>
   </div>
  </div>
 </body>
</html>
