2379 2948
110 180 215 207 nuata
231 171 295 207 ira.
346 169 394 206 Et
411 183 491 206 cum
506 184 580 206 non
596 177 647 205 est
662 170 838 203 simulatio
850 197 859 210 ,
886 180 946 202 cor
970 168 1090 212 aliquo

107 225 215 257 modo
246 224 425 266 congruit,
465 223 551 256 alias
572 221 698 264 magis,
734 221 820 253 alias
841 219 969 252 minus.
1027 216 1092 251 Est

109 275 218 317 igitur
236 274 357 307 odium
377 274 414 306 in
433 275 537 307 corde
562 270 753 305 contractio
782 277 816 303 et
840 271 921 313 suga
949 269 1088 303 obiecti.

104 322 152 358 Et
170 325 252 369 quia
268 325 399 358 accedit
416 324 535 363 dolor,
562 322 599 354 fit
618 320 820 354 torrefactio
837 320 953 353 cordis
971 326 1003 353 et
1018 319 1090 363 spi-

104 376 247 409 rituum.
287 375 337 408 lta
355 386 388 408 et
403 374 524 407 odium
542 378 591 405 est
609 371 815 404 incendium
834 371 950 404 cordis
967 377 1001 404 et
1017 370 1090 414 spi-

103 426 257 466 rituum,
290 425 376 458 alias
401 423 528 466 magis,
569 422 656 455 alias
681 422 798 454 minus
822 421 1001 460 durabile,
1029 422 1086 454 sed

105 474 171 509 hoc
205 475 368 509 incendio
396 485 469 506 non
509 473 687 517 adpetitur
720 472 924 506 coniunctio
951 472 1090 513 obiecti,

107 528 166 560 sed
191 525 362 570 depulsio.

204 584 298 617 Haec
327 583 485 626 exempla
511 589 691 627 utcunque
720 582 932 621 ostendunt,
963 589 996 615 et
1026 582 1089 615 ubi

103 634 299 668 collocandi
316 633 386 667 sint
403 633 575 672 adfectus,
603 639 635 666 et
653 633 773 678 quales
792 640 928 675 motus,
956 640 988 667 et
1003 645 1089 678 qua-

103 685 150 719 lia
169 684 332 718 incendia
351 684 422 718 sint
439 684 555 717 cordis
573 691 605 718 et
619 684 821 728 spirituum.

288 787 348 821 De
370 788 534 833 imayine
560 787 634 820 Dei
661 788 700 820 in
736 784 900 819 homine.

201 859 294 894 Sunt
311 868 343 894 et
362 861 397 893 in
416 859 498 894 Sole
514 861 685 905 quaedam
702 860 745 893 de
762 858 837 893 Deo
861 858 1088 902 significatio-

98 922 170 944 nes.
222 910 311 944 Nam
331 918 364 944 et
380 910 474 945 Deus
493 918 543 944 est
558 911 676 944 lucida
694 911 853 950 essentia,
881 921 1085 955 quanquam

99 961 244 1006 spiritus
269 968 329 994 est.
382 960 429 995 Et
455 969 493 996 ut
517 962 555 994 in
578 962 650 995 sole
673 968 755 995 sunt
775 961 989 999 substantia,
1026 960 1086 992 lux

97 1019 132 1046 et
149 1012 257 1052 calor,
286 1012 332 1046 ita
358 1013 548 1055 significari
583 1013 947 1046 videnturraeternus
969 1010 1086 1050 Pater,

96 1062 190 1095 filius
211 1069 243 1095 et
254 1062 408 1107 Spiritus
423 1070 574 1098 sanctus.
602 1062 672 1096 Sed
690 1063 742 1095 sol
761 1074 834 1095 non
851 1060 1085 1100 novitDeum,

97 1115 169 1153 nec!
186 1113 282 1146 illam
307 1114 590 1159 qualemcunque
610 1113 881 1147 similitudinem
907 1112 1085 1154 intelligit.

94 1162 224 1197 Voluit
241 1171 358 1198 autem
378 1163 475 1197 Deus
499 1164 640 1207 agnosci
658 1176 691 1197 se
711 1164 756 1197 ab
773 1161 928 1196 humana
945 1169 1084 1202 natura,

97 1220 130 1247 et
146 1214 252 1247 talem
269 1226 340 1247 esse
357 1215 545 1257 imaginem
562 1213 629 1248 Dei
647 1212 827 1247 hominem
839 1241 848 1254 ,
874 1226 962 1258 quae
985 1213 1084 1246 simi-

97 1264 285 1298 litudinem
312 1271 469 1297 cerneret
487 1271 519 1297 et
544 1264 766 1307 intelligeret.
812 1264 958 1298 Summa
985 1263 1082 1296 enim

95 1315 292 1347 similitudo
311 1321 380 1354 est,
407 1314 598 1357 sapientiae
614 1322 647 1348 et
668 1315 824 1348 iusticiae
842 1314 1084 1357 congruentia,

96 1376 185 1409 quae
211 1376 284 1397 non
310 1371 425 1408 potest
448 1375 520 1397 esse
542 1363 611 1396 nisi
641 1363 679 1396 in
705 1371 830 1398 natura
855 1365 1083 1406 intelligente.

92 1413 139 1449 Et
163 1414 244 1460 quia
269 1415 404 1448 bonum
430 1421 480 1448 est
503 1411 745 1456 κοινωνικὸν,
780 1414 856 1447 vult
876 1413 973 1447 Deus
997 1411 1082 1446 haec

93 1477 153 1500 sua
171 1477 306 1499 summa
325 1466 419 1498 bona
436 1462 577 1498 homini
599 1464 873 1498 communicare.

197 1523 333 1558 Indidit
349 1524 458 1568 igitur
473 1525 584 1558 menti
603 1521 780 1557 humanae
801 1523 966 1564 noticias,
994 1535 1083 1569 quae

94 1581 292 1608 monstrant
315 1581 348 1608 et
372 1586 443 1608 esse
461 1573 597 1615 Deum,
624 1581 656 1608 et
679 1575 794 1620 qualis
819 1574 875 1610 sit.
927 1574 1016 1607 Nam
1034 1575 1083 1607 si-

90 1625 255 1659 militudo
275 1626 330 1658 vel
347 1625 601 1659 dissimilitudo
620 1637 694 1658 non
716 1632 832 1669 posset
857 1625 1028 1666 iudicari,
1053 1625 1081 1658 si

90 1688 233 1719 prorsus
258 1676 472 1710 nesciremus
494 1676 610 1721 qualis
632 1676 677 1709 sit
700 1676 808 1710 Deus.
866 1674 914 1709 Et
946 1676 1082 1720 primus

91 1727 221 1769 gradus
240 1727 488 1760 similitudinis
507 1733 575 1767 est,
605 1724 734 1759 habere
752 1726 947 1771 potentiam
974 1726 1080 1760 intel-

92 1777 259 1820 ligentem
278 1783 310 1810 et
329 1784 582 1820 congruentem
606 1777 826 1820 sapientiam.

194 1835 278 1869 Fuit
300 1843 416 1869 autem
449 1842 531 1869 ante
557 1842 737 1880 peccatum
768 1836 848 1869 talis
871 1836 1007 1878 imago,
1041 1842 1080 1869 ut

89 1887 268 1931 potentiae
285 1898 409 1919 omnes
426 1893 660 1930 congruerent
676 1899 754 1920 cum
772 1885 859 1920 Deo.
914 1885 955 1919 In
975 1887 1080 1920 intel-

89 1938 182 1972 lectu
206 1937 307 1971 fulsit
337 1938 435 1970 firma
461 1936 528 1970 Dei
561 1937 715 1979 noticia,
757 1938 922 1971 voluntas
953 1944 987 1971 et
1020 1949 1080 1970 cor

93 1989 335 2032 congruebant
356 2000 435 2021 cum
450 1986 544 2028 Deo,
572 1988 609 2021 id
634 1995 703 2027 est,
729 1986 909 2022 habebant
934 1988 1079 2022 rectitu-

88 2039 207 2072 dinem
224 2046 257 2072 et
272 2039 448 2073 iusticiam
474 2046 727 2082 congruentem
750 2051 829 2072 cum
853 2038 949 2079 Deo,
977 2045 1010 2072 et
1032 2039 1077 2071 li-

88 2090 205 2123 bertas
227 2090 417 2123 voluntatis
445 2101 517 2122 non
542 2096 615 2124 erat
639 2090 821 2134 impedita.
879 2089 928 2124 Et
946 2090 984 2122 in
1013 2087 1077 2122 hac

89 2152 150 2174 sua
173 2140 325 2183 imagine
343 2139 437 2174 Deus
462 2137 662 2181 habitabat,
697 2141 844 2174 daturus
868 2141 977 2174 vitam
1002 2140 1077 2173 sine

88 2197 223 2230 morte,
250 2197 281 2224 et
298 2191 471 2225 laeticiam
490 2199 712 2235 perpetuam,
739 2193 767 2224 si
792 2189 899 2225 homo
925 2203 998 2224 nou
1017 2203 1076 2224 ex-

89 2241 251 2275 cussisset
268 2239 380 2274 Deum
398 2248 580 2277 rectorem.
633 2242 692 2276 Sic
709 2243 869 2287 loquitur
882 2241 1015 2276 Paulus
1033 2243 1075 2275 de

89 2292 252 2335 imagine,
268 2303 346 2325 cum
365 2292 482 2337 inquit
498 2294 540 2326 ad
557 2290 747 2337 Ephesios:
776 2293 918 2327 Induite
942 2305 1074 2326 novum

89 2341 290 2382 hominem,
328 2342 389 2386 qui
421 2344 614 2377 secundum
637 2342 751 2377 Deum
781 2351 919 2378 creatus
953 2351 1003 2378 est
1037 2343 1074 2376 in

88 2393 228 2427 iusticia
246 2399 278 2426 et
302 2392 486 2426 sanctitate
509 2406 603 2428 vera.
665 2393 715 2428 Ita
738 2402 890 2429 vetustas
914 2395 1073 2440 loquitur

88 2445 131 2477 de
148 2444 321 2487 imagine,
347 2450 386 2477 ut
412 2443 571 2478 nominet
588 2443 800 2488 Imaginem,
834 2458 907 2479 non
935 2452 1072 2479 tantum

87 2495 262 2539 potentias
289 2495 446 2534 animae,
484 2500 525 2528 ut
547 2492 786 2538 Augustinus,
815 2498 875 2530 sed
899 2497 985 2530 tales
1008 2508 1075 2540 po-

87 2546 234 2586 tentias,
269 2544 307 2578 in
332 2545 462 2590 quibus
488 2543 602 2578 luceat
624 2544 691 2579 Dei
725 2547 875 2589 noticia,
916 2554 948 2581 et
981 2558 1072 2592 quae

86 2602 281 2639 congruant
297 2608 377 2629 cum
393 2594 491 2636 Deo,
514 2601 547 2628 et
565 2595 636 2629 sint
653 2597 877 2631 domicilium·
892 2596 969 2631 Dei.
994 2595 1074 2631 Au-

85 2648 252 2689 gustinusv
277 2643 349 2681 hoc>
373 2647 486 2680 modo·
511 2647 753 2681 accommodat
781 2649 971 2692 potentias,
1029 2646 1075 2680 In

936 81 1086 118 LIBER
1113 80 1182 117 DE
1210 80 1387 117 ANIMA.

2058 87 2130 123 170

1145 163 1290 198 homine
1308 163 1391 199 haec
1417 168 1481 201 tria
1506 168 1691 213 praecipua
1720 176 1818 203 sunt:
1855 168 1960 203 Mens
1985 171 2129 214 gignens

1147 216 1413 258 cogitationem,
1441 217 1614 261 Cogitatio
1631 232 1718 265 quae
1737 228 1787 255 est
1803 221 1918 263 imago
1934 221 1984 254 rei
2001 223 2129 264 cogita-

1145 271 1219 306 tae,
1255 272 1287 299 et
1313 265 1504 306 Voluntas,
1538 270 1577 303 in
1599 283 1666 315 qua
1691 278 1772 305 sunt
1799 271 1934 305 laeticia
1958 278 1992 305 et
2018 284 2128 305 amor.

1144 314 1209 348 His
1230 317 1395 358 potentiis
1415 317 1532 362 aliquo
1556 322 1659 353 modo
1677 322 1881 355 discrimina
1898 334 2127 366 personarum

1143 365 1335 409 significari
1368 368 1495 411 inquit.
1562 368 1701 403 Patrem
1739 379 1920 406 aeternum
1957 373 2128 416 significat

1144 428 1243 449 mens
1260 417 1406 460 gignens
1428 418 1695 461 cogitationem,
1722 421 1835 466 imago
1861 424 2008 456 formata
2033 424 2128 466 cogi-

1144 468 1276 501 tatione
1294 469 1331 500 in
1348 468 1452 501 nobis
1477 469 1646 511 significat
1674 471 1804 511 filium,
1830 474 1993 507 voluntas
2012 473 2128 518 Spiri—

1145 525 1218 551 tum
1237 525 1407 553 sanctum.
1460 518 1549 552 Nam
1568 526 1665 563 pater
1681 527 1842 554 aeternus
1860 523 2001 557 intuens
2019 536 2066 562 se,
2093 531 2128 558 et

1143 569 1299 612 cogitans
1326 569 1437 612 gignit
1460 571 1626 610 verbum,
1661 572 1755 616 quod
1781 579 1832 605 est
1855 573 1969 616 imago
1994 575 2128 607 aeterni

1143 620 1270 663 patris,
1298 632 1386 664 quae
1412 626 1460 653 est
1485 621 1578 654 filius
1594 621 1681 659 Dei,
1711 622 1771 666 qui
1797 622 1928 655 dicitur
1950 630 1983 656 et
2019 621 2125 671 λόγος

1143 676 1176 703 et
1194 667 1302 704 εἰκῶν
1320 671 1452 704 aeterni
1470 672 1589 714 patris.
1644 671 1796 715 Spiritus
1821 680 1961 707 sanctus
1978 680 2027 707 est
2045 675 2128 707 sub-

1143 721 1315 754 stantialis
1349 733 1450 754 amor
1473 729 1505 755 et
1528 722 1663 755 laeticia
1692 724 1885 766 procedens
1914 724 1959 757 ab
1983 730 2125 757 aeterno

1143 777 1240 815 patre
1273 779 1305 805 et
1331 772 1415 807 filio.
1465 773 1505 805 Id
1536 773 1698 816 congruit
1717 774 1759 806 ad
1776 774 1996 808 voluntatem
2025 780 2059 807 et
2083 776 2126 807 ad

1141 822 1285 865 spiritus
1310 822 1348 855 in
1380 824 1503 861 corde,
1540 824 1599 868 qui
1632 830 1715 857 sunt
1747 824 1906 858 flammae
1939 831 1972 858 et
1994 824 2126 858 instru-

1140 879 1257 906 menta
1283 880 1453 906 motuum.

1245 921 1322 956 Etsi
1346 931 1462 957 autem
1489 936 1611 957 verum
1639 932 1706 965 est,
1734 924 1838 958 etiam
1865 922 1928 958 has
1951 926 2126 970 potentias

1141 973 1220 1007 ideo
1245 974 1294 1007 sic
1316 975 1476 1008 conditas
1501 987 1591 1015 esse,
1624 982 1662 1008 ut
1687 975 1798 1009 multa
1823 987 1886 1008 nos
1910 976 2059 1009 doceant
2084 977 2127 1009 de

1138 1023 1232 1066 Deo,
1259 1031 1291 1058 et
1309 1037 1405 1058 nunc
1421 1038 1561 1071 quoque
1578 1027 1640 1059 etsi
1658 1033 1782 1060 natura
1802 1024 1957 1060 humana
1980 1026 2126 1070 langue-

1138 1075 1227 1108 facta
1255 1082 1323 1115 est,
1356 1077 1466 1109 multa
1491 1076 1671 1120 perspicua
1695 1077 1896 1110 testimonia
1920 1078 1962 1110 de
1990 1075 2065 1109 Deo
2092 1083 2126 1110 et

1139 1126 1181 1158 de
1199 1126 1442 1169 providentia,
1470 1127 1562 1160 sumi
1587 1128 1631 1159 ab
1653 1127 1771 1160 anima
1797 1134 1829 1160 et
1848 1139 1866 1160 a
1884 1126 2015 1160 noticia
2040 1127 2124 1169 legis

1138 1176 1244 1209 insita
1263 1177 1385 1216 nobis,
1414 1184 1445 1210 et
1464 1189 1482 1209 a
1501 1177 1736 1210 conscientiae
1754 1178 1950 1211 terroribus
1966 1184 2125 1220 possunt,

1137 1233 1255 1260 tamen
1274 1227 1391 1259 anima
1408 1227 1483 1259 sine
1501 1228 1577 1260 luce
1594 1226 1661 1260 Dei
1684 1234 1733 1260 est
1750 1234 1915 1271 corrupta
1941 1228 2067 1270 imago.

1241 1276 1315 1309 Iam
1333 1274 1390 1310 hic
1407 1284 1597 1322 utrumque
1622 1278 1878 1312 consideretur.
1928 1275 2042 1310 Amor
2058 1277 2125 1310 Dei

1138 1338 1219 1370 erga
1255 1338 1320 1360 nos
1355 1334 1389 1361 et
1428 1334 1547 1361 nostra
1577 1329 1755 1361 calamitas
1785 1335 1900 1362 secuta
1934 1335 2125 1371 peccatum.

1137 1377 1218 1410 Non
1237 1389 1318 1410 casu
1339 1389 1379 1410 ex
1403 1379 1529 1411 atomis
1546 1378 1719 1410 confluxit
1742 1376 1827 1410 haec
1853 1376 2039 1411 hominum
2059 1390 2125 1410 na-

1138 1433 1226 1460 tura.
1279 1426 1372 1460 Sunt
1404 1428 1499 1460 enim
1530 1428 1714 1461 manifesta
1747 1427 1948 1461 testimonia
1974 1428 2017 1460 de
2038 1427 2125 1469 Deo,

1137 1478 1229 1510 radii
1246 1478 1439 1522 sapientiae
1461 1478 1528 1511 Dei
1548 1479 1585 1510 in
1611 1478 1714 1512 nobis
1741 1475 1857 1511 adhuc
1877 1479 2033 1512 lucentes
2059 1490 2124 1515 no-

1137 1528 1238 1561 ticiae
1257 1529 1299 1561 de
1315 1528 1409 1569 Deo,
1436 1536 1469 1562 et
1484 1529 1669 1562 immotum
1686 1529 1875 1562 discrimen
1892 1526 2124 1562 honestorum

1139 1586 1173 1612 et
1189 1580 1360 1622 turpium.
1396 1578 1561 1622 Quantus
1576 1586 1689 1613 autem
1709 1591 1809 1612 amor
1827 1586 1878 1613 est
1895 1579 1932 1612 in
1950 1579 2025 1612 Deo
2043 1591 2123 1622 erga

1135 1641 1245 1673 genus
1263 1627 1471 1672 humanum,
1495 1631 1589 1675 quod
1610 1631 1801 1664 transfudit
1820 1630 1856 1662 in
1878 1641 1943 1663 nos
1960 1630 1997 1662 in
2013 1630 2124 1663 sabri-

1135 1680 1273 1714 catione
1290 1692 1328 1714 ea
1349 1681 1462 1722 bona,
1486 1692 1574 1725 quae
1594 1681 1721 1725 inipso
1745 1687 1826 1715 sunt
1848 1681 1998 1724 optima,
2027 1680 2123 1714 scili-

1135 1737 1206 1772 cet,
1249 1738 1411 1765 naturam
1455 1743 1613 1775 capacem
1657 1731 1849 1775 sapientiae
1885 1738 1917 1764 et
1951 1731 2122 1773 iusticiae‚

1134 1782 1264 1815 deinde
1291 1782 1409 1815 radios
1432 1793 1515 1815 suae
1539 1781 1746 1825 sapIentiae,
1779 1788 1811 1815 et
1843 1781 2017 1814 iusticiam
2043 1793 2123 1814 cum

1134 1843 1175 1864 eo
1202 1838 1470 1875 congruentem,
1504 1832 1704 1865 libertatem
1729 1831 1927 1872 electionis,
1957 1831 2064 1864 vitam
2089 1838 2123 1864 et

1133 1882 1306 1916 laeticiam
1323 1889 1539 1926 perpetuam.
1565 1880 1612 1915 Et
1630 1880 1716 1915 haec
1732 1883 1824 1915 bona
1837 1882 1884 1915 ita
1900 1881 2004 1914 nobis
2020 1882 2120 1915 attri-

1133 1933 1222 1970 buit,
1249 1939 1288 1967 ut
1302 1933 1376 1977 ipse
1391 1934 1496 1966 simul
1512 1933 1663 1966 voluerit
1681 1932 1717 1965 in
1737 1932 1842 1965 nobis
1859 1930 2032 1973 habitare,
2059 1944 2123 1965 au-

1133 1994 1212 2026 gere
1229 1983 1450 2027 sapientiam,
1474 1990 1505 2017 et
1522 1983 1594 2016 suis
1610 1983 1766 2018 motibus
1783 1995 1848 2017 nos
1865 1993 1993 2024 regere.
2022 1981 2120 2025 Quid

1133 2040 1247 2079 potest
1262 2033 1411 2077 cogitari
1428 2034 1539 2067 maius
1549 2034 1569 2067 ‘3‘

1232 2084 1337 2118 Nunc
1352 2097 1436 2118 vero
1454 2097 1559 2129 quam
1584 2083 1772 2117 dissimiles
1796 2094 1916 2117 sumus
1940 2081 2023 2117 huic
2046 2083 2120 2127 pri-

1130 2147 1207 2168 mae
1225 2135 1475 2169 fabricationi?
1500 2135 1604 2169 Mens
1628 2135 1731 2179 plena
1757 2140 1807 2167 est
1825 2134 1983 2177 caliginis
1999 2141 2032 2168 et
2052 2135 2119 2167 du-

1130 2186 1345 2220 bitationum
1370 2187 1413 2220 de
1430 2186 1518 2222 Deo.
1570 2185 1612 2219 In
1643 2185 1824 2219 voluntate
1851 2191 1884 2218 et
1907 2186 2016 2217 cordev
2035 2191 2119 2218 sunt

1130 2238 1342 2281 multiplices
1377 2238 1538 2270 flammae
1568 2236 1762 2269 errantium
1794 2234 2053 2278 cupiditatum,
2085 2242 2118 2269 et

1129 2288 1364 2333 pugnantium
1382 2300 1460 2321 cum
1480 2287 1577 2327 Deo,
1611 2286 1733 2319 iniusti
1760 2295 1896 2317 amores
1925 2290 1961 2318 et
1985 2284 2116 2318 iniusta

1128 2339 1220 2372 odia.
1272 2338 1339 2372 His
1365 2338 1516 2372 flammis
1534 2337 1730 2371 incitantur
1748 2334 1809 2367 alii
1829 2335 1873 2367 ad
1891 2335 2116 2369 confusiones

1128 2390 1332 2431 libidinum,
1353 2390 1413 2423 alii
1430 2390 1473 2422 ad
1493 2389 1625 2427 caedes,
1643 2387 1704 2418 alii
1722 2386 1765 2418 ad
1784 2384 1852 2418 alia
1868 2385 2009 2420 scelera.
2036 2384 2112 2419 Imo

1127 2441 1261 2475 diaboli
1280 2441 1444 2474 insiliunt
1470 2440 1507 2472 in
1530 2438 1720 2480 impiorum
1747 2442 1910 2479 pectora,
1930 2441 1966 2469 et
1987 2436 2115 2481 impel-

1126 2492 1206 2526 lunt
1221 2493 1354 2525 multos
1376 2498 1415 2524 ut
1439 2490 1567 2523 faciant
1591 2485 1784 2520 horrendas
1804 2485 2055 2530 dissipationes·
2075 2487 2113 2520 in

1126 2554 1250 2586 genere
1272 2541 1449 2580 humano,
1483 2551 1522 2572 ac
1545 2537 1758 2571 vastationes
1788 2536 1960 2572 infinitas.
2016 2536 2113 2570 Haec

1125 2601 1221 2627 tanta
1239 2594 1329 2626 mala
1348 2590 1581 2634 aspiciamus,¹
1605 2595 1639 2622 et
1662 2588 1753 2621 veris
1774 2587 1964 2630 gemitibus
1987 2588 2111 2632 dep-lo-

1124 2657 1256 2678 remus.
1308 2641 1583 2677 Rursus-autem
1608 2639 1858 2684 patefactiones
1881 2637 1952 2671 Dei*
1972 2638 2112 2672 intuea-
