2379 2948
153 105 226 142 527

160 189 288 222 diserte
311 183 490 218 nominari
513 181 666 218 crimen,
691 182 749 217 ut,
775 173 903 207 Verres
918 182 969 209 est
982 175 1053 208 fur:
1092 174 1139 207 ita

160 239 335 273 discerent
364 241 455 268 recte
485 229 634 269 dicturi,
667 225 926 271 propositiones
956 226 1079 270 planas
1107 230 1139 256 et

162 288 363 333 perspicuas
388 282 617 319 constituere,
651 285 684 311 et
713 277 892 316 viderent,
920 288 1008 320 quae
1036 287 1141 308 voca-

164 339 245 373 bula
271 337 398 381 quibus
421 338 513 366 recte
533 329 632 372 iungi
658 327 803 373 possint.
864 326 934 360 Sed
957 326 987 359 si
1011 336 1142 359 nomen

164 382 384 434 κατηγορίας
402 394 475 416 non
492 380 748 414 accusationem
767 384 924 418 tantum,
951 377 1009 410 sed
1028 377 1064 408 in
1083 387 1143 418 ge-

165 449 248 472 nere
273 430 642 468 commemorationem
666 428 911 471 intelligimus,
936 426 992 460 hic
1017 427 1142 460 titulus

167 486 338 530 significat
361 482 453 516 hanc
473 481 668 515 doctrinam
694 480 895 518 ostendere,
928 489 1016 522 quae
1041 488 1143 509 voca-

166 538 249 571 bula
267 535 396 581 quibus
418 539 510 566 recte
534 532 744 574 iungantur,
772 540 832 562 seu
855 540 943 573 quae
972 527 1142 560 vocabula

167 588 336 631 cuiusque
357 583 484 628 speciei
505 589 667 615 naturam
692 579 850 612 iudicent
874 585 907 611 et
931 589 1144 611 commemo-

167 645 263 675 rent,
291 635 376 681 quid
395 635 438 668 sit
453 633 659 666 subiectum.
714 629 760 663 Ut
778 641 856 662 cum
874 628 1032 672 quaeris,
1057 627 1144 670 quid

169 690 214 722 sit
231 688 358 723 virtus,
386 696 459 718 non
477 683 580 721 dicis,
607 681 702 714 utin
720 680 957 722 disputatione
973 679 1065 722 apud
1080 676 1143 710 Se-

170 749 291 771 necam
310 736 454 779 legitur:
488 733 609 765 Virtus
624 738 674 764 est
690 730 839 769 animal,
861 728 975 761 sedin
997 740 1059 760 suo
1079 728 1143 759 do-

170 788 304 822 micilio
331 797 440 829 genus
466 783 616 828 quaeris.
677 779 778 813 Hanc
803 780 913 822 ipsam
936 779 981 811 ob
1006 789 1144 811 causam

171 846 261 872 artes
278 838 485 872 traduntur,
513 840 550 866 ut
566 831 693 864 veritas
714 830 919 873 aspiciatur,
945 835 976 862 et
995 828 1146 872 propriis

172 888 289 922 verbis
306 886 488 922 efferatur,
516 894 554 915 ac
574 882 731 914 vitentur
749 879 932 923 praestigia
949 886 982 911 et
998 879 1072 912 ludi
1090 890 1147 911 so-

171 937 396 983 phismatum.
450 933 619 966 Tenenda
637 938 687 964 est
705 930 812 972 igitur
825 930 930 962 series
946 941 1082 969 vocum,
1111 934 1148 961 ut

172 1000 260 1034 qnae
276 994 365 1019 recte
383 984 479 1027 iungi
507 983 660 1027 possint,
690 982 854 1014 discatur.
909 979 991 1013 Ideo
1019 991 1148 1011 nomen

172 1034 375 1084 κατηγορία
400 1033 459 1067 hic
490 1040 701 1076 usurpatur,
734 1031 834 1076 quasi
858 1031 968 1063 dicas:
1004 1029 1150 1062 Praedi-

174 1089 284 1127 catio‚
312 1088 349 1119 in
369 1097 435 1130 qua
458 1084 633 1123 cernitur,
661 1094 749 1127 quae
767 1081 935 1114 vocabula
956 1080 1084 1124 quibus
1100 1086 1150 1112 at-

173 1138 360 1173 tribuenda
378 1136 459 1168 sint.

275 1186 519 1229 Quintilianus
544 1184 626 1217 satis
653 1183 788 1216 erudite
814 1183 857 1214 de
883 1193 948 1214 usu
973 1180 1153 1224 praedica-

174 1245 373 1271 mentorum
399 1236 574 1279 loquitur,
602 1234 732 1266 iudicat
759 1244 831 1265 esse
858 1238 966 1265 status
984 1229 1154 1265 Rhetori-

176 1300 252 1328 cos,
280 1288 315 1320 id
340 1294 409 1325 est,
437 1285 524 1319 Cum
543 1286 584 1316 de
611 1283 756 1316 homine
774 1290 830 1316 aut
857 1284 899 1315 de
914 1294 950 1314 re
964 1282 1081 1326 aliqua
1099 1281 1154 1313 di-
1179 1306 1181 1309 ,

176 1346 296 1372 cturus
314 1349 366 1376 es,
388 1336 443 1368 dic
467 1336 620 1378 primum
644 1336 685 1366 de
703 1333 896 1366 substantia
917 1332 1010 1371 eius,
1037 1338 1154 1374 postea

177 1392 220 1421 de
238 1389 451 1432 quantitate,
479 1384 607 1416 deiude
630 1385 672 1415 de
689 1383 877 1427 qualitate,
905 1383 947 1413 ‹le
972 1381 1156 1412 relationi-

176 1440 262 1477 bus,
290 1436 445 1474 deloco,
473 1435 515 1466 de
538 1440 713 1476 tempore,
742 1440 804 1465 etc.
860 1431 905 1464 Ut
923 1431 949 1462 si
969 1432 1010 1462 de
1027 1431 1156 1462 virtute

179 1489 292 1525 dices,
317 1486 372 1518 dic
396 1486 550 1529 primum
578 1484 661 1527 quid
689 1483 751 1522 sit,
779 1488 896 1524 postea
921 1481 1070 1524 partire,
1095 1481 1156 1512 de-

179 1539 261 1571 inde
288 1536 401 1581 qualis
424 1546 477 1567 res
501 1535 562 1572 sit,
592 1535 635 1566 sit
657 1546 700 1565 ne
718 1533 870 1576 potentia
890 1531 1080 1570 naturalis,
1106 1531 1156 1563 af-

179 1591 306 1627 sectus,
333 1598 377 1619 an
395 1583 542 1622 halitus,
569 1585 716 1623 deiude,
745 1594 833 1626 quae
857 1583 969 1614 virtus
995 1593 1158 1625 quenque

179 1642 315 1676 deceat,
340 1642 457 1679 postea
474 1635 534 1666 ubi
551 1635 606 1668 sit.
638 1633 726 1666 Cum
746 1640 859 1665 autem
879 1632 1157 1675 praedicamenta
1182 1625 1184 1668 Ι

381 95 591 135 SCRIPTA
617 93 692 129 PH.
719 89 833 126 MEL.
862 89 928 124 AD
955 88 1081 125 HIST.
1109 87 1253 128 PROF.
1277 89 1344 125 ΕΤ
1371 88 1562 126 PHILOS.
1595 89 1917 129 SPECTANTIA.

2093 92 2168 129 528

1164 176 1167 187 '
1189 175 1353 218 ponitur,
1388 181 1504 209 tamen
1538 172 1623 208 haec
1653 175 1727 219 ipsa
1751 178 2041 213 commonefactio
2067 179 2170 212 valde

1191 226 1288 259 utilis
1307 233 1374 267 est,
1400 227 1600 267 ostendens,
1627 226 1895 260 discernendam
1915 240 1987 262 esse
2003 230 2168 263 substan-

1192 276 1279 309 tiam
1297 277 1341 310 ab
1358 277 1612 317 accidentibus,
1637 283 1670 309 et
1685 276 1887 310 discernens
1904 279 2062 313 absoluta
2079 292 2097 313 a
2112 292 2169 313 re-

1193 326 1318 360 lativis.
1356 326 1494 360 Deinde
1510 327 1572 360 ubi
1590 334 1623 360 et
1641 327 1678 359 in
1696 328 1824 372 quibus
1840 328 2028 362 domiciliis
2043 341 2169 373 genera

1194 377 1441 410 definitionum
1469 379 1666 423 quaerenda
1692 378 1782 418 sint,
1824 376 1908 411 haec
1935 378 2027 422 ipsa,
2058 392 2171 424 quan-

1195 439 1298 472 quam
1315 428 1450 469 brevis,
1476 429 1605 462 tabella
1631 435 1815 462 monstrat.
1867 427 1914 462 Et
1938 441 2017 462 cum
2040 431 2171 463 accedit

1195 478 1382 511 mediocris
1408 479 1609 522 explicatio,
1644 479 1792 512 discitur
1819 479 1855 511 in
1884 478 1946 512 bac
1969 485 2065 523 parte
2084 480 2172 512 ratio

1196 535 1286 560 recte
1309 529 1512 563 definiendi.
1568 531 1716 563 Constat
1734 536 1848 562 autem
1878 530 1915 562 in
1939 530 2036 563 omni
2063 529 2174 573 expli-—

1196 578 1335 611 catione
1360 579 1514 622 primum
1544 581 1806 614 constituendas
1838 592 1910 613 esse
1939 580 2175 620 definitiones,

1197 635 1230 661 et
1250 635 1358 661 totam
1384 629 1630 664 definitionum
1657 631 1854 663 doctrinam
1882 631 2032 663 maxime
2056 642 2175 663 neces-

1197 679 1325 712 sariam
1348 690 1431 712 esse.

1412 758 1505 797 Quot
1521 760 1611 790 sunt
1625 754 1963 800 praedicamenta?

1622 813 1762 850 Decem.

1354 871 1378 907 l.
1408 872 1634 912 Substantia,

1356 922 1400 956 II.
1429 923 1638 965 Quantitas,

1354 972 1418 1006 III.
1447 972 1627 1015 Qualitas,

1354 1022 1438 1058 IIII.
1466 1023 1627 1065 Relatio,
1804 1023 1867 1057 IX.
1895 1024 2008 1063 Situs,

1357 1072 1401 1106 V.
1429 1072 1555 1117 Actio,
1803 1074 1846 1109 X.
1875 1073 2037 1109 Habitus.

1305 1131 1484 1165 Dicuntur
1502 1141 1617 1166 autem
1635 1144 1760 1176 genera
1781 1134 2053 1176 generalissima,
2077 1133 2111 1165 id
2125 1140 2183 1173 est,

1178 1200 1180 1228 ὲ
1204 1194 1360 1223 summa,
1389 1183 1470 1228 quia
1489 1185 1531 1215 ab
1550 1182 1604 1216 his
1627 1184 1785 1227 proxime
1809 1185 1987 1216 acceditur
2013 1185 2054 1216 ad
2082 1196 2185 1215 voca-

1178 1236 1180 1249 ¹
1205 1233 1347 1273 bulum,
1373 1235 1467 1278 quod
1492 1234 1584 1267 inter
1609 1235 1727 1267 omnia
1752 1235 1787 1266 in
1815 1247 1931 1268 rerum
1959 1241 2083 1267 natura
2112 1234 2185 1277 pri-

1179 1310 1181 1327 ζ
1205 1296 1302 1317 mum
1325 1292 1392 1322 est,
1422 1285 1586 1317 videlicet
1606 1283 1690 1318 Ens.
1746 1284 1792 1318 Ut
1816 1285 1923 1328 igitur
1947 1287 2034 1317 ordo
2059 1285 2185 1316 rectius

1179 1330 1181 1368 l
1206 1335 1319 1367 teneri
1345 1335 1469 1378 possit,
1509 1347 1612 1378 supra
1648 1335 1790 1367 ordines
1821 1336 2184 1376 praedicamentorum

1180 1373 1182 1409 l
1207 1395 1342 1426 semper
1365 1385 1567 1415 memineris
1599 1384 1844 1416 collocandum
1873 1395 1945 1416 esse
1976 1385 2184 1416 vocabulum

1181 1431 1182 1454 ἶ
1207 1432 1300 1474 Ens,
1326 1441 1364 1466 ut
1380 1434 1416 1466 in
1433 1434 1662 1478 inquisitione
1679 1445 1794 1465 rerum
1813 1431 1938 1466 habeat
1961 1445 2058 1466 mens
2085 1435 2184 1478 quasi

1181 1471 1183 1523 l
1207 1492 1353 1523 metam,
1379 1484 1440 1517 ubi
1458 1484 1604 1518 resistat.
1652 1484 1690 1517 Si
1709 1484 1801 1515 enim
1820 1484 1893 1516 sine
1909 1484 1976 1516 fine
1994 1491 2188 1527 vagaretur,

1182 1529 1183 1532 Ἰ
1208 1535 1330 1568 fierent
1347 1535 1478 1567 incerta
1497 1542 1530 1567 et
1548 1534 1690 1567 confusa
1708 1534 1836 1568 omnia.
1884 1533 2053 1567 Versatur
2071 1535 2188 1579 itaque

1182 1596 1184 1623 ῑ
1208 1586 1324 1617 omnis
1349 1585 1532 1629 inquisitio
1557 1585 1649 1617 inter
1670 1585 1798 1626 species
1817 1584 2101 1627 specialissimas,
2128 1596 2187 1617 seu

1209 1636 1358 1674 infimas,
1382 1647 1470 1679 quae
1488 1641 1570 1667 sunt
1589 1635 1768 1678 proximae
1786 1635 1992 1675 individuis,
2015 1641 2047 1668 et
2063 1646 2188 1678 genera

1789 872 1851 907 VI.
1878 871 2019 913 Passio,

1797 922 1876 958 VII.
1904 923 2077 965 Quando,

1796 972 1892 1008 vlll.
1924 973 2012 1013 Ubi,

181 1690 228 1722 sic
253 1687 519 1727 intelliguntur,
553 1692 591 1717 ut
617 1685 653 1716 in
678 1681 868 1717 Rhetorica
896 1690 1021 1717 status,
1051 1683 1158 1724 magis
1182 1673 1185 1725 l
1209 1686 1489 1728 generalissima,
1524 1687 1653 1730 quibus
1688 1685 1840 1729 primum
1876 1686 2087 1718 vocabulum
2115 1684 2188 1719 Ens

181 1738 343 1781 congruit
359 1747 488 1768 nomeu
500 1735 637 1767 forense
648 1731 863 1779 κατηγορία.
893 1732 959 1765 Sed
979 1745 1041 1764 nos
1059 1745 1158 1775 prae-

181 1790 463 1821 dicamentorum
500 1797 601 1817 usum
639 1785 683 1816 ita
719 1791 972 1819 monstramus,
1015 1790 1051 1814 ut
1086 1795 1157 1815 non

182 1849 384 1882 spargamus
408 1847 515 1868 unam
542 1847 613 1867 rem
644 1835 679 1866 in
710 1835 829 1866 omnia
861 1834 1158 1876 praedicamenta:

182 1890 241 1921 sed
277 1887 337 1920 uni
369 1886 493 1930 speciei
526 1885 562 1917 iu
593 1898 663 1917 uno
689 1885 991 1928 praedicamento,
1027 1892 1158 1916 certum

183 1938 402 1971 domicilium
420 1935 660 1972 attribuimus,
690 1943 728 1968 ut
752 1935 833 1966 inde
856 1935 945 1966 sumi
972 1946 1050 1965 sera
1074 1935 1161 1965 ‹lefl-

183 1989 271 2022 nitio
291 1987 408 2031 possit.
465 1985 572 2018 Vetus
594 1992 708 2018 autem
728 1985 850 2017 titulus
874 1984 956 2016 libri
982 1986 1159 2026 praedica-

184 2045 382 2071 mentorum
402 2036 484 2068 suit:
511 2032 591 2078 περὶ
609 2037 685 2067 τῶν
700 2032 867 2068 καθόλου
885 2031 1018 2080 λόγων,
1047 2035 1080 2066 id
1102 2042 1163 2073 est,

185 2092 228 2122 de
243 2087 503 2122 universalibus
521 2098 580 2117 seu
606 2085 827 2127 generalibus
852 2085 1044 2127 capitibus,
1069 2088 1163 2118 unde

185 2140 335 2173 sumitur
351 2137 462 2169 oratio
480 2137 522 2167 de
541 2136 696 2180 qualibet
723 2135 876 2167 materia.
931 2133 1043 2167 Aiunt
1070 2136 1162 2167 enim

187 2189 348 2222 libellum
384 2186 587 2219 Aristotelis
619 2183 794 2229 Archytae
836 2185 960 2218 veteris
995 2186 1162 2229 scriptum

189 2251 279 2277 esse,
308 2249 366 2270 aut
385 2244 584 2278 excerptum
611 2248 652 2268 ex
670 2233 846 2280 Archytae
871 2236 1040 2268 doctriua.
1096 2237 1163 2269 Sed

186 2288 243 2322 hic
264 2289 386 2321 titulus
404 2285 482 2330 περὶ
499 2289 575 2320 τῶν
592 2283 761 2320 καθόλου
778 2282 899 2331 λόγων
920 2286 1090 2328 significat
1109 2299 1166 2319 eos

188 2340 413 2376 intellexisse,
442 2338 476 2369 iu
499 2335 563 2369 hac
590 2337 677 2369 serie
703 2337 852 2380 proponi
879 2337 1164 2370 distributionem

190 2402 306 2422 rerum
323 2388 608 2431 praecipuarum,
638 2388 671 2418 in
690 2399 793 2431 quam
813 2387 942 2420 intueri
961 2399 1096 2421 necesse
1114 2389 1168 2427 sit,

191 2451 396 2483 quacunque
415 2440 456 2470 de
478 2451 513 2470 re
533 2439 681 2471 dicatur.

294 2524 395 2562 Quae
411 2527 462 2555 esf
487 2524 636 2557 utilitas
651 2522 1068 2567 praedicamentorum?

291 2586 438 2620 Etiamsi
464 2587 528 2621 hoc
557 2591 633 2622 loco
661 2592 753 2624 nuda
781 2592 983 2625 distributio
1008 2592 1168 2624 substan-

193 2641 259 2672 tiae
280 2647 311 2672 et
332 2638 559 2671 accidentium
574 2665 581 2676 ,
611 2642 683 2673 sine
704 2642 805 2685 longa
830 2642 1060 2686 explicatione
1086 2654 1167 2686 pro-

1209 1736 1409 1780 proximum
1431 1744 1495 1768 est.

1389 1824 1490 1863 Quae
1514 1825 1570 1855 est
1590 1823 1715 1865 prima
1736 1820 1866 1855 divisio
1886 1821 2017 1855 Entis'?

1314 1889 1408 1922 Haec
1433 1897 1501 1922 est:
1540 1887 1614 1921 Ens
1639 1895 1697 1921 aut
1729 1895 1778 1921 est
1809 1889 2022 1928 substantia,
2057 1895 2114 1921 aut
2142 1896 2189 1921 est

1212 1942 1382 1974 accidens.

1481 2015 1576 2057 Quid
1598 2021 1655 2050 est
1678 2014 1922 2050 Substantia?

1317 2083 1520 2117 Substantia
1545 2090 1594 2114 est
1620 2080 1715 2123 Ens,
1743 2083 1835 2127 quod
1864 2093 1983 2114 revera
2010 2083 2192 2125 proprium

1215 2146 1285 2167 esse
1303 2132 1403 2167 habet
1417 2160 1425 2173 ,
1453 2146 1514 2165 nec
1530 2142 1578 2165 est
1597 2133 1631 2164 in
1651 2133 1737 2171 alio,
1764 2140 1801 2165 ut
1820 2130 1953 2164 babens
1976 2144 2047 2165 esse
2067 2145 2085 2165 a
2109 2134 2194 2166 sub-

1216 2186 1315 2219 iectu.
1359 2184 1452 2217 Haec
1471 2184 1627 2216 definitio
1647 2184 1843 2216 communis
1860 2192 1909 2216 est
1927 2182 2021 2222 Deo,
2050 2190 2080 2216 et
2099 2196 2194 2216 crea·

1217 2238 1259 2269 tis
1285 2235 1500 2268 substantiis,
1554 2233 1620 2267 Sed
1650 2235 1692 2266 de
1717 2234 1839 2267 creatis
1863 2234 2015 2266 traditur
2034 2234 2191 2266 definitio

1218 2287 1401 2324 illustrior,
1421 2285 1500 2330 quia
1521 2297 1619 2317 meus
1632 2282 1784 2317 humana
1802 2296 1864 2328 per
1878 2284 2069 2317 accidentia
2086 2296 2194 2326 agno-

1218 2338 1280 2371 scit
1300 2336 1541 2369 substantiam.
1585 2335 1662 2367 Non
1680 2336 1774 2367 euim
1793 2335 1967 2367 cernimus
1986 2335 2095 2367 oculis
2112 2335 2195 2366 sub-

1218 2387 1362 2421 stantias
1376 2394 1480 2420 tectas
1496 2386 1752 2425 accidentibus,
1779 2386 1839 2418 sed
1863 2393 1978 2417 mente
2007 2396 2061 2416 eas
2085 2396 2194 2425 agno-

1219 2439 1357 2471 scimus.
1414 2436 1503 2470 Cum
1536 2437 1695 2468 videmus
1721 2448 1846 2480 aquam
1869 2446 2009 2467 manere
2037 2438 2196 2474 eandem,

1220 2490 1291 2522 sive
1308 2488 1352 2520 sit
1367 2487 1504 2529 frigida,
1522 2488 1594 2519 sive
1611 2488 1654 2519 sit
1672 2487 1795 2526 calida,
1821 2485 2081 2524 ratiocinamur,
2099 2485 2194 2518 aliud

1221 2540 1387 2584 quiddam
1414 2550 1484 2570 esse
1509 2539 1637 2570 formas
1662 2538 1738 2569 illas
1771 2536 2007 2574 discedentes,
2039 2542 2070 2567 et
2098 2536 2195 2568 aliud

1221 2591 1314 2635 quod
1341 2601 1395 2621 eas
1420 2588 1579 2621 sustinet.
1632 2586 1696 2621 Est
1720 2598 1800 2629 ergo
1827 2585 1907 2617 satis
1937 2588 2194 2620 accommodata

1223 2640 1396 2674 definitio:
1439 2638 1640 2672 Substantia
1667 2646 1717 2671 est
1741 2636 1832 2676 Eas,
1866 2637 1959 2680 quod
1989 2633 2093 2669 habet
2115 2648 2197 2679 pro-
