2379 2948
165 99 242 135 693

315 180 514 228 Episcopus
532 190 592 224 est,

315 233 410 278 Ergo
428 235 549 269 timeat
560 234 691 276 Deum,
719 241 811 268 recte
830 234 1004 276 intelligat
1019 233 1154 267 doctri-

370 297 452 318 nam
478 284 680 328 Evangelii,
716 293 749 319 et
781 285 904 318 sedulo
932 286 1072 323 doceat,
1108 285 1153 319 sit

368 337 578 369 concordiae
595 342 627 368 et
647 335 741 379 pacis
760 335 798 368 in
814 333 982 369 Ecclesia.

264 384 317 420 Ex
348 384 415 420 hoc
443 387 519 420 loco
543 385 650 419 sumit
673 385 796 420 Cicero
822 397 986 429 magnam
1015 391 1150 430 partem

161 437 334 471 orationis
358 450 422 482 pro
448 438 522 479 lege
539 435 711 477 Manilia,
740 437 909 480 colligens
927 437 1151 470 conditiones

160 489 247 522 boni
272 488 504 533 imperatoris.
555 485 602 520 Et
624 487 726 520 facile
750 495 799 521 est
825 499 1012 531 agnoscere
1035 499 1150 521 exem-

160 540 218 583 pla
251 537 357 573 huius
381 539 469 579 loci,
499 537 581 582 quia
607 539 805 572 communis
827 540 883 572 via
911 539 1063 572 docendi
1089 545 1151 578 est,

161 590 358 623 describere
389 601 443 622 res
472 600 537 632 per
564 589 759 623 accidentia
792 596 970 634 perpetua.
1051 589 1151 630 Item,

161 641 273 685 posita
295 652 331 673 re
355 646 416 673 aut
441 639 576 679 officio,
613 652 780 685 quaerere
802 641 980 676 adiuncta.
1041 639 1088 674 Et
1112 647 1150 674 ut

161 689 253 724 hanc
284 691 375 723 viam
409 690 446 722 in
471 690 640 724 discendo
665 698 698 725 et
724 693 932 736 explicando
956 699 1151 737 sequantur

161 741 328 780 studiosi,
358 742 526 774 monendi
544 749 638 777 sunt.

373 841 654 883 Communiter
690 843 935 885 accidentia.

258 914 505 950 Comuiuniter
526 917 719 951 accidentia
735 918 905 953 differunt
924 919 968 952 ab
984 919 1150 952 adiacen-

159 967 264 1002 tibus.
315 966 405 1000 Nam
423 968 618 1001 adiacentia
637 975 715 1001 suut
736 977 902 1013 perpetua
916 996 925 1010 ,
950 976 982 1003 et
1000 970 1150 1013 gignunt

159 1018 333 1052 firmiores
362 1019 607 1063 probationes,
643 1020 702 1052 sed
728 1021 963 1053 communiter
986 1021 1149 1054 acciden-

159 1069 228 1110 tia,
262 1069 325 1103 etsi
355 1070 572 1113 plaerunque
602 1071 791 1111 accedunt,
826 1078 943 1104 tamen
969 1071 1148 1104 interdum

160 1120 418 1164 impediuntur.
484 1119 559 1162 lgni
577 1132 713 1165 semper
730 1121 819 1156 inest
834 1123 948 1161 calor,
976 1123 1035 1155 sed
1051 1122 1148 1155 ebrio

159 1171 358 1216 plerunque
381 1168 524 1211 accidit,
556 1178 594 1204 ut
616 1172 673 1204 fiat
699 1173 859 1208 calidior.
912 1172 1008 1206 Fieri
1031 1180 1148 1206 autem

160 1228 293 1265 potest,
321 1228 359 1255 ut
375 1222 470 1255 calor
486 1222 720 1265 impediatur,
746 1231 783 1257 ut
801 1236 879 1257 cum
897 1225 933 1256 iu
952 1224 1148 1257 ventriculo

159 1272 272 1306 debili
294 1272 400 1305 nimis
422 1280 568 1306 onerato
592 1280 688 1306 tauta
711 1281 760 1307 est
785 1275 959 1315 cruditas,
988 1281 1026 1308 ut
1046 1286 1147 1318 pror—

159 1334 218 1356 sus
252 1323 349 1356 nulla
382 1323 426 1356 sit
458 1324 548 1356 actio
583 1324 791 1363 ventriculi,
842 1326 1012 1359 dicuutur
1042 1326 1149 1368 igitur

159 1373 396 1406 communiter
420 1374 633 1414 accidentia,
661 1374 742 1418 quia
766 1387 866 1408 causa
892 1383 959 1416 est,
987 1388 1050 1409 cur
1074 1388 1148 1408 sae-

159 1424 238 1468 pius
262 1424 432 1460 accidant.
486 1423 557 1457 Sed
575 1437 653 1458 cum
675 1423 759 1459 haec
777 1438 878 1460 causa
896 1428 1011 1468 deest,
1038 1427 1148 1471 impe-

159 1474 331 1516 diuutur,
356 1481 412 1508 ut:

314 1525 500 1569 Navigatio
518 1533 568 1560 est
583 1523 754 1571 hyberna,

310 1574 405 1619 Ergo
425 1577 491 1610 erit
510 1577 703 1610 difficilior.

261 1626 466 1672 Plerunque
500 1627 547 1660 ita
577 1628 635 1667 fit,
671 1629 727 1661 sed
755 1629 934 1661 interdum
961 1629 996 1661 iu
1024 1627 1149 1674 hyeme

159 1678 307 1722 placidis
322 1678 588 1722 tempestatibus
604 1685 636 1712 et
653 1679 871 1722 spirantibus
885 1686 1009 1713 ventus
1023 1691 1149 1713 secuu-

160 1730 214 1762 ‹lis
231 1730 368 1763 facilior
385 1736 434 1762 est
450 1729 640 1771 navigatio.

314 1780 494 1813 Antonius
520 1780 603 1813 vicit
628 1780 665 1812 in
692 1781 830 1813 duobus
850 1780 1014 1813 civilibus
1035 1780 1148 1821 bellis,

369 1837 401 1864 et
417 1832 484 1865 fuit
501 1838 628 1864 natura
645 1831 889 1869 immoderata,

312 1879 407 1925 Ergo
423 1882 535 1915 sactus
552 1889 601 1915 est
616 1881 826 1915 insolentior
842 1889 875 1915 et
890 1882 1088 1925 superbior,
1117 1889 1148 1917 et

367 1933 478 1976 magis
491 1933 697 1975 indulgebat
708 1934 874 1966 omnibus
886 1934 1148 1976 cupiditatibus.

264 1981 367 2016 Valet
399 1984 650 2028 consequentia
683 1996 700 2016 a
728 1984 962 2017 communiter
986 1984 1148 2017 acciden-

162 2034 268 2069 tibus.
328 2033 434 2077 Quod
459 2035 552 2067 enim
578 2035 668 2068 fiunt
690 2033 853 2068 homines
878 2035 1149 2078 negligentiores

163 2084 201 2116 in
237 2085 340 2118 rebus
370 2086 552 2127 secundis,
585 2098 688 2119 causa
712 2093 782 2126 est,
809 2087 892 2130 quia
919 2094 1052 2127 metm,
1089 2098 1148 2120 seu

163 2133 251 2174 Dei,
284 2146 343 2168 seu
374 2136 556 2177 fortunae,
587 2137 649 2182 qui
671 2137 769 2181 prius
794 2138 956 2170 frenabat
979 2137 1149 2178 animum,

163 2185 304 2219 exuitur
329 2186 367 2218 in
392 2187 452 2220 illa
476 2188 629 2227 laeticia,
665 2201 753 2234 quae
777 2189 937 2233 sequitur
961 2200 1149 2227 successus,

164 2243 199 2270 et
220 2236 320 2281 quasi
338 2243 452 2270 custos
467 2250 606 2271 morum
624 2239 829 2275 dimittitur.
882 2238 1065 2284 Incipiunt
1082 2240 1149 2283 igi-

163 2294 223 2321 tur
245 2287 355 2320 animi
380 2288 488 2331 magis
512 2289 696 2333 indulgere
718 2290 984 2336 cupiditatibus-

163 2338 257 2371 mala
290 2339 474 2382 praecipue
504 2347 648 2374 manent
677 2341 713 2374 in
738 2341 874 2376 naturis
896 2342 1149 2383 immoderatis,

163 2389 223 2422 sed
242 2389 428 2433 castigatae
445 2401 463 2423 a
479 2388 572 2434 Deo,
597 2398 637 2425 ut
652 2390 766 2426 David
787 2399 864 2438 post
878 2393 1042 2432 exilium,
1067 2400 1149 2427 sunt

162 2440 406 2476 modestiores.

447 2541 613 2582 Similia
641 2544 711 2582 vel
740 2546 870 2592 paria.

266 2614 458 2661 Postquam
484 2615 652 2660 explicata
673 2623 721 2649 est
741 2617 790 2649 rei
810 2621 1009 2663 propositae
1025 2621 1151 2654 defini·
1176 2646 1177 2653 1

166 2669 235 2709 tio,
270 2674 484 2702 monstratae
508 2678 649 2708 causae,
684 2668 845 2708 effectus,
880 2682 1056 2713 connexa,
1089 2674 1152 2706 ad-

791 98 836 135 V.
887 95 1210 134 EROTEMATA
1241 92 1583 131 DIALECTICES.

1052 2290 1150 2324 Haec
1175 2325 1177 2333 s

2122 99 2196 136 694

1208 179 1357 214 iacentia
1391 187 1423 214 et
1451 181 1628 217 adiuncta.
1685 179 1825 216 Deinde
1848 182 2068 227 ingredimur
2091 185 2196 225 locos,

1207 231 1270 277 qui
1307 231 1448 273 longius
1485 240 1660 277 quaerunt
1693 242 1917 277 argumenta,
1963 235 2126 269 videlicet
2155 249 2195 269 ex

1207 281 1398 316 collatione
1418 282 1567 315 aliarum
1592 296 1728 325 rerum,
1755 285 1924 318 similium
1949 293 2008 319 aut
2033 298 2195 330 pugnau-

1207 333 1308 367 tium.
1362 331 1446 365 ldeo
1471 330 1509 365 hi
1532 334 1599 367 loci
1626 336 1802 369 dicuntur.
1875 336 2055 370 Vocantur
2078 344 2194 369 autem

1206 383 1344 418 Similia
1367 383 1403 415 in
1431 381 1495 416 hac
1520 385 1681 418 doctrina
1706 399 1778 419 non
1802 387 1915 420 solum
1935 389 2025 421 duae
2043 389 2195 433 qualita-

1205 442 1256 468 tes
1279 434 1430 477 similes,
1459 441 1497 468 ut
1519 435 1585 468 sub
1604 436 1738 469 artibus
1758 437 1919 470 imitandi
1938 450 2039 472 causa
2057 439 2194 482 excogi-

1205 486 1306 527 tatis,
1333 485 1490 528 pictura,
1517 487 1703 527 statuaria,
1730 488 1885 531 poetica,
1913 490 1971 522 sed
1991 490 2095 523 etiam
2114 489 2193 523 offi-

1205 537 1276 577 cia,
1310 548 1464 581 quorum
1492 536 1612 580 aliqua
1637 544 1687 570 est
1712 538 1976 579 convenientia,
2010 547 2047 573 ut
2075 541 2192 582 iudex,

1205 587 1354 627 arbiter,
1382 588 1497 620 bonus
1523 587 1706 631 princeps,
1733 595 1843 633 pater.
1898 588 1966 622 Sed
1984 591 2124 625 collatio
2140 593 2192 624 fa-

1205 639 1328 671 cienda
1345 638 1448 671 estin
1467 635 1522 671 his
1538 639 1708 681 partibus,
1735 651 1823 684 quae
1839 648 2049 682 congruunt.
2102 641 2191 674 Nam

1205 690 1231 722 si
1265 689 1325 723 fiat
1355 689 1496 722 collatio
1525 701 1644 723 earum
1678 691 1849 734 partium,
1885 691 2072 724 dissimiles
2099 700 2192 733 sunt,

1205 737 1299 773 nihil
1329 737 1504 774 cohaeret.
1573 739 1656 774 ldeo
1683 743 1805 774 crebro
1832 741 1899 774 dici
1926 742 2030 775 solet:
2067 741 2191 777 Simile

1205 803 1278 824 non
1300 798 1348 825 est
1368 791 1480 832 idem,
1509 788 1574 824 hoc
1592 798 1662 835 est,
1691 793 1726 824 in
1747 790 1819 832 his,
1847 805 1936 837 quae
1952 800 2035 826 sunt
2050 793 2191 835 similia,

1205 842 1488 875 circumstantiae
1522 842 1660 887 aliquae
1695 851 1776 878 suut
1809 843 2009 878 dissimiles.
2087 843 2190 878 Item:

1204 891 1335 926 Omnis
1360 892 1557 926 similitudo
1582 894 1765 928 claudicat.
1830 893 1932 927 Item:
1969 894 2094 928 Simile
2118 908 2190 929 non

1204 945 1314 977 currit
1343 951 1495 988 quatuor
1518 944 1673 988 pedibus.
1742 944 1879 988 Regula
1904 945 2010 988 igitur
2034 944 2118 979 haec
2140 954 2191 981 te—

1205 996 1321 1027 nenda
1345 1001 1405 1029 est.
1459 994 1606 1039 Saepius
1629 996 1837 1030 affirmative
1861 996 1951 1030 valet
1972 1009 2192 1042 consequen-

1204 1045 1250 1078 tia
1268 1057 1286 1077 a
1304 1045 1431 1085 simili,
1458 1058 1537 1078 cum
1554 1046 1591 1079 fit
1607 1047 1750 1080 collatio
1768 1059 1886 1080 earum
1905 1048 2075 1090 partium,
2103 1061 2192 1093 quae

1204 1102 1422 1139 congruunt,
1449 1104 1482 1129 et
1506 1103 1591 1129 tuuc
1615 1109 1736 1130 verum
1761 1106 1811 1131 est
1838 1098 1988 1131 dictum:
2017 1099 2073 1131 De
2092 1100 2192 1132 simi-

1204 1147 1296 1180 libus
1328 1148 1422 1179 idem
1446 1154 1496 1180 est
1522 1147 1704 1180 iudicium.
1773 1147 1819 1182 Ut
1842 1161 1919 1181 cum
1946 1150 2088 1183 collatio
2112 1163 2191 1193 spe-

1204 1198 1336 1231 cierum
1362 1198 1513 1230 refertur
1537 1199 1579 1230 ad
1599 1210 1727 1241 genus,
1755 1200 1809 1240 vel
1827 1200 1869 1231 ad
1886 1200 1971 1231 alias
1987 1212 2190 1236 communes

1204 1249 1408 1293 qualitates,
1437 1260 1510 1281 nou
1527 1249 1569 1281 ad
1585 1250 1761 1293 specificas
1777 1250 1993 1283 differentias
2005 1277 2013 1291 ‚
2040 1258 2094 1284 ut:

1359 1298 1400 1332 ln
1426 1299 1563 1342 pictura
1585 1312 1762 1333 summum
1780 1302 1884 1333 decus
1904 1307 1971 1339 est,
2000 1303 2192 1338 rectissime

1408 1350 1539 1383 imitari
1558 1352 1734 1384 naturales
1752 1352 1878 1394 figuras
1897 1363 2096 1396 corporum,

1359 1398 1454 1444 Ergo
1480 1408 1511 1434 et
1536 1401 1572 1432 in
1592 1402 1792 1445 eloquentia
1813 1414 1989 1434 summum
2007 1404 2111 1438 decus
2130 1413 2192 1444 est,

1409 1464 1463 1484 res
1490 1463 1570 1484 vere
1593 1453 1761 1495 cogitatas
1785 1453 1945 1487 oratione
1967 1455 2111 1498 propria
2134 1469 2192 1490 ex-

1409 1514 1552 1546 ponere.

1174 1402 1179 1625 1
1307 1560 1375 1594 Hic
1406 1572 1515 1605 genus
1551 1561 1750 1601 intuemur,
1785 1563 1864 1609 quia
1890 1571 2040 1610 utraque
2065 1578 2121 1600 ars
2144 1576 2194 1603 est

1176 1629 1177 1652 3
1204 1612 1385 1647 imitatrix.
1454 1611 1715 1656 Argumentum
1750 1626 1768 1646 a
1799 1615 1906 1647 simili
1939 1623 1989 1649 est
2023 1618 2090 1651 sub
2121 1631 2192 1652 uno

1204 1675 1346 1706 genere:

1305 1713 1435 1758 Legata
1458 1714 1500 1747 ad
1520 1715 1755 1758 spectaculum
1775 1725 1930 1751 cessante
1946 1731 1986 1752 eo
2005 1732 2102 1752 more
2118 1732 2193 1753 non

1408 1766 1556 1798 redeunt
1587 1767 1629 1798 ad
1665 1764 1850 1808 haeredes,
1885 1770 1943 1801 sed
1972 1771 2193 1804 transferun-

1407 1823 1464 1848 tur
1487 1817 1528 1848 ad
1556 1816 1642 1849 alios
1662 1814 1828 1850 honestos
1844 1830 1927 1852 usus
1945 1821 2126 1864 publicos,
2152 1829 2192 1856 ut

1407 1878 1565 1909 expresse
1583 1867 1620 1899 in
1640 1867 1716 1900 iure
1732 1867 1827 1900 civili
1844 1870 2010 1914 scriptum
2030 1879 2093 1912 est,

1307 1914 1403 1961 Ergo
1428 1924 1460 1950 et
1481 1917 1591 1960 legata
1615 1919 1656 1950 ad
1676 1919 1957 1961 superstitiosum
1974 1923 2094 1963 ritum,
2120 1935 2193 1956 ces-

1407 1974 1506 2001 sante
1531 1980 1571 2001 eo
1597 1981 1712 2008 more,
1739 1981 1810 2002 non
1837 1972 1987 2006 redeunt
2007 1975 2049 2005 ad
2068 1971 2192 2007 haere-

1408 2020 1489 2061 des,
1529 2031 1593 2052 nec
1625 2019 1842 2063 diripiantur
1873 2023 1916 2055 ab
1948 2024 2094 2066 alienis,
2131 2026 2191 2059 sed

1406 2070 1664 2103 transferantur
1682 2072 1723 2104 ad
1743 2083 1826 2105 usus
1842 2074 2013 2116 publicos.

1174 2120 1177 2163 i
1303 2127 1591 2173 Complectamur
1613 2127 1671 2163 hic
1694 2137 1726 2163 et
1750 2131 1906 2165 vicinum
1928 2133 2042 2166 locum
2062 2146 2079 2166 a
2098 2135 2192 2178 pari-

1174 2179 1176 2213 4
1204 2180 1279 2214 bus.
1333 2179 1515 2213 Vocantur
1529 2187 1645 2214 autem
1664 2181 1779 2224 paria,
1807 2184 1876 2216 duo
1891 2183 1980 2217 facta
1997 2185 2191 2228 specierum

1174 2219 1177 2287 h
1204 2231 1400 2264 vicinarum
1414 2258 1424 2271 ‚
1450 2232 1515 2264 sub
1532 2232 1654 2266 eodem
1672 2243 1809 2274 genere,
1833 2246 1985 2278 quorum
2002 2236 2122 2268 eadem
2140 2244 2191 2270 est

1204 2282 1312 2326 ratio,
1339 2294 1403 2315 nec
1421 2283 1573 2315 multum
1593 2283 1771 2316 antecellit
1786 2284 1936 2317 alterum
1952 2285 2071 2324 alteri,
2098 2294 2154 2319 ut:

1175 2335 1178 2370 1
1357 2332 1472 2366 David
1499 2333 1534 2366 in
1559 2344 1638 2366 casu
1655 2334 1869 2368 necessitatis
1888 2337 1943 2379 pie
1961 2347 2043 2370 usus
2061 2343 2111 2371 est
2127 2349 2189 2382 pa-

1407 2385 1514 2417 nibus
1534 2385 1767 2423 sacerdotum,

1358 2433 1453 2478 Ergo
1480 2442 1513 2468 et
1530 2434 1739 2468 Maccabeus
1759 2435 1813 2478 pie
1829 2435 1927 2476 fecit,
1954 2449 2031 2471 cum
2052 2438 2089 2471 in
2109 2451 2190 2473 casu

1409 2486 1623 2519 necessitatis
1640 2485 1676 2517 iu
1693 2486 1838 2519 sabbato
1855 2487 2044 2531 praeliatus
2061 2497 2122 2525 est.

1306 2545 1409 2579 Valet
1432 2545 1698 2586 consequentia,
1733 2545 1815 2590 quia
1839 2545 1875 2578 in
1902 2554 2052 2592 utroque
2075 2561 2190 2582 exem-

1204 2597 1263 2640 plo
1287 2596 1506 2629 ceremoniae
1530 2595 1683 2639 praelata
1708 2603 1757 2629 est
1781 2598 1967 2632 necessitas
1990 2606 2022 2633 et
2041 2599 2095 2632 lex
2114 2613 2191 2635 mo-

1175 2662 1181 2711 k
1205 2648 1302 2681 ralis.

1703 2720 1786 2757 44*
