2379 2948
230 86 302 124 585

234 171 451 212 Mavortius,
484 172 678 206 contrarius
699 177 748 203 est
769 168 922 211 Cancer,
950 172 1007 205 cui
1028 172 1131 207 Luna
1154 173 1207 207 fa-

233 223 381 255 miliaris
401 230 460 258 est.
489 222 619 259 Tauro,
634 221 691 254 cui
703 219 822 253 Venus
837 221 1019 256 familiaris
1034 231 1097 265 est,
1122 236 1207 258 con-

234 273 361 306 trarius
390 279 438 305 est
461 272 547 311 Leo,
575 271 635 315 qui
663 270 755 303 Solis
777 271 995 306 domicilium
1019 281 1080 309 est.
1138 273 1208 307 Sed

233 323 412 361 mitiores,
438 328 495 354 aut
511 321 685 353 saeviores
700 321 913 354 mutationes
935 331 1035 363 sunt,
1067 331 1106 358 ut
1131 336 1208 357 cae-

233 374 301 406 teri
325 372 506 411 planetae,
542 371 595 404 vel
620 370 785 413 benefici,
826 372 882 404 vel
911 374 1058 407 malefici
1089 374 1208 418 adspi-

234 423 343 455 ciunt.

333 469 508 504 Recensui
526 471 780 514 experimenta,
807 485 895 518 quae
921 474 1026 507 etiam
1049 475 1210 508 indoctos

234 520 335 554 fateri
351 528 492 563 cogunt,
519 522 646 554 multas
662 534 734 555 csse
758 524 939 557 stellarum
957 525 1155 558 effectiones
1174 524 1211 556 in

235 579 314 605 aere
330 577 363 603 et
379 571 629 605 animantibus.
683 573 778 605 Addi
795 580 909 607 autem
928 572 983 607 his
1000 574 1211 607 testimoniis

235 621 389 664 exempla
407 628 569 664 possunt,
596 634 683 665 quae
709 623 745 655 in
773 624 1015 657 nativitatibus
1037 625 1211 667 plurimo-

236 682 314 704 rum
341 670 490 703 illustria
523 670 856 714 deprehenduntur,
897 675 957 718 qui
986 681 1047 707 aut
1072 675 1212 715 virtute,

234 728 294 754 aut
318 721 502 754 sceleribus
528 722 785 762 excelluerunt,
819 730 879 757 aut
902 725 1096 765 excellunt,
1123 737 1213 769 quo-

235 783 315 804 rum
342 771 580 814 exemplorum
603 779 790 815 perpetuus
813 785 1001 807 consensus
1034 775 1214 809 convincit

235 833 311 860 cos,
341 821 401 865 qui
417 832 454 853 ea
472 822 713 862 considerant,
741 823 875 857 etiamsi
892 825 970 864 alii,
997 825 1057 869 qui
1077 837 1112 858 ea
1138 837 1212 858 non

235 871 426 913 aspiciunt,
455 871 617 904 convinci
643 873 782 908 nolunt.
835 874 906 907 Nec
929 887 1011 908 vero
1038 875 1212 908 iudicium

235 922 278 953 de
300 921 433 953 artibus
455 921 654 955 faciendum
678 930 728 957 est
755 936 795 957 ex
819 936 941 958 eorum
974 925 1214 970 opinionibus,

235 971 295 1015 qui
321 982 377 1003 eas
395 970 566 1013 ignorant.

337 1020 545 1064 Saepissime
576 1020 642 1055 hoc
670 1023 814 1063 accidit,
856 1032 895 1058 ut
919 1026 990 1058 nati
1020 1038 1060 1059 ex
1088 1026 1213 1059 iisdem

235 1071 440 1114 parentibus
477 1072 563 1104 bene
592 1073 754 1114 moratis,
795 1074 1033 1109 dissimilimas
1063 1074 1215 1110 habeant

236 1121 502 1159 inclinationes,
537 1122 626 1155 alius
650 1123 693 1155 ad
720 1124 834 1157 studia
861 1126 1041 1159 doctrinae
1069 1138 1106 1159 ac
1130 1126 1215 1160 Mu-

235 1172 358 1210 sicam‚
386 1171 475 1204 alius
502 1172 545 1204 sit
563 1184 703 1206 amusus
740 1180 773 1207 et
797 1175 1010 1217 mavortius,
1046 1178 1136 1209 alius
1162 1183 1214 1210 te-

234 1229 303 1254 tras
322 1221 516 1264 voluptates
539 1229 638 1257 amet.

337 1271 447 1304 Causa
463 1272 566 1305 etiam
583 1279 756 1307 astrorum
780 1276 1010 1318 congruentia
1027 1283 1095 1317 est,
1121 1278 1215 1321 quod

235 1333 312 1354 cum
332 1321 369 1353 in
388 1333 455 1354 una
477 1322 564 1354 urbe
590 1323 718 1356 multae
742 1325 813 1358 sint
833 1326 986 1368 puellae,
1014 1326 1215 1360 incenditur

235 1371 361 1414 aliquis
387 1371 492 1404 unius
521 1372 668 1405 alicuius
696 1385 834 1414 amore,
869 1376 1013 1408 caeteris
1036 1378 1214 1419 neglectis.

236 1421 377 1453 Talium
404 1421 627 1454 dissimilium
651 1423 923 1457 inclinationum
941 1437 1042 1459 causa
1061 1427 1214 1470 conspici

237 1472 273 1503 in
294 1470 410 1513 positu
428 1478 601 1504 astrorum
625 1479 748 1516 potest.

336 1528 511 1563 Recensui
537 1531 737 1564 testimonia
764 1533 997 1576 experientiae
1025 1535 1106 1568 satis
1136 1548 1215 1579 per-

235 1580 372 1622 spicua,
402 1591 557 1623 pugnare
573 1588 689 1614 autem
708 1593 785 1614 cum
806 1584 1027 1626 experientia,
1055 1597 1114 1618 seu
1132 1586 1215 1618 uni-

237 1630 381 1670 versali,
410 1641 469 1663 seu
495 1631 666 1672 regulari,
699 1629 930 1675 sophisticum
956 1641 1025 1673 est,
1051 1642 1090 1668 ut
1111 1647 1215 1680 supra

235 1681 368 1712 dictum
385 1687 444 1712 est.
496 1679 597 1713 Nunc
615 1692 693 1713 cum
719 1689 853 1716 constet
877 1695 955 1716 vere
981 1685 1116 1729 aliquas
1142 1698 1215 1719 esse

235 1730 414 1762 stellarum
438 1729 655 1771 effectiones‚
686 1734 971 1775 respondendum
997 1743 1047 1768 est
1071 1736 1132 1777 iis,
1154 1738 1215 1780 qui

235 1779 434 1823 disputant,
457 1781 738 1814 observationem
755 1793 774 1815 a
791 1781 866 1816 Deo
892 1782 1108 1828 prohibitam
1133 1798 1215 1821 esse.

240 1896 297 1929 An
323 1897 443 1929 omnis
470 1896 679 1932 observatio
714 1904 883 1934 motuum
909 1905 947 1935 et
975 1898 1216 1947 effectionum

376 1946 590 1981 coelestium
618 1959 642 1981 α
667 1950 746 1984 Deo
770 1950 959 1995 prohibita
987 1951 1065 1987 sit?

339 2017 488 2063 Propter
509 2021 664 2055 iuniores
680 2023 835 2066 primum
854 2025 896 2057 de
919 2023 987 2058 hoc
1012 2026 1217 2061 discrimine

236 2070 362 2104 dicam.

335 2121 414 2153 Alia
433 2127 484 2154 est
505 2121 665 2155 doctrina
689 2123 731 2155 de
756 2124 919 2159 motibus.

236 2171 320 2210 trix,
348 2182 407 2204 seu
427 2168 597 2216 μαντική.

974 2126 1053 2160 Alia
1077 2127 1218 2162 divina-

338 2220 506 2254 Doctrina
523 2223 566 2255 de
599 2223 753 2257 motibus
781 2230 830 2257 est
861 2225 1041 2260 distinctio
1065 2227 1217 2269 dierum,
1241 2239 1243 2246 ·

236 2271 410 2304 mensium
439 2279 473 2306 et
500 2284 695 2314 annorum,
727 2274 818 2307 facta
840 2275 1091 2310 animadversis
1115 2279 1216 2312 certis

236 2322 409 2359 motibus,
436 2329 469 2355 et
492 2335 610 2356 eorum
646 2324 768 2364 metis,
802 2331 835 2358 et
857 2327 1056 2360 numeratio
1082 2333 1216 2372 tempo-

238 2383 336 2411 rum,
369 2373 461 2406 intra
484 2385 571 2417 quae
597 2373 676 2414 Sol,
707 2374 808 2407 Luna
838 2382 870 2409 et
901 2376 1027 2409 caeteri
1050 2376 1216 2412 Plauetae

238 2421 284 2453 ita
310 2430 493 2464 peragrant
520 2424 607 2456 coeli
641 2425 776 2468 spacia,
809 2432 847 2459 ut
870 2426 913 2458 ad
937 2427 1073 2460 easdem
1096 2435 1217 2470 metas,

236 2471 332 2503 unde
350 2473 476 2513 egressi
500 2481 597 2514 sunt,
624 2476 780 2511 redeant.
831 2473 897 2509 Est
925 2483 958 2510 et
983 2477 1215 2513 consideratio

236 2527 395 2554 motuum
433 2522 579 2556 aliarum
613 2525 814 2567 stellarum,
865 2538 953 2571 quae
984 2528 1216 2563 nominantur

237 2571 334 2604 fixae.
392 2569 439 2604 Et
463 2583 540 2605 cum
563 2575 777 2618 consideret,
802 2588 892 2622 quae
914 2578 1027 2622 spacia
1048 2577 1086 2611 in
1110 2586 1214 2619 terra,

235 2621 365 2665 quibus
396 2621 432 2654 in
466 2622 562 2656 coelo
583 2627 849 2671 respondeant,
889 2634 1010 2673 postea
1041 2636 1213 2665 monstrat

467 85 673 124 SCRIPTA
700 85 774 121 PH.
801 83 918 122 MEL.
943 84 1010 121 AD
1036 86 1163 126 HIST.
1191 85 1336 125 PROF.
1363 86 1429 126 ET
1455 87 1646 127 PHILos.
1672 89 1993 130 SPECTANTIA.·

2161 94 2235 130 336

1258 181 1370 210 terrae
1385 177 1676 220 magnitudinem,
1703 184 1736 211 et
1753 178 1936 213 intervalla
1951 179 2135 222 regionum
2151 192 2238 214 con-

1259 226 1391 266 stituit,
1424 234 1464 261 ut
1493 227 1651 261 locorum
1683 228 1842 261 omnium
1874 229 1960 262 situs
1992 237 2024 264 et
2054 230 2237 264 distantias

1259 276 1346 310 scire
1364 278 1553 320 possimus,
1578 278 1780 324 ubicunque
1796 290 1926 313 sumus.

1360 334 1455 369 Haec
1479 342 1550 370 tota
1580 337 1738 370 doctrina
1770 337 1812 370 de
1836 337 2043 370 coelestibus
2071 338 2238 381 motibus,

1262 391 1296 417 et
1312 385 1354 418 de
1373 392 1461 418 terra
1473 413 1482 425 ‚
1505 387 1657 420 sumitur
1673 399 1712 420 ex
1728 387 1864 420 duabus
1880 387 2013 420 artibus
2024 413 2033 427 ,
2059 399 2098 420 ex
2114 385 2238 421 Arith-

1261 435 1386 468 metica
1405 443 1437 470 et
1456 434 1677 478 Geometria‚
1702 449 1790 482 quae
1806 449 1883 470 cum
1901 437 1971 470 sint
1987 438 2078 470 dona
2096 436 2163 470 Dei
2181 449 2239 469 ex-

1263 485 1443 528 cellentia,
1471 487 1599 520 tradita
1621 485 1807 521 hominum
1838 494 1984 520 naturae
2010 493 2153 531 propter
2182 487 2238 518 in-

1262 542 1380 577 gentes
1412 536 1598 578 utilitates,
1637 538 1867 571 certissimum
1895 544 1962 578 est,
2004 537 2240 580 cognitionem

1264 597 1382 618 earum
1413 597 1485 618 csse
1509 598 1582 618 rem
1605 588 1752 628 bonam,
1780 588 1816 619 id
1841 594 1908 628 est,
1935 599 1953 620 a
1972 588 2049 621 Deo
2066 587 2240 630 adproba-

1263 641 1352 675 tam,
1387 641 1420 667 et
1447 635 1537 668 vitae
1559 633 1733 669 humanae
1754 637 1887 672 utilem.
1947 636 2022 670 Imo
2049 636 2240 670 necessaria

1264 692 1314 718 est
1345 685 1498 727 cognitio
1532 697 1778 727 numerorum,
1821 698 1865 719 ne
1895 687 2084 731 cogitemus
2121 686 2242 719 infini-

1264 742 1335 769 tam
1377 735 1618 769 confusionem
1655 734 1827 777 Deorum,
1871 748 1932 770 seu
1964 736 2242 770 innumerabiles

1264 784 1367 820 Deos.

1365 835 1503 869 Deinde
1520 848 1694 870 annorum
1723 837 1828 870 series
1853 849 1926 870 non
1949 837 2078 871 frustra
2101 837 2242 870 condita

1265 892 1326 921 est.
1378 885 1466 920 Vult
1484 899 1547 920 nos
1563 885 1657 920 Deus
1683 887 1771 920 scire
1793 888 1894 921 initia
1920 887 2045 920 mundi
2081 894 2114 920 et
2145 887 2244 921 ordi-

1265 948 1345 968 nem
1374 942 1589 980 temporum‚
1622 937 1749 982 quibus
1778 949 1812 971 se
1836 938 2012 981 patefecit,
2045 937 2122 971 vult
2151 937 2245 976 sciri,

1237 1006 1239 1028 ε
1266 998 1354 1031 quae
1372 987 1416 1020 sit
1432 987 1547 1030 prior,
1574 999 1662 1032 quae
1678 988 1851 1032 posterior
1868 988 2039 1022 doctrina.

1357 1043 1519 1090 Denique
1535 1046 1571 1078 in
1585 1044 1715 1079 Genesi
1732 1046 1913 1080 manifeste
1929 1045 2073 1078 dicitur:
2091 1045 2245 1078 Lumina

1266 1095 1408 1128 condita
1432 1107 1521 1133 esse,
1560 1102 1599 1128 ut
1623 1096 1694 1129 sint
1722 1096 1838 1139 signa,
1873 1103 1905 1130 et
1930 1096 2131 1129 discernant
2156 1102 2244 1128 tem-

1267 1157 1371 1189 pora,
1399 1152 1433 1178 et
1452 1146 1541 1185 dies,
1568 1152 1600 1178 et
1624 1158 1748 1179 annos
1799 1146 1920 1180 Motus
1943 1153 2057 1179 autem
2073 1144 2195 1178 Lunae
2211 1152 2245 1178 et

1267 1195 1360 1228 Solis
1377 1207 1450 1228 non
1466 1201 1663 1229 monstrant
1680 1208 1811 1228 annum
1829 1208 1900 1228 non
1919 1195 2154 1228 consideranti
2173 1206 2247 1226 me-

1266 1252 1318 1278 tas
1332 1273 1341 1285 ,
1368 1257 1440 1278 non
1457 1246 1653 1278 conferenti
1668 1246 1832 1279 circuitus
1847 1245 1969 1279 Lunae
1992 1246 2034 1278 ad
2064 1244 2158 1278 Solis
2177 1244 2246 1277 cir-

1267 1295 1414 1329 cuitum.
1473 1295 1563 1328 Cum
1587 1302 1703 1329 autem
1725 1296 1810 1329 velit
1833 1294 1928 1329 Deus
1951 1307 2061 1328 annos
2094 1294 2247 1327 discerni

1268 1352 1299 1378 et
1316 1346 1504 1385 numerari,
1532 1346 1609 1378 vult
1625 1346 1727 1377 etiam
1745 1352 1861 1378 motus
1879 1345 2001 1378 Lunae
2017 1351 2049 1378 et
2058 1344 2152 1378 Solis
2167 1356 2247 1376 mo-

1267 1401 1323 1427 tus
1341 1394 1569 1429 considerari.

1368 1451 1421 1485 De
1438 1450 1492 1485 his
1509 1464 1587 1485 cum
1605 1452 1787 1485 manifesta
1806 1452 1851 1486 sit
1866 1453 2027 1486 voluntas
2041 1451 2125 1493 Dei,
2147 1453 2245 1486 furo-

1267 1514 1321 1535 res
1340 1514 1481 1542 eorum,
1507 1502 1568 1546 qui
1592 1502 1787 1535 doctrinam
1809 1503 1852 1535 de
1867 1503 2021 1536 motibus
2044 1503 2246 1536 coelestium

1267 1564 1455 1595 corporum
1478 1559 1727 1595 aspernantur,
1751 1553 1935 1585 execrandi
1960 1559 2060 1594 sunt,
2087 1560 2120 1586 et
2135 1563 2247 1596 oppo-

1268 1603 1425 1634 nendum
1451 1608 1500 1635 est
1530 1599 1596 1634 hoc
1629 1602 1743 1646 ipsum
1773 1602 2014 1636 testimonium
2038 1615 2077 1636 ex
2103 1601 2247 1639 Genesi,

1268 1654 1311 1685 de
1330 1652 1432 1685 annis
1452 1659 1484 1686 et
1499 1653 1691 1688 mensibus.
1744 1651 1833 1686 Nam
1849 1659 2007 1697 tempora
2023 1663 2157 1686 menses
2179 1663 2246 1685 no-

1267 1703 1390 1735 minat.

1370 1758 1417 1793 Et
1440 1759 1692 1794 confirmentur
1721 1767 1813 1794 recta
1843 1761 1972 1795 iudicia
1996 1759 2061 1794 hac
2092 1761 2245 1794 ratione:

1268 1809 1399 1844 Omnis
1426 1821 1507 1843 vera
1529 1810 1663 1853 agnitio
1686 1823 1802 1844 rerum
1827 1811 1936 1845 aDeo
1967 1811 2186 1845 conditarum
2215 1817 2248 1843 et

1267 1861 1511 1894 ordinatarum
1545 1867 1593 1894 est
1617 1873 1671 1894 res
1695 1862 1807 1901 bona,
1841 1863 1921 1907 quia
1945 1862 2024 1894 ideo
2048 1860 2247 1905 propositus

1268 1918 1318 1944 est
1335 1909 1520 1944 hominum
1539 1911 1649 1944 oculis
1665 1913 1751 1944 ordo
1770 1924 1886 1944 rerum
1904 1912 1942 1944 in
1959 1917 2094 1951 natura,
2108 1916 2148 1943 ut
2163 1922 2248 1943 con·

1269 1962 1462 2001 sideretur‚
1489 1967 1521 1993 et
1537 1961 1580 1994 sit
1602 1962 1841 1994 testimonium
1859 1962 1902 1994 de
1927 1960 2012 1994 Deo.
2066 1959 2161 1993 Haec
2184 1972 2248 1993 au-

1269 2018 1337 2045 tem
1357 2010 1517 2044 doctrina
1535 2011 1578 2043 de
1596 2011 1751 2044 motibus
1768 2018 1905 2045 tantum
1924 2018 1974 2045 est
1996 2011 2128 2054 agnitio
2151 2010 2246 2055 ipsa-

1269 2073 1347 2095 rum
1364 2073 1481 2094 rerum
1514 2067 1546 2094 et
1570 2061 1705 2095 ordinis
1730 2069 1901 2096 motuum.
1953 2058 2050 2104 Ergo
2076 2061 2151 2093 sine
2172 2061 2245 2094 ulla

1269 2111 1491 2145 dubitatione
1509 2122 1563 2143 res
1578 2111 1670 2144 bona
1689 2118 1750 2145 est.

1370 2169 1551 2203 Praeterea
1565 2196 1574 2210 ‚
1610 2170 1739 2203 noticia
1773 2180 2020 2209 numerorum,
2058 2170 2247 2212 figurarum

1269 2227 1302 2254 et
1326 2221 1483 2254 locorum
1510 2231 1563 2252 res
1588 2220 1681 2252 bona
1707 2226 1772 2259 est,
1800 2219 1882 2264 quia
1906 2226 1956 2252 est
1978 2219 2129 2263 aspectio
2146 2225 2178 2252 et
2193 2218 2248 2251 di-

1268 2271 1409 2304 stinctio
1425 2282 1569 2313 operum
1581 2268 1657 2303 Dei.
1687 2269 1785 2303 Talis
1801 2276 1851 2303 est
1861 2276 1976 2303 autem
1986 2268 2071 2303 haec
2086 2268 2246 2302 doctrina

1268 2322 1313 2354 de
1328 2321 1484 2355 motibus
1495 2347 1503 2361 ,
1532 2319 1639 2363 igitur
1657 2332 1710 2353 res
1723 2321 1814 2354 bona
1835 2326 1895 2354 est.

1367 2379 1569 2418 Postremo,
1606 2379 1790 2412 convincat
1820 2390 1941 2412 omnes
1972 2378 2154 2411 manifesta
2184 2389 2248 2410 ne-

1267 2430 1405 2464 cessitas
1436 2428 1675 2462 distinctionis
1703 2429 1877 2462 mensium
1899 2435 1932 2462 et
1958 2439 2151 2467 annorum,
2178 2439 2247 2472 qua

1266 2491 1332 2513 nec
1351 2480 1388 2512 in
1402 2477 1576 2518 Ecclesia,
1604 2491 1666 2513 nec
1687 2479 1724 2512 in
1741 2480 1876 2524 reliqua
1892 2479 1962 2511 vita
1988 2489 2104 2511 carere
2128 2474 2247 2511 homi-

1265 2541 1327 2563 nes
1351 2536 1508 2574 possunt.
1542 2529 1632 2563 Cum
1658 2536 1775 2564 autem
1799 2528 1893 2563 Deus
1924 2526 2015 2561 hanc
2048 2527 2158 2571 ipsam
2192 2527 2247 2560 di-

1266 2579 1490 2615 stinctionem
1522 2591 1729 2624 magnarum
1760 2579 1953 2613 utilitatum
1979 2590 2080 2611 causa
2102 2577 2248 2610 ordina—

1266 2630 1374 2672 verit,
1406 2637 1497 2665 certe
1521 2631 1597 2666 vult
1621 2642 1696 2665 eam
1720 2629 1954 2670 considerari,
1989 2636 2023 2663 et
2046 2627 2248 2662 considera-
