2379 2948
122 93 216 129 1401

219 178 422 222 Postremo,
441 181 522 226 quia
543 178 600 213 hic
617 181 716 214 addit
733 182 775 213 de
793 181 936 228 effectu,
957 177 1024 214 hoc
1041 187 1103 221 est,

117 230 161 263 de
186 229 429 272 invocatione,
457 238 604 265 testatur
627 244 662 264 se
687 232 786 276 loqui
811 244 882 265 non
903 233 945 265 de
969 232 1099 265 noticia

116 277 305 322 historiae,
333 284 392 315 sed
413 284 455 315 de
474 294 553 315 vera
577 282 726 323 fiducia,
754 283 836 327 quia
854 294 933 315 vera
958 283 1101 315 invoca-

116 331 166 364 tio
199 344 272 365 non
303 340 415 376 potest
441 334 605 373 existere,
640 333 710 366 nisi
734 345 813 366 cum
839 334 936 367 adest
962 333 1100 374 fiducia,

116 394 205 426 quae
239 381 472 426 apprehendit
502 384 794 419 misericordiam.
855 383 927 416 Nec
951 384 1099 417 dubium

116 440 166 466 est
183 433 221 465 in
240 434 464 467 invocatione
489 434 621 478 requiri
648 432 739 467 hanc
764 435 887 475 fidem,
914 446 1003 479 quae
1020 447 1100 467 sen-
1125 454 1127 464 ⁴

114 483 157 516 tit
181 482 296 516 Deum
329 484 419 517 velle
442 485 547 518 nobis
572 485 752 528 ignoscere
782 492 816 519 et
842 497 907 518 nos
933 486 1099 518 exaudire

112 545 175 578 per
193 534 490 576 misericordiam,
518 543 662 579 propter
687 536 890 580 pontificem
914 543 946 568 et
966 537 1098 569 media-

112 591 225 617 torem
249 584 380 618 Filium
401 597 517 620 suum.
580 585 702 634 ltaque
726 599 805 620 cum
836 587 1099 629 coniungantur

111 635 197 668 fides
220 643 252 669 et
275 636 473 678 invocatio,
508 649 646 670 necesse
674 645 725 672 est
756 638 908 681 intelligi
933 638 1097 671 fiduciam

110 686 384 722 misericordiae.

220 753 340 796 Quare
366 755 555 797 diligenter
582 756 789 789 observetur
813 752 879 788 hoc
909 755 986 788 loco
1018 766 1097 787 ver-

110 805 197 837 bum
220 804 355 844 Credo,
383 812 422 839 ut
447 807 634 840 admoneat
660 819 723 839 nos
740 808 782 839 de
807 807 870 849 iis,
898 818 987 851 quae
1015 812 1097 839 sunt

109 856 296 899 praecipua
322 856 359 888 in
379 857 540 890 doctrina
565 858 607 890 de
624 858 701 890 fide.
754 857 913 890 Primum
931 858 973 889 de
988 857 1096 899 signi-

108 906 271 940 ficatione
289 908 464 942 vocabuli.

108 957 193 990 fides
218 965 363 991 vocetur
386 959 533 1000 fiducia,
558 971 630 992 non
649 959 764 992 ociosa
788 959 938 999 noticia,
965 965 997 991 et
1017 959 1095 1003 qui-

107 1009 189 1041 dem
219 1010 360 1042 credere
384 1022 455 1042 non
480 1017 615 1043 tantum
638 1010 793 1055 reliquos
818 1009 1001 1050 articulos,
1036 1009 1095 1042 sed

107 1059 295 1103 praecipue
323 1058 417 1093 hunc
444 1073 603 1106 quoque,
639 1063 682 1095 ad
709 1073 812 1106 quem
843 1060 973 1105 reliqui
1006 1060 1096 1092 refe-

106 1110 210 1143 rendi
226 1117 328 1151 sunt,
355 1117 522 1156 tanquam
545 1113 587 1145 ad
612 1124 750 1146 causam
775 1111 927 1146 finalem.
980 1109 1095 1144 Credo

106 1161 351 1194 remissionem
377 1170 610 1205 peccatorum.

105 1269 211 1296 tatem
229 1270 289 1296 aut
307 1264 431 1297 merita
447 1265 601 1308 propria„
658 1264 752 1304 lino,
780 1265 875 1309 quod
894 1276 1033 1296 necesse
1052 1264 1096 1296 sit

105 1314 386 1347 misericordiam
404 1327 582 1358 opponere
598 1323 738 1349 nostrae
753 1314 969 1357 indignitati.
1006 1314 1096 1347 Ter-

105 1365 173 1405 tio,
196 1366 290 1409 quod
317 1363 401 1397 haec
422 1366 506 1398 fides
531 1367 674 1409 proprie
695 1377 851 1409 pugnare
868 1366 995 1398 debeat
1016 1377 1094 1397 cum

104 1416 343 1456 dubitatione,
371 1428 409 1448 ac
433 1422 526 1449 certo
545 1422 696 1450 statuere
716 1416 783 1449 sibi
801 1416 954 1458 ignosci,
983 1426 1018 1447 se
1037 1427 1095 1447 ex-

104 1466 240 1506 audiri,
269 1473 332 1501 etc.
391 1465 481 1499 Nam
504 1464 588 1500 haec
612 1475 749 1501 tantum
775 1467 860 1499 fides
890 1465 1001 1499 vincit
1025 1474 1095 1500 ter-

103 1529 200 1550 rores
218 1524 250 1550 et
271 1518 564 1561 desperationem.

204 1581 430 1625 Adversarii,
466 1596 546 1616 cum
573 1584 679 1616 semel
712 1585 936 1623 deerrarunt,
976 1588 1094 1626 postea

102 1635 347 1679 multipliciter
384 1633 659 1668 hallucinantur.

103 1687 190 1720 bulo
218 1693 347 1720 errant.

103 1735 291 1777 historiae,
325 1749 399 1769 non
432 1738 558 1770 docent
584 1738 680 1769 unde
709 1738 860 1780 petenda
888 1737 933 1769 sit
959 1747 1037 1768 vere
1062 1741 1094 1767 et

102 1789 203 1822 firma
227 1788 423 1821 consolatio
447 1787 760 1828 conscientiarum,
788 1788 967 1832 quomodo
990 1793 1093 1819 uteu-

103 1841 188 1873 dum
228 1840 272 1872 sit
304 1837 465 1879 Christo,
501 1840 679 1883 quomodo
711 1839 874 1871 vincatur
906 1837 1093 1877 dubitatio,

102 1891 175 1923 imo
202 1890 316 1934 palam
340 1891 468 1923 docent
498 1902 569 1923 esse
599 1890 849 1924 dubitandum.
908 1888 958 1922 Ita
989 1889 1092 1932 plane

102 1942 258 1986 eripiunt
289 1941 515 1974 conscientiis
540 1941 676 1973 firmam
702 1940 999 1980 consolationem,
1034 1951 1092 1971 ex-

103 1993 272 2035 tinguunt
295 1992 398 2025 fidem
426 1999 458 2025 et
485 1992 767 2032 invocationem,
802 2004 840 2024 ac
864 2003 1007 2035 prorsus
1029 1990 1092 2022 ab-

102 2044 230 2077 iiciunt
260 2043 487 2087 praecipuum
522 2043 728 2076 articulum:
767 2041 882 2076 Credo
914 2041 1092 2074 remissio-

102 2107 183 2128 nem
199 2100 442 2139 peccatorum,
470 2101 534 2128 etc.
585 2093 724 2127 Deinde
742 2106 820 2126 cum
839 2099 975 2127 tantum
997 2092 1091 2125 noti-

101 2146 191 2180 ciam
209 2143 377 2178 historiae
396 2147 563 2186 doceant,
586 2146 840 2178 transsormant
856 2143 1091 2187 Evangelium

99 2198 139 2230 in
170 2198 368 2230 doctrinam
400 2196 503 2239 legis,
543 2208 631 2241 quae
670 2208 742 2229 non
775 2195 978 2229 consolatur
1007 2206 1093 2227 con-

102 2248 283 2289 scientias,
311 2259 385 2280 non
410 2248 528 2281 reddit
551 2255 661 2281 certas
683 2248 725 2280 de
750 2247 956 2280 remissione
973 2258 1093 2290 pecca·
1118 2270 1120 2282 .=

103 2306 240 2340 torum,
267 2300 327 2331 sed
347 2299 458 2342 magis
477 2305 579 2342 auget
596 2305 760 2333 terrores,

205 2365 277 2400 Nec
288 2379 371 2400 vero
392 2373 508 2410 posset
522 2366 667 2399 existere
683 2365 810 2398 fiducia
829 2365 1092 2399 misericordiae

101 2417 191 2459 Dei,
209 2417 279 2450 nisi
295 2418 546 2462 promissiones
563 2417 735 2450 revelatae
752 2424 784 2450 et
802 2417 950 2450 traditae
968 2423 1091 2451 essent.

101 2468 197 2513 Ergo
218 2469 344 2502 fiducia
373 2469 433 2502 illa
465 2469 502 2502 in
528 2467 694 2501 Patribus
724 2468 903 2500 oriebatur
928 2481 967 2500 ex
997 2475 1091 2501 certo

101 2522 229 2562 verbo,
263 2527 297 2554 et
333 2520 514 2555 nitebatur
544 2519 732 2567 promissio
764 2519 969 2560 liberatore,
1003 2519 1092 2552 sicut

100 2570 264 2604 Psalmus
295 2572 471 2605 secundus
499 2572 564 2605 ait:
601 2568 826 2604 osculamini
852 2569 1004 2611 Filium,
1028 2577 1091 2603 etc.

102 2620 203 2656 Beati
220 2634 341 2655 omnes
359 2622 421 2668 qui
447 2623 631 2656 confidunt
656 2621 694 2653 in
720 2633 770 2655 eo,
822 2619 869 2655 Et
888 2619 1010 2655 Esaias
1035 2621 1090 2653 in-

101 2674 194 2718 quit:
222 2673 432 2719 Iniquitates
456 2681 594 2708 nostras
617 2673 691 2716 ipse
715 2672 879 2717 portavit.

735 95 796 132 lx.
849 92 1211 131 COMMENTARII
1238 92 1287 127 IN
1313 90 1557 130 PSALMOS.

517 907 579 941 Est
599 909 692 941 enim
710 907 972 949 testimonium,
1001 908 1096 952 quod
1122 939 1124 948 7

1127 278 1129 292 ⁶
1156 287 1272 313 ratore
1289 277 1431 313 Christo
1448 279 1541 314 Filio
1560 280 1637 314 Dei.

2053 95 2150 132 1402

1156 178 1222 213 ties
1245 178 1283 211 fit
1305 178 1439 212 mentio
1464 179 1546 212 fidei
1572 184 1604 211 et
1629 178 1911 219 misericordiae,
1945 179 2146 215 intueamur

1156 229 1426 273 promissiones,
1454 236 1487 263 et
1503 229 1638 263 nitatur
1655 241 1754 262 mens
1777 230 1970 263 mediatore
1996 238 2028 264 et
2053 232 2144 265 libe-

1689 279 1783 313 Haec
1800 282 1843 313 de
1861 281 1929 313 fide
1953 281 2018 314 etsi
2042 293 2143 327 saepe

1155 337 1381 375 repetuntur,
1411 338 1526 364 tamen
1544 329 1611 364 hoc
1629 331 1705 364 loco
1722 332 1990 365 commemorari
2005 344 2143 367 necesse

1154 389 1223 421 est,
1250 388 1288 415 ut
1320 381 1467 415 verbum
1492 380 1606 415 Credo
1631 394 1712 414 vere
1735 389 1767 415 et
1794 383 1936 427 proprie
1965 382 2143 427 intelliga-

1155 441 1212 466 tur
1227 434 1270 465 de
1288 443 1368 464 vera
1384 432 1511 466 fiducia
1530 432 1809 474 misericordiae,
1835 445 1901 478 qua
1920 434 2141 476 agnoscimus

1154 482 1267 516 Deum
1293 483 1469 526 placatum
1497 494 1586 524 esse,
1615 490 1648 517 et
1671 484 1904 517 conscientiae
1924 484 2013 518 fiunt
2041 492 2139 519 tran-

1153 534 1303 578 quillae,
1326 533 1510 576 eriguntur
1528 540 1559 567 et
1577 534 1810 570 vivificantur.
1849 534 1938 567 Nam
1955 535 2015 579 qui
2034 536 2140 569 fidem

1153 585 1254 618 aliter
1275 584 1480 627 intelligunt
1508 585 1544 617 in
1569 585 1699 618 talibus
1724 585 1811 618 locis
1837 586 2050 629 scripturae,
2080 593 2140 620 aut

1153 641 1277 679 putant
1297 635 1371 668 sine
1392 632 1456 668 hac
1482 635 1565 676 fide,
1593 637 1635 668 de
1655 648 1720 680 qua
1744 635 1916 675 diximus,
1940 637 2056 670 valere
2082 637 2139 669 iu-

1153 686 1391 727 vocationem,
1424 694 1484 720 aut
1515 686 1655 729 agnosci
1681 685 1815 727 Deum,
1849 685 1887 719 hi
1911 699 2052 730 prorsus
2083 700 2138 721 er-

1152 744 1248 778 rant,
1276 744 1310 770 et
1328 737 1365 769 in
1383 737 1600 770 densissimis
1618 738 1772 770 tenebris
1790 744 1985 771 versantur.

1254 803 1378 848 Neque
1412 816 1495 837 vero
1528 804 1680 847 intelligi
1712 801 1797 837 haec
1821 804 1981 837 doctrina
2005 805 2047 837 de
2073 804 2139 837 fide

1152 861 1282 898 potest,
1310 855 1385 887 sine
1413 855 1502 888 veris
1529 855 1701 888 exercitiis
1726 856 1763 887 in
1788 867 1905 896 cruce,
1939 862 1972 889 et
1995 855 2032 887 in
2058 867 2138 888 vera

1154 905 1390 940 invocatione.
1443 904 1552 939 Ebria
1573 917 1672 938 mens
1693 906 1934 950 voluptatibus
1957 912 1990 939 et
2006 917 2138 944 secura,

1122 954 1123 958 ¹
1151 968 1240 1001 quae
1261 968 1336 989 non
1358 957 1511 991 luctatur
1538 969 1617 990 cum
1642 957 1821 1002 aliquibus
1837 957 2047 1004 pavoribus,
2075 968 2138 989 nec

673 1163 855 1202 Secundo,
890 1163 985 1206 quod
1011 1159 1096 1194 haec
1122 1183 1123 1195 ι

105 1210 193 1245 fides
209 1214 344 1245 nitatur
360 1213 432 1246 sola
455 1214 715 1255 misericordia,
741 1226 804 1246 nec
819 1219 962 1258 quaerat
980 1213 1094 1256 digni-
1150 1210 1265 1243 Lucae
1285 1211 1343 1244 18.
1364 1211 1408 1244 de
1424 1223 1493 1256 quo
1511 1211 1559 1244 ait
1576 1208 1754 1245 Christus:
1783 1210 1864 1244 Non
1884 1212 2035 1244 audebat
2051 1222 2136 1243 ocu-

718 1634 878 1668 Primum
913 1635 955 1666 de
991 1645 1122 1675 voca-3

409 1686 546 1719 Deinde
578 1693 714 1720 tamum
741 1683 887 1718 haerent
909 1686 946 1717 in
963 1684 1092 1717 noticia
1120 1678 1122 1718 J
1150 1679 1317 1712 quaerere
1341 1666 1477 1708 Deum,
1503 1675 1537 1701 et
1562 1675 1677 1711 petere
1704 1670 1862 1707 veniam,
1891 1668 1978 1701 sicut
2000 1668 2133 1713 inquit:

933 2672 984 2706 lta
1002 2685 1090 2718 quo·
1114 2680 1118 2714 j
1143 2670 1422 2705 Confessionem.

1151 1019 1231 1040 vere
1248 1007 1376 1051 expetit
1401 1008 1570 1041 auxilium
1591 1006 1672 1049 Dei,
1699 1019 1772 1040 non
1795 1007 1961 1050 intelligit
1985 1008 2070 1052 quid
2095 1007 2138 1040 sit

1150 1058 1245 1091 fides.
1299 1056 1377 1092 Etsi
1400 1065 1514 1091 autem
1538 1059 1648 1092 multa
1675 1058 1832 1102 exempla
1852 1070 2016 1091 verorum
2041 1069 2139 1091 exer-

1150 1109 1314 1142 citiorum
1341 1116 1591 1153 proponuntur
1614 1109 1651 1141 in
1677 1107 1890 1153 propheticis
1914 1116 1946 1142 et
1969 1109 2138 1152 apostoli-

1151 1160 1197 1192 cis
1228 1160 1386 1203 scriptis,
1435 1168 1554 1194 tamen
1585 1160 1865 1204 contemplemur
1899 1159 2136 1193 Publicanum

1152 1262 1202 1293 los
1223 1261 1260 1293 in
1279 1261 1416 1294 coelum
1432 1262 1566 1296 tollere.
1621 1262 1692 1295 Hic
1709 1269 1823 1305 gestus
1847 1262 2018 1304 significat
2041 1273 2138 1295 acer-

1152 1312 1276 1344 rimam
1302 1323 1456 1356 pugnam
1470 1340 1477 1353 ,
1506 1313 1614 1345 animi
1630 1313 1891 1356 desperabundi
1907 1319 1939 1346 et
1955 1313 2138 1355 fugitantis

1152 1362 1278 1396 Deum.
1334 1363 1424 1396 Cum
1452 1375 1550 1396 mens
1575 1376 1653 1396 vere
1679 1364 1818 1407 expavit
1841 1371 2029 1407 conspectu
2056 1375 2136 1407 pec-

1151 1413 1238 1450 cati,
1274 1414 1399 1447 metuit
1428 1414 1516 1446 iram
1541 1414 1626 1454 Dei,
1661 1414 1789 1457 cogitat
1820 1426 1855 1446 se
1887 1415 2011 1455 abiici,
2047 1414 2138 1457 fugit

1151 1463 1282 1503 Deum,
1309 1476 1382 1496 non
1399 1465 1503 1498 audet
1522 1465 1705 1508 invocare,
1734 1476 1799 1497 nec
1821 1477 1962 1508 sperare
1987 1465 2138 1498 veniam.

1154 1513 1193 1547 ln
1212 1512 1268 1547 his
1285 1515 1454 1558 augustiis
1472 1516 1668 1548 revocanda
1687 1522 1736 1549 est
1752 1527 1851 1548 mens
1870 1516 1911 1548 ad
1931 1515 2138 1560 promissio-

1151 1577 1210 1598 nes
1233 1565 1383 1608 gratiae,
1417 1566 1505 1600 sicut
1534 1567 1701 1600 exuscitat
1724 1578 1758 1599 se
1787 1566 1846 1599 ille
1868 1566 1941 1610 ipse
1967 1567 2136 1599 Publica—-

1152 1629 1227 1650 nus.
1280 1614 1396 1659 Erigit
1421 1629 1455 1650 se
1478 1624 1510 1650 et
1534 1618 1675 1650 tandem
1703 1617 1832 1650 attollit
1858 1617 1999 1655 oculos,
2032 1618 2137 1650 audet.

1152 1718 1334 1761 propicius
1359 1725 1431 1751 esto
1454 1717 1542 1751 mihi
1570 1719 1756 1763 peccatori.
1814 1718 1865 1751 lbi
1884 1731 1962 1751 cum
1979 1719 2062 1751 fides
2082 1719 2136 1751 vi-

1149 1769 1194 1802 cit
1222 1781 1384 1812 pavores,
1412 1769 1449 1803 fit
1473 1769 1667 1815 tranquilla
1692 1769 1906 1803 conscientia
1932 1776 1963 1802 et
1980 1770 2136 1802 vivifica-

1149 1828 1216 1853 tur.
1273 1819 1375 1852 Talia
1402 1821 1558 1864 exempla
1586 1821 1690 1854 nobis
1721 1832 1978 1864 proponamus,
2013 1827 2045 1854 et
2070 1818 2136 1853 hos

1118 1873 1120 1884 ⁵
1148 1878 1263 1904 motus
1284 1871 1412 1904 nostris
1430 1872 1601 1905 exercitiis
1613 1871 1788 1904 discamus
1805 1872 2013 1914 intelligere.
2041 1870 2136 1904 Hac-

1148 1930 1250 1955 tenus
1267 1922 1400 1955 dictum
1429 1930 1478 1956 est
1503 1925 1546 1956 de
1575 1923 1682 1956 verbo
1706 1922 1834 1957 Credo.
1889 1922 1992 1955 Nunc
2010 1934 2134 1967 perga-

1148 1985 1224 2006 mus
1242 1974 1285 2006 ad
1301 1980 1446 2008 caetera.

1197 2070 1395 2120 Propterea
1416 2071 1559 2121 loquor.

1248 2159 1365 2194 Simul
1382 2158 1439 2193 hic
1456 2159 1637 2193 Invocatio
1655 2166 1686 2193 et
1698 2158 1880 2193 Confessio
1899 2157 2131 2203 comprehen-

1148 2211 1298 2252 duntur,
1327 2212 1409 2257 quia
1431 2211 1647 2255 impossibile
1664 2217 1713 2243 est
1730 2210 1815 2243 haec
1833 2210 2010 2246 divellere.
2041 2211 2131 2244 Nam

1148 2263 1323 2295 invocatio
1354 2269 1404 2296 est
1435 2275 1472 2295 re
1502 2262 1574 2305 ipsa
1608 2262 1779 2306 quaedam
1809 2261 2002 2300 consessio,
2043 2263 2132 2295 sicut

1148 2313 1361 2358 experientia
1389 2320 1545 2347 testatur.
1600 2311 1689 2345 Tres
1714 2311 1892 2345 Israelita-e
1919 2312 1955 2344 in
1977 2311 2131 2358 Babylo-

1147 2377 1207 2403 ne,
1226 2377 1304 2397 cum
1323 2364 1451 2397 nolunt
1469 2364 1616 2397 adorare
1631 2369 1799 2401 statuam,
1818 2364 2010 2396 ostendunt
2027 2376 2131 2408 quem

1147 2416 1280 2450 cultum
1308 2417 1477 2459 probent,
1504 2421 1564 2448 aut
1591 2414 1852 2447 abominentur.
1909 2413 2132 2448 Valentinia-

1147 2479 1214 2500 nus
1229 2479 1308 2500 cum
1325 2466 1361 2498 in
1377 2466 1507 2510 templo
1519 2463 1814 2509 daretcolaphum
1825 2465 1995 2498 sacerdoti
2012 2477 2130 2510 asper-

1146 2518 1241 2561 genti
1266 2518 1380 2561 ipsum
1405 2517 1543 2550 lustrali
1567 2529 1676 2561 aqua,
1701 2516 1854 2550 ostendit
1879 2527 1914 2548 se
1939 2528 2011 2549 non
2027 2517 2131 2550 invo-

1147 2581 1224 2602 care
1251 2568 1345 2601 idola
1377 2567 1507 2601 Iuliani
1533 2568 1756 2612 imperatoris
1782 2567 1847 2601 sui.
1907 2565 2050 2600 Certum
2080 2576 2131 2602 est

1145 2620 1253 2663 igitur
1286 2617 1370 2651 haec
1399 2620 1469 2652 duo
1500 2616 1774 2662 comprehendi,
1806 2618 2069 2651 Invocationem
2098 2627 2131 2652 et

1489 2669 1647 2703 Primum
1678 2677 1795 2704 autem
1826 2671 1868 2702 de
1906 2669 2130 2703 invocatione
