2379 2948
235 101 310 137 959

240 182 377 229 loseph.
440 182 529 217 Tam
556 181 712 226 pulcram
739 179 900 226 politiam
924 178 1086 212 funditus
1112 176 1221 211 everti

237 238 369 272 moises
391 241 482 268 certe
507 233 659 266 dolebat.
714 230 829 264 Multo
857 230 964 272 magis
989 229 1103 262 doluit
1130 228 1222 262 Iere-

235 289 323 321 mias
339 286 513 319 excidium
537 294 619 316 suae
637 282 787 326 politiae.
841 280 1034 315 Considera
1052 276 1221 313 Antiochi

237 347 392 381 tempora
403 360 414 376 ,

238 388 346 421 Vides
363 386 473 430 ipsam
492 384 678 427 imaginem
697 383 933 416 calamitatum
958 379 1063 415 huius
1084 387 1221 424 tempo-

237 439 286 473 ris
302 439 339 471 in
357 435 504 470 historia
515 434 787 468 Macabaeorum
799 460 808 474 ‚
834 431 991 476 Exiguus
1007 438 1081 465 erat
1097 442 1223 464 nume-

238 501 298 522 rus
315 488 454 532 piorum
467 510 476 524 ‚
504 484 569 519 His
584 485 743 518 adiuncti
759 491 857 518 erant
878 484 980 517 multi
999 483 1092 516 leves
1104 506 1112 519 ‚
1141 493 1222 525 per-
1248 489 1250 496 ⁴

238 541 316 580 fidi,
333 537 573 577 insidiatores,
592 535 772 579 Principes
796 535 1031 573 dissidebant,
1067 532 1225 566 Moritur

238 592 309 623 dux
333 588 541 633 praecipuus
563 595 641 621 ante
666 587 748 620 belli
766 587 891 625 finem,
917 586 975 618 sed
1003 592 1118 617 tamen
1141 582 1226 616 vicit

238 652 318 686 pars
337 639 473 674 melior.
526 637 627 681 Quae
646 635 736 670 hanc
756 637 937 670 victoriam
964 646 1076 668 novae
1099 634 1224 667 confu-

239 693 353 725 siones
371 690 513 734 politiae
533 688 692 722 Iudaicae
706 695 840 721 secutae
856 686 962 719 sunt?

341 740 420 774 Non
438 740 592 783 profecto
611 736 801 772 Matathias
818 749 913 770 arma
933 742 1088 780 ceperat,
1111 743 1149 769 ut
1164 747 1227 768 ne—
1252 738 1254 771 ζ

240 805 301 837 pos
319 792 392 825 eius
410 791 589 824 Hireanus
607 790 828 822 Sadducaeos
844 788 996 828 foveret,
1023 787 1083 832 qui
1109 787 1224 830 palam

239 845 400 887 epicurea
428 842 590 884 dogmata
622 839 849 882 spargebant,
886 849 959 870 non
982 843 1021 871 ut
1050 849 1228 881 pronepo-
1254 850 1255 854 ¹

243 902 293 928 tes
315 903 462 935 regnum
487 890 686 935 parricidiis
710 890 982 928 constituerent,
1010 900 1048 921 ac
1075 888 1113 921 in
1134 888 1227 921 cives

241 943 429 978 crudeliter
452 948 709 984 grassarentur,
742 952 816 973 non
849 946 888 973 ut
917 939 1107 982 abnepotes
1130 939 1227 972 velut

242 993 408 1028 Thebani
431 994 554 1025 fratres
582 991 673 1024 inter
699 1002 770 1023 sese
800 990 918 1035 impiis
950 990 1056 1023 armis
1081 989 1230 1022 dimica-

242 1051 339 1084 rent,
373 1043 579 1086 religionem
606 1041 868 1085 perturbarent,
903 1047 936 1074 et
960 1039 1144 1074 Romanos
1169 1041 1230 1073 ad-

243 1098 411 1129 ducerent
429 1095 470 1126 ad
490 1093 746 1137 profanandum
765 1092 945 1135 templum.
973 1090 1120 1125 Constat
1136 1091 1229 1123 enim

244 1153 321 1190 post
346 1141 515 1178 Antiochi
540 1141 739 1187 Epiphanis
766 1143 918 1183 bellum,
955 1142 1108 1184 graviter
1140 1141 1231 1174 affii-

244 1204 334 1230 ctam
359 1208 431 1228 esse
450 1194 614 1227 Iudaeam
632 1194 820 1227 domestica
836 1193 1023 1239 tyrannide
1047 1192 1233 1236 posterita-

245 1248 290 1281 tis
309 1246 594 1280 Macabaeorum.

348 1296 399 1330 lta
433 1307 569 1339 semper
598 1307 709 1328 novae
741 1295 915 1338 procellae
941 1292 1134 1328 Ecclesiam
1169 1293 1233 1326 ob·-

248 1354 369 1382 ruunt.

248 1399 389 1431 videtur
415 1405 614 1430 nostrarum
639 1394 897 1436 Ecclesiarum,
935 1396 972 1428 in
998 1408 1068 1440 quo
1090 1394 1232 1439 quidem

249 1461 323 1482 non
354 1459 478 1492 parum
508 1454 559 1480 est
593 1458 860 1480 aerumnarum:
901 1453 1018 1480 tamen
1051 1445 1233 1490 aliquanto

249 1507 326 1544 post
341 1505 454 1532 aestus
478 1497 625 1542 aliquiS‚
653 1504 712 1530 aut
729 1504 886 1541 tempora
909 1497 1108 1530 voluntates
1134 1496 1234 1539 prin-

249 1551 366 1594 cipum
406 1555 439 1582 et
467 1549 653 1581 doctorum
687 1549 894 1587 mutabunt,
930 1554 991 1580 aut
1024 1544 1232 1585 distrahent,

250 1609 282 1634 et
299 1601 363 1633 erit
381 1599 505 1632 durior
519 1599 684 1637 servitus,
712 1605 746 1631 et
769 1604 961 1643 sequentur
978 1598 1158 1630 doctrinae
1183 1604 1234 1629 te-

250 1652 391 1684 nebrae.
446 1648 619 1682 Fortassis
641 1649 799 1682 accident
819 1656 850 1682 et
867 1648 953 1681 aliae
976 1648 1152 1690 graviores
1179 1659 1234 1680 re-

249 1714 328 1736 rum
345 1699 578 1734 humanarum
598 1699 818 1732 mutationes.

352 1791 465 1837 Ergo,
492 1792 671 1836 inquiunt,
700 1791 726 1825 si
744 1803 815 1824 non
837 1797 886 1824 est
904 1803 980 1835 spes
997 1790 1153 1823 melioris
1169 1796 1237 1823 sta-

252 1854 325 1886 tus,
353 1846 458 1878 satius
478 1850 549 1876 erat
565 1849 689 1876 tacere.
732 1842 820 1875 Nam
836 1854 1004 1886 quorsum
1023 1842 1146 1874 attinet
1162 1853 1239 1873 mo-

252 1898 297 1930 tis
321 1896 444 1935 rebus,
480 1893 659 1927 cumulare
687 1893 868 1925 miserias?

254 1958 322 1992 que
358 1945 550 1989 responsio.
613 1943 824 1977 Mandatum
870 1950 919 1976 est
963 1943 1238 1976 innumerabile:

254 1996 379 2039 Fugite
404 1995 617 2028 idolatriam.
679 1993 776 2027 Haec
801 2006 884 2027 voce
908 2006 1048 2034 omnes,
1083 1993 1142 2039 qui
1167 2006 1239 2026 non

255 2054 336 2081 sunt
360 2044 546 2090 Epicurei,
572 2045 647 2087 cogi
673 2055 706 2076 se
731 2045 950 2086 intelligant,
972 2052 1011 2078 ut
1036 2045 1139 2077 salsas
1162 2044 1240 2087 opi-

256 2099 380 2132 niones
398 2097 582 2135 abiiciant,
611 2102 644 2128 et
660 2107 676 2128 a
700 2095 944 2127 defensoribus
972 2095 1149 2128 idolorum
1167 2095 1239 2128 dis-

257 2149 420 2182 sentiant.
473 2145 518 2179 Et
543 2158 744 2190 quanquam
769 2143 825 2178 hic
857 2151 973 2178 coetus
1005 2152 1053 2178 est
1087 2146 1242 2189 exiguus,

257 2207 295 2233 ut
317 2205 416 2232 erant
441 2198 563 2241 pauci,
591 2196 725 2236 Maria,
752 2193 893 2239 loseph,
922 2194 1077 2236 Simeon,
1105 2194 1240 2229 Zacha-

257 2252 326 2283 rias
343 2249 463 2289 etalii,
484 2248 542 2293 qui
560 2247 775 2280 damnabant
796 2257 932 2279 errores
945 2247 1149 2289 pontificum
1167 2247 1241 2280 eius

257 2300 445 2344 temporis,
479 2306 594 2332 tamen
622 2298 775 2342 profiteri
802 2309 916 2330 veram
943 2297 1149 2331 sententiam
1182 2299 1243 2330 de-

258 2352 335 2390 bet,
363 2363 426 2383 nec
444 2349 611 2394 professio
631 2349 690 2381 illa
715 2349 851 2382 inutilis
870 2355 928 2382 est.

361 2408 411 2442 lta
439 2408 589 2441 subinde
616 2408 709 2441 Deus
734 2407 892 2440 accendit
910 2407 1086 2439 flammam
1110 2407 1239 2440 doctri-

261 2472 343 2496 nae,
372 2467 404 2492 et
430 2458 619 2492 Ecclesiam
647 2459 839 2497 instaurat,
867 2470 905 2490 ac
932 2457 1050 2500 plures
1080 2459 1121 2490 ad
1149 2458 1243 2491 salu-

261 2517 329 2542 tem
349 2517 465 2547 vocat,
493 2516 524 2541 et
547 2510 658 2542 exitus
681 2509 912 2541 certaminum
941 2508 1151 2541 mirabiliter
1181 2520 1243 2551 gu-

261 2562 408 2596 bernat,
436 2571 523 2603 quos
539 2560 738 2603 prospicere
763 2571 827 2592 nos
847 2559 986 2603 penitus
1011 2571 1082 2592 non
1108 2571 1244 2592 necesse

262 2618 330 2647 est,
359 2616 517 2642 nostrum
549 2617 598 2642 est
629 2611 827 2652 intelligere
858 2611 1064 2642 mandatum
1090 2609 1175 2647 Dei,
1212 2617 1245 2643 et

265 2659 346 2693 huic
365 2659 527 2704 obsequi,
554 2667 586 2692 et
615 2657 677 2692 hos
699 2661 834 2694 labores
857 2661 985 2693 scimus
1004 2659 1078 2694 Deo
1099 2661 1244 2705 placere,

824 92 948 127 PHlL.
979 90 1096 128 MEL.
1123 90 1333 127 SCRIPTA
1362 88 1663 125 EXEGETICA.

465 335 508 367 de
541 334 669 378 quibus
701 330 758 365 hic
791 332 1022 365 concionatur
1054 329 1222 373 Angelus.
1248 348 1249 363 1

423 1346 636 1390 Quanquam
662 1346 770 1389 igitur
795 1358 890 1378 nunc
913 1345 1100 1378 mediocris
1125 1350 1234 1377 status
1259 1347 1261 1371 ⁴:

923 1892 1000 1927 Una
1027 1899 1078 1925 est
1100 1892 1239 1924 eadem-
1265 1893 1266 1898 ’

2186 94 2261 129 960

1246 189 1250 204 ⁴
1273 177 1386 210 iuvari
1406 175 1594 215 divinitus,
1607 175 1776 209 salutares
1794 186 1866 208 esse
1883 173 2076 211 Ecclesiae:
2094 186 2125 213 et
2143 192 2256 226 quan-

1273 240 1377 273 quam
1403 227 1521 260 variae
1544 226 1756 259 ostensiones
1783 226 1964 266 incidunt,
1992 234 2108 261 tamen
2133 232 2176 264 ad
2201 244 2260 264 ex-

1274 286 1425 311 tremum
1443 276 1570 311 habere
1587 278 1713 310 laetam
1731 275 2009 323 καταστροφὴν.

1379 327 1511 362 Moises
1529 329 1680 362 educens
1698 334 1832 361 tantam
1852 329 2116 362 multitudinem
2138 341 2178 363 ex
2191 331 2262 364 Ae-

1275 386 1400 426 gypto,
1427 386 1528 413 norat
1548 379 1743 424 parendum
1762 390 1834 412 esse
1854 379 1932 412 voci
1951 379 2110 420 divinae,
2137 380 2266 416 sciebat

1277 428 1390 465 ethos
1415 430 1553 464 labores
1577 442 1650 463 non
1674 430 1751 463 fore
1775 429 1911 470 irritos,
1939 431 1997 463 sed
2022 442 2144 464 omnes
2166 443 2266 466 casus

1276 493 1349 515 non
1372 481 1615 525 praevidebat,
1651 480 1868 525 minimeque
1891 481 2081 524 cogitabat,
2113 483 2266 526 quadra-

1276 533 1372 576 ginta
1401 543 1513 565 annos
1533 538 1666 565 tantam
1693 531 1962 565 multitudinem
1989 532 2081 566 inter
2099 531 2260 567 Arabum

1278 594 1356 616 saxa
1381 590 1413 616 et
1438 582 1475 614 in
1493 589 1588 616 vasta
1606 582 1798 615 solitudine
1817 582 1949 615 circum
1969 584 2165 616 ducendam
2191 595 2262 618 esse

1250 637 1253 709 Ι
1278 634 1353 667 sine
1375 639 1467 666 certa
1485 634 1579 666 sede.
1634 632 1684 666 lta
1710 639 1744 666 et
1764 644 1831 666 nos
1856 634 2139 678 obtemperemus
2164 646 2265 667 man-

1252 714 1254 722 ,
1279 686 1360 718 dato
1379 683 1462 724 Dei,
1489 690 1521 717 et
1538 695 1611 717 non
1627 682 1827 717 dubitemus
1848 683 1962 729 ipsum
1988 686 2265 728 gubernaturum

1279 747 1352 768 esse
1376 734 1499 768 exitus.

1248 473 1250 486 l

1253 786 1255 801 Ι

1253 811 1256 835 t
1383 826 1474 861 Illud
1499 826 1604 860 etiam
1629 833 1768 860 nostros
1791 838 1951 861 censores
1985 835 2019 862 et
2047 829 2263 874 areopagitas

1281 889 1506 918 moneamus,
1534 884 1571 910 ut
1593 877 1767 920 cogitent,
1802 889 1837 910 se
1862 878 1963 911 valde
1983 891 2120 921 errare,
2145 880 2175 914 si
2191 880 2266 913 exi-

1255 943 1257 974 ζ
1281 929 1445 969 stimant,
1481 928 1608 961 omissa
1633 926 1819 971 Evangelii
1849 929 2109 973 praedicatione
2145 942 2267 964 conse-

1255 975 1258 1028 }
1283 987 1425 1013 cuturos
1442 990 1477 1011 se
1491 990 1564 1012 esse
1583 978 1896 1024 tranquillitatem.
1925 992 1989 1013 nec
2012 988 2178 1015 venturas
2196 992 2269 1015 esse

1256 1031 1258 1054 t
1283 1031 1518 1070 calamitates,
1545 1030 1675 1074 quibus
1696 1028 1790 1063 Deus
1808 1031 1937 1063 scelera
1955 1031 2080 1065 mundi
2098 1031 2212 1076 punit.

1257 1060 1259 1114 l
1386 1078 1581 1114 Oricbatur
1603 1080 1641 1113 in
1662 1079 1809 1114 Graecia
1834 1081 1965 1114 bellum
1992 1082 2112 1123 civile,
2140 1083 2176 1115 in
2199 1094 2270 1128 quo

1257 1117 1260 1172 l
1284 1132 1492 1177 praecipuae
1515 1131 1672 1165 civitates
1699 1143 1788 1174 pene
1811 1132 1972 1165 funditus
2004 1133 2139 1167 deletae
2176 1141 2269 1172 sunt,

1284 1183 1421 1223 Platea,
1447 1181 1619 1228 Corcyra,
1644 1179 1825 1223 Athenae,
1853 1182 1990 1227 Sparta.
2044 1183 2175 1218 Fatalis
2199 1191 2271 1217 erat

1258 1235 1260 1271 l
1285 1246 1397 1278 poena
1415 1233 1605 1277 impietatis
1626 1239 1659 1266 et
1675 1233 1888 1275 libidinum,
1917 1241 1949 1267 et
1972 1232 2063 1268 hanc
2092 1235 2201 1279 ipsam
2224 1236 2271 1268 ob

1259 1277 1261 1325 l
1286 1296 1424 1318 causam
1441 1284 1586 1324 tristior,
1612 1283 1694 1328 quia
1711 1296 1777 1317 vox
1790 1282 1973 1328 Evangelii
1992 1297 2133 1329 prorsus
2151 1286 2270 1328 ignota

1259 1329 1261 1333 ¹
1287 1343 1378 1376 erat,
1414 1347 1502 1380 quae
1524 1334 1661 1379 aliquos
1686 1335 1729 1367 ab
1753 1336 1904 1368 aeternis
1928 1336 2050 1379 poenis
2077 1337 2270 1372 liberasset.

1287 1385 1556 1420 Misericordiae
1586 1385 1727 1418 divinae
1764 1386 1970 1419 beneficium
2004 1393 2054 1419 est
2084 1388 2271 1419 accendere

1287 1437 1400 1470 lucem
1419 1434 1623 1479 Evangelii,
1651 1448 1730 1469 cum
1749 1435 1953 1480 impendent
1970 1449 2086 1470 rerum
2106 1437 2271 1470 mutatio-

1260 1509 1262 1519 ,
1287 1500 1367 1528 nes,
1395 1494 1433 1520 ut
1449 1487 1557 1519 multa
1576 1487 1767 1520 ostendunt
1781 1487 1950 1531 exempla.
2004 1487 2054 1522 lta
2079 1500 2174 1520 nunc
2197 1499 2270 1520 non

1261 1557 1263 1585 3
1288 1539 1436 1571 dubium
1460 1544 1511 1570 est
1537 1548 1680 1579 magnas
1703 1548 1820 1569 rerum
1846 1534 2082 1571 humanarum
2107 1538 2274 1571 mutatio-

1261 1594 1263 1610 ⁴
1288 1601 1350 1622 nes
1365 1588 1579 1631 impendere.
1623 1587 1742 1629 Quare
1757 1594 1795 1620 ut
1811 1588 1982 1633 reliquiae
1998 1587 2176 1622 Ecclesiae
2193 1601 2273 1622 vera

1290 1640 1515 1672 invocatione
1541 1644 1801 1678 sustententur,
1838 1646 1870 1672 et
1901 1651 2032 1682 poenae
2062 1639 2275 1683 mitigentur,

1290 1689 1385 1724 Deus
1401 1689 1581 1733 repurgari
1598 1686 1831 1731 Evangelium
1850 1690 1972 1724 voluit.

1393 1747 1473 1781 Non
1490 1760 1555 1780 vox
1573 1746 1757 1789 Evangelii
1776 1748 1918 1781 attraxit
1928 1748 2061 1781 'l'urcas
2079 1748 2116 1780 in
2132 1746 2275 1781 Panno—

1264 1821 1266 1835 η,
1291 1800 1407 1838 niam,
1436 1806 1472 1831 ut
1489 1800 1532 1831 de
1550 1798 1717 1841 proximis
1736 1799 1903 1841 exemplis
1919 1799 2052 1837 dicam,
2074 1800 2131 1832 sed
2153 1799 2275 1842 ingens

1264 1868 1266 1883 ;
1292 1850 1387 1893 longi
1413 1849 1581 1893 temporis
1600 1845 1868 1892 εἶδωλομανιά,
1896 1857 1929 1883 et
1946 1850 2013 1882 alia
2033 1850 2141 1883 multa
2168 1850 2276 1882 scele-

1292 1914 1342 1935 ra.
1397 1899 1492 1943 Quid
1514 1900 1581 1932 iam
1599 1899 1794 1932 Pannoniis
1816 1900 1987 1943 profuerit
2011 1900 2070 1933 illa
2095 1901 2276 1943 areopagi-

1292 1959 1407 1985 tarum
1436 1950 1625 1994 sapientia,
1660 1961 1747 1995 quae
1772 1951 1877 1983 taceri
1902 1949 2133 1993 Evangelium
2157 1950 2278 1985 iubet?

1293 2002 1410 2046 Ignari
1443 2000 1625 2044 Evangelii
1668 2013 1771 2046 quam
1808 2002 2083 2035 consolationem
2120 1999 2277 2035 hahent?

1292 2053 1445 2087 Econtra
1463 2053 1529 2097 piis
1548 2053 1605 2085 lux
1617 2050 1800 2094 Evangelii
1820 2063 1979 2095 magnam
1998 2052 2274 2086 consolationem

1294 2105 1417 2138 adfert.
1471 2102 1517 2135 Hi
1537 2115 1738 2148 quanquam
1758 2102 1879 2135 vident
1904 2115 1938 2135 se
1957 2103 2178 2135 acerbissima
2205 2115 2277 2137 ser-

1267 2177 1269 2183 *
1297 2156 1408 2188 vitute
1438 2164 1621 2197 oppressos
1655 2165 1745 2191 esse,
1779 2159 1893 2186 tamen
1927 2161 2059 2187 norunt
2087 2152 2277 2187 Ecclesiam

1294 2218 1367 2238 non
1386 2205 1607 2238 interituram
1632 2216 1703 2236 esse
1722 2204 1890 2237 funditus.
1944 2204 2155 2247 Mitigabant
2174 2205 2277 2238 etiam

1268 2279 1269 2285 η
1295 2254 1380 2289 haec
1408 2256 1498 2288 mala
1529 2256 1600 2288 suis
1623 2255 1802 2299 precibus,
1840 2267 1919 2288 vera
1950 2255 2086 2299 pietate.
2146 2256 2278 2290 Errant

1296 2317 1456 2340 censores
1473 2306 1595 2347 nostri,
1622 2305 1649 2338 si
1668 2313 1791 2350 putant
1810 2317 1889 2339 suas
1906 2307 2090 2350 opiniones
2107 2318 2178 2339 esse
2195 2306 2278 2340 Par-

1297 2370 1414 2390 carum
1430 2357 1586 2397 tabulas‚
1616 2369 1632 2388 a
1653 2357 1781 2401 quibus
1799 2356 1924 2390 neDeo
1943 2357 2083 2402 quidem
2103 2357 2279 2391 discedere

1296 2409 1408 2443 liceat.
1452 2407 1617 2447 Per‹1.·m,
1652 2408 1786 2451 inquit,
1828 2408 2034 2452 sapientiam
2074 2408 2279 2451 sapientum,

1299 2471 1362 2492 nec
1381 2470 1487 2501 panca
1511 2458 1597 2490 vidit
1617 2456 1700 2490 haec
1717 2467 1808 2491 aetas
1825 2459 1990 2501 exempla.

1402 2508 1483 2541 Ideo
1511 2521 1572 2540 nos
1599 2509 1713 2552 potius
1736 2510 1862 2550 gratias
1885 2520 2024 2551 agamus
2041 2507 2114 2541 Deo
2139 2518 2277 2543 aeterno

1298 2560 1388 2603 patri
1408 2560 1604 2591 liberatoris
1630 2560 1738 2592 nostri
1767 2560 1841 2593 lesu
1861 2559 2012 2599 Christi,
2041 2561 2133 2603 quod
2161 2571 2279 2593 rursus

1299 2611 1411 2643 lucem
1429 2609 1613 2653 Evangelii
1634 2611 1735 2643 nobis
1753 2610 1927 2649 accendit,
1955 2618 1987 2643 et
2012 2622 2075 2642 nos
2099 2612 2141 2643 ad
2165 2622 2277 2643 veram

1270 2681 1274 2702 ι
1299 2661 1559 2694 invocationem
1591 2669 1623 2694 et
1653 2661 1813 2705 pietatem
1841 2661 2045 2701 excitemus,
2080 2673 2143 2694 nec
2166 2662 2279 2694 deter-
