2379 2948
117 106 191 142 549
735 107 778 141 V.

116 199 190 234 cto,
233 193 293 225 sed
335 203 466 233 massa,
512 193 675 226 videlicet
717 204 903 237 conspersa
945 192 1117 235 sanguine

117 241 251 278 Christi
287 251 320 277 et
345 243 484 288 Spiritu
522 250 653 277 sancto.
708 242 845 284 Massa,
879 243 914 275 id
941 249 1009 283 est,
1046 255 1116 284 cor,

117 295 392 334 fundamentum
424 302 495 336 est,
542 295 580 326 in
614 305 684 338 quo
716 293 753 326 fit
786 291 870 326 haec
901 294 1116 338 conspersio.

117 347 153 381 2.
171 344 336 380 Corinth.
354 346 390 381 5.
418 345 510 378 Eum
531 344 592 389 qui
610 356 683 377 non
703 345 801 377 novit
822 353 1023 388 peccatum,
1052 357 1114 388 pro

118 397 224 430 nobis
241 404 421 441 peccatum
440 395 542 433 fecit,
572 402 610 428 ut
628 406 691 427 nos
709 395 872 428 fieremus
894 396 1031 429 iusticia
1050 395 1115 428 Dei

118 449 153 480 in
176 446 245 495 eo.]
301 448 342 480 ln
358 445 422 480 hac
441 445 647 489 gravissima
667 446 838 479 concione
866 447 903 480 fit
929 444 1116 480 antithesis

119 501 271 533 duarum
294 498 526 531 maximarum
547 509 687 537 rerum,
715 510 865 542 quarum
884 499 992 531 altera
1019 511 1114 531 sum--

117 563 214 584 mum
245 552 350 583 decus
376 554 425 580 est
460 548 496 579 iu
528 548 644 585 coelo,
688 549 819 582 scilicet
864 549 1001 582 iusticia
1036 549 1114 590 liei,

118 602 228 635 altera
252 599 476 633 horribiliter
497 610 515 631 a
541 598 617 631 Deo
643 599 797 640 abiecta,
833 600 967 634 scilicet
993 613 1113 644 pecca-

118 660 206 686 tum.
260 650 398 683 Deinde
432 647 559 682 harum
593 651 743 684 duarum
777 663 894 683 rerum
929 665 987 692 ea,
1024 664 1113 693 quae

118 702 315 738 tristissima
336 708 404 740 est,
427 702 640 734 transfertur
664 715 680 733 a
706 703 809 734 uobis
834 703 868 735 in
896 703 1008 735 filium
1033 702 1113 742 Dei,

119 762 152 788 et
170 759 322 793 econtra,
339 752 434 797 quod
453 759 501 785 est
518 764 695 785 summum
714 755 830 794 decus,
856 754 892 785 in
916 766 980 786 nos
999 762 1113 787 trans-

117 806 241 838 fertur.
296 802 343 837 Et
361 810 452 836 recte
476 803 664 837 intellectis
683 805 884 845 vocabulis,
911 805 1108 838 doctrinam

116 855 382 900 gravissimam,
423 862 455 888 et
488 855 766 888 consolationem
804 856 1042 889 dulcissimam
1070 868 1110 888 ex

116 905 185 940 hoc
209 906 304 940 dicto
329 917 467 939 sumere
494 918 690 949 possumus⁸
746 906 818 939 Nos
841 919 962 940 sumus
986 919 1109 940 revera

115 958 245 1002 polluti
271 957 440 1002 peccatis,
468 964 503 990 et
531 964 716 1001 propterea
744 959 793 990 rei
818 970 934 991 coram
954 959 1048 999 Deo,
1077 965 1108 991 et

116 1009 219 1052 digni
243 1009 411 1042 omnibus
435 1008 614 1041 aerumnis
647 1016 677 1042 et
711 1009 991 1050 calamitatibus,
1027 1011 1107 1054 quia

115 1059 212 1094 Deus
231 1073 311 1093 vere
332 1068 363 1092 et
383 1058 603 1093 horribiliter
621 1060 785 1093 irascitur
805 1061 964 1104 peccatis.
1004 1060 1110 1093 Tales

117 1123 198 1145 cum
225 1112 355 1151 simus,
383 1118 501 1144 tamen
527 1110 622 1144 Deus
647 1111 799 1144 effundit
824 1112 911 1144 iram
934 1112 967 1144 in
987 1112 1110 1152 filium,

117 1163 177 1208 qui
197 1175 261 1206 pro
281 1162 383 1195 nohis
401 1162 438 1196 fit
456 1162 602 1206 supplex
625 1169 658 1195 et
682 1162 836 1197 victima.

117 1265 218 1310 quasi
235 1277 387 1298 essemus
402 1264 478 1297 sine
497 1265 586 1297 labe.
642 1264 711 1297 Sed
730 1265 890 1297 additum
907 1272 974 1298 est:
1006 1264 1110 1298 lusti-

117 1317 169 1349 cia
186 1316 257 1349 Dei
275 1316 312 1347 in
330 1327 389 1355 eo,
417 1327 477 1347 seu
492 1327 555 1358 per
573 1326 663 1352 eum,
689 1315 723 1347 id
743 1322 804 1353 cst,
832 1316 1010 1359 placemus
1028 1328 1110 1359 pro-

115 1374 194 1411 pter
218 1365 466 1399 Mediatorem.
520 1362 566 1397 Et
593 1364 698 1397 simul
724 1366 763 1398 fit
790 1364 971 1399 inchoatio
998 1379 1110 1398 novae

115 1417 281 1462 puritatis
314 1417 352 1449 in
386 1416 501 1449 nobis.
555 1414 624 1448 Sed
660 1422 777 1448 tamen
806 1416 958 1456 interea,
995 1430 1109 1462 quan-

117 1481 223 1514 quam
246 1466 331 1501 haec
356 1468 490 1512 puritas
520 1479 744 1512 nequaquam
777 1468 910 1510 integra
943 1475 1010 1509 est,
1045 1467 1108 1501 hac

117 1520 252 1564 ingenti
275 1520 386 1563 gloria
412 1531 601 1557 ornamur,
630 1525 669 1552 ut
693 1519 922 1552 nominemur
947 1520 1049 1559 iusti,
1077 1527 1110 1553 et

117 1572 262 1617 quidem
295 1570 548 1611 iusticia—Dei,
582 1567 649 1602 hoc
682 1577 751 1610 est,
786 1583 805 1603 a
830 1569 904 1603 Deo
937 1571 1108 1615 imputata

116 1630 262 1668 propter
276 1622 409 1660 filium,
439 1621 526 1654 etin
545 1620 647 1653 nobis
668 1619 844 1655 inchoata.
898 1620 974 1655 Etsi
999 1623 1107 1665 igitur

119 1674 271 1712 infirmi,
307 1680 340 1706 et
364 1672 486 1705 multis
518 1672 684 1705 sordibus
716 1674 946 1706 contaminati
976 1685 1110 1713 sumus,

120 1733 153 1759 et
177 1736 308 1769 poenas
332 1724 369 1756 in
394 1724 479 1767 ipsis
502 1724 710 1767 corporibus
735 1725 864 1757 nostris
889 1725 1108 1757 circumseri—

119 1788 217 1817 mus,
244 1783 283 1810 ut
298 1774 412 1808 David
432 1774 594 1814 exulans,
623 1781 739 1807 tamen
767 1787 830 1807 nos
856 1773 920 1807 hac
947 1776 1109 1808 dulcissi-

117 1841 174 1861 ma
196 1826 439 1861 consolatione
464 1832 719 1865 sustentemus,
746 1838 825 1858 cum
853 1828 1019 1859 audimus
1044 1838 1108 1859 nos

117 1879 239 1913 ornari
265 1876 329 1911 hac
351 1878 484 1920 gloria,
512 1883 551 1910 ut
574 1877 736 1909 dicamur
760 1877 898 1910 iusticia
926 1876 1010 1917 Dei,
1038 1885 1108 1910 sta-

118 1939 259 1965 tuamus
275 1941 339 1962 nos
364 1941 443 1961 vere
467 1929 602 1972 placere
623 1926 715 1967 Deo,
745 1940 826 1960 vere
846 1936 1004 1973 receptos
1027 1941 1109 1969 esse,

119 1994 200 2015 vere
224 1981 346 2024 diligi,
374 1992 454 2012 vere
482 1979 513 2012 ei
538 1991 642 2012 curae
665 1990 747 2013 esse.
802 1979 872 2012 Sed
899 1977 1004 2013 huius
1028 1992 1107 2013 sen-

119 2033 249 2067 tentiae
276 2031 548 2076 amplitudinem
574 2042 637 2063 nec
656 2029 876 2073 Angelorum
902 2043 966 2064 nec
991 2030 1107 2063 homi-

120 2096 206 2117 num
229 2083 429 2128 eloquentia
448 2082 529 2115 satis
549 2093 723 2126 exponere
742 2089 866 2126 potest.
902 2081 954 2115 De
972 2095 1107 2115 summa

119 2142 299 2179 utcunque
325 2133 576 2168 commonefeci
603 2133 778 2171 iuniores,
814 2141 852 2166 ut
878 2131 944 2166 hoc
973 2134 1106 2167 dictum

122 2186 345 2220 considerare
362 2193 394 2219 et
412 2197 530 2218 amare
547 2185 703 2224 discant,
732 2184 860 2217 deinde
888 2192 927 2218 ut
950 2198 1028 2218 cum
1055 2185 1108 2217 vi-

122 2238 259 2275 debunt
274 2237 445 2269 vocabula
468 2236 545 2269 fieri
569 2236 783 2276 illustriora,
808 2243 900 2269 recte
927 2238 967 2269 ad
987 2236 1108 2268 Diale-

122 2289 235 2322 cticen
260 2288 540 2328 accommodata,
568 2287 678 2330 magis
704 2294 823 2320 ament
849 2285 933 2321 haec
958 2288 1107 2331 puerilia

122 2340 238 2373 studia
260 2339 400 2372 artium.
452 2337 514 2370 Bis
536 2339 691 2382 positum
715 2346 768 2372 est
799 2351 930 2371 nomen
966 2339 1109 2383 peccati,

120 2391 245 2431 initio,
273 2401 352 2423 cum
369 2389 436 2422 ait:
460 2387 574 2429 Eum,
604 2390 665 2434 qui
688 2402 760 2423 non
790 2390 891 2423 novit
917 2398 1108 2434 peccatum,

120 2441 189 2476 hoc
206 2442 283 2475 loco
302 2447 484 2484 peccatum
504 2440 675 2482 significat
697 2442 968 2474 fundamentum
996 2449 1028 2475 et
1053 2454 1108 2474 re-

120 2494 310 2533 lationem,
352 2492 388 2524 id
423 2497 491 2531 est,
535 2502 677 2534 pravam
711 2493 1030 2537 concupiscentiam
1076 2500 1110 2526 et

123 2555 351 2590 quascunque
368 2542 522 2576 actiones
541 2549 737 2585 pugnantes
752 2556 830 2577 cum
848 2545 922 2587 lege
931 2544 1010 2585 Dei,
1026 2557 1109 2589 pro·
1134 2549 1136 2568 ¹.

124 2603 203 2640 pter
230 2607 316 2641 quas
342 2601 376 2628 et
398 2593 526 2638 polluti
551 2593 788 2634 damnantur,
821 2602 853 2628 et
879 2607 896 2628 a
918 2596 994 2629 Deo
1019 2596 1111 2628 abii-

125 2648 279 2682 ciuntur.
349 2645 401 2680 Ae
433 2645 726 2685 fundamentum,
768 2645 899 2679 scilicet
940 2647 1110 2691 concupi-

889 1162 1028 1196 Deinde
1055 1176 1107 1196 re-
1134 1189 1135 1194 ,

117 1214 208 1258 cepti
226 1214 380 1247 dicimur
405 1213 543 1247 iusticia
563 1212 649 1253 Dei,
679 1213 712 1245 id
732 1221 801 1251 est,
830 1214 1005 1257 placentes
1022 1213 1111 1254 Deo,
1134 1247 1136 1257 ,

840 104 1163 142 EROTEMATA.
1201 101 1540 142 DIALECTICES.

127 2698 276 2737 scentia,
301 2703 332 2730 et
349 2696 449 2741 pravi
465 2694 607 2729 habitus
624 2695 829 2736 voluntatis,
856 2703 938 2730 sunt
954 2699 991 2730 in
1010 2696 1111 2741 pra‘e-
1136 2709 1137 2722 ³

2091 110 2165 147 550

1172 190 1373 223 dicamento
1399 190 1600 233 Qualitatis.
1653 190 1792 226 Horum
1817 194 1993 228 malorum
2017 209 2159 240 prorsus

1171 238 1263 273 nihil
1280 241 1347 274 fuit
1365 241 1402 273 in
1421 242 1492 274 filio
1510 241 1596 281 Dei,
1621 254 1694 276 non
1719 256 1826 288 prava
1852 245 2057 288 inclinatio,
2086 261 2158 282 non

1169 289 1311 324 habitus
1337 292 1473 331 vitiosi,
1509 305 1582 326 non
1609 294 1702 327 ullae
1727 295 1874 329 vitiosae
1898 297 2070 331 actiones:
2099 302 2157 332 sed

1168 342 1267 376 fulsit
1285 342 1322 374 in
1340 354 1380 375 eo
1398 342 1532 385 agnitio
1552 344 1750 380 firmissima
1770 348 1902 380 aeterni
1923 350 2048 392 patris,
2076 351 2159 384 arsit

1169 394 1205 426 in
1232 406 1271 426 eo
1298 405 1457 427 summus
1489 405 1589 427 amor
1619 398 1753 429 aeterni
1784 399 1911 440 patris,
1945 407 1979 434 et
2005 408 2159 434 caeterae

1169 444 1403 489 pulcerrimae
1434 444 1594 478 virtutes.
1648 446 1735 479 Cum
1766 448 1875 490 igitur
1903 458 2021 494 postea
2054 453 2157 485 dicit:

1167 495 1273 529 Hunc
1293 496 1373 529 fecit
1387 503 1587 540 peccatum,
1616 493 1672 528 hic
1693 509 1830 531 necesse
1856 507 1906 532 est
1929 502 2031 535 aliter
2053 504 2158 535 intel-

1168 547 1229 590 ligi
1258 559 1378 579 vocem
1404 553 1565 591 peccata,
1600 559 1704 592 quam
1731 554 1846 582 antea.
1905 550 2018 595 Vulgo
2041 561 2156 587 autem

1167 599 1216 631 sic
1236 598 1375 631 dicunt:
1406 598 1592 631 Peccatum
1611 596 1667 631 hic
1692 599 1864 641 significat
1892 602 2067 636 victimam
2094 618 2157 649 pro

1167 656 1331 693 peccato,
1359 648 1466 694 idque
1488 661 1568 682 vere
1586 649 1631 682 ita
1651 649 1793 686 dicitur.
1847 650 1916 685 Sed
1935 665 1996 686 cur
2016 655 2157 689 victima

1168 708 1313 733 vocatur
1332 700 1540 745 peccatum?
1574 699 1809 734 Mactationes
1826 709 1960 736 veteres
1978 701 2073 737 haud
2091 708 2157 739 du-

1167 752 1224 784 bie
1255 752 1424 794 imagines
1458 752 1602 784 fuerunt
1637 752 1743 784 unius
1782 760 1950 787 venturae
1987 756 2159 798 victimae,

1165 803 1297 836 scilicet
1330 803 1393 835 filii
1417 802 1494 838 Dei.
1560 801 1607 836 Et
1631 800 1695 835 hae
1714 803 1807 847 ipsae
1834 806 2052 839 vocabantur
2081 820 2159 850 pec-

1166 861 1260 894 cata,
1293 855 1388 899 quod
1422 860 1558 887 reatum
1586 861 1618 887 et
1651 866 1801 898 poenam
1832 856 2062 891 sustinerent:
2098 860 2158 891 sed

1166 911 1335 950 tauquam
1370 905 1540 948 imagines
1571 905 1809 947 significantes
1846 914 2031 941 venturam
2057 909 2157 943 victi-

1168 968 1278 997 mam,
1305 968 1394 1001 quae
1414 955 1576 1000 vere'pro
1604 957 1708 989 nobis
1735 969 1865 1000 poenas
1890 959 2052 992 subitura
2074 967 2157 993 erat.

1169 1007 1216 1039 lta
1242 1020 1321 1040 cum
1345 1008 1491 1040 dicitur:
1522 1007 1633 1040 Filius
1659 1008 1729 1041 Dei
1754 1009 1865 1040 factus
1893 1016 1942 1042 est
1967 1017 2158 1053 peccatum,

1166 1059 1341 1091 terminus
1381 1059 1618 1101 significatur,
1670 1071 1743 1091 non
1784 1059 2076 1100 fundamentum,
2122 1062 2155 1094 id

1167 1116 1227 1149 est,
1244 1110 1412 1154 quiddam
1427 1122 1525 1142 reum
1543 1116 1575 1142 et
1593 1109 1767 1142 abiectum
1787 1110 1822 1142 in
1842 1111 2058 1145 tristissimas
2074 1125 2157 1156 poe—

1166 1172 1239 1194 naS.
1278 1160 1369 1193 Iacet
1387 1160 1479 1193 filius
1496 1159 1561 1193 Dei
1579 1167 1776 1203 prostratus
1795 1173 1911 1194 coram
1930 1170 2046 1206 patre,
2076 1175 2156 1196 sen-

1166 1212 1255 1244 tiens
1274 1211 1362 1244 iram
1381 1212 1455 1244 eius
1472 1212 1639 1244 adversus
1658 1218 1778 1244 nostra
1799 1220 1937 1255 peccata
1954 1214 2099 1247 effusam
2119 1216 2155 1247 in

1165 1263 1298 1306 ipsum,
1323 1263 1470 1306 perinde
1492 1274 1530 1294 ac
1547 1263 1573 1294 si
1593 1262 1776 1305 polluisset
1794 1275 1828 1295 se
1848 1263 1921 1306 ipse
1944 1265 2047 1305 meis,
2076 1266 2156 1306 tuis,

1165 1321 1198 1347 et
1214 1314 1374 1346 omnium
1396 1313 1492 1347 tetris
1511 1313 1713 1348 sceleribus,
1766 1312 1872 1346 Hunc
1890 1322 2025 1348 tantum
2054 1317 2154 1350 dolo-

1165 1376 1257 1404 rem,
1284 1370 1316 1397 et
1343 1362 1434 1396 hanc
1461 1363 1659 1395 mirandam
1687 1362 2054 1410 ταπεινοφροσύνην,
2087 1380 2155 1411 qua

1165 1427 1236 1448 sese
1254 1415 1347 1447 filius
1364 1414 1430 1448 Dei
1448 1414 1540 1447 infra
1558 1425 1623 1446 nos
1642 1413 1789 1455 abiecit,
1817 1421 1849 1447 et
1867 1427 1947 1448 vere
1964 1417 2057 1449 servi
2081 1419 2156 1450 for-

1165 1479 1257 1499 mam
1273 1466 1404 1500 induit.
1439 1464 1605 1511 Denique
1624 1462 1718 1498 hunc
1735 1477 1815 1508 erga
1834 1478 1899 1499 nos
1916 1479 2071 1500 amorem
2091 1470 2155 1502 etsi

1164 1530 1338 1561 exponere
1356 1518 1517 1551 oratione
1532 1529 1636 1549 nemo
1655 1517 1739 1550 satis
1766 1524 1897 1561 potest,
1926 1519 2079 1562 cogitare
2102 1527 2154 1553 ta-

1164 1582 1245 1601 men
1265 1576 1446 1614 utcunque
1462 1580 1526 1601 nos
1542 1574 1698 1612 oportet,
1727 1575 1759 1601 et
1781 1569 1900 1613 aliquo
1926 1571 2032 1603 modo
2058 1583 2155 1604 com-

1163 1633 1379 1661 memorare,
1407 1628 1445 1654 ut
1463 1620 1631 1653 beneficia
1651 1626 1683 1652 et
1698 1620 1818 1653 laudes
1835 1620 1897 1652 filii
1915 1619 1981 1653 Dei
1997 1622 2154 1656 celebre-

1165 1684 1259 1713 mus,
1287 1679 1327 1705 ut
1349 1673 1458 1705 simus
1485 1683 1564 1716 pars
1588 1670 1686 1703 illius
1711 1671 1880 1714 agminis,
1906 1672 1948 1704 de
1973 1684 2042 1717 quo
2067 1674 2152 1706 scri-

1163 1731 1262 1767 ptum
1281 1730 1346 1756 est:
1372 1722 1426 1756 Ex
1445 1736 1504 1756 ore
1525 1722 1714 1755 infantium
1733 1729 1765 1755 et
1783 1722 1987 1755 lactentium
2006 1725 2153 1767 perfeci-

1162 1775 1205 1807 sti
1231 1775 1386 1807 laudem.
1440 1773 1486 1807 Et
1511 1774 1546 1805 in
1573 1773 1637 1805 hac
1664 1773 1876 1815 cogitatione
1900 1785 1965 1806 nos
1989 1774 2082 1818 ipsos
2109 1777 2152 1809 de

1162 1832 1282 1858 nostra
1299 1826 1522 1865 infirmitate,
1549 1825 1590 1856 de
1617 1824 1746 1856 nostris
1771 1824 1921 1856 miseriis
1946 1837 2151 1860 commone-

1161 1877 1347 1916 faciamus,
1383 1883 1415 1909 et
1436 1875 1635 1919 superbiam
1663 1875 1888 1913 abiiciamus,
1917 1882 1949 1908 et
1972 1876 2151 1911 frenemus

1162 1928 1412 1960 immoderatas
1441 1926 1660 1971 cupiditateS.
1721 1924 1905 1958 Postremo
1932 1926 2064 1972 inquit:
2106 1928 2151 1963 Ut

1162 1990 1226 2011 uos
1251 1979 1375 2011 fiamus
1402 1978 1539 2011 iusticia
1565 1976 1631 2009 Dei
1657 1976 1694 2008 in
1714 1989 1766 2010 θο.
1820 1976 1913 2010 Satis
1929 1985 2074 2022 apparet
2093 1977 2151 2013 hic

1162 2042 1233 2062 non
1255 2030 1405 2072 intelligi
1424 2030 1599 2062 iusticiam
1615 2027 1704 2066 Dei,
1732 2039 1821 2072 quae
1849 2028 1886 2060 in
1912 2029 1988 2073 ipso
2015 2038 2083 2071 est,
2111 2038 2149 2064 ut

1162 2093 1239 2114 cum
1257 2081 1405 2113 dicitur:
1432 2080 1573 2114 iusticia
1586 2078 1650 2112 Dei
1669 2078 2050 2122 punivitPharaonem.
2079 2081 2148 2114 Sed

1162 2132 1360 2176 metalepsis
1387 2139 1453 2171 est,
1481 2139 1519 2165 ut
1544 2131 1667 2163 fiamus
1695 2130 1850 2170 iusticia,
1886 2130 1923 2163 id
1949 2137 2020 2169 est,
2054 2131 2150 2173 iusti,

1161 2184 1293 2227 accepti
1310 2182 1405 2223 Deo,
1432 2190 1462 2216 et
1481 2183 1623 2228 quidem
1643 2194 1715 2214 non
1735 2181 1904 2224 dignitate
1922 2188 2060 2223 nostra,
2088 2185 2147 2216 sed

1162 2235 1301 2269 iusticia
1317 2233 1395 2273 Dei,
1412 2235 1447 2267 id
1467 2241 1528 2275 est,
1546 2246 1564 2266 a
1581 2232 1656 2266 Deo
1676 2233 1844 2276 imputata
1862 2238 2007 2276 propter
2022 2233 2147 2276 filium,

1161 2294 1193 2320 et
1210 2284 1374 2320 inchoata
1392 2287 1428 2318 in
1448 2286 1550 2319 nobis
1568 2297 1660 2317 nova
1679 2290 1711 2316 et
1735 2290 1875 2316 aeterna
1901 2283 2056 2324 iusticia,
2084 2291 2146 2318 etc.

1162 2338 1271 2372 Vides
1291 2349 1422 2370 nomen
1439 2337 1597 2371 iusticiae
1614 2336 1698 2368 alias
1715 2346 1777 2378 pro
1792 2334 2025 2377 imputatione
2045 2335 2147 2369 iusti—

1161 2391 1233 2423 ciae
1250 2390 1286 2422 in
1305 2389 1467 2422 doctrina
1487 2386 1681 2426 Ecclesiae,
1712 2385 1796 2417 alias
1822 2396 1886 2428 pro
1906 2385 2074 2430 qualitate
2091 2399 2149 2420 ac-

1161 2442 1241 2487 cipi.

1264 2491 1472 2524 Videndum
1498 2495 1547 2521 est
1570 2488 1694 2530 etiam,
1717 2486 1790 2532 'ubi
1822 2487 1995 2520 vocabula
2026 2489 2148 2529 active,

1162 2544 1225 2576 ubi
1255 2543 1391 2586 passive
1423 2539 1634 2582 significent.
1687 2537 1776 2571 Cum
1807 2537 1902 2570 dico:
1936 2536 2068 2582 Magna
2100 2547 2150 2572 θεῖ

1165 2592 1384 2638 Thrasybuli
1409 2591 1539 2634 gloria,
1573 2590 1666 2634 quod
1698 2589 1800 2622 victis
1825 2589 1963 2622 civibus
1987 2591 2151 2634 pepercit.

1165 2645 1232 2678 Hic
1253 2643 1363 2687 gloria
1384 2640 1602 2687 Thrasybuli
1619 2640 1753 2685 passive
1779 2640 2008 2683 intelligitur,
2036 2641 2069 2673 id
2090 2648 2151 2681 est,

1165 2697 1208 2729 de
1228 2694 1457 2739 Thrasybulo
1476 2692 1699 2737 praedicatur
1717 2689 1802 2724 haec
1822 2691 2028 2726 moderatio.
2080 2691 2150 2725 Sed

1661 2742 1742 2778 35*
