2379 2948
164 111 241 148 ⁶259

167 195 339 228 desectum
372 190 511 224 totalem
545 185 710 218 sentiunt.
773 181 919 226 Reliqui
950 193 1052 222 vero,
1086 180 1148 226 qui

171 252 265 278 extra
284 242 428 275 umbrae
455 236 585 270 lunaris
612 243 738 266 conum
759 232 796 264 in
820 233 942 266 eodem
960 239 1071 266 terrae
1087 229 1150 264 he-

168 292 402 337 misphaerio,
430 301 447 320 a
467 287 547 319 Sole
572 284 763 321 illustrato,
792 280 973 323 habitant,
1000 294 1072 315 non
1097 289 1150 315 ιο-

170 347 239 379 tius
258 342 348 376 Solis
365 335 644 372 obscurationem
669 341 837 375 cernunt,
864 334 925 367 sed
941 333 996 366 vel
1017 339 1151 376 partem

171 401 309 429 tantuin
328 390 400 422 eius
417 386 484 428 tegi
504 385 644 425 vident,
671 384 726 416 vel
743 384 878 417 nullam
901 394 1044 427 prorsus
1062 382 1153 415 sola-

170 446 217 478 ris
236 440 380 475 luminis
400 437 568 469 iacturam
588 435 781 478 patiuntur.

275 489 351 522 Hoc
374 493 413 520 ut
440 486 638 519 distinctius
663 485 829 529 accipias,
862 491 999 529 praeter
1025 493 1153 516 conum

170 543 335 577 umbrae,
371 548 475 582 quam
501 535 602 569 Luna
627 536 757 580 spargit
782 536 818 568 in
843 543 970 569 terram
996 541 1153 576 tempore

172 590 310 634 eclipsis
330 587 473 627 solaris,
499 586 691 628 imaginare
715 587 823 619 alium
847 597 974 619 conum
998 583 1156 622 visionis,

171 642 271 677 cuius
294 638 387 672 basis
412 637 457 670 sit
478 636 675 680 superficies
700 636 792 669 Solis
814 646 1003 679 apparens,
1037 640 1157 666 vertex

172 703 256 725 vero
275 701 335 723 seu
351 699 472 720 mucro
492 687 535 720 sit
555 687 679 720 oculus
696 686 895 730 aspicientis
915 685 1044 719 Solem.

275 739 488 782 Quicunque
502 737 609 779 igitur
627 737 720 770 intra
738 749 865 769 conum
884 736 1029 768 umbrae
1055 734 1157 766 luna-

175 793 222 826 ris
238 789 418 828 habitant,
446 788 517 820 illis
532 787 615 820 solis
635 793 727 821 totus
744 787 806 821 Sol
824 787 1042 819 obscuratur.
1086 783 1159 816 Lu-

174 854 240 875 nae
266 840 359 873 enim
380 849 504 882 corpus
530 837 770 877 interiectum,
798 848 925 869 conum
944 835 1088 867 visionis
1106 841 1158 867 to-

175 901 250 926 tum
276 889 453 932 intercipit
477 894 579 932 atque
611 887 775 931 impedit,
810 899 854 920 ne
878 886 951 920 ulla
979 886 1052 919 eius
1082 895 1160 928 pars

175 941 373 986 pertingere
389 940 434 971 ad
449 938 566 971 Solem
586 940 702 979 possit.

279 990 351 1032 Qui
378 995 492 1021 autem
525 994 621 1020 extra
649 998 776 1019 conum
810 987 957 1019 umbrae
988 984 1162 1023 habitant,

176 1041 300 1075 sedita
318 1050 425 1083 prope
442 1045 557 1071 tamen
570 1061 578 1074 ‚
606 1043 644 1069 ut
665 1048 772 1069 conus
790 1037 935 1069 visionis
960 1036 1077 1079 aliqua
1101 1047 1161 1066 sua

176 1098 274 1136 parte
290 1102 308 1123 a
332 1101 419 1122 cono
442 1088 604 1126 umbrae,
633 1087 687 1118 vel
708 1099 726 1119 a
752 1098 897 1129 corpore
923 1086 1040 1118 lunari
1070 1085 1162 1117 scin-

178 1144 281 1175 datur
296 1146 399 1183 atque
415 1138 709 1179 interrumpatur:
736 1136 778 1168 iis
790 1136 932 1180 quidem
949 1136 1066 1180 aliqua
1085 1145 1162 1178 pars

178 1191 271 1225 Solis
301 1202 318 1221 a
343 1198 489 1231 corpore
516 1186 638 1219 Lunae
668 1186 942 1226 interveniente,
977 1193 1009 1219 et
1034 1196 1162 1217 conum

177 1239 324 1274 visionis
360 1238 655 1280 interrumpente,
687 1237 901 1277 occultatur,
936 1237 996 1269 sed
1029 1236 1163 1279 reliqua

178 1302 258 1335 pars
283 1297 419 1328 tamen,
456 1299 528 1319 non
555 1287 722 1330 impedita
739 1286 858 1319 Lunae
885 1298 1050 1330 corpore,
1078 1297 1163 1318 con-

179 1342 296 1385 spicua
315 1345 444 1371 manet.
498 1335 585 1369 Eam
603 1344 717 1369 autem
735 1336 827 1369 Solis
845 1337 1065 1369 obscuratam
1083 1347 1163 1379 par-

179 1399 248 1425 tem
280 1388 412 1421 indicat
436 1386 538 1430 plana
569 1385 785 1428 superficies,
819 1391 1011 1416 extremum
1038 1394 1165 1426 corpus

179 1441 301 1473 Lunae
319 1438 505 1479 attingens,
534 1446 573 1467 ex
590 1436 692 1468 oculo
712 1441 832 1467 nostro
854 1445 915 1477 per
931 1432 1024 1466 Solis
1040 1444 1165 1476 corpus

181 1492 314 1524 educta.
374 1486 468 1519 Ilaec
493 1486 690 1528 superficies
713 1484 853 1518 Lunam
878 1484 1101 1526 contingens,
1137 1483 1164 1515 si

180 1540 304 1574 transit
322 1549 383 1581 per
399 1548 494 1569 axem
514 1536 593 1568 coni
612 1535 763 1574 visualis,
791 1534 923 1567 indicat
940 1534 1164 1566 dimidiatum

183 1591 299 1625 Solem
321 1587 516 1626 obscurari,
545 1586 572 1617 si
599 1586 689 1618 ultra
715 1597 812 1617 axem
841 1584 988 1616 visionis
1015 1584 1078 1616 sita
1104 1589 1166 1623 est,

180 1642 349 1673 maiorem
377 1643 531 1681 partem,
559 1636 587 1668 si
612 1636 694 1668 citra
722 1647 838 1672 axem,
867 1635 1038 1666 minorem
1061 1645 1164 1678 quam

182 1689 364 1724 dimidiam
399 1693 531 1731 partem
564 1686 721 1729 corporis
756 1684 879 1717 solaris
909 1696 927 1717 a
961 1684 1061 1716 Luna
1099 1683 1164 1725 tegi

182 1740 345 1774 ostendit.

284 1788 356 1830 Qui
381 1793 497 1820 autem
522 1786 662 1829 longius
686 1786 728 1818 ab
753 1786 898 1818 umbrae
922 1783 1054 1818 lunaris
1079 1795 1165 1816 cono

182 1839 362 1878 habitant,
390 1839 498 1877 adeo,
527 1843 565 1869 ut
589 1836 668 1869 coni
694 1836 836 1869 visualis
853 1836 942 1868 latus
965 1846 1072 1867 unum
1095 1845 1166 1865 non

184 1897 291 1926 secet,
319 1889 378 1920 sed
397 1888 451 1919 vel
468 1887 612 1929 attingat
629 1893 785 1926 tantuin,
808 1887 862 1918 vel
881 1886 983 1919 etiam
1001 1897 1039 1916 ex
1057 1884 1168 1916 inter-

184 1941 277 1973 vallo
296 1938 412 1981 aliquo
438 1937 614 1980 relinquat
630 1935 787 1976 Lunam,
810 1936 853 1973 ii,
882 1936 961 1980 quia
981 1942 1092 1968 totum
1110 1946 1167 1966 co-

184 2001 269 2023 num
290 1987 435 2020 visionis
459 1998 540 2019 suae
563 1986 712 2019 liberum
739 1994 771 2019 et
789 1996 961 2030 nusquam
987 1997 1003 2017 a
1023 1996 1168 2027 corpore

185 2041 240 2071 vel
258 2039 381 2072 umbra
399 2037 521 2070 Lunae
539 2036 774 2079 interruptum
796 2033 943 2072 habent,
971 2042 1083 2067 toturn
1102 2034 1166 2067 So-

185 2092 254 2122 lem
286 2088 361 2120 sine
385 2087 637 2130 impedimento
670 2092 838 2127 cernunt,
872 2093 904 2120 et
931 2085 1065 2117 nullam
1095 2085 1168 2117 eius

187 2138 453 2173 occultationem
467 2137 676 2180 percipiunt.

287 2187 381 2221 Haec
399 2187 583 2220 diversitas
609 2186 647 2218 in
670 2186 856 2219 lunaribus
881 2185 1069 2228 eclipsibus
1095 2196 1167 2218 non

186 2241 410 2278 observatur,
444 2249 485 2269 eo
509 2237 603 2281 quod
630 2243 722 2270 terra
751 2237 863 2269 multo
888 2236 1000 2268 maior
1023 2247 1168 2278 corpore

187 2289 322 2326 lunari,
349 2287 474 2321 umbra
502 2298 563 2320 sua
580 2286 718 2320 Lunam
743 2287 977 2331 propinquam
1002 2285 1167 2326 involvit,

186 2340 235 2373 ita
260 2345 299 2372 ut
322 2349 443 2370 omnes
474 2335 635 2370 homines
667 2335 862 2371 habitantes
895 2338 930 2368 in
959 2343 1029 2369 toto
1055 2334 1167 2369 hemi-

187 2387 346 2432 sphaerio
369 2395 479 2421 terrae
503 2400 575 2420 non
600 2388 775 2421 illustrato
790 2399 808 2421 a
824 2386 924 2427 Sole,
952 2397 1055 2430 supra
1072 2389 1165 2432 quod

189 2439 319 2472 elevata
335 2445 384 2469 est
403 2437 520 2482 Luna,
547 2438 740 2482 aequaliter
761 2445 793 2471 et
819 2439 940 2470 eodem
960 2439 1081 2474 modo,
1111 2438 1165 2470 vel

187 2495 315 2524 totam,
340 2486 395 2518 vel
412 2495 507 2528 parte
521 2488 637 2532 aliqua
654 2488 824 2531 privatam
850 2487 985 2520 lumine
1009 2495 1165 2528 cernant,

189 2538 251 2571 etsi
270 2537 328 2569 ille
346 2536 498 2569 defectus
517 2549 588 2569 non
612 2539 734 2571 eodem
755 2545 911 2582 tempore
932 2538 976 2570 ab
999 2538 1164 2571 omnibus

188 2586 443 2630 conspiciatur,
468 2593 506 2619 ut
523 2598 625 2629 supra
643 2588 775 2621 dictum
793 2596 852 2622 est.
905 2587 1023 2630 Quare
1038 2587 1074 2619 in
1089 2587 1163 2621 Lu—

187 2651 231 2671 na
251 2644 282 2672 et
297 2636 417 2671 totales
437 2643 469 2669 et
487 2637 698 2671 universales
721 2638 795 2672 fieri
813 2639 956 2683 eclipses
973 2638 1148 2673 dicuntur.

409 101 614 139 SCRIPTA
643 100 717 135 P11.
744 96 858 132 MEL.
885 95 951 130 AD
978 94 1104 130 HIST.
1132 93 1276 134 PROF.
1303 94 1369 130 ET
1397 93 1590 129 PHILOS.
1617 93 1936 133 SPECTANTIA.

2109 99 2185 134 260

1303 179 1399 214 Haec
1430 180 1473 213 de
1499 179 1611 212 causis
1635 187 1668 213 et
1692 180 1901 215 differentiis
1935 182 2073 227 eclipsis
2098 183 2192 217 Solis

1203 229 1271 265 hoc
1294 232 1370 264 loco
1397 231 1489 264 dicta
1514 229 1596 262 satis
1620 241 1692 262 esse
1714 231 1939 267 arbitramur.
2000 233 2089 267 Nam
2112 246 2193 277 per-

1204 282 1328 315 fectior
1352 292 1471 314 earum
1490 280 1643 323 cognitio
1669 292 1708 313 ex
1725 281 1896 313 artificum
1915 284 2052 326 scriptis
2072 291 2194 327 peten-

1206 334 1250 365 da
1269 339 1330 371 est,
1355 332 1417 376 qui
1433 332 1560 364 docent
1577 337 1731 364 exactam
1746 331 1920 364 rationem
1938 331 2193 378 παραλλάξεως

1206 383 1389 427 utriusque
1419 393 1507 426 quae
1545 381 1729 426 eclipsium
1762 381 1930 416 solarium
1970 389 2128 427 tempora
2160 392 2195 417 et

1207 433 1438 477 quantitatem
1455 431 1577 466 variat.

1311 490 1442 524 Iterum
1466 496 1583 523 autem
1608 486 1666 522 hic
1688 487 1858 524 adhortor
1882 501 1959 531 eos»,
1986 490 2047 535 qui
2070 488 2195 525 Arith-

1211 540 1349 574 metices
1360 549 1393 575 et
1403 539 1626 573 Geometriae
1642 541 1811 575 elementa
1827 541 2051 574 mediocriter
2066 547 2198 582 tenent,

1211 597 1251 624 ut
1277 597 1310 623 et
1336 591 1539 623 varietatem
1566 596 1673 624 totam
1692 592 1734 623 de
1752 592 1956 635 eclipsibu5‚
1982 603 2087 635 quam
2106 598 2198 625 certa

1210 638 1377 673 methodo
1398 639 1620 673 Ptolemaeus
1645 647 1676 673 et
1702 641 1804 674 illum
1824 641 1933 674 secuti
1953 642 2090 686 aliquot
2111 642 2196 675 arti-

1212 692 1290 724 fices
1316 690 1487 733 complexi
1515 696 1615 729 sunt,
1652 701 1859 732 cognoscere
1890 692 2069 735 studeant,
2105 698 2138 725 et
2160 692 2198 724 in

1213 741 1335 785 primis
1352 741 1489 774 discant
1505 740 1678 773 rationem
1697 752 1758 783 per
1774 753 1939 774 numeros
1963 742 2199 784 investigandi

1214 791 1429 825 exactissima
1455 798 1611 834 tempora
1636 791 1817 834 eclipsium
1838 803 1877 824 ex
1897 792 2026 825 tabulis
2049 794 2092 825 ad
2119 804 2199 825 eum

1214 855 1316 875 usum
1336 841 1598 874 evidentissime
1615 847 1647 873 et
1665 853 1743 873 cum
1770 853 1896 883 magno
1917 842 2032 875 fructu
2055 842 2201 875 societa-

1214 893 1258 926 tis
1292 889 1466 924 humanae
1496 891 1615 931 sactis,
1650 891 1705 923 cui
1736 892 1978 935 supputationi
2008 892 2201 934 adiungant

1215 943 1380 984 modum,
1416 953 1485 986 quo
1509 941 1613 974 facies
1637 942 1814 975 obscurati
1838 942 1984 975 luminis
2004 949 2063 975 aut
2086 949 2202 986 partes

1215 993 1251 1024 in
1278 993 1382 1036 plano
1407 992 1583 1035 depictae,
1615 992 1725 1024 oculis
1751 992 2002 1033 subiiciunmr,
2037 1004 2125 1037 quae
2147 1003 2202 1025 res

1216 1055 1294 1075 eum
1313 1042 1513 1084 cognitione
1533 1042 1808 1075 iucundissimae
1826 1043 1908 1081 sint,
1935 1050 1968 1077 et
1983 1040 2076 1075 haud
2095 1043 2202 1075 dubie

1216 1092 1290 1125 Deo
1314 1098 1548 1124 monstratore
1571 1092 1615 1124 ab
1639 1090 1788 1125 heroicis
1812 1093 1962 1135 ingeniis
1978 1093 2203 1126 animadver-

1217 1155 1291 1182 sae,
1318 1143 1521 1182 illustratae,
1548 1150 1581 1175 et
1597 1142 1708 1175 literis
1728 1144 1912 1176 mandatae
1929 1144 2026 1176 decet
2042 1154 2112 1182 eos,
2141 1142 2203 1187 qui

1217 1199 1339 1226 natura
1357 1192 1480 1225 talium
1499 1192 1628 1225 artium
1645 1203 1785 1235 capaces
1809 1199 1908 1233 sunt,
1935 1193 2043 1226 studii
2066 1192 2205 1237 aliquid

1218 1250 1251 1276 et
1269 1243 1437 1286 temporis
1459 1240 1513 1275 his
1538 1242 1723 1275 utilissime
1744 1243 1898 1277 inventis
1921 1243 2145 1287 impendere,
2170 1248 2206 1275 et

1217 1305 1359 1337 operam
1378 1294 1478 1332 dare,
1506 1304 1550 1325 ne
1567 1290 1651 1325 haec
1669 1299 1767 1325 tanta
1783 1293 1875 1324 dona
1890 1291 1976 1332 Dei,
2004 1292 2102 1337 vulgi
2119 1303 2205 1325 con-

1218 1351 1374 1387 temptu,
1407 1350 1467 1376 aut
1493 1349 1612 1374 nostra
1636 1341 1848 1382 negligentia
1877 1341 2108 1382 intercidant,
2144 1343 2206 1375 sed

1218 1398 1257 1424 ut
1275 1403 1336 1434 per
1354 1401 1419 1423 nos
1436 1390 1623 1427 illustrata,
1650 1397 1684 1423 et
1702 1390 1866 1423 omnibus
1885 1391 2053 1424 encomiis
2070 1399 2206 1431 ornata,

1219 1454 1288 1474 una
1304 1453 1382 1474 cum
1401 1452 1488 1484 pura
1507 1439 1665 1473 doctrina
1683 1439 1879 1483 Evangelii,
1907 1453 1995 1485 quae
2015 1449 2066 1474 est
2081 1440 2206 1475 Eccle-

1220 1492 1290 1525 siae
1323 1491 1486 1535 propria,
1527 1490 1676 1522 fideliter
1711 1491 1754 1522 ad
1789 1502 1929 1523 omnem
1964 1491 2201 1535 posteritatem

1220 1542 1504 1575 transmittantur
1522 1546 1554 1572 et
1572 1547 1820 1583 propagentur.

1296 1651 1355 1683 De
1384 1650 1538 1693 reliquis
1566 1651 1727 1693 quinque
1759 1648 1970 1684 errantibus
1990 1650 2131 1684 Stelle‘s.

1322 1723 1363 1756 Iu
1378 1730 1472 1757 tanta
1490 1724 1670 1757 stellarum
1694 1725 1942 1765 multitudine,
1969 1736 2058 1769 quae
2081 1737 2205 1758 nume-

1222 1786 1299 1806 rum
1320 1775 1472 1812 excedit,
1501 1781 1638 1818 praeter
1659 1775 1728 1807 duo
1745 1774 1900 1818 lumina,
1928 1776 2094 1809 omnibus
2111 1782 2204 1809 aeta-

1222 1825 1318 1857 tibus
1343 1831 1481 1858 tantum
1503 1824 1660 1869 quinque
1686 1825 1803 1858 stellae
1827 1832 1966 1859 notatae
1991 1832 2092 1866 sunt,
2117 1838 2205 1870 quae

1223 1886 1302 1908 suos
1330 1876 1500 1919 quosdam
1526 1875 1718 1919 peculiares
1737 1882 1870 1916 motum,
1904 1882 1937 1909 et
1961 1873 2025 1908 hos
2049 1877 2204 1909 diversos

1222 1923 1408 1965 haberent,
1449 1937 1521 1957 non
1558 1937 1759 1958 communes
1794 1937 1872 1958 cum
1907 1927 2050 1960 caeteris
2084 1926 2205 1965 stellis,

1223 1987 1308 2020 quas
1335 1976 1413 2008 ideo
1438 1976 1522 2008 fixas
1546 1976 1763 2019 nuncupavit
1792 1976 1999 2021 antiquitas,
2026 1977 2119 2021 quod
2142 1977 2205 2009 uni

1223 2024 1389 2070 sphaerae
1414 2023 1654 2065 inhaerentes,
1681 2038 1759 2059 cum
1780 2026 1838 2059 illa
1862 2034 2028 2070 perpetuo
2053 2027 2204 2060 circum-

1223 2078 1404 2116 feruntur,
1433 2088 1615 2121 nunquam
1633 2077 1720 2115 loca,
1747 2077 1942 2118 intervalla,
1968 2077 2205 2120 figurationes,

1221 2127 1482 2169 magnitudines
1515 2138 1594 2160 suas
1632 2134 1886 2171 permutanteS,
1927 2127 2016 2161 sicut
2046 2128 2203 2173 quinque

1221 2178 1388 2210 erraticae
1412 2189 1507 2211 nunc
1531 2175 1596 2211 hac
1619 2184 1716 2222 parte
1737 2177 1843 2218 coeli,
1876 2189 1971 2211 nunc
1994 2178 2061 2211 alia
2085 2179 2202 2211 consi-

1221 2234 1310 2261 stere
1327 2234 1530 2269 cernuntur,
1558 2240 1653 2262 nunc
1669 2225 1722 2260 his
1737 2228 1859 2268 stellis,
1882 2240 1961 2261 mox
1978 2229 2056 2262 aliis
2074 2240 2201 2273 appro-

1221 2279 1450 2323 pinquantes,
1476 2279 1544 2311 iam
1561 2279 1717 2311 minutae
1733 2284 1764 2310 et
1782 2279 1965 2320 obscurae,
1991 2291 2111 2313 rursus
2131 2279 2201 2312 alio

1221 2336 1376 2374 tempore
1392 2329 1597 2372 grandiores
1614 2335 1645 2361 et
1668 2328 1897 2370 fulgentiores
1913 2330 2187 2374 conspiciuntur.

1322 2386 1400 2421 Hoc
1421 2395 1536 2421 tamen
1560 2385 1692 2420 habent
1713 2384 1777 2420 hae
1801 2394 1955 2422 errantes
1977 2388 2097 2421 stellae
2120 2401 2200 2422 cum

1219 2438 1294 2470 fixis
1320 2450 1524 2477 commune,
1559 2438 1653 2482 quod
1687 2437 1833 2480 singulis
1861 2439 2002 2476 diebus,
2037 2437 2103 2472 hoc
2132 2446 2200 2479 est,

1217 2487 1267 2523 24
1290 2485 1455 2522 horarum
1479 2488 1595 2531 spacio
1617 2488 1721 2520 semel
1748 2488 1837 2522 circa
1862 2495 2019 2521 centrum
2043 2490 2198 2522 universi

1219 2538 1343 2570 mundi
1359 2539 1402 2571 ab
1420 2545 1500 2572 ortu
1514 2539 1550 2570 in
1564 2550 1722 2571 occasum
1740 2539 2078 2580 circumvolvuntur,
2093 2551 2197 2584 quem

1217 2595 1351 2621 motum
1380 2600 1451 2621 non
1476 2601 1516 2621 ex
1541 2601 1612 2621 sese
1636 2587 1787 2628 habent,
1813 2589 1872 2621 sed
1899 2601 1917 2621 a
1935 2600 2070 2622 summo
2087 2590 2196 2628 coelo,

1216 2639 1310 2683 quod
1335 2639 1487 2682 primum
1507 2639 1639 2674 mobile
1655 2644 1816 2681 vocatur,
1843 2639 1941 2672 cuius
1956 2639 2198 2674 inaestimabi-
