2379 2948
162 110 256 148 1159

163 198 199 229 in
225 192 438 231 ministerio,
474 190 531 223 scd
558 196 679 220 omnes
701 184 799 218 uncti
823 190 856 218 et
879 183 992 218 vocati
1009 189 1090 216 sunt
1108 181 1152 214 ad

164 245 441 280 confessionem,
470 238 750 274 invocationem,
779 241 812 268 et
835 236 878 268 ad
905 232 1153 268 sanctificatio-

165 309 263 336 nem,
296 300 435 336 accepto
470 291 585 323 fructu
609 285 769 320 sacrificii
800 286 930 319 summi
954 283 1155 323 sacerdotis,

166 356 198 381 et
224 348 266 380 ad
292 342 471 378 offerenda
497 338 664 374 sacrificia
687 337 817 370 laudis:
852 337 901 370 ita
931 348 1003 369 non
1026 336 1153 368 obscu-

168 411 245 432 rum
263 395 451 429 discrimen
470 398 521 425 est
538 391 630 423 inter
654 389 869 421 sacerdotem
890 395 923 421 et
942 386 1156 419 ministrum.

273 446 345 479 lam
371 446 413 477 de
436 442 594 487 partibus
617 438 836 473 definitionis
855 437 1054 471 testimonia
1072 446 1157 468 con-

170 499 318 537 sideres,
355 507 444 540 quae
477 491 698 526 dulcissimas
728 489 988 523 consolationes
1026 497 1158 530 propo—

170 555 274 582 nunt.
326 546 378 578 De
403 544 571 578 unctione
596 541 726 575 dicitur
741 543 772 575 2.
792 539 874 574 Cor.
904 541 950 572 1.:
986 537 1082 570 Deus
1097 535 1160 580 qui

171 599 353 632 confirmat
378 607 442 629 nos
461 594 642 628 vobiscum
662 592 698 624 in
720 588 883 630 Christo,
911 597 941 623 et
966 588 1068 622 unxit
1085 598 1160 625 nos,

172 659 204 685 et
229 649 390 691 obsignat
415 648 503 680 dans
525 642 761 678 arrhabonem
785 640 959 685 Spiritum
988 639 1023 671 in
1044 637 1160 671 cordi-

172 702 238 734 bus
256 699 394 732 nostris.
447 695 516 730 Hic
534 694 641 729 simul
660 694 761 727 docet
777 691 980 726 unctionem
1000 701 1071 723 esse
1098 689 1162 721 do-

174 752 353 786 nationem
375 747 530 792 Spiritus
550 745 674 780 sancti.

275 800 438 836 Secundo
464 797 618 831 ordinati
646 795 688 828 ad
722 792 999 831 confessionem,
1039 796 1071 823 et
1099 800 1161 833 pro

175 861 333 896 tempore
360 851 403 883 ad
428 847 684 885 ministerium,
718 850 752 877 et
775 844 816 876 ad
838 841 1005 875 sacrificia
1038 839 1164 874 laudis.

179 905 210 937 1.
227 903 300 937 Pet.
316 903 365 935 2:
397 899 442 934 Ut
459 897 683 932 annuncietis
704 894 850 927 virtutes
873 893 967 933 eius,
994 892 1053 936 qui
1074 891 1165 924 libe-

176 954 269 988 ravit
285 964 346 985 vos
363 963 402 984 ex
420 949 587 984 tenebris.
640 944 755 980 Oseae
776 943 849 979 14.:
883 942 1089 977 Reddemus
1113 941 1165 974 vi-

176 1005 269 1039 tulos
284 1003 472 1036 labiorum.

280 1053 426 1092 Tertio,
461 1050 555 1096 quod
582 1058 704 1082 omnes
735 1058 806 1079 uno
840 1043 1008 1078 sacrificio
1038 1042 1165 1076 summi

179 1105 368 1140 sacerdotis
386 1102 657 1139 sanctificentur,
685 1108 843 1141 expresse
858 1096 993 1129 dictum
1011 1101 1074 1135 est,
1095 1105 1167 1126 uno

180 1156 347 1192 sacrificio
369 1150 625 1187 consummavit
644 1148 804 1183 Sanctos.

284 1206 442 1249 Quarto,
477 1203 572 1248 quod
600 1198 870 1244 promissionem
899 1194 1090 1229 habeamus
1116 1194 1168 1228 af-

182 1260 380 1292 firmantem
412 1266 477 1288 nos
503 1251 661 1288 exaudiri
696 1256 841 1294 propter
865 1246 960 1280 hunc
991 1257 1168 1279 summum

183 1309 398 1344 sacerdotem
410 1333 418 1347 ‚
446 1304 630 1338 manifeste
645 1307 790 1335 testatur
808 1311 874 1332 vox
891 1296 1043 1337 Christi,
1069 1296 1168 1330 loan.

188 1361 262 1395 16.:
297 1357 480 1403 Quicquid
503 1352 673 1399 petieritis
699 1358 832 1395 patrem
854 1350 891 1381 in
917 1348 1061 1381 nomine
1080 1359 1171 1384 meo,

186 1411 285 1444 dabit
308 1408 419 1443 vobis.
477 1405 544 1439 His
568 1401 870 1438 consolationibus
895 1411 959 1432 nos
985 1398 1171 1431 confirme-

186 1473 281 1501 mus,
307 1459 457 1492 sciamus
475 1468 540 1490 nos
555 1467 634 1488 vere
649 1452 806 1485 membra
825 1462 896 1484 esse
921 1447 1027 1482 huius
1043 1447 1171 1482 summi

189 1509 396 1550 sacerdotis,
430 1514 464 1542 et
495 1507 700 1540 mandatum
724 1501 789 1535 Dei
816 1513 907 1542 esse,
943 1507 981 1533 ut
1005 1498 1172 1532 beneficia

188 1562 294 1597 huius
311 1559 438 1594 summi
455 1557 644 1592 sacerdotis
659 1553 888 1597 accipiamus,
918 1558 950 1584 et
967 1549 1170 1594 promissio-

188 1625 249 1647 nes
267 1611 333 1656 ipsi
350 1617 383 1644 et
399 1609 502 1643 nobis
523 1607 668 1641 traditas
686 1615 774 1642 esse,
805 1610 837 1636 et
861 1613 941 1634 vere
966 1613 1030 1633 nos
1054 1599 1175 1643 recipi,

189 1662 365 1701 exaudiri,
396 1657 624 1696 sanctificari,
660 1661 692 1688 et
714 1653 859 1687 liberari
887 1652 930 1684 ab
958 1651 1010 1684 ira
1033 1657 1174 1685 aeterna

190 1720 332 1760 propter
356 1710 451 1745 hunc
474 1720 650 1744 summum
680 1705 904 1739 sacerdotem.
957 1699 1003 1735 Et
1028 1701 1175 1734 manda-

190 1774 265 1799 tum
296 1770 328 1796 et
359 1760 546 1807 promissio
578 1753 891 1802 comprehenditur
921 1752 958 1785 in
984 1750 1039 1785 his
1062 1751 1202 1791 dictis,»

192 1817 287 1851 Ioan.
304 1815 354 1849 6.:
387 1812 482 1846 Haec
506 1817 556 1845 est
582 1810 746 1843 voluntas
770 1806 898 1850 patris,
926 1810 965 1837 ut
980 1802 1096 1836 omnis
1115 1801 1177 1847 qui
1201 1827 1202 1833 ,

191 1867 301 1901 credit
335 1865 371 1897 in
405 1861 500 1897 hunc
527 1860 659 1894 Filium
692 1856 818 1890 habeat
849 1856 955 1888 vitam
987 1860 1177 1887 aeternam.

193 1976 283 2002 stare
302 1967 337 1999 in
356 1965 485 1998 Sancto
501 1969 701 1996 sanctorum
713 1987 722 2000 ,
750 1959 784 1991 id
803 1965 870 1998 est,
898 1957 934 1989 in
950 1967 1076 1989 arcano
1094 1966 1178 1988 con-

194 2019 273 2052 silio
297 2015 510 2054 divinitatis,
546 2019 578 2046 et
609 2010 833 2049 interpellare
867 2020 930 2052 pro
957 2006 1080 2047 nobis,
1113 2017 1204 2038 nos=

194 2069 303 2113 ipsius
322 2072 458 2100 coetum
477 2075 567 2101 esse,
595 2074 657 2106 pro
683 2073 752 2106 quo
771 2059 844 2103 ipse
863 2059 930 2092 fuit
953 2057 1118 2101 supplex,
1146 2062 1180 2089 et
1203 2081 1205 2098 ἶ

194 2120 300 2154 iacuit
324 2128 441 2151 coram
462 2114 536 2148 Deo
555 2119 749 2158 prostratus
766 2110 800 2142 in
820 2122 881 2144 suo
898 2120 1026 2152 agone,
1055 2115 1087 2140 et
1104 2107 1179 2151 pla-

195 2171 285 2205 cavit
301 2170 388 2202 iram
404 2166 471 2199 Dei
490 2176 600 2210 poena
617 2164 653 2196 in
669 2173 741 2196 sese
758 2160 932 2200 derivata,
960 2170 1022 2191 nec
1040 2158 1181 2192 dubite-
1204 2164 1206 2172 ⁸

195 2234 274 2255 mus
293 2219 401 2265 ipsius
418 2216 580 2250 lacrimas
604 2222 638 2249 et
661 2212 812 2258 gemitus
829 2223 891 2255 pro
916 2209 1018 2243 nobis
1036 2209 1181 2242 exaudi-

196 2281 248 2307 tos
273 2283 356 2305 esse.

297 2321 467 2356 Sacerdos
489 2317 626 2364 typicus
649 2322 698 2349 est
724 2321 838 2348 certus
857 2311 1018 2345 minister
1035 2311 1181 2344 ordina-

197 2382 252 2408 tus
276 2374 319 2407 ad
344 2372 538 2405 docendam
561 2370 690 2411 legem,
717 2372 749 2399 et
775 2366 817 2398 ad
836 2363 1003 2397 sacrificia
1026 2373 1181 2395 ceremo-

198 2425 324 2464 nialia,
359 2422 420 2467 qui
454 2428 570 2455 tamen
599 2418 705 2452 simul
736 2414 859 2450 habuit
885 2415 1110 2453 mandatum,
1143 2419 1182 2446 ut

198 2477 308 2518 legem
332 2481 362 2507 et
387 2471 603 2506 ceremonias
627 2469 935 2512 interpretaretur,
962 2471 993 2498 et
1019 2463 1182 2498 ostende-

199 2533 253 2560 ret
270 2525 367 2567 signa
385 2536 454 2557 esse
474 2521 613 2556 venturi
629 2519 791 2559 Messiae,
819 2517 913 2562 quod
931 2516 991 2561 qui
1009 2514 1183 2548 faciebant

199 2589 272 2611 non
312 2582 445 2608 tantum
481 2572 607 2618 typici,
652 2571 710 2604 sed
741 2569 844 2603 etiam
879 2579 958 2600 vere
988 2567 1183 2599 sacerdotes

199 2633 314 2663 erant,
346 2625 403 2658 sed
430 2632 600 2669 quatenus
626 2623 736 2665 legem
761 2626 794 2653 et
818 2617 1034 2652 ceremonias
1052 2628 1181 2660 propo-

198 2679 344 2718 nebant,
378 2681 514 2709 tantum
549 2679 646 2706 erant
674 2671 781 2717 typici
806 2669 1021 2710 sacerdoteS,
1057 2668 1092 2700 id
1119 2673 1181 2706 est,

756 98 880 134 PHlL.
910 95 1025 132 MEL.
1051 94 1261 132 SCRIPTA
1288 92 1586 130 EXEGETICA.

2087 90 2185 126 1160

1204 181 1447 225 significabant
1462 179 1560 213 aliud
1579 178 1705 212 melius
1729 177 1957 218 sacrificium,
1988 189 2057 223 quo
2076 174 2193 210 homi-

1205 244 1267 266 nes
1289 231 1602 265 sanctificarentur.

1307 277 1513 315 Secundum
1554 277 1717 313 ordinem
1748 274 2038 313 Illelclzizedech.
2099 276 2194 310 Haec

1206 332 1406 366 differentia
1424 331 1593 365 discernit
1611 330 1761 364 Messiae
1788 329 2021 363 sacerdotium
2050 340 2067 361 a
2093 328 2196 361 Levi-

1206 384 1297 425 tico,
1324 383 1424 428 quasi
1450 383 1560 423 dicat,
1588 381 1736 415 Messias
1762 381 1828 415 erit
1851 381 2011 413 sacerdos
2034 391 2107 412 non
2128 377 2196 411 Le-

1208 434 1351 472 viticus,
1380 446 1452 467 non
1470 433 1628 479 typicus,
1655 444 1728 466 non
1751 438 1906 465 mactans
1929 431 2096 474 pecudes,
2123 440 2198 461 non

1209 484 1425 519 ceremonias
1442 484 1528 527 legis
1545 491 1577 518 et
1595 483 1925 517 condemnationem
1949 492 2097 520 sonans,
2124 491 2199 512 non

1210 535 1388 575 inefficax,
1415 535 1504 568 sicut
1519 534 1670 569 Levitici
1688 540 1721 567 et
1744 534 1850 579 typici
1877 532 2107 572 Sacerdotes,
2139 530 2198 563 sed

1210 586 1277 619 erit
1292 586 1453 618 sacerdos
1471 596 1600 619 sonans
1615 585 1910 624 benedictionem,
1936 583 2026 617 sicut
2044 579 2199 615 Melchi-

1212 633 1337 670 zedech
1357 636 1535 669 benedicit
1550 633 1727 669 Abrahae.
1778 634 2045 668 Consideranda
2067 639 2118 666 est
2134 631 2201 674 igi-

1212 695 1270 722 tur
1301 685 1506 720 antithesis:
1540 686 1718 720 Leviticus
1749 687 1910 719 sacerdos
1940 692 2016 718 erat
2053 683 2202 729 typicUS‚

1214 737 1432 783 praecipiens
1452 737 1563 780 legem
1594 743 1627 770 et
1650 736 1885 776 ceremonias,
1913 742 1946 769 et
1972 735 2124 769 offerens
2147 740 2202 778 ty—

1216 789 1291 834 pica
1313 788 1502 828 sacrificia,
1536 794 1569 821 et
1593 799 1721 821 sonans
1749 786 2101 824 condemnationem,
2127 795 2203 818 non

1215 840 1357 884 placans
1380 839 1468 871 iram
1491 837 1576 879 Dei,
1611 850 1684 871 non
1708 838 1836 871 tollens
1859 844 2039 881 peccatum
2057 843 2091 870 et
2108 847 2204 868 mor-

1217 898 1304 928 tem,
1337 901 1409 922 non
1434 890 1586 922 reddens
1614 889 1787 922 iusticiam
1811 896 1847 921 ‘et
1873 889 1979 921 vitam
2012 894 2204 921 aeternam.

1217 941 1264 975 At
1290 940 1437 974 Messias
1462 939 1565 973 offert
1590 952 1712 973 verum
1740 938 1950 973 sacrificium
1980 945 2015 971 et
2040 938 2206 981 seipsum,

1218 993 1331 1037 placat
1349 992 1437 1024 iram
1456 989 1541 1030 Dei,
1568 990 1745 1023 benedicit
1761 990 1883 1031 nobis,
1912 990 1946 1022 id
1964 995 2032 1029 est,
2062 999 2206 1021 annun-

1218 1042 1284 1077 ciat
1309 1049 1343 1075 et
1366 1043 1475 1075 donat
1500 1042 1602 1074 nobis
1626 1041 1867 1074 remissionem
1900 1047 2141 1084 peccatorum,
2173 1045 2207 1072 et

1219 1093 1418 1128 benedictio
1443 1099 1495 1126 est
1518 1093 1653 1133 efficax,
1681 1092 1834 1125 restituit
1849 1090 1886 1123 in
1905 1091 2009 1123 nobis
2030 1089 2207 1123 iusticiam

1219 1152 1252 1179 et
1282 1143 1390 1177 vitam
1421 1150 1618 1184 aeternam,
1652 1143 1803 1185 colligit,
1839 1141 1992 1175 custodit
2023 1147 2057 1174 et
2082 1140 2210 1173 liberat

1220 1193 1433 1235 Ecclesiam,
1460 1201 1498 1228 ut
1514 1194 1551 1227 in
1567 1194 1666 1227 omni
1683 1192 1888 1228 aeternitate
1906 1205 1984 1226 cum
2001 1191 2076 1236 ipso
2092 1189 2208 1224 Deum

1221 1246 1385 1281 celebret.

1326 1295 1373 1331 Ut
1405 1295 1499 1329 enim
1533 1295 1772 1338 intelligamus
1809 1294 1987 1328 Psalmum
2021 1294 2065 1327 de
2105 1291 2210 1326 bonis

1223 1347 1374 1381 aeternis
1392 1346 1509 1391 loqui,
1543 1358 1700 1389 expresse
1722 1345 1840 1378 addita
1865 1352 1914 1379 est
1933 1344 2120 1389 particula:
2148 1339 2209 1375 Tu

1223 1408 1258 1430 es
1281 1394 1450 1430 sacerdos
1476 1395 1514 1428 in
1538 1400 1742 1436 aeternum,
1776 1395 1874 1440 quasi
1900 1395 2012 1436 dicat,
2045 1392 2210 1427 Ministe-

1224 1448 1315 1481 rium
1332 1447 1531 1481 Leviticum
1557 1459 1635 1480 cum
1662 1446 1786 1491 politia
1816 1445 1923 1480 lsrael
1956 1446 2109 1478 deletur:
2149 1444 2211 1477 sed

1225 1498 1461 1532 ministerium
1499 1509 1669 1541 personae
1697 1496 1848 1530 Messiae
1879 1497 1984 1530 durat
2016 1496 2060 1528 ab
2097 1494 2233 1534 initio,-

1225 1550 1432 1593 deprecatur
1456 1560 1520 1592 pro
1546 1560 1672 1591 genere
1700 1545 1857 1580 humano
1882 1547 1998 1580 statim
2026 1553 2103 1590 post
2135 1545 2212 1589 lap-

1225 1611 1301 1633 sum
1319 1605 1352 1632 et
1369 1599 1484 1643 lapsos
1501 1598 1672 1639 restituit,
1699 1604 1775 1630 orat
1793 1610 1856 1641 pro
1875 1598 1942 1638 eis,
1970 1604 2002 1631 et
2019 1595 2213 1630 annunciat

1227 1650 1275 1683 eis
1299 1649 1569 1694 promissionem
1595 1650 1638 1682 de
1664 1648 1815 1689 semine,
1844 1655 1876 1681 et
1901 1648 2039 1681 assidue
2061 1646 2214 1681 custodit

1226 1700 1428 1734 Ecclesiam.
1457 1699 1581 1733 Postea
1600 1712 1662 1733 suo
1681 1705 1838 1743 tempore
1855 1699 1956 1732 offert
1973 1711 2056 1740 sese,
2081 1698 2214 1731 interea

1227 1763 1364 1795 semper
1392 1763 1455 1794 pro
1482 1757 1554 1784 tota
1577 1749 1732 1784 Ecclesia
1766 1750 1970 1790 intercedit,
2005 1757 2043 1784 ut
2068 1750 2112 1782 ad
2139 1746 2214 1781 He-

1228 1803 1352 1835 braeos
1376 1801 1519 1835 dicitur:
1556 1801 1701 1844 Semper
1723 1801 1846 1834 vivens
1876 1808 1914 1835 ut
1936 1800 2127 1834 intercedat
2150 1811 2213 1843 pro

1202 1892 1203 1902 γ
1229 1853 1296 1894 eis,
1323 1864 1460 1896 semper
1478 1852 1611 1895 colligit
1637 1850 1831 1885 Ecclesiam
1858 1850 2052 1894 Evangelio
2078 1859 2110 1885 et
2132 1849 2214 1894 Spi-

191 1918 296 1951 Hunc
330 1925 506 1948 summum
539 1911 751 1944 sacerdotem
782 1917 1009 1950 agnoscamus
1042 1903 1204 1948 semperl

1229 1904 1300 1937 ritu
1326 1910 1464 1944 sancto,
1492 1909 1524 1936 et
1548 1901 1632 1936 haec
1657 1909 1774 1947 postea
1791 1914 1870 1935 cum
1887 1914 1927 1935 eo
1947 1902 2041 1935 vivet
2063 1902 2099 1934 in
2115 1901 2214 1934 omni

1230 1955 1451 1994 aeternitate,
1479 1966 1559 1986 nam
1580 1966 1659 1987 cum
1678 1954 1722 1987 sit
1739 1959 1927 1997 perpetuus
1945 1953 2124 1992 sacerdos,
2150 1963 2213 1985 ne-

1230 2017 1322 2039 cesse
1346 2012 1396 2038 est
1421 2017 1500 2038 eum
1530 2002 1659 2038 habere
1691 2011 1826 2037 coetum
1853 2003 1951 2036 cuius
1975 2003 2018 2036 sit
2042 2003 2213 2038 sacerdo&

1230 2055 1275 2090 Et
1292 2057 1442 2090 adducet
1460 2062 1597 2089 coetum
1614 2067 1717 2100 quem
1735 2054 1875 2097 collegit
1891 2055 1935 2086 ad
1956 2060 2137 2087 aeternum
2153 2065 2215 2097 pa-

1231 2115 1339 2148 trem,
1367 2113 1399 2140 et
1422 2118 1538 2139 coram
1565 2118 1603 2139 eo
1622 2105 1727 2139 stabit
1750 2117 1827 2138 cum
1846 2116 1909 2138 suo
1926 2111 2047 2148 coetu,
2077 2105 2142 2138 erit
2158 2104 2215 2137 in-

1231 2165 1350 2192 coator
1366 2164 1396 2191 et
1415 2154 1563 2203 ἐξαρχὸς
1578 2156 1768 2200 gratiarum
1787 2155 1934 2189 actionis
1948 2161 1981 2188 et
1995 2155 2153 2196 laudum,
2180 2163 2216 2190 et

1231 2207 1385 2243 Ecclesia
1412 2220 1531 2241 vocem
1556 2207 1629 2240 eius
1661 2213 1844 2252 sequetur,
1877 2213 1911 2240 et
1937 2206 2045 2241 discet
2075 2207 2119 2240 ab
2149 2204 2216 2240 hoc

1232 2261 1374 2294 doctore
1394 2258 1599 2302 sapientiam
1618 2258 1788 2291 divinam.

1334 2309 1426 2344 Sunt
1449 2309 1555 2352 igitur
1571 2308 1721 2341 illustria
1744 2307 1948 2341 discrimina
1965 2308 2144 2352 proposita
2159 2318 2214 2341 sa-

1233 2361 1379 2395 cerdotii
1403 2360 1528 2405 typici,
1555 2366 1588 2394 et
1613 2357 1720 2392 huius
1742 2359 1816 2392 veri
1839 2358 2024 2392 sacerdotii
2053 2357 2216 2400 Messiae,

1233 2424 1311 2445 cum
1337 2411 1498 2444 nominat
1520 2423 1599 2444 eum
1624 2411 1839 2443 sacerdotem
1871 2410 1908 2442 in
1946 2416 2145 2449 aeternum,
2182 2416 2215 2444 et

1233 2463 1426 2496 secundum
1445 2461 1606 2495 ordinem
1632 2458 1908 2496 Melchizedech.
1962 2459 2134 2504 Typicum
2153 2460 2215 2493 de-

1233 2513 1335 2554 sinit,
1364 2525 1435 2546 non
1460 2513 1554 2546 tollit
1577 2519 1754 2557 peccatum
1773 2519 1805 2545 et
1826 2517 1993 2550 mortem,
2020 2521 2093 2542 non
2114 2510 2216 2546 offert

1234 2576 1352 2597 veram
1376 2563 1574 2604 victimam,
1607 2575 1681 2596 non
1709 2562 1826 2596 reddit
1846 2561 2019 2595 iusticiam
2046 2567 2078 2594 et
2108 2561 2216 2594 vitam

1233 2621 1420 2655 aeternam,
1447 2626 1521 2647 non
1540 2614 1707 2654 vivificat,
1731 2625 1805 2646 non
1828 2611 2032 2645 sanctificat:
2060 2617 2095 2644 at
2118 2610 2216 2645 Mes-

1234 2666 1303 2700 siae
1321 2665 1554 2700 sacerdotium
1572 2665 1636 2699 erit
1651 2671 1844 2704 aeternum,
1871 2662 1973 2696 offert
1983 2674 2100 2696 veram
2115 2662 2216 2697 victi-
