2379 2948
258 99 353 137 1407

255 185 374 220 omnia
417 181 675 226 complectitur,
716 188 881 211 accusans
916 187 1038 209 omnes
1077 173 1241 208 homines

257 234 451 274 mendacii,
479 244 567 278 quae
591 230 675 263 vitia
698 228 812 262 securi
836 240 908 261 non
934 227 1076 266 vident,
1101 238 1164 259 nec
1183 226 1244 258 de-

259 287 419 331 plorant,
447 285 505 316 sed
532 282 580 325 pii
606 281 642 313 in
666 278 917 312 afflictionibus
942 277 1052 320 magis
1066 277 1245 320 magisque

259 341 451 380 agnoscunt
467 345 504 366 ea
515 360 523 373 ,
541 338 572 365 et
588 330 760 364 admoniti
776 330 1027 374 expavescunt,
1050 325 1245 360 humilian-

260 395 336 427 tur,
363 391 487 429 petunt
509 381 826 420 condonationem,
860 386 893 412 et
914 378 1054 422 erigunt
1077 378 1142 410 fide
1166 389 1246 420 per-

261 437 459 471 terrefactas
483 440 627 468 mentes.
680 430 731 464 lta
758 430 864 464 simul
886 436 1045 463 crescunt
1062 428 1246 472 poeniten—

261 489 308 522 tia
324 493 356 520 et
375 486 473 518 fides.

263 596 381 642 ponit,
408 606 486 628 cum
503 594 544 625 de
560 603 595 624 se
613 591 688 635 ipso
708 590 957 629 concionatur,
984 589 1031 622 ait
1056 599 1128 621 sese
1151 598 1248 619 exer-

263 647 334 681 ceri
350 645 448 679 duris
464 642 718 677 afflictionibus
729 667 738 681 ,
766 648 798 674 et
821 641 859 673 in
874 638 928 673 his
943 650 1129 682 agnoscere
1149 637 1247 669 infir-

262 698 438 734 mitatem,
467 706 540 727 non
566 700 704 727 tantum
731 704 849 732 suam,
878 691 936 724 sed
954 690 1114 722 omnium
1132 686 1248 721 horni-

264 760 368 789 num,
395 747 431 779 id
450 752 521 785 est,
547 743 657 777 totius
675 750 820 777 naturae
845 739 1032 774 hominum
1051 745 1248 783 corruptae.

365 805 493 839 Tradit
509 803 616 845 igitur
636 801 832 834 doctrinam
850 812 954 844 quam
973 799 1009 832 in
1020 798 1172 832 Ecclesia
1192 810 1249 831 ex—

263 866 336 892 tare
360 866 498 889 necesse
515 859 581 891 est,
610 853 652 884 de
672 851 873 884 infirmitate
894 850 1123 890 Sanctorum,
1151 849 1248 881 vide-

262 909 343 942 licet
360 906 454 951 quod
473 909 637 937 maneant
660 909 795 945 peccata
814 901 851 933 in
862 900 999 934 Sanctis
1020 901 1056 932 in
1073 898 1138 932 hac
1154 911 1250 932 mor·
1276 914 1277 921 ¹

263 959 325 993 tali
349 958 431 991 vita.
484 954 535 988 De
560 951 626 985 hoc
658 953 734 985 loco
759 964 860 995 saepe
885 952 1141 983 concionantur
1165 949 1251 982 Pro-

264 1007 390 1054 phetae
409 1013 442 1039 et
460 1003 641 1048 Apostoli,
668 1010 705 1035 ut
733 1002 872 1035 Psalmo
896 1001 999 1035 142:
1036 1001 1114 1034 Non
1143 1001 1251 1033 intres

264 1061 303 1093 in
320 1057 492 1091 iudicium
509 1067 587 1087 cum
607 1066 706 1086 servo
730 1060 809 1093 tuo,
837 1053 918 1097 quia
948 1064 1020 1084 non
1047 1051 1252 1084 iustificabi-

264 1119 323 1145 tur
339 1109 375 1141 in
392 1112 578 1150 conspectu
596 1111 656 1137 tuo
673 1104 788 1136 omnis
805 1104 935 1137 vivens.
989 1100 1036 1135 Et
1056 1104 1088 1136 1.
1107 1099 1183 1136 loh.
1205 1102 1251 1136 1.:

265 1160 304 1195 Si
322 1158 532 1196 dixerimus,
551 1156 644 1200 quod
665 1161 842 1198 peccatum
860 1166 931 1186 non
950 1153 1160 1194 habeamus,
1187 1163 1253 1185 nos

265 1212 358 1255 ipsos
374 1208 572 1242 seducimus
586 1232 594 1246 ‚
623 1212 684 1238 etc.

367 1275 463 1309 Haec
487 1284 625 1306 necesse
648 1279 696 1305 est
722 1271 760 1304 in
779 1269 934 1304 Ecclesia
953 1271 1142 1309 inculcari,
1170 1282 1253 1314 pro-

266 1336 343 1373 pter
366 1334 552 1370 utrosque,
580 1323 743 1356 videlicet
766 1329 910 1366 propter
934 1333 1074 1355 securos
1103 1333 1164 1354 seu
1194 1333 1253 1354 su-

266 1379 410 1424 perhoS,
439 1383 471 1409 et
488 1381 631 1419 propter
646 1373 804 1420 pavidos.
857 1371 946 1405 Nam
973 1371 1170 1418 hypocrisis
1196 1383 1252 1404 ca—

268 1430 431 1472 stigatur,
458 1433 491 1459 et
507 1427 694 1458 damnatur
712 1421 865 1456 humana
883 1423 1009 1457 fiducia
1022 1449 1029 1463 ‚
1056 1435 1134 1455 cum
1154 1422 1253 1454 audi-

269 1491 348 1513 mus
375 1489 439 1510 nos
462 1487 542 1508 vere
571 1481 748 1518 peccatum
779 1470 928 1511 habere,
963 1485 1025 1505 nec
1057 1473 1166 1505 iustos
1194 1483 1253 1505 seu

268 1535 425 1573 acceptos
444 1538 515 1559 esse
531 1524 625 1565 Deo,
650 1530 792 1568 propter
816 1530 951 1556 nostras
967 1524 1124 1556 virtutes.

369 1584 500 1618 Paulus
520 1581 652 1626 inquit:
682 1580 795 1613 Video
815 1580 919 1613 aliam
938 1581 1049 1623 legem
1078 1580 1114 1612 iu
1141 1592 1252 1612 mem—

270 1637 343 1670 hris
360 1635 465 1674 meis’
493 1633 703 1665 militantem
721 1637 841 1664 contra
860 1631 969 1674 legem
993 1631 1122 1663 mentis
1148 1642 1255 1670 'neae'
1279 1658 1280 1672 ³
1305 1665 1391 1697 lium
1409 1663 1477 1696 Dei
1522 1663 1656 1697 etiamsi
1682 1662 1878 1706 premimur
1900 1662 2102 1697 infirmitate
2147 1671 2207 1698 aut
2233 1665 2270 1698 in

1486 1690 1494 1704 Ἇ
2110 1691 2120 1705 '
2274 1686 2289 1691 -

269 1695 303 1721 et
318 1687 552 1730 captivantem
569 1695 624 1715 me
642 1682 707 1725 legi
726 1681 870 1726 peccati.
925 1680 1015 1715 Usus
1033 1688 1083 1714 est
1100 1679 1255 1724 Aposto—

269 1739 325 1771 lus
349 1735 478 1769 illustri
505 1731 726 1777 metaphora,
759 1739 791 1765 et
823 1732 1102 1775 significantibus
1129 1732 1254 1770 verbis,

269 1797 309 1823 ut
331 1798 482 1821 errorem
499 1782 762 1829 hypocritarum
790 1789 939 1822 taxaret,
967 1783 1026 1827 qui
1047 1794 1126 1815 suas
1143 1783 1254 1815 virtu-

271 1848 320 1874 tes
336 1846 368 1872 et
384 1838 472 1870 sacta
492 1835 592 1867 valde
609 1834 850 1871 admirantur,
880 1845 984 1877 seque
1003 1833 1168 1875 efferunt,
1198 1834 1255 1866 in-

271 1892 385 1923 duunt
408 1886 628 1920 securitatem
653 1892 684 1917 et
710 1884 930 1928 superbiam,
960 1884 1040 1928 quia
1057 1884 1255 1926 imaginan-
1280 1896 1282 1904 ι

271 1948 329 1974 tur
346 1951 380 1972 se
398 1936 489 1970 nibil
505 1934 634 1969 habere
652 1935 750 1974 vitii,
778 1946 813 1967 se
830 1935 982 1967 mundos
1000 1946 1072 1967 esse
1091 1947 1128 1967 ac
1145 1936 1254 1968 iustos

272 2002 388 2024 coram
406 1987 480 2021 Deo
497 1993 640 2031 propter
657 1998 717 2018 sua
734 1986 835 2019 facta.

373 2047 467 2080 Huic
488 2045 646 2078 coecitati
670 2044 818 2088 opponit
842 2043 973 2077 Paulus
996 2042 1086 2077 hanc
1114 2045 1255 2078 concio·
1281 2069 1283 2091 k

272 2111 374 2139 nem,
407 2102 509 2130 vocat
532 2103 710 2139 peccatum
739 2092 885 2127 haerens
916 2094 954 2128 in
986 2107 1110 2138 carne,
1146 2096 1255 2138 legem

273 2150 514 2184 membrorum
529 2173 538 2187 ,
564 2144 629 2178 boc
646 2153 712 2183 est,
730 2157 803 2178 non
822 2157 894 2178 rem
913 2146 1084 2185 ociosam,
1112 2148 1170 2179 sed
1193 2145 1255 2179 ha-

274 2203 414 2235 bentem
445 2209 538 2230 acres
566 2196 726 2229 stimulos
761 2203 794 2229 et
819 2206 951 2236 motus,
987 2197 1114 2228 deiude
1141 2197 1254 2230 addit:
1281 2219 1282 2222 =

274 2251 491 2285 Militantem
512 2254 632 2280 contra
649 2247 758 2289 legem
775 2247 914 2282 mentis.
967 2246 1048 2279 Non
1064 2247 1169 2289 igitur
1185 2259 1256 2280 ces-

275 2309 328 2335 sat
350 2299 433 2333 haec
457 2299 570 2336 labes,
598 2309 660 2330 nec
682 2304 732 2330 est
749 2298 916 2335 extincta,
945 2298 1003 2330 sed
1021 2295 1139 2330 hostili
1160 2310 1256 2331 more
1281 2317 1283 2337 ς

278 2359 471 2396 grassatur,
498 2356 536 2382 ut
560 2355 691 2382 avertat
714 2355 846 2381 mentes
870 2361 888 2381 a
906 2347 997 2381 Deo:
1025 2349 1166 2381 tandem
1194 2362 1257 2382 vo-

280 2410 332 2435 cat
364 2409 397 2435 et
423 2399 677 2444 captivantem,
711 2399 799 2432 sicut
822 2411 923 2443 saepe
950 2397 1170 2432 horribiliter
1191 2400 1257 2431 im-

280 2454 429 2496 pingunt
445 2449 563 2484 Sancti
581 2461 620 2482 ex
637 2449 840 2483 infirmitate
862 2457 894 2483 et
918 2450 1130 2492 ignorantes,
1172 2449 1255 2483 ltem

281 2503 344 2535 diu
377 2502 555 2534 luctantur
592 2501 629 2532 in
665 2501 855 2543 pavoribus
889 2513 966 2533 cum
1006 2501 1285 2544 ‹lesperatione.²

282 2551 432 2596 Moysen
463 2551 601 2584 tenebat
632 2550 809 2597 captivum
835 2551 1020 2584 iufirmitas
1046 2552 1086 2583 ad
1114 2559 1259 2595 petram,

284 2614 362 2636 cum
381 2600 573 2640 dubitaret,
599 2601 663 2634 etsi
680 2601 794 2635 iussus
816 2608 888 2635 erat
912 2614 930 2635 a
945 2602 1042 2642 Deo,
1070 2613 1195 2646 aquam
1221 2615 1260 2636 ex
1285 2602 1286 2607 ’

283 2660 382 2697 petra
396 2651 529 2684 elicere.

848 89 977 126 PHIL.
1004 89 1120 124 MEL.
1156 86 1366 124 SCRIPTA
1399 85 1698 122 EXEGETICA.

1270 288 1273 308 ι
1297 282 1348 314 ut,
1367 274 1482 308 David
1500 275 1673 317 impulsus
1692 281 1742 307 est
1765 275 1807 307 ad
1825 274 2050 307 adulterium.

2183 88 2281 125 1408

1398 172 1581 208 Interdum
1611 172 1843 217 impelluntur
1867 171 1989 207 Sancti
2014 175 2057 207 ad
2081 172 2279 209 horrendos

1296 225 1413 268 lapsus
1435 231 1555 257 contra
1580 223 1850 265 conscientiam,
1877 224 1938 267 qui
1963 225 2142 258 excutiunt
2166 226 2281 265 fidem,

2104 275 2194 309 Sunt
2212 277 2280 320 igi-

1298 333 1356 360 tur
1377 326 1471 357 saevi
1496 332 1530 358 et
1557 337 1650 357 acres
1669 331 1785 358 motus
1811 325 1939 368 peccati
1966 322 2142 358 haerentis
2167 325 2282 360 adhuc

1298 377 1337 409 in
1355 387 1470 411 carne.
1521 374 1622 408 Hanc
1650 375 1926 408 imbecillitatem
1946 376 2058 409 securi
2078 384 2283 418 agnoscunt,

1298 438 1337 460 ac
1360 427 1539 470 deponant
1565 426 1728 459 fiduciam
1755 426 1930 466 iusticiae‚
1966 433 1999 459 et
2022 434 2284 470 expavescentes

1298 483 1418 521 petant
1434 477 1753 517 condonationem,
1780 489 1819 509 ac
1835 476 1993 517 discant,
2016 474 2180 511 homines
2204 484 2283 511 tan-

363 544 480 578 Huius
502 541 707 575 utilissimae
734 539 916 573 doctrinae
939 537 1136 582 exemplum
1162 547 1246 580 pro—
1273 539 1275 565 ἱ
1299 535 1373 561 {Um
1394 539 1454 571 Pffl'
1475 527 1751 560 misericordiam
1778 527 1908 565 iustos,
1936 527 1972 560 id
1997 534 2063 568 8⁵1,
2089 527 2163 562 Deo
2186 540 2284 562 acce·

1300 585 1377 622 ptos
1393 589 1476 612 esse.

1401 643 1539 680 Rursus
1562 643 1682 688 pavidi
1714 649 1855 676 teneant
1880 641 1971 677 hanc
1996 644 2285 685 consolationem,

1275 728 1276 733 ,
1301 696 1410 728 sciant
1432 695 1546 728 Deum
1572 705 1728 727 veracem
1755 705 1847 734 esse,
1869 706 1908 727 ac
1931 707 2010 727 vere
2025 695 2221 738 postulare,
2245 702 2284 729 ut

1301 753 1494 780 statuamus
1518 756 1582 777 nos
1604 744 1713 778 iustos
1736 756 1808 777 esse
1833 756 1894 788 per
1915 745 2190 779 misericordiam
2216 746 2285 779 fide

1302 798 1339 830 in
1368 793 1568 836 Christum,
1600 807 1673 828 non
1706 802 1848 839 propter
1879 802 2035 829 nostram
2066 796 2283 839 dignitatem.

1301 847 1372 881 Nec
1388 848 1624 880 deterreamur
1641 846 1684 878 ab
1703 843 1766 878 hac
1786 846 2043 885 consolatione,
2070 847 2203 880 etiamsi
2229 847 2285 880 iu-

1301 897 1448 931 firmitas
1467 905 1585 931 nostra
1603 896 1723 929 multis
1740 897 1853 929 modis
1870 904 2112 940 oppugnatur,
2139 895 2285 931 haerent

1303 949 1386 982 vitia
1411 960 1483 981 non
1506 947 1595 980 levia
1622 948 1659 979 in
1683 947 1814 979 carnali
1840 954 1985 986 natura,
2012 955 2051 980 ut
2066 948 2197 981 dictum
2225 955 2286 989 est,

1304 998 1483 1031 Vexamur
1507 998 1662 1040 morbis,
1690 998 1828 1041 inopia,
1863 998 1970 1036 same,
1997 998 2118 1036 bellis,
2146 1005 2179 1031 et
2207 999 2285 1032 aliis

1304 1050 1506 1093 ingentibus
1538 1048 1814 1088 calamitatibus,
1856 1059 1941 1093 quas
1973 1060 2076 1081 nemo
2107 1060 2286 1082 recensere

1304 1107 1434 1145 potest,
1462 1107 1519 1140 ut,
1546 1098 1659 1132 David
1687 1099 1961 1132 filiusinterficit
1981 1099 2141 1140 fratrem,
2170 1107 2287 1134 movet

1304 1151 1514 1184 seditionem
1546 1151 1714 1183 adversus
1744 1157 1935 1192 parentem.
2000 1149 2102 1182 Talia
2127 1162 2204 1183 cum
2230 1151 2287 1183 in-

1304 1209 1451 1235 currunt
1475 1201 1513 1234 in
1536 1200 1678 1243 oculos,
1706 1207 1849 1233 movent
1864 1200 1999 1233 animos
2016 1201 2119 1234 etiam
2139 1200 2288 1234 Sancto-

1278 1278 1279 1284 ,
1304 1264 1401 1291 rum,
1429 1259 1468 1285 ut
1483 1251 1635 1294 cogitent
1652 1262 1686 1283 se
1704 1251 1857 1284 abiectos
1881 1263 1952 1283 esse
1976 1263 1994 1283 a
2017 1250 2110 1290 Deo,
2137 1252 2223 1285 sicut
2250 1252 2287 1284 in

1305 1302 1452 1336 Psalmis
1469 1314 1569 1346 saepe
1586 1302 1727 1335 dicitur.
1783 1300 1831 1335 Ut
1846 1300 2022 1336 Psal.29.:
2051 1301 2218 1336 Avertisti
2236 1303 2287 1335 fa-

1304 1353 1391 1387 ciem
1409 1360 1505 1386 tuam
1523 1365 1541 1385 a
1560 1364 1633 1391 me,
1662 1358 1696 1385 et
1711 1352 1822 1384 factus
1837 1363 1913 1384 sum
1934 1353 2174 1388 conturbatus.
2228 1351 2285 1386 Ad

1305 1410 1336 1435 te
1354 1402 1507 1436 Domine
1523 1403 1681 1435 clamabo
1693 1428 1703 1442 ,
1729 1409 1762 1435 et
1784 1402 1827 1434 ad
1845 1401 1959 1435 Deum
1985 1414 2101 1435 meum
2119 1404 2287 1447 depreca-

1304 1455 1380 1488 bor.
1434 1452 1535 1495 Quae
1552 1452 1684 1486 utilitas
1701 1452 1737 1484 in
1755 1452 1926 1495 sanguine
1942 1464 2040 1493 meo,
2065 1460 2132 1486 etc.

1396 1511 1437 1545 In
1456 1510 1509 1544 bis
1521 1511 1719 1543 durissimis
1739 1511 1842 1543 luctis
1859 1508 1944 1543 haec
1960 1511 2145 1555 praecipua
2164 1523 2289 1546 conso-

1304 1563 1388 1596 latio
1406 1569 1473 1602 est,
1489 1562 1576 1594 scire
1595 1562 1690 1606 quod
1710 1573 1788 1593 vere
1805 1561 2019 1605 praeceperit
2036 1560 2142 1603 Deus,
2158 1570 2197 1597 ut
2215 1576 2289 1596 cre-

1305 1615 1428 1647 damus
1444 1624 1508 1646 nos
1527 1612 1663 1656 placere
1681 1623 1743 1655 per
1766 1611 2041 1645 misericordiam
2067 1621 2210 1658 propter
2228 1614 2288 1648 Fi-

1305 1715 1468 1759 gentibus
1485 1713 1754 1748 calamitatibus,

1408 1780 1458 1813 lta
1484 1780 1614 1813 Paulus
1630 1778 1737 1815 Rom.
1752 1780 1788 1813 6.
1812 1780 1878 1813 ait:
1906 1779 1979 1814 Nos
2006 1781 2111 1814 simul
2137 1783 2290 1825 sepultos

1306 1844 1377 1865 esse
1395 1844 1473 1865 cum
1494 1828 1648 1866 Christo.
1702 1829 1858 1864 Iacemus
1875 1831 1992 1864 obruti
2010 1832 2101 1865 mole
2125 1833 2289 1867 afflictio—

1306 1895 1391 1916 num
1410 1889 1442 1916 et
1458 1882 1591 1924 ingenti
1609 1881 1829 1922 infirmitate,
1856 1882 2003 1926 perinde
2021 1889 2058 1915 ut
2078 1895 2156 1916 cum
2180 1884 2217 1915 in
2234 1896 2288 1917 se-

1280 1962 1282 1971 ,
1308 1935 1428 1977 pulcro
1459 1933 1584 1965 iaceret
1618 1939 1797 1965 mortuum
1834 1944 1960 1975 corpus
1992 1945 2118 1976 corpus
2146 1932 2290 1975 Christi,

1307 1996 1377 2017 nan
1394 1983 1699 2026 conspiciebantur
1716 1983 1867 2016 eiusvita
1886 1991 1916 2015 et
1929 1983 2055 2025 gloria:
2085 1985 2143 2016 sed
2171 1991 2287 2018 tamen

1308 2035 1449 2067 interim
1465 2034 1560 2066 Deus
1580 2034 1738 2076 respicit,
1766 2040 1879 2066 servat
1897 2045 1978 2070 nos,
2005 2041 2036 2066 et
2054 2047 2117 2067 suo
2134 2041 2290 2079 tempore

1307 2086 1447 2118 ornabit
1469 2096 1534 2117 nos
1560 2085 1680 2127 gloria.
1734 2083 1863 2116 Paulus
1887 2084 2056 2126 significat
2075 2085 2288 2129 sepulturam

1308 2134 1442 2170 Christi
1471 2147 1544 2168 esse
1569 2135 1756 2177 imaginem
1782 2135 1873 2167 vitae
1891 2134 2051 2168 infirmae
2076 2143 2109 2168 et
2130 2137 2290 2171 adflictae

1308 2187 1530 2221 Sanctorum.
1584 2184 1702 2228 Quare
1728 2185 1763 2217 in
1791 2183 1857 2217 hoc
1877 2191 1959 2229 typo
1984 2198 2048 2218 nos
2071 2190 2288 2232 contemple—

1308 2250 1406 2275 mur,
1440 2245 1473 2270 et
1507 2237 1680 2269 discamus
1708 2236 1848 2269 infirmo
1880 2243 1911 2268 et
1935 2237 2094 2270 adflictos
2120 2250 2191 2270 non
2217 2251 2290 2273 esse

1308 2289 1461 2320 abiectos
1493 2299 1512 2320 a
1534 2286 1629 2326 DeO,
1664 2288 1769 2319 modo
1792 2293 1831 2319 ut
1855 2287 1938 2326 fide,
1972 2285 2039 2320 hoc
2061 2294 2129 2328 est,
2163 2289 2289 2324 fiducia

1309 2338 1567 2371 misericordiae
1585 2337 1774 2381 promissae
1791 2345 1934 2381 propter
1951 2337 2099 2380 Filium,
2128 2351 2191 2373 nos
2214 2353 2290 2374 sus-

1308 2397 1492 2424 tentemus·

1410 2448 1479 2482 Sed
1505 2458 1649 2489 magnae
1673 2453 1722 2480 est
1748 2453 1893 2479 naturae
1907 2443 2082 2481 humanae
2107 2456 2290 2484 contuma-

1309 2499 1380 2539 cia,
1407 2498 1615 2531 blandimur
1642 2497 1771 2531 nostris
1792 2497 1906 2535 vitiis,
1935 2499 2136 2542 quaerimus
2159 2503 2290 2543 praesi-

1311 2550 1370 2583 dia
1395 2556 1514 2582 contra
1538 2549 1756 2582 voluntatem
1774 2546 1860 2587 Dei,
1889 2548 2044 2581 fremunt
2068 2550 2174 2583 animi
2199 2553 2290 2586 cala-

1311 2600 1493 2634 mitatibus
1514 2605 1546 2632 et
1568 2600 1767 2633 irascuntur
1791 2597 1886 2639 Deo,
1913 2598 2142 2641 indignantur
2166 2603 2291 2636 melius

1314 2663 1385 2685 esse
1414 2649 1593 2695 Tyranuis
1621 2658 1653 2685 et
1681 2649 1885 2694 Epicureis,
1909 2661 2012 2693 quam
2040 2650 2289 2687 invocantibus
