2379 2948
79 95 174 132 1261

76 179 376 226 praedicationem
398 176 607 222 Evangelii,
634 178 907 218 confessionem,
932 176 1069 221 patien-

75 233 163 266 tiam
190 230 228 263 in
253 242 354 264 cruce
380 237 413 263 et
441 237 592 263 caeteras
616 229 784 270 virtutes,
812 229 940 273 quibus
959 227 1070 270 glori-
1094 230 1098 272 Ι

75 283 201 316 ficatur
225 281 341 320 Deus,
377 281 466 315 sicut
494 280 619 314 Petrus
648 280 784 325 inquit,
830 279 903 313 Nos
927 285 1068 312 vocatos

76 345 170 374 esse,
197 340 236 367 ut
253 333 418 366 virtutem
436 331 503 365 Dei
519 331 788 364 annunciemus.

181 391 231 426 Ita
258 392 420 424 ordinem
445 391 549 423 docet
576 387 633 422 hic
657 400 797 429 versus,
824 389 920 434 quod
936 389 980 422 sit
998 386 1068 422 Ec-

77 444 181 478 clesia
200 441 352 483 Christi,
379 453 452 474 non
469 440 576 473 armis
594 441 802 480 constituta;
829 441 889 472 sed
908 441 1015 473 verbo
1034 446 1068 473 et

76 495 226 528 efficacia
246 492 321 527 Dei.
378 491 515 526 Deinde
531 492 625 536 quod
644 489 802 524 Ecclesia
820 491 879 523 illa
903 491 947 525 sit
968 488 1067 524 exhi-
1094 509 1095 516 κ

76 546 195 579 bitura
233 556 344 577 novos
376 543 490 576 cultus
526 542 747 585 spirituales,
782 554 855 575 non
879 541 1095 582 Leviticos„

76 609 151 630 non
175 595 348 629 iusticiam
375 594 470 637 legis.
533 591 580 626 Et
604 594 747 638 quidem
774 594 888 627 cultus
914 593 974 625 ille
1001 594 1066 626 erit

76 648 255 692 quoddam
282 645 537 682 sacerdotium,
581 644 795 688 praedicatio
829 652 862 678 et
893 644 1065 677 confessio

75 696 283 740 Evangelii,
310 703 349 729 ut
373 696 466 729 Deus
491 695 705 734 innotescat,
734 703 773 729 nt
797 695 908 738 gloria
934 693 1066 729 Christi

77 749 283 784 celebretur.
340 746 389 780 Ita
413 754 491 790 apte
518 746 631 789 pingit
655 744 711 779 hic
736 747 929 780 versiculus
957 753 1065 780 totam

75 798 288 837 Ecclesiam,
324 805 357 831 et
392 798 493 831 docet
519 798 633 842 qualis
663 809 736 830 esse
767 798 910 837 debeat,
946 797 1065 841 quales

77 851 193 884 cultus
217 857 392 894 praestare
419 849 621 883 debeamus.
675 847 770 881 Haec
794 850 837 881 de
862 855 982 882 sancto
1008 860 1065 880 or-

76 908 179 945 natu,
208 901 245 934 id
269 907 339 940 est,
367 901 409 933 de
427 899 625 933 ministerio
641 898 842 943 Evangelii.

136 991 205 1028 Ex
234 998 334 1027 utero
358 993 478 1027 oritur
506 992 577 1028 tibi
604 1005 663 1027 ros
690 991 942 1039 generationis
970 995 1066 1026 tuae.

179 1068 288 1104 Redit
315 1081 410 1102 nunc
435 1070 478 1102 ad
505 1070 595 1113 regis
622 1082 826 1114 personam,
854 1076 887 1102 et
909 1069 1069 1114 loquitur

76 1122 121 1155 de
143 1121 218 1154 eius
242 1121 436 1154 nativitate.
495 1119 574 1154 Etsi
596 1128 712 1155 autem
738 1119 832 1154 hunc
856 1120 1068 1153 versiculum

77 1172 139 1206 alii
159 1172 260 1210 aliter
282 1172 582 1215 interpretantur,
609 1178 728 1205 tamen
753 1172 895 1205 videtur
920 1170 1069 1203 maxime
1097 1191 1098 1194 =

77 1224 251 1257 concinna
284 1223 530 1266 interpretatio
561 1224 606 1256 de
643 1222 827 1256 nativitate
862 1219 994 1255 Christi
1030 1195 1099 1252 exi

78 1273 198 1308 Maria
216 1273 364 1317 virgine.
418 1272 521 1306 Hauc
543 1274 764 1307 nativitatem
794 1282 971 1316 comparat
997 1271 1069 1304 rori

76 1325 185 1358 misso
210 1325 400 1364 divinitus,
434 1331 467 1358 et
496 1324 681 1367 coniungit
707 1336 823 1357 rorem
859 1331 893 1357 et
917 1331 1068 1357 uterum.

78 1375 179 1421 quasi
204 1376 314 1414 dicat,
356 1375 474 1408 veniet
503 1374 564 1407 ille
590 1387 650 1407 rex
682 1382 717 1409 et
739 1387 821 1407 vere
844 1381 1008 1407 nascetur
1030 1385 1069 1405 ex

76 1434 197 1467 utem,
232 1426 299 1459 erit
328 1437 410 1459 vere
439 1422 547 1458 homo
574 1432 677 1459 natus
706 1438 746 1459 ex
769 1425 918 1469 posteris
941 1424 1070 1462 David,

78 1478 139 1511 sed
161 1483 279 1510 tamen
304 1483 343 1510 ut
370 1488 428 1509 ros
446 1477 620 1510 divinitus
638 1477 781 1518 missus,
809 1477 884 1509 sine
901 1476 995 1508 virili
1018 1487 1070 1507 se-

78 1528 195 1572 mine,
223 1534 255 1561 et
279 1525 426 1560 habebit
445 1539 563 1560 veram
581 1540 722 1561 carnem
741 1541 781 1561 ex
799 1527 914 1561 Maria
934 1527 1071 1569 virgine

78 1586 250 1620 sumtam,
279 1579 338 1612 sed
355 1578 429 1611 sine
446 1578 519 1612 ullo
538 1586 696 1622 peccato,
723 1580 800 1612 sine
824 1579 896 1611 ulla
913 1578 1069 1611 immun-

79 1630 178 1666 ditia.
258 1628 262 1631 ”

181 1697 328 1732 Veteres
360 1697 618 1730 transtulerunt
648 1694 744 1729 hunc
777 1697 990 1730 versiculum
1027 1696 1069 1728 ad

80 1757 259 1785 aeternam
279 1749 543 1792 generationem
554 1747 728 1788 FiliiDei,
753 1755 785 1781 et
802 1749 974 1790 urgebant
992 1760 1073 1791 par-

79 1801 245 1839 ticulam,
280 1811 383 1832 mane
416 1799 567 1842 prodiit,
611 1799 712 1844 quasi
746 1800 791 1832 sit
826 1799 1073 1842 significatum,

81 1859 163 1887 ante
195 1862 317 1885 omnes
348 1857 523 1883 creaturas
556 1857 678 1883 natum
708 1861 780 1883 esse
803 1851 949 1885 Filium.
1003 1850 1070 1883 Sed

79 1916 138 1937 me
153 1908 298 1935 movent
316 1901 570 1945 appellationes
582 1899 681 1935 Uteri
699 1908 731 1934 et
745 1900 869 1942 Roris,
897 1909 935 1935 nt
953 1901 1072 1933 videa-

81 1962 140 1989 tur
164 1952 222 1986 hic
245 1952 439 1985 versiculus
463 1952 574 1995 magis
599 1952 788 1985 convenire
814 1954 856 1985 ad
876 1953 1071 1995 generatio-

81 2017 164 2039 nem
191 2017 231 2037 ex
256 2003 391 2046 virgine
409 2002 542 2041 Maria,
571 2003 775 2047 praesertim
797 2016 874 2037 cum
895 2001 1072 2047 Propheta

83 2055 315 2091 concionetur
336 2056 379 2087 de
404 2051 547 2087 Christo
574 2055 738 2087 veniente
763 2055 799 2087 in
834 2056 1008 2088 mundum
1042 2061 1072 2087 et

82 2108 247 2141 incoante
271 2102 338 2137 hoc
361 2116 507 2147 regnum
529 2105 726 2139 visibiliter.
782 2104 828 2139 Et
844 2107 934 2139 uteri
954 2106 1074 2150 appel-

82 2158 170 2192 latio
188 2156 295 2199 magis
313 2157 462 2200 quadrat
479 2157 521 2189 ad
541 2157 805 2199 generationem
823 2158 1016 2197 visibilem,
1035 2169 1074 2190 ac

83 2208 281 2243 similitudo
317 2209 360 2239 de
395 2219 474 2239 rore
498 2209 644 2242 cadente
674 2209 789 2250 aptius
816 2200 987 2251 significat
1011 2220 1075 2241 na-

84 2266 239 2294 scentem
253 2256 434 2291 Christum
459 2258 534 2291 sine
557 2259 719 2303 contagio
747 2266 779 2293 et
801 2260 877 2292 sine
901 2260 995 2292 virili
1022 2271 1074 2292 se—

83 2312 200 2351 mine,
227 2321 266 2342 ac
290 2308 489 2341 venientem
510 2309 547 2342 in
571 2312 745 2343 mundum
769 2311 900 2345 virtute
925 2311 1076 2351 coelesti,

84 2362 175 2396 sicut
189 2360 306 2395 Lucae
326 2359 440 2403 primo
459 2360 570 2403 capite
594 2362 765 2406 scriptum
781 2369 849 2397 est:
879 2361 1002 2396 Virtus
1024 2362 1077 2395 al-

86 2413 213 2448 tissimi
232 2410 462 2445 obumbrabit
479 2411 556 2447 tibi.

189 2469 294 2505 Extat
313 2476 346 2503 et
362 2469 428 2502 alia
446 2469 690 2514 interpretatio
708 2472 764 2516 pia
783 2479 816 2507 et
841 2479 942 2517 apta,
970 2484 1076 2518 quam

86 2522 221 2567 probo,
251 2528 285 2556 et
309 2520 395 2554 alios
420 2521 582 2565 amplecti
604 2522 706 2556 facile
731 2525 868 2571 patior,
903 2524 1079 2565 videlicet,

87 2584 178 2619 quae
195 2585 268 2605 non
287 2573 330 2606 de
348 2571 439 2615 regis
455 2583 605 2619 persona
619 2597 628 2610 ‚
657 2575 716 2606 sed
733 2576 776 2608 de
802 2576 934 2619 populo
959 2575 1077 2619 loqui—

87 2631 157 2658 tur.
217 2623 386 2657 Nascetur
419 2623 484 2656 tibi
511 2624 681 2667 populus,
713 2626 772 2658 sed
796 2632 964 2671 tanquam
992 2625 1078 2664 Ros,

88 2672 158 2709 hoc
176 2682 245 2715 est,
264 2672 422 2719 Populus
431 2672 498 2707 Dei
514 2687 588 2708 non
605 2676 830 2720 generatione
847 2677 979 2710 carnali
997 2689 1079 2722 pro-

666 91 732 127 lx.
789 87 1155 127 COMMENTARII
1188 87 1240 122 IN
1272 86 1514 123 PSALMOS.

2016 85 2112 119 1262

1124 174 1311 219 pagabitur
1338 186 1377 207 ex
1394 173 1528 207 semine
1545 168 1733 214 Abrahae,
1762 170 1820 204 sed
1846 180 1968 202 omnes
1993 174 2111 212 gentes

1124 226 1347 258 vocabuntur
1373 237 1412 258 ac
1428 231 1591 258 nascetur
1611 223 1762 268 populus
1781 221 1845 255 Dei
1869 232 1932 264 per
1948 218 2112 263 Evange-

1123 277 1206 309 lium
1230 282 1262 309 et
1289 276 1463 319 Spiritum
1485 282 1665 319 sanctum,
1694 280 1734 307 ut
1756 271 1900 306 Ioannis
1918 272 1948 305 1.
1971 270 2110 304 dicitur.

1122 328 1184 361 Ait
1209 338 1291 369 ergo
1309 339 1368 359 ros
1390 322 1527 369 generis
1553 325 1624 363 tui,
1652 325 1686 357 id
1713 331 1781 364 est,
1809 322 2001 356 multitudo
2028 327 2111 354 nata

1123 378 1297 412 divinitus
1325 388 1445 421 sparso
1470 377 1597 420 verbo,
1627 383 1659 409 et
1686 376 1791 407 misso
1816 373 1952 416 Spiritu
1981 379 2113 412 sanem,

1122 429 1211 463 sicut
1238 440 1295 462 ros
1323 428 1497 471 spargitur
1514 428 1556 459 de
1576 427 1684 460 coelo.
1725 425 1814 459 Nam
1832 423 1989 458 Ecclesia
2006 420 2112 456 Chri-

1122 480 1166 513 sti
1182 487 1231 513 est
1249 486 1365 512 coetus
1378 478 1546 511 ‘omnium
1562 478 1623 522 qui
1642 489 1721 510 vere
1739 477 1886 509 credunt
1902 473 2113 517 Evangelio,

1122 532 1183 575 qui
1217 543 1297 563 vere
1328 535 1523 572 agnoscunt
1547 526 1748 565 Christum,
1785 534 1819 560 et
1850 525 2112 558 sanctificantur

1122 594 1183 625 per
1207 581 1380 624 Spiritum
1405 586 1585 619 sanctum,
1622 578 1758 611 etiamsi
1792 578 1829 609 in
1856 575 1952 608 civili
1978 576 2048 608 vita
2075 575 2113 607 in

1121 633 1279 676 imperiis
1296 630 1424 665 habeat
1443 630 1631 663 dissimiles
1650 629 1799 672 politias,
1828 626 1963 660 etiamsi
1982 623 2112 659 habeat

1123 681 1296 716 humanos
1320 683 1408 716 ritus
1434 682 1610 717 diversos,
1637 680 1726 713 sicut
1750 678 1882 711 Paulus
1908 677 2040 721 inquit:
2071 675 2113 709 In

1121 732 1262 768 Christo
1293 733 1371 767 Iesu
1402 745 1466 765 nec
1493 731 1713 764 circumcisio
1741 730 1876 774 aliquid
1902 727 2012 765 valet,
2049 738 2114 759 nec

1122 785 1347 829 praeputium
1360 812 1368 825 ,
1386 785 1446 817 sed
1464 783 1548 816 fides
1567 793 1655 827 quae
1673 788 1721 815 est
1738 792 1801 825 per
1818 778 2044 812 dilectionem
2063 778 2115 810 es-

1122 837 1217 870 ficax.

1150 944 1211 980 lv.
1240 946 1388 979 Iuravit
1405 945 1605 985 Dominus,
1630 946 1668 976 et
1688 952 1759 975 non
1777 937 1986 984 poenitebit
2007 947 2114 971 eum.-

1229 999 1284 1029 Tu
1319 1007 1358 1029 es
1382 994 1570 1030 Sacerdos
1604 996 1643 1028 ἰη
1666 998 1882 1030 aeternnm,
1910 988 2109 1023 secundum

1225 1047 1393 1082 ordinem
1411 1043 1706 1081 Melchisedech.

1225 1128 1404 1162 Hactenus
1438 1129 1650 1161 vaticinatus
1687 1132 1736 1158 est
1772 1125 1814 1157 de
1850 1135 1930 1166 rege
1963 1119 2118 1160 Christo,

1124 1181 1218 1225 quod
1241 1181 1284 1214 sit
1306 1193 1365 1213 rex
1382 1187 1592 1223 regnaturus
1610 1178 1731 1211 divina
1749 1176 1926 1220 potentia,
1951 1172 2045 1218 quod
2062 1171 2117 1203 vi-

1124 1231 1227 1263 sibile
1245 1231 1429 1263 exordium
1449 1231 1546 1273 regni
1563 1231 1723 1263 futurum
1741 1227 1785 1260 sit
1804 1227 1840 1258 in
1858 1226 1960 1258 Zion.
2016 1222 2117 1262 Item,

1124 1282 1238 1327 qualis
1253 1282 1297 1315 sit
1314 1282 1455 1314 futurus
1475 1281 1644 1325 populus,
1673 1279 1756 1312 item
1776 1278 1957 1316 futurum,
1982 1280 2021 1307 ut
2035 1284 2118 1305 vere

1125 1339 1159 1366 et
1183 1340 1300 1366 tamen
1326 1332 1482 1364 mirabili
1516 1333 1620 1364 modo
1639 1335 1815 1362 nascatur.
1869 1327 1972 1360 Nunc
1992 1323 2119 1367 incipit

1125 1383 1328 1416 concionari
1346 1384 1389 1415 de
1408 1383 1604 1415 sacerdotio
1619 1378 1766 1419 Christi,
1794 1378 1865 1411 Nec
1882 1378 1977 1410 ullus
1994 1382 2042 1407 est
2064 1375 2118 1407 lo-

1125 1446 1185 1467 cus
1209 1435 1246 1466 in
1267 1431 1474 1477 Prophetis,
1503 1433 1563 1478 qui
1590 1433 1635 1465 ita
1652 1431 1744 1464 clare
1764 1429 1916 1474 appellet
1933 1425 2117 1461 Christum

1125 1486 1361 1524 sacerdotem,
1398 1492 1430 1518 et
1461 1484 1636 1517 describat
1662 1483 1807 1514 modum
1835 1477 2044 1515 sacerdotii,
2080 1488 2119 1509 ac

1126 1536 1299 1570 discernat
1316 1548 1332 1568 a
1350 1535 1510 1568 Levitico
1530 1533 1739 1568 sacerdotio.

1230 1593 1385 1629 Orditur
1409 1602 1525 1629 autem
1549 1606 1566 1626 a
1594 1594 1814 1629 iuramento,
1849 1589 1945 1635 quod
1970 1599 2044 1620 non
2068 1592 2119 1619 est

1127 1647 1242 1680 obiter
1259 1646 1513 1689 aspiciendum.
1569 1643 1645 1678 Etsi
1660 1643 1755 1676 enim
1773 1641 1838 1675 Dei
1857 1640 2026 1684 promissa
2044 1639 2118 1670 sine

1129 1698 1357 1730 iureiurando
1382 1703 1454 1729 rata
1480 1703 1513 1729 et
1531 1696 1630 1728 firma
1649 1701 1750 1733 sunt,
1776 1700 1893 1726 tamen
1921 1690 2020 1723 addit
2046 1689 2118 1722 ius—

1129 1749 1338 1785 iurandum,
1372 1753 1410 1780 ut
1442 1746 1641 1780 infirmitati
1671 1757 1709 1778 ac
1736 1742 1953 1777 dubitationi
1978 1747 2119 1773 nostrae

1127 1810 1347 1844 opponamus
1371 1810 1444 1831 non
1467 1798 1580 1831 solum
1607 1796 1897 1840 promissionem,
1931 1794 1990 1826 sed
2016 1791 2119 1823 etiam

1128 1858 1309 1884 aeternum
1330 1850 1566 1883 iuramentum
1585 1847 1670 1886 Dei,
1700 1853 1732 1880 et
1750 1857 1825 1878 non
1843 1845 1998 1878 sinamus
2015 1842 2118 1875 nobis

1129 1902 1240 1935 excuti
1264 1901 1368 1933 fidem
1394 1900 1478 1933 ullis
1505 1899 1691 1933 scandalis.
1752 1896 1858 1930 Fides
1884 1895 1978 1928 enim
2005 1905 2119 1937 oppu-

1128 1959 1256 1997 gnatur
1287 1951 1610 1985 innumerabilibus
1646 1948 1769 1981 modis.
1832 1946 1994 1979 Primum
2025 1944 2119 1977 enirn

1129 2003 1341 2038 conscientia
1366 2002 1495 2046 peccati
1521 2001 1690 2034 reclamat
1715 2000 1751 2032 in
1769 1998 1893 2038 nobis,
1922 1996 2120 2029 iudicamus

1130 2056 1249 2093 nobis,
1286 2066 1364 2087 cum
1397 2053 1505 2087 simus
1530 2052 1686 2095 indigni,
1713 2062 1786 2083 non
1813 2048 2016 2090 contingere
2040 2053 2120 2080 tan-

1129 2115 1202 2140 tum
1222 2105 1431 2139 beneficium
1444 2129 1452 2143 ‚
1481 2111 1519 2137 ut
1536 2103 1632 2137 Deus
1657 2114 1723 2135 nos
1740 2100 1885 2144 recipiat
1902 2099 1938 2131 in
1959 2097 2119 2142 gratiam,

1128 2165 1166 2191 ut
1182 2164 1278 2191 curet
1295 2168 1378 2196 nos,
1405 2162 1443 2188 ut
1461 2156 1623 2188 exaudiat
1642 2165 1723 2191 nos,
1750 2159 1786 2185 ut
1806 2152 1863 2183 (let
1883 2150 1990 2182 vitam
2007 2155 2121 2181 aeter-

1129 2221 1223 2242 nam.
1278 2207 1416 2240 Deinde
1441 2207 1583 2240 interim
1608 2212 1682 2238 tum
1710 2203 1887 2236 credimus
1911 2199 2121 2233 subiicimur

1130 2259 1399 2299 afflictionibus,
1434 2269 1542 2303 quare
1570 2268 1644 2288 non
1667 2255 1795 2293 vitam,
1825 2253 1884 2285 sed
1912 2257 2060 2284 mortem
2088 2255 2121 2282 et

1130 2322 1283 2345 summas
1302 2320 1490 2343 aerumnas
1509 2308 1671 2340 videmur
1688 2303 1869 2349 consequi.

1233 2368 1414 2404 Adversus
1439 2366 1523 2401 haec
1545 2365 1710 2400 scandala
1734 2362 1944 2408 opponenda
1964 2367 2013 2394 est
2030 2358 2118 2393 haec

1130 2434 1214 2454 vox:
1242 2420 1376 2454 Iuravit
1388 2419 1575 2456 Dominus,
1593 2415 1640 2450 Et
1656 2416 1707 2450 vis
1719 2413 1824 2449 huius
1841 2412 2032 2447 iuramenti
2044 2423 2119 2444 non

1132 2479 1245 2516 potest
1265 2471 1434 2513 intelligi,
1463 2469 1532 2502 nisi
1556 2469 1593 2501 in
1613 2479 1694 2500 vera
1713 2467 1818 2500 lucta.
1872 2463 2120 2497 Tertullianus

1132 2536 1211 2557 cum
1241 2524 1284 2556 de
1310 2521 1516 2555 remissione
1544 2525 1766 2563 peccatorum
1801 2515 1983 2561 loquitur,
2018 2520 2121 2557 urget

1132 2575 1398 2608 iusiurandum:
1427 2569 1524 2606 Vivo
1544 2582 1620 2616 ege,
1641 2567 1728 2602 nolo
1745 2571 1894 2601 mortem
1908 2563 2121 2613 peccatoris.

1133 2625 1184 2659 Ita
1214 2632 1246 2658 et
1271 2622 1337 2658 hoc
1362 2623 1601 2656 iuramentum
1631 2621 1660 2654 si
1693 2630 1933 2664 proponemus
1957 2616 2062 2650 nobis
2083 2615 2122 2648 in

1133 2689 1215 2710 vero
1234 2687 1377 2721 pavore,
1404 2681 1480 2709 tum
1497 2674 1640 2707 demum
1659 2670 1850 2705 sentiemus
1867 2675 2034 2715 quantam
2049 2666 2122 2700 vim
