2379 2948
190 202 350 245 Cumque
373 197 468 232 Deus
492 208 562 229 non
593 195 635 227 sit
657 192 767 225 moles
788 203 974 235 corporea,
1008 200 1040 226 et
1065 193 1170 226 simul

190 252 322 296 ubique
339 251 380 283 sit
406 250 539 284 esticax,
565 252 597 277 et
620 244 662 276 sit
687 243 844 275 infinitae
867 243 1064 287 potentiae,
1089 241 1171 288 phi-

191 300 351 345 losophia
381 300 481 331 ctiam
507 297 635 328 fatetur
663 301 938 327 consentaneum
964 306 1054 333 esse,
1088 294 1171 327 sub-

191 353 316 385 stantia
334 350 444 383 Deum
463 347 593 389 ubique
609 346 739 377 adesse.
793 343 886 378 Hinc
903 345 990 378 illud
1010 345 1171 378 abArato

194 409 367 445 sumptum
390 398 602 430 celebratur:

492 449 573 479 Iovis
591 451 689 478 omni-a
715 451 810 488 plena.

193 502 234 536 Et
253 500 452 533 nwmiuisse
468 498 626 531 iuniores
643 495 737 529 hunc
756 508 895 530 versum
914 496 1000 528 utile
1024 501 1089 527 est:

269 561 374 597 linter,
403 566 586 600 praesenter,
614 557 695 586 Dvus
715 565 756 587 est
780 565 807 586 et
824 559 936 596 ubique
954 562 1098 594 potenter.

191 622 305 659 Quam
337 617 545 650 seutentiam
580 621 711 646 veteres
744 615 867 657 poetae
907 612 1028 644 multis
1061 609 1176 642 modis

194 671 402 703 recitarunt,
428 674 464 699 ut
486 666 693 701 Menander,

333 718 429 756 πάιῖιῂ
455 714 511 754 3:1¹9
535 714 614 745 ἔστι,
638 711 736 741 πάντα
761 712 808 741 καὶ
833 710 933 747 βλέπει
957 707 1040 744 θεός.

453 811 524 844 Dic
551 809 719 854 reyulam
746 807 792 841 cle
818 808 905 840 Ioco.

296 880 425 911 Natura
453 875 619 909 abhorret
648 875 691 908 ab
717 873 772 908 his
796 875 969 919 quinque:
1007 871 1178 912 Primum,

196 934 236 963 nl».
257 931 389 963 izailnita
420 926 671 971 magnitudine.

296 981 479 1013 Set-oudo,
505 991 522 1010 a
541 989 662 1009 vacuo.

296 1031 416 1062 'fortio
432 1055 439 1062 .
467 1042 484 1061 a
505 1026 732 1060 multitudine
748 1025 906 1057 locorum
931 1025 1036 1058 unius
1054 1035 1179 1066 corpo—

197 1085 242 1115 ris
271 1082 392 1114 eod-‘m
421 1087 595 1122 tempore,
624 1078 658 1109 id
679 1082 745 1108 est:
781 1074 914 1108 Natura
940 1081 1041 1117 negat
1067 1085 1177 1106 unum

197 1144 322 1176 =orpus
354 1132 388 1162 iu
431 1129 578 1161 diversis
618 1127 717 1166 locis,
765 1127 887 1158 eodem
920 1133 1076 1168 tempore
1108 1134 1179 1156 esse

198 1195 308 1227 ΡΟΞΞΡ.

298 1232 452 1275 Quarto,
492 1242 509 1262 a
542 1228 784 1273 penetratione
817 1226 1099 1264 dimensionum,
1142 1223 1177 1257 id

199 1294 262 1318 est:
292 1283 424 1316 Natura
445 1279 796 1323 uegatdimensiones
813 1277 861 1310 ita
878 1278 915 1309 in
934 1289 1044 1309 unum
1063 1276 1179 1308 locum

198 1334 331 1368 includi
353 1344 468 1376 posse,
497 1344 541 1363 ne
559 1331 647 1363 aliae
663 1329 741 1363 aliis
759 1328 904 1368 cedant,
930 1334 969 1361 ut
990 1326 1090 1369 digiti
1108 1337 1179 1358 non

198 1391 341 1429 possunt
369 1383 475 1415 inseri
495 1382 586 1413 ferro
607 1392 679 1413 uon
695 1378 844 1412 cedenti.

300 1433 454 1476 Quinto,
494 1432 536 1463 ab
568 1430 800 1463 accidentium
840 1427 1083 1464 subsistentia,
1123 1436 1179 1457 re-

199 1494 294 1519 moto
316 1497 378 1517 suo
397 1483 571 1521 subiecto,
598 1481 634 1513 id
653 1487 718 1513 est:
748 1479 878 1512 Natura
895 1484 997 1520 negat
1019 1476 1180 1509 acciden-

200 1538 246 1569 tia
270 1548 332 1578 per
358 1546 429 1566 sese
454 1533 657 1569 subsistere,
692 1536 826 1563 remoto
843 1541 905 1561 suo
928 1528 1107 1562 subiecto,
1142 1532 1180 1558 ut

200 1598 309 1631 aquae
336 1592 461 1617 natura
480 1589 609 1615 remota
637 1593 710 1613 non
735 1587 853 1612 manet
876 1579 948 1612 sola
975 1575 1178 1610 humiditas

201 1636 404 1670 Substantia
434 1633 561 1676 lapidis
591 1638 723 1664 remota
751 1642 822 1662 non
846 1635 962 1662 manet
987 1628 1058 1660 sola
1081 1627 1181 1659 duri-

200 1690 278 1725 cies.
335 1685 409 1718 Has
439 1683 576 1725 regulas
605 1682 712 1714 recito
745 1681 873 1719 nudas,
914 1686 953 1712 ut
980 1678 1181 1711 iunioribus

203 1749 337 1780 semper
358 1736 394 1767 in
418 1739 605 1776 conspectu
627 1733 715 1771 sint,
752 1743 815 1763 nec
839 1738 956 1764 tamen
981 1730 1107 1761 desunt
1133 1727 1181 1760 eis

200 1789 371 1827 rationes,
398 1786 455 1818 sed
475 1784 629 1817 contenti
649 1782 757 1815 simus
781 1780 971 1813 universali
997 1779 1181 1822 experien-

202 1841 267 1878 tia,
303 1849 389 1882 quae
416 1835 595 1878 perspicue
624 1840 770 1866 testatur
794 1843 849 1865 eas
877 1843 975 1864 veras
1001 1837 1033 1863 et
1059 1840 1181 1873 perpe-

201 1897 300 1921 tuum
318 1895 463 1920 naturae
481 1885 642 1917 ordinem
667 1894 750 1917 esse.

490 1978 586 2019 Quid
616 1982 669 2010 est
702 1974 895 2010 Faenum?

304 2045 463 2079 Vacuum
482 2045 623 2088 proprie
646 2043 815 2086 siguificat
838 2042 874 2073 in
893 2039 1046 2085 physicis
1062 2040 1183 2081 dispu-

202 2098 415 2137 tationibus,
442 2097 503 2129 ubi
521 2095 659 2128 nulium
684 2104 809 2136 corpus
836 2099 902 2129 est,
930 2092 1023 2135 quod
1050 2090 1182 2123 intelli-

202 2150 353 2189 gendum
378 2154 447 2186 est,
487 2158 560 2178 non
585 2152 623 2178 ut
645 2144 769 2186 vulgus
798 2142 985 2183 intelligit,
1020 2142 1081 2174 ubi
1111 2153 1182 2173 non

204 2207 280 2232 sunt
301 2210 412 2231 crassa
430 2209 588 2240 corpora,
616 2207 705 2240 quae
723 2205 824 2226 sensu
841 2193 1096 2236 percipiuntur,
1124 2194 1180 2224 sed

204 2250 407 2292 simpliciter
423 2249 464 2280 de
481 2247 645 2281 omnibus
667 2244 888 2287 corporibus,
918 2242 1096 2281 videlicet,
1123 2242 1182 2274 uhi

205 2313 266 2332 nec
289 2312 364 2334 avr,
407 2311 468 2331 nec
502 2298 616 2331 ullum
646 2297 741 2328 aliud
767 2302 815 2327 cst
838 2304 974 2335 corpus,
1042 2293 1093 2325 De
1117 2290 1183 2324 hoc

205 2352 318 2393 spacio
337 2362 444 2382 vacuo
461 2348 654 2393 quaeritur,
684 2358 726 2379 an
747 2346 780 2377 in
801 2350 925 2376 natura
947 2343 1111 2386 possibile
1129 2343 1182 2375 sit.

432 2451 542 2482 Estne
570 2458 731 2481 vacuum
758 2441 958 2490 possibile?

307 2515 602 2548 lucundissimum
622 2522 670 2546 est
691 2514 806 2545 videre
826 2512 860 2543 in
879 2518 1002 2544 natura
1024 2517 1091 2542 tam
1113 2521 1185 2542 cer-

205 2575 274 2599 tam
294 2577 365 2597 esse
382 2576 567 2608 corporum
584 2563 918 2607 coagmentationem
943 2567 977 2594 et
1001 2560 1186 2593 continua-

206 2619 356 2654 ffimcm,
384 2622 421 2648 ut
438 2626 609 2659 nusquam
630 2617 671 2648 sit
689 2625 855 2652 vacuum,
883 2623 927 2644 ne
954 2611 1038 2645 fiant
1062 2611 1184 2643 mundi

209 2677 354 2710 corpora
377 2667 611 2699 discontinua.

213 117 257 147 ετ
426 109 632 147 scnirTA
662 108 736 142 PH.
763 104 878 140 MEL.
906 104 972 139 AD
999 105 1126 141 HIST.
1154 105 1298 145 PROF.
1325 108 1391 143 ET
1419 108 1612 143 PHILOS.
1639 107 1956 149 SPECTANTIA.

2130 114 2205 150 368

1326 194 1432 237 Quod
1449 201 1564 228 autem
1583 207 1656 228 non
1679 195 1724 228 sit
1746 206 1915 241 vacuum,
1941 211 2005 232 nec
2028 199 2073 233 sit
2093 199 2205 243 possi-

1223 245 1295 278 bile
1308 272 1317 285 ,
1345 246 1484 289 signum
1505 252 1555 278 est
1572 245 1720 279 illustre.
1772 245 1933 280 Vacuum
1950 249 2048 282 fieret
2063 250 2204 282 discon-

1224 296 1369 329 tinuatis
1385 296 1603 339 corporibus.
1644 296 1778 330 Natura
1797 309 1869 330 non
1889 299 2046 333 concedit
2063 300 2204 332 discon-

1224 346 1457 380 tinuationem
1484 358 1692 390 corporum,
1727 348 1845 391 potius
1870 348 1963 381 enirn
1987 350 2103 391 gravia
2125 361 2203 382 sur-

1226 407 1303 429 sum
1326 398 1537 437 ascendunt,
1571 405 1630 430 aut
1653 398 1867 438 consistunt,
1901 410 2005 443 quam
2028 405 2077 431 ut‘
2093 399 2205 432 divel-

1227 446 1347 481 lantur
1361 459 1519 492 corpora.
1572 447 1652 481 Non
1670 449 1778 491 igitur
1795 449 1957 482 concedit
1971 460 2132 482 vacuum.

1329 514 1453 547 Minor
1470 514 1637 558 exemplis
1655 515 1817 558 plurimis
1834 515 1970 548 ostendi
1990 521 2112 559 potest.
2166 514 2208 548 In

1228 565 1505 608 aquaeductibus
1535 576 1647 609 aquae
1670 577 1808 598 sursum
1843 573 2048 604 moventur,
2082 578 2127 598 ne
2149 566 2206 599 fiat

1229 615 1515 648 discontinuatio.
1582 614 1621 648 In
1653 615 1844 660 clepsydris
1870 628 2008 649 summo
2037 616 2210 649 foramine

1230 666 1410 698 obstructo
1430 661 1522 696 nihil
1539 665 1711 704 destillat,
1738 677 1817 697 cum
1843 667 2001 710 superius
2025 679 2095 699 non
2115 667 2208 699 subit

1231 717 1300 749 a'e'r.
1353 715 1487 748 Pendet
1503 714 1611 757 igitur
1627 727 1714 759 aqua
1728 742 1736 755 ‚
1761 727 1824 755 ne,
1851 717 1877 748 si
1895 718 2053 757 cesserit,
2075 718 2132 750 fiat
2148 729 2210 751 va-

1231 778 1346 800 cuum.
1397 765 1479 798 Non
1496 772 1653 798 mutatur
1670 772 1784 798 autem
1801 767 1986 800 ordinatus
2002 774 2117 801 motus
2132 778 2211 810 gra·

1233 817 1327 849 vium
1346 817 1422 848 sine
1439 827 1553 849 causa.
1606 814 1653 849 Et
1668 813 1753 849 haec
1771 828 1872 849 causa
1891 818 2032 850 evidens
2050 825 2118 857 est,
2146 829 2209 850 na·-

1232 874 1345 900 turam
1364 867 1482 909 fugere
1500 866 1860 900 discontinuationem
1878 880 2077 911 corporum.
2121 866 2209 911 Epi-

1232 917 1326 950 curei
1343 918 1574 950 defenderunt
1594 929 1754 954 vacuum.
1779 924 1811 950 et
1823 918 1998 951 finxerunt
2015 929 2076 962 per
2092 919 2210 950 omnia

1233 980 1379 1012 corpora
1397 979 1555 1011 sparsum
1573 979 1663 1007 esse,
1688 975 1725 1001 ut
1744 967 1928 1002 Lucretius
1950 969 2011 1003 lib.
2034 971 2062 1001 l.
2080 968 2209 1013 inquit1

1332 1027 1394 1058 'Nec
1409 1036 1507 1057 tamen
1524 1029 1657 1068 undique
1679 1039 1820 1068 corporea
1844 1033 1949 1070 stipata
1965 1037 2100 1060 tenentur

1335 1078 1447 1108 Omnia
1470 1086 1584 1109 natura.

1334 1129 1470 1170 Namque
1488 1132 1573 1158 estin
1587 1131 1675 1159 rebus
1691 1132 1788 1160 inane.

1233 1183 1299 1217 Sed
1320 1181 1406 1216 haec
1430 1183 1660 1216 deliramenta
1685 1185 1876 1216 reiicienda
1903 1191 2005 1224 sunt,
2035 1198 2113 1218 cum
2137 1197 2213 1219 ma·—

1233 1234 1397 1267 nisestum
1415 1235 1459 1267 sit
1480 1234 1638 1277 signum,
1665 1240 1827 1267 naturam
1850 1232 2039 1268 abhorrere
2056 1248 2072 1268 a
2090 1248 2214 1276 vacuo,

1233 1285 1314 1329 quia
1346 1285 1435 1327 sugit
1471 1285 1828 1318 discontinuationem
1870 1297 2070 1329 corporum.
2136 1285 2214 1319 Hoc

1234 1335 1308 1379 ips-0
1327 1343 1442 1368 autem
1460 1335 1618 1378 exemplo
1636 1341 1793 1374 naturae,
1820 1336 2100 1376 commonefacti‚
2125 1338 2215 1369 scia-

1233 1397 1311 1419 mus
1335 1385 1486 1418 incivili
1511 1385 1581 1417 vita
1610 1385 1769 1417 vitandas
1796 1396 1867 1416 esse
1889 1385 2132 1419 distractiones
2154 1399 2211 1419 or-

1233 1436 1373 1475 dinum,
1400 1442 1432 1469 et
1447 1435 1616 1468 tuendam
1640 1436 1990 1478 coagmentationem.

1388 1545 1565 1576 Potestne
1593 1546 1714 1576 vietus
1741 1540 1826 1588 fieri
1856 1545 1893 1575 in
1924 1541 2063 1577 vacuo?

1337 1614 1518 1657 Quorsum
1533 1627 1621 1659 opus
1645 1622 1695 1648 est
1720 1613 1785 1648 hac
1808 1617 2030 1660 quaestione,
2057 1629 2135 1650 cum
2152 1630 2212 1650 va-

1235 1678 1338 1699 cuum
1357 1678 1430 1699 non
1454 1667 1499 1699 sit
1523 1666 1715 1710 possibile?
1744 1665 1813 1699 Sed
1831 1666 2001 1709 fingamus
2019 1679 2109 1706 esse,
2136 1681 2214 1701 mo-

1235 1723 1290 1750 tus
1315 1717 1412 1750 fieret
1441 1717 1478 1749 in
1503 1728 1632 1757 vacuo,
1667 1723 1700 1749 et
1726 1711 1868 1761 quidem
1892 1718 2102 1759 successive,
2132 1719 2214 1763 quia

1235 1779 1337 1801 causa
1369 1767 1597 1800 successionis
1628 1768 1665 1799 in
1698 1773 1797 1800 motu
1822 1773 1871 1800 est
1898 1779 1971 1800 non
2002 1768 2116 1801 solum
2140 1780 2215 1802 me-

1235 1819 1354 1858 dium,
1387 1819 1446 1850 sed
1474 1817 1597 1851 intima
1622 1824 1738 1851 motus
1761 1818 1966 1861 proprietas.
2019 1818 2099 1852 Non
2119 1819 2213 1852 enim

1237 1876 1349 1912 potest
1364 1868 1439 1901 fieri
1464 1874 1596 1907 motus,
1621 1868 1690 1900 nisi
1714 1868 1916 1902 successive.
1967 1868 2056 1901 Nam
2079 1876 2112 1902 et
2135 1881 2213 1902 coe-

1236 1920 1308 1952 lum
1327 1919 1518 1952 successive
1542 1924 1723 1957 movetur,
1750 1918 1811 1950 ubi
1837 1918 1934 1950 nulla
1960 1925 2009 1951 est
2029 1919 2136 1951 medii
2159 1932 2214 1952 re-

1236 1969 1406 2004 sistentia.
1463 1968 1634 2001 Fortassis
1665 1975 1782 2000 autem
1817 1968 1971 2001 medium
2005 1969 2140 2013 aliquid
2171 1971 2214 2002 ad

1236 2020 1434 2054 tarditatem
1451 2030 1489 2051 ac
1505 2018 1723 2051 velocitatem
1741 2017 1838 2057 facit,
1864 2025 1903 2051 ut
1919 2019 2052 2052 tardius
2069 2020 2104 2052 in
2125 2032 2213 2065 aqua

1237 2077 1399 2103 movetur
1424 2069 1528 2113 lapis,
1556 2081 1659 2113 quam
1685 2068 1722 2100 in
1748 2075 1844 2106 aere,
1872 2069 1953 2112 quia
1970 2081 2057 2113 aqua
2076 2082 2153 2102 cum
2171 2072 2215 2104 sit

1235 2121 1391 2154 medium
1407 2120 1549 2152 densius
1561 2146 1569 2160 ‚
1595 2118 1704 2162 magis
1721 2118 1851 2152 resistit
1866 2121 2017 2162 corpori,
2043 2122 2136 2164 quod
2156 2133 2215 2165 per

1237 2184 1310 2205 eam
1331 2171 1471 2204 labitur.

1324 2279 1420 2321 Quid
1449 2284 1504 2313 est
1534 2277 1785 2312 Conclensatio
1811 2283 1847 2311 e!
1874 2277 2123 2323 Raref'actio?

1339 2355 1578 2389 Condensatio
1609 2366 1646 2385 ac
1678 2353 1879 2393 rmefactio,
1915 2355 2017 2397 vulgo
2047 2362 2216 2397 putantur

1239 2418 1311 2440 esse
1349 2405 1585 2448 augmentatio
1617 2411 1649 2436 et
1674 2404 1874 2438 diminutio,
1942 2403 2009 2438 Sed
2027 2405 2152 2448 ‘reipsa
2177 2418 2216 2438 ac

1238 2469 1318 2490 vere
1343 2463 1424 2489 sunt
1447 2462 1563 2488 motus
1590 2455 1728 2487 locales.
1796 2454 1884 2487 Nam
1916 2455 2143 2488 condensatio
2167 2464 2216 2489 est

1210 2510 1213 2562 ᾖ
1238 2507 1390 2551 partium
1408 2506 1722 2549 adpropinquatio‚
1750 2517 1838 2549 quae
1864 2504 2110 2546 suimet-dum,
2136 2519 2214 2540 cum

1238 2556 1401 2590 exhalant
1423 2557 1559 2601 aliquae
1585 2556 1730 2588 subtiles
1756 2562 1886 2598 partes,
1914 2554 2092 2588 interdum
2113 2557 2214 2590 etiam

1240 2620 1321 2641 cum
1337 2605 1429 2640 nihil
1447 2606 1595 2640 exhalat.
1638 2604 1814 2642 Econtra,
1839 2605 2024 2638 rarefactio
2047 2613 2106 2645 est,
2135 2619 2213 2640 cum

1240 2665 1352 2702 partes
1371 2658 1629 2703 expanduntur,
1656 2663 1688 2690 et
1703 2655 1801 2700 quasi
1818 2666 1857 2688 ex
1874 2656 1992 2698 priore
2008 2656 2086 2690 loco
2103 2657 2215 2690 disce-

1201 879 1213 2508 -———m-W-m.m-
1201 836 1207 865 --
1199 642 1206 827 ...u-m
