2379 2948
250 138 297 172 99

352 217 403 252 Do
436 217 561 250 ordine
591 215 659 248 cibi
683 220 714 246 et
745 212 878 251 somni,
928 211 1075 254 cognitis
1111 212 1222 246 causis

253 269 383 306 somni,
410 268 510 301 facile
527 273 574 299 est
593 262 814 300 ratiocinari,
842 272 905 294 nec
932 261 1054 296 inanes
1072 263 1225 296 suaviter

252 319 422 358 dormire,
448 329 510 349 nec
536 313 722 348 immodico
748 312 826 345 cibo
849 319 1021 348 oneratos.
1081 312 1227 356 Sapiens

253 369 440 413 antiquitas
459 368 494 398 in
513 364 676 398 omnibus
701 362 805 395 rebus
821 362 857 394 in
875 363 1005 395 tuendo
1029 363 1155 395 ordine
1171 362 1226 394 di·-

254 419 417 462 ligentior
433 417 507 450 snit.
543 412 647 446 Extat
663 413 769 455 igitur
785 413 983 456 exemplum
1001 413 1136 446 ordinis
1152 412 1228 445 bal-

253 480 409 505 nearum,
437 465 518 504 cibi,
547 470 581 496 et
597 463 711 496 somni
729 463 821 506 apud
833 462 1027 495 Homerum
1048 463 1085 495 in
1102 462 1227 496 ultimo

255 520 344 552 libro
363 515 556 560 Odysseae:

353 571 431 602 'Erat
456 570 618 606 λοῦσαι-το,
644 567 734 610 φάγοι
758 580 798 598 τε.

354 621 524 659 Ειίῑέμειίιι
548 621 706 658 μαλακῶς,
732 618 748 657 ἢ
771 618 827 658 γὰρ
852 617 919 656 δίκη
943 617 1005 648 ἐστὶ
1027 617 1186 658 γερόντων.

354 677 393 707 Ut
409 678 480 705 lavit
497 677 680 714 sumpsitque
697 675 806 710 cibum,
830 673 878 702 dat
893 675 1024 702 membra
1040 675 1154 714 sopori,

354 726 497 758 Mollibus
512 729 543 755 iu
559 727 652 754 stratis
663 748 672 761 ,
698 735 807 752 vacuus
826 734 953 763 curaque
968 730 1127 763 metuque:

356 777 487 816 Corpora
505 787 557 806 ceu
575 775 693 814 prodest
711 776 792 803 senio
813 774 947 803 confecta
963 774 1070 803 foveri.

355 841 506 874 Balneae
520 839 724 872 antecedant
741 848 875 872 coenas.
903 838 934 870 A
945 849 1050 870 coena
1067 837 1229 881 exiguum

256 893 297 926 sit
319 891 545 925 intervallum
564 890 607 921 ad
634 900 808 923 somnum.
860 886 967 920 Molli
990 888 1230 921 ambulatione

259 943 357 975 cibus
376 953 415 974 ex
436 940 567 974 orificio
585 938 771 971 ventriculi
788 938 978 978 descendit,
1006 944 1039 971 et
1055 937 1230 971 orificium

256 992 444 1025 clauditur.
478 989 617 1023 Deinde
632 988 729 1033 quies
746 988 938 1030 gratissima
957 995 1006 1021 est
1023 988 1230 1027 ventriculo,

255 1054 293 1075 ac
307 1042 460 1085 primum
475 1040 512 1072 in
529 1041 650 1072 dextro
668 1039 774 1071 latere
791 1038 991 1071 cubandum
1010 1045 1071 1078 est,
1098 1050 1141 1070 ne
1157 1036 1231 1071 hiet
1254 1077 1255 1088 ἵ

259 1104 296 1125 os
314 1091 510 1124 ventriculi.
563 1089 622 1122 Fit
637 1088 743 1131 igitur
757 1088 902 1121 collecto
921 1088 1033 1120 calore
1051 1088 1087 1120 in
1106 1099 1229 1121 somno

258 1142 368 1175 coctio
381 1167 390 1180 ‚
425 1138 633 1183 prohibetur
671 1137 842 1177 cruditas,
883 1144 1109 1171 conservatur
1136 1138 1231 1171 calor

256 1190 443 1227 naturalis,
476 1189 632 1231 gignitur
655 1187 793 1229 sanguis
820 1187 978 1228 suavior,
1014 1188 1172 1232 sequitur
1197 1194 1230 1221 et
1254 1191 1255 1212 ἱ

257 1241 386 1274 virium
407 1246 438 1272 et
456 1239 581 1272 coloris
598 1238 748 1271 bonitaS.

358 1290 500 1323 Moveat
523 1295 636 1322 antem
665 1286 822 1330 singulos
845 1287 1078 1321 consideratio
1104 1285 1229 1320 harum

256 1351 437 1374 causarum
461 1346 492 1372 et
516 1339 719 1377 effectuum,
744 1343 782 1369 ut
808 1337 940 1370 maiore
961 1350 1044 1371 cura
1069 1338 1229 1371 ordinem

257 1390 425 1424 divinitus
449 1389 646 1420 institutum
673 1387 710 1418 in
734 1393 858 1418 natura
893 1394 1079 1427 tueantur,
1111 1394 1145 1420 et
1167 1388 1231 1419 tri-

258 1442 366 1473 buant
383 1450 505 1472 somno
523 1436 742 1471 covenientia
762 1442 936 1479 tempora,
963 1449 1026 1469 nec
1043 1438 1231 1470 extendant

259 1490 394 1532 vigilias
426 1495 503 1531 post
534 1498 677 1520 coenam
704 1486 740 1518 in
771 1486 918 1519 multam
950 1493 1106 1527 noctem,
1143 1498 1232 1530 quae

260 1541 360 1572 valde
378 1538 589 1571 labefaciunt
608 1536 698 1569 vires
715 1533 861 1568 humani
886 1537 1053 1579 corporiS.
1105 1535 1232 1581 Sequi-

259 1598 315 1624 tur
332 1590 423 1622 enim
442 1588 604 1627 cruditas,
634 1586 822 1629 dissipatur
838 1586 932 1619 calor
948 1587 1130 1627 naturalis,
1157 1587 1233 1619 lan-
1257 1600 1258 1603 ¹

259 1640 387 1683 guescit
415 1640 526 1671 virtus
550 1636 735 1669 ventriculi
760 1642 791 1668 et
817 1636 946 1679 epatis,
977 1637 1132 1679 gignitur
1153 1648 1233 1669 san-

259 1691 334 1733 guis
352 1690 520 1732 impurus,
548 1687 700 1730 repletur
716 1698 840 1728 corpus
860 1686 997 1718 viciosis
1015 1684 1234 1727 humoribus,

260 1747 291 1773 et
315 1739 351 1772 sit
375 1735 599 1781 κακοχιχιιία,
638 1737 827 1769 turbantur
858 1736 1018 1779 spiritus,
1052 1737 1233 1769 cerebrum

260 1790 359 1822 valde
377 1789 580 1821 debilitatur
597 1786 804 1819 adsiduitate
822 1792 955 1826 motus,
982 1794 1015 1820 et
1037 1787 1112 1830 ipso
1130 1786 1234 1830 spiri-

263 1848 359 1872 tuum
387 1846 500 1878 aestu,
527 1850 565 1870 ac
591 1836 757 1879 impedita
784 1836 881 1868 suavi
909 1836 1113 1869 nutritione.
1164 1836 1235 1869 Nec

266 1889 481 1921 existimetur
500 1888 573 1919 leve
590 1887 700 1919 scelus
724 1897 815 1925 esse,
843 1886 983 1929 propria
1003 1898 1148 1930 corpora
1174 1899 1234 1930 pe-

263 1939 417 1972 tulanter
436 1949 575 1975 necare,
604 1943 635 1969 et
658 1947 880 1979 corrumpere
907 1948 966 1968 cor
992 1943 1023 1969 et
1042 1937 1236 1977 cerebrum,

264 2001 351 2033 quae
371 1989 497 2020 debent
513 1998 583 2019 esse
607 1985 783 2019 domicilia
805 1986 893 2024 Dei,
920 1992 953 2019 et
974 1987 1152 2020 actionum
1180 1987 1236 2019 di-

266 2050 426 2071 vinarum
442 2048 580 2080 organa.

630 2135 687 2168 De
712 2135 876 2168 somniis.

368 2208 546 2240 Addemus
563 2208 702 2240 brevem
727 2207 1003 2239 admonitionem
1022 2207 1065 2240 de
1081 2206 1237 2247 somniis,

269 2269 355 2301 quae
372 2259 547 2302 quomodo
564 2258 664 2297 fiant,
691 2257 830 2299 longior
846 2257 1108 2300 disputatio⁰est
1132 2257 1238 2298 infra,

270 2308 329 2340 ubi
349 2309 390 2340 de
413 2309 570 2340 sensibus
588 2308 815 2340 interioribus
832 2307 972 2341 dicitur.

371 2358 462 2391 Sunt
484 2365 599 2390 autem
623 2358 688 2390 alia
713 2355 871 2402 physica,
904 2357 970 2389 alia
995 2357 1134 2395 divina,
1169 2357 1236 2390 alia

271 2407 452 2442 diabolica.
504 2407 605 2440 Nunc
623 2409 664 2440 de
686 2405 835 2452 physicis
853 2407 976 2447 dicam,
1002 2419 1150 2450 quorum
1170 2408 1236 2440 alia

270 2463 349 2489 sunt
372 2457 524 2498 vulgaria
550 2464 580 2489 et
612 2457 894 2490 communissima
924 2457 1105 2497 omnibus,
1144 2454 1236 2489 nihil

270 2507 508 2549 significantia.
547 2507 624 2539 Atia
642 2508 774 2540 rariora
790 2514 871 2541 sunt
886 2513 1062 2551 utcunque
1075 2505 1235 2550 μαντικὰ

269 2568 328 2590 seu
349 2557 608 2600 praesagientia.
662 2556 816 2601 [jtraque
839 2564 953 2590 autem
972 2557 1019 2589 sic
1038 2557 1134 2590 fiunt.

367 2606 539 2648 Cogitatio
556 2606 701 2639 interior
723 2607 776 2644 fit,
810 2619 888 2640 cum
912 2608 1090 2640 cerebrum
1111 2606 1235 2640 feritur

492 129 699 167 SCRIPTA
727 129 800 163 PII.
829 125 945 162 MEL.
971 124 1038 161 AD
1064 125 1191 165 HIST.
1216 125 1359 164 PROF.
1385 124 1451 162 ET
1478 123 1667 162 PHILOS.
1693 123 2010 162 SPECTANTIA.

1250 256 1252 272 t

2181 127 2252 162 100

1277 223 1339 245 suo
1358 212 1510 257 quodam
1533 217 1632 244 motu
1657 210 1739 244 facit
1765 210 1952 254 spirituum
1975 211 2252 250 commixtiones,

1279 269 1311 295 et
1334 262 1584 305 compositione
1608 261 1795 305 spirituum
1816 261 1944 294 format
1966 261 2143 304 imagines.
2205 260 2253 296 Ut

1279 311 1371 344 enim
1404 312 1524 354 lingua
1556 323 1660 344 sonos
1691 323 1731 345 ex
1761 308 1900 344 trachea
1932 318 2088 354 acceptos
2113 312 2252 352 format,

1278 367 1312 395 et
1329 361 1366 394 in
1382 362 1430 394 eis
1444 362 1524 395 facit
1540 361 1759 395 articulatam
1776 372 1908 401 vocem,
1930 360 1977 394 ita
1994 362 2173 394 cerebrum
2190 362 2254 395 ad-

1279 411 1435 444 mirabili
1450 417 1575 444 natura
1591 422 1671 452 sua,
1696 411 1825 444 format
1847 411 1885 444 in
1902 410 2088 455 spirituum
2110 423 2253 456 compo-

1280 461 1406 495 sitione
1423 460 1602 503 imagines.

1382 519 1490 552 Fiunt
1507 519 1613 561 igitur
1629 524 1661 551 et
1677 518 1715 550 in
1731 530 1853 552 somno
1877 530 2048 552 concursu
2068 518 2254 562 spirituum

1282 568 1464 611 imagines,
1480 580 1628 612 quarum
1643 569 1773 601 multae
1789 575 1870 602 sunt
1887 569 2019 602 similes
2036 580 2153 602 earum
2165 568 2255 601 ima-

1281 619 1423 661 ginum,
1458 629 1544 663 quas
1569 618 1746 660 vigilando
1773 618 1982 659 formamus,
2016 619 2096 663 quia
2121 630 2160 651 ex
2181 630 2255 651 me-

1281 669 1392 701 moria
1419 668 1472 700 illi
1496 668 1655 711 spiritus,
1690 668 1819 712 quihus
1841 668 2009 711 imagines
2034 669 2167 712 priores
2187 668 2255 700 im-

1281 719 1482 763 pressimus,
1510 723 1707 753 recurrunt.
1742 716 1829 750 Inde
1845 714 1912 751 hoc
1931 718 2063 752 dictum
2082 725 2132 752 est
2150 717 2255 753 Clau-

1284 769 1399 802 diani:

1435 821 1597 852 Causidicis
1613 823 1696 859 lites,
1723 822 1842 860 aurigae
1855 821 1969 850 somnia
1984 832 2096 852 currus».

1382 890 1519 924 Multae
1550 891 1718 934 imagines
1744 890 1929 924 imitantur
1957 889 2140 930 humores,
2175 890 2257 934 quia

1280 941 1424 984 spiritus
1462 941 1639 985 accipiunt
1668 947 1936 984 temperamenta
1969 941 2013 974 ab
2039 938 2258 975 humoribus-

1282 990 1348 1032 Ut,
1375 991 1435 1035 qui
1466 992 1648 1025 abundant
1681 991 1807 1024 vitioso
1838 988 2054 1034 phlegmate,
2081 990 2258 1023 somniant

1281 1052 1316 1073 se
1347 1048 1478 1076 natare.
1539 1041 1590 1075 Ita
1613 1038 1799 1085 Ephialtae
1828 1041 1917 1074 fiunt
1941 1041 1978 1073 in
2002 1052 2143 1081 somno,
2178 1052 2257 1073 cum

1282 1102 1416 1124 crassus
1438 1089 1583 1132 humor,
1618 1103 1678 1124 scu
1699 1091 1739 1125 in
1764 1091 1924 1131 cerebro,
1957 1102 2017 1124 seu
2046 1090 2082 1122 in
2107 1088 2259 1130 thorace,

1282 1141 1431 1185 impedit
1446 1147 1579 1174 motum
1598 1139 1766 1181 thoracis,
1791 1152 1898 1185 eaque
1915 1140 2124 1184 compressio
2142 1146 2259 1173 movet

1282 1191 1589 1234 imaginationem,
1622 1198 1662 1224 ut
1694 1191 1820 1235 cogitet
1840 1191 1884 1224 ab
1909 1191 2027 1235 aliquo
2055 1190 2123 1223 alio
2146 1189 2259 1234 premi

1281 1239 1474 1275 thoracem.

1356 1306 1466 1343 »Alia
1484 1308 1618 1341 rariora
1636 1313 1718 1341 sunt
1731 1304 1910 1351 μαντικὰ,
1939 1318 2026 1351 quae
2049 1313 2165 1340 tamen
2187 1318 2260 1340 non

1284 1365 1364 1392 sunt
1387 1359 1528 1397 divina,
1559 1359 1618 1389 sed
1648 1362 1729 1388 sunt
1752 1355 1938 1389 familiaria
1962 1357 2064 1390 certis
2089 1363 2261 1400 tempera·

1282 1407 1425 1447 mentis,
1453 1406 1541 1440 sicut
1557 1406 1646 1439 alius
1664 1417 1726 1438 suo
1752 1411 2025 1449 temperamento
2048 1406 2157 1448 magis
2181 1417 2260 1440 mu-

1284 1458 1374 1490 sicus
1392 1463 1459 1497 est,
1487 1467 1592 1500 quam
1609 1456 1710 1495 alius,
1737 1462 1795 1488 aut
1809 1455 1933 1498 agilior
1948 1456 1989 1488 ad
2009 1456 2260 1492 scandendum.

1256 1516 1257 1524 ¹
1286 1506 1391 1540 Tales
1417 1513 1558 1539 naturas
1581 1505 1740 1539 nominat
1762 1505 1970 1538 Aristoteles
1999 1503 2261 1551 εὐθυονείρους

1283 1555 1345 1591 καὶ
1361 1553 1567 1600 εὐστόχους,
1594 1567 1681 1600 quae
1696 1556 1832 1599 saepius
1850 1552 1982 1590 habent
1998 1556 2134 1589 somnia
2151 1557 2261 1599 signi-

1284 1607 1442 1644 ficantia,
1471 1618 1575 1651 quam
1593 1605 1692 1640 aliae.
1744 1603 1916 1638 Existimo
1938 1611 2052 1638 autern
2075 1613 2166 1639 recte
2190 1607 2261 1640 dici

1257 1687 1259 1692 ,
1287 1668 1424 1689 causam
1445 1668 1516 1689 esse
1541 1655 1806 1698 temperamenti
1829 1655 2094 1699 proprietatem,
2120 1656 2208 1690 sicut
2228 1663 2261 1690 et

268 2669 283 2689 a
300 2657 497 2700 spiritibus,
525 2664 558 2690 et
575 2657 772 2695 cerebrum,
800 2658 892 2701 quod
911 2657 1047 2690 assidue
1063 2663 1234 2698 movetur,
1256 2660 1257 2693 j

1285 1706 1463 1749 Astrologi
1479 1706 1688 1739 existimant.
1741 1704 1810 1737 Sed
1830 1705 1940 1748 inepti
1956 1713 2054 1743 sunt,
2084 1707 2142 1750 qui
2161 1718 2261 1749 prae—

1285 1764 1381 1800 cepta
1398 1758 1440 1789 de
1458 1754 1807 1799 interpretationibus
1825 1756 1981 1794 tradunt,
1999 1767 2076 1789 cum
2095 1756 2156 1789 alii
2176 1756 2261 1789 alias

1286 1805 1438 1840 habeant
1460 1806 1640 1849 imagines.

1388 1870 1558 1916 Exempla
1592 1883 1674 1904 vero
1705 1872 1743 1904 in
1776 1867 1932 1904 historiis
1961 1871 2069 1904 multa
2097 1871 2262 1914 leguntur

1287 1934 1493 1966 magnorum
1519 1923 1666 1961 ducum,
1700 1927 1738 1954 ut
1761 1920 1894 1965 Syllae,
1917 1919 2078 1961 Luculli,
2117 1927 2149 1954 et
2171 1923 2260 1955 alio·-

1287 1985 1378 2010 rum,
1401 1972 1461 2016 qui
1479 1972 1515 2004 in
1534 1971 1680 2004 somniis
1695 1971 1825 2004 multos
1842 1977 1985 2003 eventus
2000 1971 2262 2015 praeviderunt.

1288 2022 1335 2057 Et
1345 2022 1493 2065 Augusti
1511 2022 1666 2054 medicus
1684 2021 1919 2054 somniaverat
1935 2021 1972 2053 in
1990 2021 2126 2062 castris,
2154 2022 2262 2066 diripi

1289 2073 1552 2107 tabernaculum
1580 2069 1742 2113 Augusti.
1809 2069 2024 2104 Admonitus
2058 2071 2165 2114 igitur
2184 2071 2262 2105 Au-

1290 2131 1424 2167 gustus,
1451 2123 1520 2155 alio
1537 2122 1688 2156 secessit.
1741 2120 1812 2154 Nec
1828 2121 1952 2154 fefellit
1968 2128 2123 2157 eventus.
2169 2120 2260 2155 Nam

1289 2181 1366 2217 post
1378 2185 1530 2217 pugnarn
1547 2173 1664 2216 fugato
1688 2172 1750 2205 illo
1782 2183 1913 2212 cornu,
1940 2172 2116 2215 direptum
2141 2178 2193 2206 est
2207 2178 2260 2206 ta-

1288 2224 1527 2258 bernaculuni.

1389 2281 1511 2315 Cicero
1525 2281 1634 2315 multa
1649 2280 1780 2320 recitat,
1800 2286 1832 2313 et
1849 2279 1921 2322 ipse
1938 2278 2136 2320 somniavit,
2152 2276 2260 2312 Octa-

1288 2332 1385 2365 vium
1401 2333 1592 2376 principem
1611 2331 1823 2375 reipublicae
1844 2329 1930 2370 fore,
1957 2329 2159 2374 priusquam
2174 2340 2260 2372 pue-

1288 2394 1366 2415 rum
1388 2389 1515 2418 nosset.

1387 2441 1458 2474 Nec
1473 2442 1599 2474 desunt
1615 2450 1761 2484 usquam
1780 2438 1934 2481 exempla
1958 2438 2080 2471 talium
2103 2437 2260 2471 somnio-

1286 2503 1373 2524 rum.
1408 2490 1460 2524 Ac
1481 2491 1589 2524 multa
1605 2490 1753 2522 recitare
1771 2500 1809 2521 ex
1826 2488 1983 2531 proximo
2002 2487 2095 2520 bello
2113 2498 2260 2530 possem.

1386 2555 1597 2599 Quanquam
1620 2560 1734 2587 autem
1759 2565 1858 2596 saepe
1887 2552 2014 2585 talibus
2036 2551 2183 2585 somniis
2204 2563 2259 2584 re-

1284 2607 1456 2649 spondent
1473 2612 1634 2643 eventus,
1663 2610 1780 2637 tamen
1800 2602 1909 2636 multa
1927 2602 2030 2635 etiam
2053 2602 2091 2634 in
2111 2599 2178 2634 hoc
2199 2612 2260 2645 ge-

1283 2667 1365 2688 nere
1381 2662 1463 2689 sunt
1478 2663 1536 2690 aut
1553 2655 1716 2699 ambigua
1733 2660 1765 2688 et
1779 2652 1925 2694 fallacia,
1951 2658 2011 2686 aut
2024 2662 2165 2696 prorsus
2181 2651 2258 2684 ina-
