2379 2948
139 106 216 142 235

140 191 273 225 diurno
290 191 402 225 motui
420 191 566 238 proprio
583 190 678 227 Solis
693 191 842 235 singulis
857 191 994 232 diebus,
1016 201 1131 236 quan-

142 248 218 276 tum
245 242 409 277 diximus.

244 290 323 326 Etsi
342 293 448 336 igitur
464 299 580 326 motus
594 292 759 336 proprius
775 291 869 326 Solis
893 292 931 324 in
951 304 1013 326 suo
1033 293 1129 325 defe-

141 349 241 376 rente
256 344 411 388 aequalis
426 350 496 384 est,
521 350 795 376 consentaneum
811 349 861 376 est
885 344 980 376 enim
1003 355 1131 386 corpus

141 393 288 437 simplex
310 394 517 437 regulariter
532 393 682 433 moveri,
706 399 825 426 tamen
842 393 973 427 relatus
998 395 1042 427 ad
1058 393 1129 427 Zo-

142 444 282 477 diacum
308 443 505 488 inaequalia
536 444 651 487 spacia
683 443 829 477 Zodiaci
858 445 1018 489 quotidie
1050 456 1128 489 per-
1154 487 1155 493 ἵ

142 502 257 537 agrat,
290 495 387 539 quod
405 500 443 527 ut
467 494 605 528 ostendi
630 494 758 538 possit,
793 496 1007 529 eccentricus
1032 496 1129 529 orbis
1153 525 1155 537 ,

141 544 260 578 Solem
284 544 444 578 deferens
468 555 572 588 supra
606 551 766 578 centrum
792 546 919 579 mundi
943 546 1127 582 attollitur.
1152 577 1155 589 ,

141 593 215 628 Iam
240 606 307 639 qua
336 601 435 638 parte
466 595 680 629 eccentricus
711 596 857 639 propior
887 603 938 630 est
961 597 1128 637 Zodiaco‚

140 645 251 678 maius
282 645 439 689 spacium
466 646 650 679 eccentrici
675 647 737 680 uni
768 647 868 690 signo
893 647 1038 681 Zodiaci
1070 660 1126 681 re-

139 695 297 739 spondet.
354 694 400 729 Ut
419 697 447 728 si
467 696 585 739 plures
608 697 758 730 circulos
777 698 900 741 pingas
917 698 952 731 in
977 711 1049 731 uno
1067 710 1126 731 ex-

139 753 249 779 tremo
268 745 421 786 circulo,
449 747 594 790 propior
608 755 762 781 extremo
786 749 899 781 maior
924 755 992 789 est,
1018 761 1124 794 quam

136 796 260 830 tertius
278 804 336 829 aut
353 803 509 841 quartus,
552 797 752 831 Maioribus
774 805 889 832 autem
906 800 1031 843 spaciis
1046 800 1125 843 plus

137 847 306 890 temporis
331 855 522 891 competet,
550 861 628 881 cum
648 856 851 893 peragrator
874 850 910 882 in
932 862 991 883 sua
1009 851 1124 883 orbita

134 895 277 930 vehitur
301 899 504 943 aequaliter.

134 948 214 992 pior
239 956 288 982 est
311 956 431 983 contro
456 950 601 990 mundi,
628 950 678 983 ibi
701 950 820 984 minus
841 952 995 994 spacium
1014 952 1050 984 in
1069 964 1124 984 ec-

133 999 289 1032 centrico
309 1001 498 1043 respondet
514 1001 575 1033 uni
594 1001 693 1043 signo
711 1000 867 1035 Zodiaci.
909 1002 1122 1045 Angustiora

132 1062 214 1082 vero
251 1050 352 1083 citius
386 1058 628 1095 peragrantur.

131 1100 231 1145 pingi
262 1108 420 1145 possunt.

461 1203 490 1226 1>

229 1807 267 1841 Si
295 1807 382 1840 duas
415 1806 527 1840 lineas
552 1819 592 1841 ex
623 1819 695 1841 uno
726 1813 846 1841 centro
870 1807 1014 1845 educas,
1049 1817 1119 1850 quo

126 1858 266 1903 longius
281 1858 406 1896 duces,
434 1869 474 1891 eo
499 1858 608 1901 magis
626 1858 822 1892 distabunt.
876 1856 1034 1900 Longius
1057 1867 1120 1888 au—

125 1918 195 1945 tem
213 1909 276 1944 Sol
301 1907 433 1942 recedit
451 1920 471 1942 a
496 1915 618 1942 centro
641 1909 786 1949 mundi,
813 1908 957 1954 quando
978 1903 1120 1939 vehitur

126 1961 162 1994 in
179 1960 287 2004 signis
304 1959 463 2001 aestivis,
490 1960 637 2004 propior
654 1972 738 1993 vero
760 1966 810 1993 est
835 1965 957 1992 centro
981 1957 1119 1997 mundi,

127 2023 205 2046 cum
225 2017 276 2045 est
291 2010 328 2043 in
346 2010 455 2053 signis
471 2007 643 2046 hibernis.
698 2009 782 2043 Ideo
800 2016 933 2044 veteres
951 2009 1118 2042 dixerunt

125 2062 315 2096 tardiorem
335 2072 408 2094 esse
422 2067 556 2095 motum
572 2061 666 2095 Solis
683 2062 720 2095 in
739 2061 848 2105 signis
865 2059 1019 2098 aestivis,
1035 2059 1117 2104 quia

125 2112 176 2147 ibi
200 2113 331 2146 maiora
356 2112 470 2156 spacia
493 2113 712 2157 peragranda
742 2118 836 2146 sunt.
891 2110 933 2144 In
957 2108 1116 2144 hibernis

126 2176 208 2197 vero
234 2163 344 2206 signis
375 2169 510 2196 motum
535 2162 629 2197 Solis
660 2175 731 2197 esse
764 2162 997 2203 velocIOrem‚
1032 2161 1114 2206 quia

125 2215 176 2249 ibi
192 2214 330 2247 minora
351 2214 466 2257 spacia
481 2222 723 2258 peragrantur.

211 2264 307 2298 Haec
325 2264 533 2298 crassissima
551 2265 754 2309 imaginatio
773 2264 879 2298 nobis
895 2261 952 2297 hic
968 2263 1005 2296 in
1023 2260 1114 2308 phy-

126 2316 205 2351 sicis
221 2314 381 2349 sufficiat.
419 2313 497 2349 Hoc
520 2316 614 2349 enim
638 2318 772 2360 agimus
784 2342 793 2357 ‚
815 2322 856 2349 ut
869 2315 1032 2348 rudiores
1048 2311 1114 2346 bac

124 2365 426 2406 consideratione,
450 2371 483 2399 et
499 2367 598 2411 quasi
614 2367 748 2411 pictura
765 2373 947 2411 utcunque
963 2364 1115 2406 excitati,

125 2425 245 2463 postea
264 2415 402 2450 avidius
421 2422 586 2459 appetant
599 2419 780 2453 doctrinae
796 2418 921 2458 fontes,
949 2423 982 2450 et
999 2415 1112 2450 subti—
1136 2446 1137 2464 5

1135 2466 1137 2495 ἕ
1160 2467 1205 2499 sit
1221 2465 1373 2500 circulus
1389 2464 1575 2502 zodiacus,
1598 2464 1659 2496 ubi
1675 2464 1746 2497 sint
1763 2464 1838 2497 eius
1855 2465 1941 2508 poli,
1968 2471 2000 2499 et
2016 2472 2150 2510 quanta

125 2469 231 2502 liores
263 2466 600 2508 demonstrationes,
642 2482 731 2514 quae
758 2469 797 2502 in
825 2465 1032 2506 Theoricis,
1072 2478 1112 2500 ac

124 2520 251 2553 deinde
270 2519 307 2551 in
325 2516 525 2551 Ptolemaeo
542 2519 740 2553 traduntur.

223 2569 334 2614 Saepe
357 2574 474 2602 autem
498 2567 591 2601 docti
617 2565 778 2604 homines
804 2568 962 2613 exempla
985 2568 1032 2602 ab
1053 2565 1111 2601 his

124 2620 269 2654 diversis
300 2618 456 2652 motibus
488 2625 654 2661 sumunt,
688 2632 778 2665 quae
805 2619 957 2662 intelligi
988 2618 1108 2663 aliquo

121 2672 228 2705 modo
250 2671 325 2705 sine
347 2666 403 2702 bis
424 2668 537 2704 initiis
555 2680 630 2703 non
653 2677 819 2715 possunt,
844 2676 883 2703 ut
896 2667 1109 2704 Plutarchus

718 105 785 144 111.
836 103 996 141 thTtA
1021 101 1315 141 DOCTRINAE
1343 105 1596 145 PHYSICAE.

557 897 714 933 Econtra
741 912 844 940 vero,
872 901 932 933 ubi
952 900 1012 934 Sol
1042 914 1124 944 pro-
1148 925 1152 930 .

695 1050 790 1084 Haec
825 1052 975 1085 rudibus
1009 1064 1149 1096 crasse1

2097 109 2174 146 234

1184 188 1320 235 inquit,
1347 191 1523 236 principes
1541 192 1659 227 Solem
1685 193 1814 228 imitari
1838 193 1983 236 debere,
2010 194 2071 240 qui
2091 207 2171 229 cum

1183 240 1221 272 in
1245 240 1323 273 loco
1351 241 1484 274 boreali
1520 244 1562 276 ad
1594 257 1770 278 summum
1801 245 1978 289 fastigium
2003 247 2170 285 ascendit,

1182 290 1381 325 tardissime
1404 300 1582 333 movetur,
1609 303 1645 328 ut
1671 296 1890 330 securitatem
1916 296 2071 329 contatio
2096 297 2171 329 effi-

1181 341 1260 377 ciat.
1320 340 1369 374 lta
1395 342 1491 385 vult,
1525 344 1698 388 principes
1728 346 1764 378 in
1793 359 1930 380 summo
1963 346 2101 389 fastigio
2135 353 2170 380 et

1180 391 1343 424 maximis
1372 393 1587 425 successibus
1614 396 1841 429 modestiores
1868 404 1901 430 et
1932 397 2170 431 contantiores

1180 454 1272 481 esse,
1298 454 1341 475 ne
1360 443 1442 476 elati
1459 443 1622 476 fortunae
1637 445 1768 486 favore,
1795 453 1828 479 et
1842 448 1908 481 sihi
1925 448 2170 491 praefidentes,

1154 496 1155 500 ’
1180 494 1424 537 obtemperent
1441 493 1557 537 pravis
1576 494 1789 535 adfectibus,
1816 504 1874 531 aut
1897 498 2028 532 incauti
2052 504 2170 539 ruant,

1152 540 1155 569 ¹
1180 551 1212 577 et
1227 550 1394 577 moveant
1410 556 1464 576 res
1486 556 1558 576 non
1573 546 1801 586 necessarias,
1829 553 1862 580 et
1877 547 1944 580 sibi
1960 555 1991 581 et
2009 548 2168 592 imperiis

1180 603 1284 627 tetras
1304 595 1552 627 conversiones
1569 603 1760 635 accersant,
1784 603 1824 629 ut
1839 597 1995 630 fecerunt
2013 598 2165 642 Pompe-

1179 646 1252 685 ius,
1280 643 1470 679 Antonius.
1526 644 1641 678 Verba
1664 644 1845 679 Plutarchi
1868 644 1953 679 haec
1979 655 2077 680 sunt:
2106 661 2166 691 μι-

1176 694 1369 739 ιιιοιχιιίιόυ
1384 693 1448 730 τὸν
1464 693 1567 740 ἣλιον
1582 698 1649 730 τοῦ
1666 695 1864 740 ἄρχοντος,
1892 696 1931 735 ὃς
1952 695 2043 731 ὅταν
2062 696 2166 741 ὕψω-

1175 759 1241 790 μα,
1259 742 1355 791 λάβῃ
1370 745 1558 794 μέγιστον,
1579 745 1746 791 ἐξαρθεὶς
1763 747 1802 781 ἐν
1819 749 1895 786 τοῖς
1909 745 2069 792 βορείοις
2085 745 2166 781 ἐλά-

1149 808 1261 841 ’χισα
1291 798 1461 838 κινεῖται,
1490 799 1543 842 τῷ
1573 796 1817 843 σχολαιοτέρῳ
1848 796 1914 832 τὸν
1944 795 2087 843 δρόμον
2118 799 2166 836 εἷς

1176 844 1339 893 ἀσφαλὲς
1354 846 1640 891 καθιστάμενος.
1690 847 1926 893 inaequalitas
1944 855 2059 882 autem
2079 861 2166 894 qua-

1176 899 1216 930 lis
1235 899 1298 938 sit,
1327 906 1444 942 postea
1467 899 1503 930 in
1522 899 1651 931 tabulis
1673 901 1913 941 cognoscitur,
1940 899 2002 932 ubi
2021 900 2166 943 adparet

1174 949 1264 982 circa
1297 949 1495 992 fastigium,
1528 948 1645 983 Solem
1678 956 1776 982 motu
1805 950 1948 994 proprio
1982 961 2165 993 peragrare

1174 1000 1311 1033 minuta
1328 998 1387 1033 57.
1415 998 1463 1033 At
1479 1000 1515 1032 in
1533 999 1694 1044 opposito
1714 1000 1791 1033 loco
1808 1002 1956 1043 gradum
1976 1000 2164 1043 integrum,

1147 1061 1149 1065 “
1174 1056 1207 1083 et
1226 1051 1369 1094 insuper
1387 1051 1564 1083 minutum
1584 1062 1716 1088 unum,
1745 1059 1776 1085 et
1794 1052 1929 1097 aliquot
1948 1052 2112 1084 secunda.

1146 1120 1150 1211 ςΙ
1175 1171 1243 1210 Qua·
1268 1172 1393 1203 motus
1428 1166 1603 1216 efficiant
1628 1168 1731 1210 dies,
1775 1172 1813 1202 et
1842 1171 1904 1214 qui
1935 1173 2060 1204 motus
2086 1179 2162 1203 ‹me-

1146 1217 1149 1263 ξ
1513 1221 1636 1253 tiatur
1663 1230 1818 1254 annum.

1277 1284 1380 1320 Dicat
1405 1291 1520 1319 autem
1545 1286 1695 1331 aliquis,
1731 1286 1816 1331 quid
1843 1287 1984 1330 prodest
2008 1287 2163 1330 aspicere

1176 1335 1238 1369 bos
1255 1337 1426 1375 circulos,
1450 1336 1580 1377 lineas,
1608 1343 1808 1370 centrorum
1834 1344 1982 1380 puncta,
2010 1337 2162 1370 circum-

1174 1388 1383 1426 girationem
1406 1386 1519 1428 Solis,
1556 1398 1662 1430 quam
1686 1385 1771 1419 haec
1796 1387 1948 1430 aspectio
1972 1387 2163 1421 utilitatem

1175 1433 1302 1467 habet?

1146 1473 1148 1507 Ι
1276 1484 1500 1528 RespondeO.
1553 1483 1648 1519 Haec
1673 1493 1722 1520 est
1746 1487 1898 1527 utilitas,
1924 1494 1963 1522 ut
1986 1487 2161 1521 discamus

1175 1537 1256 1569 inde
1274 1548 1403 1576 causas,
1428 1548 1580 1581 quorum
1599 1544 1758 1571 motuum
1776 1538 1901 1571 ordine
1915 1538 1989 1571 dies
2006 1538 2161 1571 effician-

1174 1595 1240 1627 tur,
1266 1587 1385 1631 quain
1404 1599 1440 1619 re
1458 1594 1612 1621 nontam
1632 1588 1727 1622 iuvat
1746 1589 1872 1622 lionam
1890 1596 2040 1622 mentem
2058 1600 2161 1622 nosse

1173 1651 1188 1670 c
1203 1649 1311 1671 ousam
1331 1638 1420 1678 diei,
1449 1650 1554 1682 quam
1572 1640 1667 1682 quod
1686 1647 1755 1673 tam
1773 1639 1957 1673 artificiose
1980 1639 2161 1684 copulavit

1172 1687 1267 1722 Deus
1282 1689 1371 1722 duos
1389 1695 1513 1722 motus.
1567 1687 1728 1723 Primum
1755 1691 1854 1723 illum
1873 1691 1916 1723 ab
1934 1698 2014 1724 ortu
2040 1691 2077 1722 in
2101 1702 2160 1723 oc-

1171 1751 1309 1779 casum,
1338 1745 1371 1772 et
1395 1739 1543 1772 alterum
1571 1741 1754 1784 proprium
1780 1740 1891 1781 Solis,
1925 1741 2005 1785 quia
2030 1739 2158 1773 horum

1171 1789 1346 1834 copulatio
1365 1789 1469 1822 efficit
1484 1790 1621 1822 dierum
1640 1790 1857 1825 discrimina.

1278 1846 1324 1881 Ut
1341 1854 1456 1880 autem
1474 1854 1585 1880 metae
1603 1855 1806 1890 teneantur,
1832 1861 1970 1882 necesse
1987 1856 2038 1883 est
2055 1861 2158 1883 nosse

1170 1898 1322 1942 pueriles
1339 1897 1591 1942 descriptiones
1607 1899 1840 1940 circulorum,
1867 1912 1955 1945 quae
1978 1900 2015 1932 in
2032 1899 2156 1934 libello

1170 1946 1352 1992 sphaerico
1369 1949 1572 1983 traduntur.
1600 1948 1789 1994 Proprium
1806 1950 1872 1984 iter
1888 1950 1982 1985 Solis
1997 1957 2047 1985 est
2062 1951 2156 1985 linea

1167 1999 1284 2033 media
1309 1998 1474 2039 Zodiaci,
1508 2011 1598 2045 quae
1625 2008 1770 2035 vocatur
1794 1999 1986 2045 Ecliptica,
2020 2013 2060 2035 ex
2090 1999 2157 2036 hac

1167 2061 1351 2095 nunquam
1369 2049 1432 2084 Sol
1447 2050 1657 2093 digreditur,
1673 2059 1711 2086 ut
1726 2053 1850 2085 caeteri
1864 2051 2041 2087 Planetae.
2070 2051 2154 2085 Ideo

1167 2113 1245 2134 cum
1270 2100 1364 2134 Solis
1389 2100 1457 2135 iter
1481 2101 1713 2135 certissimum
1744 2102 1809 2143 sit,
1838 2108 1870 2136 et
1895 2101 1957 2136 Sol
1982 2109 2153 2148 tanquam

1166 2153 1236 2185 dux
1260 2151 1306 2185 sit
1321 2151 1541 2196 reliquorum
1559 2151 1806 2194 planetarum,
1831 2153 1971 2196 cognito
1996 2153 2071 2186 eius
2094 2153 2155 2186 iti-

1165 2214 1265 2243 nere,
1299 2202 1438 2235 facilius
1462 2203 1619 2247 conspici
1645 2203 1774 2236 deinde
1804 2210 1936 2247 potest,
1970 2205 2151 2248 quomodo

1164 2261 1261 2294 ante,
1289 2260 1350 2287 aut
1364 2259 1443 2298 post
1461 2265 1561 2293 eum,
1585 2261 1643 2287 aut
1661 2254 1698 2287 in
1718 2254 1886 2287 lateribus
1909 2254 2075 2288 incedant
2093 2266 2150 2288 re-

1163 2305 1251 2350 liqui
1279 2304 1475 2348 stipatores,

1253 2362 1302 2397 Et
1319 2375 1398 2397 cum
1415 2374 1470 2396 res
1486 2364 1646 2396 ostendat
1662 2362 1779 2397 Solem
1796 2363 1940 2407 proprio
1957 2370 2056 2398 motu
2075 2375 2150 2398 non

1162 2426 1266 2459 snper
1283 2414 1375 2459 polis
1397 2414 1522 2447 mundi
1540 2413 1719 2453 incedere,
1747 2414 2007 2453 consideretur,
2033 2415 2151 2460 qualis

1160 2517 1205 2551 sit
1222 2528 1241 2550 a
1265 2516 1359 2561 polis
1379 2515 1506 2548 mundi
1529 2514 1707 2549 distantia.
1758 2512 1805 2548 Et
1823 2515 1991 2560 quoniam
2009 2527 2150 2550 necesse

1159 2575 1210 2602 est
1227 2566 1413 2602 intervalla
1430 2563 1574 2598 Zodiaci
1593 2564 1764 2606 discerni,
1789 2566 1870 2611 quia
1896 2566 1934 2599 in
1952 2566 2030 2600 aliis
2055 2578 2149 2611 pun-

1158 2618 1222 2652 ctis
1245 2616 1389 2651 Zodiaci
1413 2615 1503 2648 fiunt
1532 2615 1771 2660 aequinoctia,
1806 2617 1844 2649 in
1873 2617 1954 2650 aliis
1982 2617 2147 2657 solsticia,

1156 2669 1314 2714 picturae
1329 2665 1451 2701 circuli
1468 2666 1749 2711 aequinoctialis,
1766 2667 1995 2712 tropicorum‚
2010 2674 2043 2702 et
2054 2667 2146 2701 alio-
