2379 2948
221 99 296 138 575
464 99 672 137 SCRIPTA
700 99 774 134 PH.
801 96 918 134 MEL.
945 96 1012 134 AD
1037 98 1165 139 HIST.
1191 100 1336 141 PROF.
1362 100 1428 138 ET
1456 101 1645 140 PHILOS.
1671 103 1996 145 SPECTANTIA.
2158 108 2234 144 376

230 186 288 219 An
315 184 425 220 libere
442 191 479 221 et
495 189 748 232 contingenter
777 189 867 232 agat
891 187 1034 230 primus
1059 185 1206 221 motor?

329 260 452 294 Voluit
477 260 571 294 Deus
603 260 757 304 aliq-uam
783 272 855 293 esse
879 261 1052 305 reliquam
1078 262 1116 294 in
1139 274 1207 295 no-

229 311 310 345 stris
338 312 514 343 mentibus
543 311 586 342 de
614 321 649 342 se
675 310 860 351 noticiam,
905 323 992 355 quae
1027 318 1206 357 utcunque

229 368 398 394 monstret
414 372 511 399 eum,
536 366 569 392 et
583 367 724 393 moneat
746 361 858 405 qualis
882 361 925 394 sit
944 362 1034 405 ipse,
1062 369 1096 395 et
1120 369 1207 407 quot

229 412 271 444 sit
290 411 397 454 ipsius
414 410 584 443 iudicium
603 411 645 443 de
662 417 752 443 recte
770 418 803 444 et
819 423 915 445 secus
933 412 1042 452 sactis,
1069 417 1103 444 et
1119 423 1207 457 quae

231 462 273 493 sit
289 460 516 502 gubernatrix
541 472 681 494 morum
705 468 921 495 nostrorum.
976 461 1096 504 Quare
1119 462 1206 495 utile

229 517 278 543 est
297 510 536 548 considerare,
563 522 746 556 quousque
761 512 1006 555 progrediatur
1024 523 1122 545 mens
1139 510 1208 545 hu-

229 571 351 601 mana,
378 560 453 592 sine
471 572 553 593 voce
567 560 653 605 Dei,
681 563 849 605 patefacta
874 562 911 594 in
931 560 1100 595 Ecclesia.

331 625 472 658 Firmae
496 633 530 659 et
555 626 719 659 immotae
750 627 1066 660 demonstrationes
1089 633 1208 660 osten-

230 678 337 716 dunt,
363 687 433 709 esse
450 675 586 717 Deum,
612 678 801 710 ostendunt
818 684 851 710 et
877 677 990 721 qualis
1015 677 1078 717 sit,
1109 677 1208 709 vide-

230 727 310 759 licet
335 726 483 759 essentia
501 726 718 769 intelligens,
752 728 941 759 immensae
966 727 1158 770 sapientiae
1176 734 1209 760 et

230 777 424 821 potentiae,
456 788 576 815 verax,
611 778 722 817 bona,
757 778 866 817 iusta,
898 777 1069 818 benefica,
1105 784 1209 817 casta,

229 827 428 866 liberrima,
460 837 601 859 servans
622 824 712 859 hanc
736 839 852 859 rerum
878 833 1051 861 naturam.
1115 827 1206 860 Cum

232 877 325 909 enim
341 874 447 909 homo
471 877 514 909 sit
535 883 659 910 natura
694 877 894 919 intelligens
923 884 955 910 et
989 878 1118 918 libera,
1146 890 1207 909 ne-

230 938 321 959 cesse
344 933 393 960 est
417 938 571 968 causam,
603 939 621 959 a
645 939 711 971 qua
735 934 850 960 ortum
874 934 923 960 est
948 939 1055 970 genus
1081 925 1208 960 huma—

232 989 317 1010 num
329 1003 338 1018 ,
364 977 547 1010 essentiam
564 989 634 1010 esse
653 978 906 1021 intelligentem
923 985 955 1011 et
971 978 1129 1011 liberam.

333 1044 491 1085 Deinde,
519 1057 596 1077 cum
615 1045 652 1076 in
669 1052 784 1078 mente
803 1043 956 1078 humana
980 1045 1118 1078 luceant
1143 1057 1208 1077 no-

231 1096 350 1134 ticiae,
393 1106 480 1139 quae
515 1095 672 1127 iudicant
702 1095 899 1135 veritatem,
933 1096 1208 1136 beneficentiam,

230 1145 400 1178 iusticiam
413 1171 420 1183 ‚
447 1145 635 1177 castitatem
648 1171 656 1184 ‚
683 1157 737 1177 res
754 1146 863 1178 bonas
882 1152 913 1179 et
933 1146 1109 1188 eligendas
1126 1157 1208 1185 esse,

231 1203 263 1228 et
287 1194 459 1227 contraria
482 1195 663 1236 fugienda,
691 1202 723 1228 et
747 1196 965 1239 experiamur
990 1193 1085 1229 hunc
1108 1196 1206 1228 ordi—

230 1257 310 1277 nem
336 1244 513 1277 mentibus
536 1245 680 1278 insitum
708 1257 798 1285 esse,
836 1252 873 1279 ut
898 1243 1081 1278 horribilis
1106 1246 1208 1278 dolor

229 1303 262 1328 et
280 1295 468 1328 destructio
486 1302 631 1327 naturae
648 1302 825 1339 sequatur,
847 1308 926 1328 cum
946 1297 1120 1329 contraria
1140 1308 1206 1328 no-

229 1346 320 1378 ticiis
345 1346 432 1385 illis,
467 1357 555 1389 quae
579 1352 668 1378 recta
696 1346 835 1385 iubent,
868 1346 1032 1386 facimus,
1069 1358 1206 1379 necesse

230 1402 279 1428 est
298 1402 329 1427 et
348 1394 461 1427 Deum
482 1395 583 1427 talem
600 1407 682 1436 esse,
706 1396 786 1439 quia
805 1396 1022 1437 impossihile
1037 1402 1086 1428 est
1105 1408 1205 1439 prae-

230 1446 431 1478 stantiorem
464 1451 645 1485 naturam,
677 1451 715 1478 ut
745 1445 1016 1487 intelligentem,
1048 1446 1206 1485 liberam,

230 1495 387 1528 iusticiae
404 1495 701 1537 approbatricem‚
729 1507 748 1527 a
765 1496 937 1528 deteriore
953 1495 1053 1528 oriri.
1105 1494 1206 1528 Esset

229 1552 345 1578 autem
363 1544 482 1577 divina
497 1551 570 1578 toto
591 1556 716 1587 genere
740 1546 910 1585 deterior,
937 1546 966 1578 si
985 1558 1057 1578 non
1082 1552 1115 1578 et
1133 1546 1203 1587 ipsa

232 1602 320 1628 esset
338 1595 556 1637 intelligens,
583 1595 781 1634 liberrima,
809 1602 841 1628 et
858 1595 1013 1628 iusticiae
1030 1596 1204 1638 adproba-

228 1646 309 1678 trix.
363 1644 437 1677 Imo
469 1645 657 1678 destructio
691 1647 727 1676 in
757 1645 940 1678 doloribus
972 1646 1204 1678 conscientiae

229 1695 381 1728 ostendit
408 1706 566 1734 causam,
600 1706 687 1739 quae
715 1695 815 1738 punit
845 1702 877 1728 et
902 1696 1069 1738 destruit,
1106 1695 1204 1727 simi-

226 1746 306 1778 liter
322 1745 487 1780 iudicare.
538 1743 585 1777 Et
603 1743 667 1777 hae
690 1745 839 1778 noticiae
856 1746 898 1778 de
916 1744 1009 1785 Deo,
1037 1758 1124 1789 quae
1142 1758 1205 1777 na-

227 1804 304 1829 tura
324 1796 442 1828 lucent
466 1795 503 1827 in
525 1795 654 1828 nostris
676 1796 871 1838 mentibus,
901 1803 1099 1837 congruunt
1124 1808 1201 1827 cum

227 1847 300 1888 lege
317 1844 393 1878 Dei.
447 1844 544 1886 Quid
567 1853 681 1878 autem
714 1846 851 1878 intersit
883 1846 975 1879 inter
1002 1846 1087 1888 legis
1112 1846 1204 1878 noti-

228 1896 298 1928 cias
326 1901 358 1927 et
384 1892 636 1938 Evangelium‚
671 1896 754 1928 alibi
780 1896 920 1930 dicitur.

328 1959 423 1993 Haec
455 1967 570 1993 autem
594 1960 767 2003 praefatus
795 1973 890 2001 sum,
926 1974 998 1994 non
1027 1962 1140 1994 solum
1166 1968 1204 1994 ut

227 2010 333 2043 salsas
350 2017 383 2043 et
409 2008 608 2054 prophanas
630 2009 828 2044 Stoicorum
858 2012 1044 2054 opiniones
1075 2012 1204 2045 resuta-

227 2072 320 2099 rem,
347 2061 406 2093 sed
430 2067 469 2094 ut
486 2061 522 2092 in
540 2061 641 2093 nobis
660 2061 810 2103 singulis
833 2062 991 2094 adsensio
1017 2062 1059 2093 de
1084 2062 1204 2105 provi-

228 2111 348 2144 dentia
364 2110 472 2153 magis
490 2110 724 2151 confirmetur,
751 2123 829 2144 cum
845 2111 1204 2145 demonstrationibus

230 2161 389 2193 convinci
405 2172 468 2193 nos
489 2161 719 2203 agnoscimus.

328 2226 512 2260 Caeterum
537 2239 603 2260 vox
628 2227 746 2260 divina
770 2239 870 2271 saepe
895 2235 1056 2268 testatur,
1090 2227 1203 2262 Deum

230 2289 301 2310 esse
317 2289 420 2320 agens
439 2277 672 2317 liberrimum,
698 2285 734 2310 ut
753 2277 908 2311 psalmus
927 2279 1059 2323 inquit:
1087 2278 1204 2320 Quae-

230 2339 367 2371 cunque
383 2327 512 2367 voluit,
539 2327 631 2361 fecit.
684 2327 752 2361 Sed
773 2326 1071 2372 Philosophorum
1089 2330 1204 2362 variae

230 2384 309 2409 sunt
325 2378 588 2421 disputationes.

330 2435 528 2470 Stoicorum
554 2437 674 2480 opinio
693 2438 794 2475 falsa,
822 2444 908 2471 tetra
938 2444 970 2470 ct
988 2449 1128 2480 prorsus
1145 2450 1201 2470 ex-

229 2484 402 2528 plodenda
422 2493 487 2524 est,
516 2487 575 2530 qni
593 2487 729 2529 fingunt
746 2487 858 2520 Deum
881 2488 1075 2520 necessario
1100 2500 1200 2530 agere

229 2535 346 2567 omnia
364 2535 400 2566 in
416 2536 622 2568 formatione
648 2538 771 2570 mundi
801 2545 833 2571 et
859 2538 895 2570 in
910 2539 1067 2571 moribus
1085 2536 1199 2571 horni-

228 2596 311 2617 num
324 2611 332 2624 ,
357 2596 395 2617 ac
412 2596 455 2616 ne
473 2597 569 2628 posse
586 2587 726 2630 quidem
744 2589 845 2621 aliter
859 2600 957 2631 agere
974 2587 1088 2621 Deum
1113 2600 1198 2622 cen-

227 2636 395 2674 tendunt,
423 2647 525 2679 quam
545 2643 580 2669 ut
597 2637 687 2671 cient
711 2650 832 2671 causae
847 2640 1028 2672 secundae.

1361 186 1562 223 Aristotelis
1585 189 1707 234 opinio
1738 191 1960 234 restringitur
1988 193 2032 226 ad
2054 194 2237 228 formatio-

1260 250 1340 271 nem
1357 241 1496 273 mundi.
1548 239 1649 273 Hanc
1674 240 1920 274 formationem
1945 244 2069 276 mundi
2093 256 2133 277 ex
2158 244 2236 278 idea

1260 289 1387 322 mentis
1410 290 1550 322 divinae
1580 302 1670 331 esse,
1703 297 1738 324 et
1760 303 1838 323 cum
1870 302 1944 324 non
1974 293 2018 325 sit
2048 294 2115 326 alia
2148 295 2238 334 idea,

1260 340 1454 373 necessario
1476 340 1580 374 talem
1604 353 1676 374 esse
1697 341 1821 374 mundi
1853 341 2002 374 formam
2035 343 2140 384 dixit,
2173 356 2237 377 nec

1261 400 1361 432 posse
1389 390 1494 422 aliam
1526 402 1609 427 esse.
1673 389 1741 424 Sed
1766 403 1784 424 a
1809 392 2049 425 voluntatibus
2075 390 2239 427 humanis

1261 439 1411 473 removit
1434 438 1560 475 Deum.
1627 439 1852 484 Regulariter
1882 441 1971 475 dixit
1994 453 2055 475 sua
2080 442 2238 477 libertate

1261 489 1458 523 voluntates
1475 490 1718 532 contingenter
1736 492 1862 534 eligere
1879 503 1967 536 quae
1994 492 2115 526 velint.
2166 492 2238 526 Nec

1262 544 1378 571 tamen
1407 551 1550 583 prorsus
1582 541 1723 574 sustulit
1749 542 1787 574 in
1811 541 1886 575 Deo
1918 542 2135 583 libertatem,
2177 544 2238 576 sed

1262 590 1431 623 concessit
1447 590 1557 623 libere
1572 602 1651 623 eum
1667 591 1845 635 aliquibus
1870 603 1971 635 opem
1988 592 2098 632 ferre,
2125 599 2158 626 et
2173 593 2239 625 ali-

1262 650 1349 682 quos
1366 639 1503 681 punire,
1527 640 1619 673 utin
1635 638 1784 673 heroicis
1804 642 1957 674 motibus
1974 648 2006 674 et
2024 643 2147 685 poenis
2162 654 2237 676 cer-

1262 688 1369 722 nitur.
1421 688 1561 722 Recitat
1582 687 1672 722 hanc
1691 692 1900 724 sententiam
1917 698 1950 725 et
1965 691 2176 726 Plutarchus
2199 693 2237 725 in

1262 739 1498 782 disputatione
1516 740 1558 771 de
1576 740 1657 772 fato.

1274 856 1409 889 Recita
1436 855 1650 889 Aristotelis
1676 859 1897 901 argumenta
1922 855 1969 889 de
1995 860 2226 891 aeternitate

1677 906 1819 940 mnndi.

1363 978 1536 1024 Pleraque
1554 986 1757 1022 argumenta
1776 980 1812 1012 in
1833 977 1897 1013 hac
1921 981 2155 1013 controversia
2174 983 2240 1014 du-

1262 1036 1390 1061 cuntur
1414 1042 1452 1062 ex
1469 1028 1612 1074 physico
1636 1030 1828 1073 principio:
1859 1029 1912 1063 Ex
1934 1028 2047 1064 nihilo
2074 1029 2165 1064 nihil
2190 1033 2239 1067 fit.

1261 1080 1308 1112 At
1325 1077 1390 1111 hoc
1406 1080 1618 1123 principium
1639 1091 1760 1112 verum
1778 1087 1828 1113 est
1853 1080 1889 1112 in
1914 1087 2038 1114 natura
2061 1081 2129 1113 iarn
2153 1094 2238 1114 con-

1261 1129 1333 1161 dita
1365 1135 1398 1162 et
1428 1129 1601 1162 ordinata.
1670 1129 1741 1162 Nec
1779 1131 2010 1165 transferatur
2042 1132 2086 1163 ad
2120 1139 2236 1164 ortum

1260 1179 1397 1214 mundi.
1449 1178 1503 1212 lbi
1518 1179 1610 1211 enim
1629 1187 1827 1222 repugnant
1843 1180 1910 1212 alia
1928 1181 2112 1224 principia.
2149 1180 2237 1215 Cum

1260 1230 1537 1262 demonstratum
1574 1229 1629 1269 sit,
1658 1230 1798 1263 unicam
1830 1236 1967 1262 tantum
1993 1241 2065 1263 esse
2087 1231 2234 1273 primam

1260 1291 1397 1312 causam
1416 1279 1685 1322 intelligentem,
1716 1286 1748 1313 et
1773 1279 1930 1312 infinitae
1953 1281 2147 1324 potentiae,
2175 1292 2237 1313 nec

1259 1341 1359 1372 posse
1390 1329 1491 1373 plura
1520 1341 1591 1362 esse
1621 1330 1780 1368 infinita,
1821 1337 1953 1362 caetera
1988 1337 2104 1364 autem
2139 1331 2236 1364 finita

1259 1380 1410 1421 pendere
1428 1380 1472 1411 ab
1492 1379 1551 1411 illa
1567 1379 1669 1411 unica
1689 1379 1801 1422 prima
1827 1391 1948 1419 causa,
1981 1381 2140 1423 sequitur
2161 1393 2236 1413 ma-

1258 1430 1401 1468 teriam,
1437 1440 1526 1472 quae
1552 1429 1648 1461 finita
1676 1435 1742 1468 est,
1774 1440 1815 1461 ex
1836 1426 1950 1461 nihilo
1972 1430 2015 1462 ab
2038 1430 2096 1463 illa
2124 1431 2236 1474 prima

1258 1490 1357 1511 causa
1377 1478 1534 1511 infinitae
1557 1479 1754 1522 potentiae,
1782 1485 1815 1511 et
1840 1479 2018 1512 conditam
2048 1487 2081 1514 et
2105 1481 2235 1513 forma-

1258 1536 1326 1562 tam
1347 1540 1429 1562 esse.

1358 1600 1501 1647 Physici
1531 1603 1775 1636 formationem
1803 1614 1875 1636 non
1899 1610 2044 1647 negant,
2070 1604 2235 1641 fatentur,

1257 1658 1296 1685 ut
1315 1653 1358 1685 ab
1375 1653 1506 1686 artifice
1525 1653 1697 1686 formatur
1712 1665 1858 1693 aurum,
1885 1653 1932 1687 ita
1951 1666 1969 1686 a
1988 1660 2102 1687 mente
2118 1651 2235 1687 archi-

1257 1703 1432 1735 tectatrice
1449 1704 1632 1736 formatam
1650 1716 1721 1736 esse
1738 1703 1920 1737 materiam
1945 1710 1978 1737 et
2005 1704 2131 1737 mundi
2154 1716 2233 1737 cor-

1258 1764 1343 1796 pora
1368 1754 1492 1785 ordine
1518 1754 1696 1796 disposita.
1763 1752 1849 1787 Cum
1878 1754 1971 1786 enim
1996 1755 2088 1787 oculi
2110 1755 2234 1787 seriem

1258 1815 1444 1846 corporum
1470 1804 1593 1836 mnndi
1622 1811 1653 1836 et
1674 1804 1867 1847 specierum
1893 1804 2083 1847 aspiciunt,
2124 1811 2234 1838 artem

1257 1853 1398 1895 agnosci
1417 1854 1639 1886 manifestum
1655 1861 1716 1889 est.
1762 1852 1836 1887 Etsi
1855 1861 1971 1887 antem
1986 1854 2234 1887 formationem

1257 1916 1329 1935 non
1354 1911 1499 1945 negant,
1533 1911 1650 1937 tamen
1677 1905 1719 1937 de
1741 1904 1907 1937 materiae
1927 1905 2028 1936 initio
2057 1905 2233 1946 dubitant,

1257 1966 1296 1985 ac
1314 1954 1415 1986 multi
1433 1954 1543 1996 palam
1563 1955 1632 1987 duo
1651 1961 1790 1987 aeterna
1809 1954 2048 1992 constituunt,
2076 1961 2228 1987 mentem

1258 2010 1290 2036 et
1307 2004 1499 2037 materiam.

1358 2078 1427 2112 Sed
1462 2075 1545 2111 huic
1583 2078 1742 2122 opinioni
1776 2075 1861 2111 haec
1894 2079 1982 2112 ratio
2017 2080 2232 2119 adversatur,

1258 2129 1352 2175 quod
1371 2141 1450 2162 cum
1465 2129 1506 2162 sit
1532 2128 1635 2161 unica
1659 2128 1770 2172 prima
1796 2140 1896 2161 causa
1923 2129 2082 2163 infinitae
2105 2138 2230 2174 poten—

1256 2182 1341 2220 tiae,
1368 2179 1527 2223 sequitur
1543 2185 1573 2212 et
1593 2178 1770 2211 materiam
1789 2181 1940 2222 pendere
1966 2180 2009 2212 ab
2034 2180 2094 2213 illa
2118 2182 2227 2225 prima

1258 2241 1379 2269 causa,
1405 2237 1437 2263 et
1463 2241 1535 2262 non
1557 2229 1671 2262 solum
1693 2229 1896 2270 formatam,
1930 2231 1991 2263 sed
2013 2231 2117 2264 etiam
2141 2232 2228 2264 effu-

1257 2293 1329 2314 sam
1353 2291 1424 2312 esse
1452 2292 1491 2312 ex
1515 2279 1576 2311 illo
1604 2280 1700 2312 sonte
1722 2279 1881 2313 infinitae
1914 2280 2100 2323 potentiae.
2153 2280 2227 2314 Hac

1258 2343 1328 2363 non
1345 2331 1488 2362 obscura
1506 2331 1731 2372 responsione
1749 2330 1903 2364 contenti
1929 2331 2038 2364 simus
2062 2332 2105 2363 de
2127 2331 2225 2374 prin-

1257 2382 1362 2424 cipio:
1391 2379 1442 2412 Ex
1466 2377 1580 2412 nihilo
1607 2378 1695 2412 nihil
1722 2380 1776 2419 fit,
1809 2380 1990 2421 videlicet,
2030 2380 2066 2412 in
2102 2388 2224 2414 natura

1256 2431 1394 2464 condita
1415 2437 1446 2463 et
1463 2430 1635 2464 ordinata.
1688 2429 1912 2463 caeterorum
1939 2437 2224 2472 argumentorum

1254 2482 1383 2515 solutio
1402 2480 1511 2513 facilis
1537 2487 1603 2517 est,
1635 2486 1716 2512 sunt
1742 2480 1835 2513 enim
1858 2492 1930 2513 non
1955 2481 2224 2514 demonstratio-

1254 2544 1325 2568 nes,
1351 2532 1410 2563 sed
1429 2531 1624 2574 probabilia
1642 2537 1858 2574 argumenta,
1878 2541 1966 2576 quae
1984 2530 2019 2562 in
2039 2528 2223 2565 rhetoricis

1251 2578 1394 2616 πιθανὰ
1411 2588 1591 2616 vocantur.
