2379 2948
95 111 170 150 505
731 109 793 146 lv.

198 195 345 230 Humile
362 206 473 240 genus
498 208 572 230 non
596 196 747 239 assurgit
775 207 881 240 supra
906 195 1086 240 quotidia-

97 259 178 281 nam
196 247 368 293 loquendi
396 247 709 285 consuetudinem,
737 247 988 291 proprietatem
1011 258 1086 279 ser-

96 299 212 332 monis
228 299 315 331 mira
335 298 575 333 sollicitudine
590 296 755 336 custodit,
770 304 803 331 et
819 298 936 331 studet
953 297 1086 340 signate

96 362 151 383 res
175 350 298 382 efferre
324 350 440 383 verbis
471 361 576 394 quam
605 347 755 381 maxime
785 348 951 393 propriis.
1004 348 1084 382 Non

96 408 190 435 amat
206 402 346 434 crebras
368 401 512 444 figuras,
540 399 693 432 libenter
717 399 831 433 utitur
854 397 1083 444 metaphoris,

97 453 156 486 sed
176 464 247 485 non
266 452 390 496 procul
409 450 603 490 accersitis,
625 461 748 483 verum
765 451 914 495 sumptis
930 462 970 484 ex
995 463 1085 497 quo-

96 503 232 537 tidiano
250 513 420 536 sermone.
462 499 562 534 Nihil
579 501 772 534 admodum
790 502 998 546 amplificat,
1024 502 1084 536 sed

97 561 169 588 tota
194 553 365 587 orationis
388 552 518 596 species
544 553 741 586 verecunda
759 560 826 595 est,
854 560 887 587 et
909 554 954 586 ad
981 553 1086 587 dissi-

95 606 327 640 mulationem
348 603 558 647 composita,
586 610 619 637 et
638 603 738 649 quasi
763 605 806 638 de
830 604 1007 638 industria
1027 604 1085 638 su-

97 657 211 700 gitans
229 661 404 689 ornatum.
432 653 486 686 De
505 666 542 687 re
560 655 758 698 prudenter
772 662 805 689 et
820 656 946 689 ordine
961 656 1084 700 dispu—

95 715 164 746 tat,
190 718 253 740 nec
269 706 342 739 sere
360 717 378 738 a
393 705 575 749 proposito
593 705 760 747 discedit,
787 713 822 740 et
844 707 918 751 ipsa
947 706 1084 750 simpli—

96 759 208 792 citatis
228 756 342 801 specie
364 756 555 790 insidiatur
579 756 748 791 auditori.
800 756 1084 791 Circumductio-

95 821 156 843 nes
187 807 292 841 habet
320 807 567 852 paucissimas,
613 808 721 842 refert
756 808 850 841 enim
883 808 1084 854 quotidiani

94 859 265 894 sermonis
290 859 541 905 negligentiam
569 859 605 891 in
623 859 855 892 collocatione
881 861 1083 894 verborum.

93 907 229 945 Artifex
246 908 353 944 huius
371 921 481 953 genus
501 910 692 944 Terentius
710 917 759 944 est
777 911 870 955 apud
896 923 971 946 nos.
1016 910 1084 944 Hic

93 960 273 996 character
292 968 342 995 est
359 961 532 995 orationis
547 968 581 995 et
599 961 636 994 in
654 960 793 995 Erasmi
812 962 1009 1008 colloquiis.
1038 960 1082 995 Et

92 1012 215 1048 Cicero
240 1013 277 1045 in
302 1009 559 1057 philosophicis
575 1013 879 1057 disputationibus
895 1021 927 1048 et
944 1025 1084 1057 praece-

92 1065 162 1109 ptis
186 1064 258 1098 fere
280 1064 440 1109 sequitur
459 1061 527 1097 hoc
560 1075 679 1108 genus.
741 1062 807 1098 Est
830 1065 924 1097 enim
950 1065 992 1098 ad
1014 1066 1083 1097 do-

93 1116 244 1149 cendum
265 1115 416 1148 maxime
432 1116 747 1148 accommodatum.
801 1114 998 1160 Scriptores
1020 1128 1080 1149 vo-

92 1173 172 1200 cant
189 1164 360 1207 Atticum,
389 1173 421 1200 et
441 1167 469 1199 si
482 1165 604 1200 Cicero
626 1166 809 1200 contendit
825 1165 961 1201 Atticos
980 1167 1084 1201 etiam

93 1218 299 1262 grandiores
315 1229 386 1250 esse
403 1229 509 1262 quam
528 1217 572 1251 sit
587 1218 701 1251 oratio
719 1218 755 1250 in
776 1218 979 1251 comoediis.
1014 1217 1084 1251 Ne—

92 1281 159 1315 que
182 1269 218 1302 id
246 1269 463 1302 dissimulari
490 1275 623 1312 potest,
660 1281 742 1301 nam
767 1267 1026 1302 Demosthenes
1052 1276 1084 1303 et

91 1318 288 1353 Aeschines
311 1326 392 1350 sunt
412 1319 633 1359 grandiores.
687 1318 735 1352 Et
760 1320 854 1363 apud
878 1332 942 1353 nos
956 1319 1085 1354 Caesar

91 1369 281 1403 sublimior
300 1374 370 1406 cst,
400 1367 461 1412 qui
481 1367 626 1412 quidem
651 1379 731 1400 vere
754 1369 895 1401 Atticus
921 1371 1085 1402 iudican-

92 1422 158 1454 dus
177 1426 238 1455 est.
265 1417 342 1452 Etsi
358 1426 474 1451 autem
493 1418 672 1451 interdum
690 1418 849 1462 pleniore
868 1431 954 1453 sono
972 1426 1082 1453 utun-

90 1479 149 1505 tur
170 1469 300 1511 Attici,
336 1476 455 1502 tamen
479 1466 565 1502 haec
588 1469 701 1513 prima
719 1470 832 1503 forma
848 1467 976 1504 horum
1002 1483 1084 1516 pro-

91 1523 168 1568 pria
192 1522 277 1561 suit,
304 1520 386 1566 quia
413 1520 655 1564 propriissime
678 1520 937 1566 loquebantur,
963 1529 996 1556 et
1023 1534 1083 1555 ve-

91 1573 319 1607 recundiores
343 1578 442 1605 erant
470 1571 507 1604 in
535 1573 698 1605 ornando
729 1572 876 1618 reliquis
906 1573 1084 1617 gentibus,

92 1632 125 1659 et
148 1623 320 1670 quidquid
345 1629 419 1656 erat
441 1623 600 1666 ineptum
628 1629 661 1656 et
680 1622 968 1667 intempestivum
989 1637 1086 1658 sum-

91 1688 147 1710 ma
163 1674 345 1717 diligentia
363 1674 532 1708 vitabant.
586 1673 720 1707 Viciosi
739 1681 818 1708 sunt
839 1676 875 1707 in
895 1676 1009 1719 primo
1028 1688 1085 1719 ge-

90 1739 174 1760 nere
189 1727 312 1759 breves
330 1725 474 1770 quidam
494 1736 532 1757 ac
549 1724 681 1763 ieiuni,
709 1722 847 1758 horridi
871 1733 902 1759 et
931 1727 1084 1766 obscuri,

92 1778 206 1824 qualis
227 1783 277 1810 est
293 1776 330 1808 in
347 1776 568 1809 orationibus
585 1776 716 1809 alieubi
734 1776 922 1810 Salustius.

196 1826 342 1861 Grande
367 1838 496 1870 genus,
530 1834 561 1860 et
578 1827 605 1860 si
623 1838 748 1870 magna
768 1840 806 1860 ex
824 1835 922 1871 parte
939 1828 1085 1872 proprio

93 1891 255 1914 sermone
276 1885 435 1912 constare
455 1879 571 1919 debet,
601 1885 718 1911 tamen
737 1875 961 1922 metaphoras
978 1877 1085 1913 habet

92 1930 305 1970 crebriores,
331 1941 369 1962 ac
394 1930 533 1973 longius
556 1930 701 1974 petitas,
729 1930 867 1974 copiose
895 1930 1084 1974 amplificat

93 1979 262 2015 adhibitis
296 1981 463 2014 omnibus
487 1981 625 2024 figuris,
661 1988 693 2014 et
718 1981 819 2026 quasi
842 1982 884 2014 de
908 1982 1083 2014 industria

94 2039 243 2067 ostentat
260 2039 437 2068 ornatum.
489 2031 567 2066 Hoc
591 2044 700 2076 genus
724 2044 847 2075 magna
876 2045 956 2066 cum
981 2032 1084 2065 laude

847 107 1123 144 ELEMENTA
1151 106 1486 146 RHETORICES.

2050 113 2127 149 506

1139 201 1276 228 secutus
1294 201 1343 228 est
1362 194 1497 229 Livius.
1551 194 1597 230 Et
1615 195 1739 232 Cicero
1765 198 1877 233 utitur
1899 211 1938 233 eo
1967 200 2004 233 in
2029 202 2127 245 plae-

1138 246 1256 290 risque
1279 245 1518 288 orationibus,
1550 254 1589 281 ut
1613 249 1649 281 in
1676 249 1852 292 Verrinis,
1887 258 1921 285 et
1943 251 1980 284 in
2004 250 2126 286 Catili-

1138 308 1219 329 nam
1232 321 1240 334 ,
1269 295 1305 327 in
1322 295 1508 338 Pisonem,
1536 310 1600 342 pro
1618 299 1766 335 Milone.
1805 299 1851 335 Et
1869 302 2010 347 quidem
2029 303 2128 336 addit

1137 353 1335 381 accuratam
1367 349 1676 392 compositionem,
1709 364 1797 396 quae
1824 353 1974 388 maxime
1999 354 2036 386 in
2061 351 2128 387 hoc

1137 409 1262 442 genere
1290 398 1494 443 requiritur.
1556 399 1678 445 Neque
1704 414 1786 436 vero
1811 405 1944 449 ubique
1970 416 2053 438 usus
2077 411 2128 438 est

1137 447 1202 483 hac
1218 449 1331 482 forma
1349 448 1470 483 Cicero
1483 476 1491 490 ‚
1516 450 1575 483 sed
1591 452 1811 492 gravioribus
1828 456 1939 489 causis
1956 455 2056 490 addit
2071 467 2128 489 so-

1138 513 1222 534 num
1246 500 1429 534 maiorem.
1491 499 1532 533 ln
1557 501 1634 534 aliis
1660 502 1852 538 levioribus
1874 507 2029 549 negociis
2054 519 2128 540 me-

1137 552 1236 585 dium
1259 549 1403 585 adhibet
1424 563 1552 594 genuS,
1589 552 1767 587 interdum
1793 555 1830 587 in
1856 557 2014 591 docendo
2041 570 2127 591 con-

1140 609 1255 637 tentus
1279 609 1328 636 est
1352 600 1481 636 humili
1505 614 1643 646 genere.
1706 603 1824 638 Facile
1847 614 1963 641 autem
1986 609 2127 651 agnosci

1138 655 1270 697 grande
1286 665 1394 698 genus
1415 661 1538 697 potest.
1592 653 1713 688 Utitur
1737 657 1831 690 enim
1857 658 1973 692 verbis
1998 660 2127 692 atroci-

1139 706 1202 738 bus
1227 717 1265 738 ac
1291 705 1448 748 tragicis,
1475 705 1651 739 terribiles
1672 714 1788 749 gestus
1813 708 1945 752 pingit,
1973 716 2011 743 ut
2035 711 2130 753 apud

1136 755 1329 799 Virgilium
1346 768 1442 789 mors
1459 755 1613 790 Didonis
1628 758 1848 795 describitur.
1895 759 2027 793 Viciosi
2048 768 2129 794 sunt

1138 807 1173 839 in
1192 805 1258 840 hoe
1276 819 1420 850 genere,
1448 808 1576 841 tumidi
1593 815 1627 842 et
1642 809 1775 851 inssati,
1805 811 1866 855 qui
1892 811 1999 844 nimis
2024 823 2129 855 grau-

1137 859 1197 891 des
1214 858 1325 891 videri
1341 859 1501 901 cupiunt,
1527 859 1587 904 qui
1607 857 1698 893 nihil
1716 861 1859 907 proprie
1878 863 2041 904 esserunt,
2069 863 2129 895 sed

1137 916 1322 954 perpetuas
1337 906 1471 943 liabent
1491 908 1730 955 periphrases‚
1759 920 1791 946 et
1810 914 2028 957 prodigiosas
2054 925 2130 946 me-

1137 958 1314 1004 taphoras.
1370 960 1417 994 Hi
1439 962 1656 996 vocabantur
1683 963 1768 996 olim
1786 963 1944 1000 Asiatici.
1981 964 2070 999 Nam
2092 965 2129 997 in

1138 1011 1221 1045 Asia
1242 1024 1319 1044 cum
1339 1012 1511 1046 sermonis
1535 1024 1643 1057 genus
1667 1011 1839 1049 haherent
1865 1023 2070 1061 corruptum
2097 1023 2130 1050 et

1138 1063 1391 1107 improprium,
1428 1071 1545 1097 tamen
1569 1065 1781 1100 affectabant
1803 1068 2025 1113 eloquentiae
2052 1067 2130 1100 lau—

1136 1115 1214 1147 dem
1231 1115 1465 1148 ostentatione
1484 1116 1666 1148 immodici
1688 1123 1844 1153 ornatus.
1899 1116 1956 1152 Ab
1979 1116 2044 1152 hoc
2071 1131 2129 1162 ge-

1137 1177 1217 1198 nere
1237 1177 1376 1209 semper
1395 1166 1431 1198 in
1449 1167 1573 1210 primis
1591 1165 1856 1203 abhorruerunt
1874 1181 1957 1203 sana
1975 1170 2127 1213 ingenia.

1137 1215 1297 1249 Medium
1317 1228 1427 1259 genus
1443 1217 1499 1249 vix
1516 1230 1532 1250 a
1559 1219 1684 1260 grandi
1700 1219 1851 1253 discerni
1871 1227 1994 1265 potest.
2047 1220 2127 1254 Non

1136 1267 1227 1299 enim
1247 1268 1397 1301 multum
1417 1268 1460 1301 ab
1477 1268 1539 1301 illo
1558 1269 1683 1310 distat,
1712 1271 1893 1315 copiosum
1918 1280 1985 1310 est,
2014 1279 2045 1305 et
2066 1273 2128 1304 ab-

1136 1319 1245 1351 undat
1273 1319 1412 1361 figuris,
1439 1320 1498 1352 sed
1525 1320 1561 1352 in
1586 1321 1836 1362 amplificando
1864 1322 2127 1367 aliquantulum

1136 1367 1265 1400 resistit
1281 1366 1374 1400 insra
1392 1368 1523 1410 grande
1542 1379 1662 1411 genus.
1710 1368 1865 1405 Ovidius
1882 1373 1954 1406 sere
1972 1373 2051 1406 talis
2067 1380 2128 1406 est.

1135 1416 1181 1451 Et
1199 1417 1579 1463 pleraequeCiceronis
1590 1418 1770 1464 Epistolae
1791 1429 1824 1456 et
1842 1423 2030 1464 orationes,
2049 1424 2129 1468 qui-

1135 1470 1214 1502 dam
1233 1469 1337 1503 etiam
1354 1470 1438 1503 libri
1457 1467 1695 1516 philosophici
1713 1473 1754 1505 ad
1774 1471 1866 1508 hanc
1879 1475 2031 1509 sormam
2048 1486 2127 1519 per-

1135 1520 1262 1555 tinent.
1292 1520 1477 1555 Pertinent
1493 1523 1536 1556 ad
1556 1535 1631 1556 eam
1651 1530 1683 1558 et
1700 1521 1840 1558 Erasini
1859 1526 2047 1571 pleraeque
2065 1526 2127 1559 de—

1136 1572 1378 1606 clamationes.
1444 1572 1600 1608 Maxime
1632 1587 1713 1608 vero
1742 1577 1885 1620 prodest
1919 1588 2128 1620 cognoscere

1136 1624 1206 1656 duo
1225 1630 1376 1657 extrema
1394 1635 1519 1667 genera
1538 1626 1575 1658 in
1593 1626 1788 1668 imitando,
1813 1635 1851 1662 ut
1879 1629 2026 1663 virtutes
2056 1628 2129 1661 dis-

1135 1674 1306 1708 similium
1324 1682 1509 1717 autorum,
1535 1689 1624 1721 quos
1646 1678 1814 1721 legimus,
1840 1680 1966 1713 melius
1991 1680 2125 1724 perspi-

1136 1726 1279 1767 ciamus,
1300 1733 1333 1760 et
1354 1734 1391 1760 ut
1408 1728 1652 1773 unusquisque
1668 1730 1828 1763 observet
1844 1732 1886 1763 ad
1903 1731 1998 1775 quod
2018 1742 2127 1773 genus

1136 1783 1260 1810 natura
1279 1778 1390 1820 magis
1411 1779 1590 1821 appositus
1611 1780 1788 1819 videatur,
1817 1787 1856 1814 ut
1875 1782 1964 1814 aridi
1983 1782 2127 1816 uberio-

1136 1840 1172 1860 ra
1194 1828 1320 1871 scripta
1342 1829 1514 1871 legentes,
1544 1830 1713 1865 adiiciant
1735 1831 1869 1876 aliquid
1888 1832 2024 1866 viribus
2047 1833 2120 1866 suis

1136 1878 1264 1911 tumidi
1295 1891 1378 1912 vero
1406 1891 1444 1912 ac
1476 1881 1595 1924 supini
1625 1882 1852 1916 moderentur
1877 1890 2061 1924 naturam,
2095 1891 2128 1917 et

1136 1929 1366 1964 assuefaciant
1389 1942 1423 1963 se
1449 1933 1490 1964 ad
1518 1933 1767 1976 proprietatem
1793 1934 1943 1968 lectione
1967 1935 2128 1974 istorum,

1136 1980 1196 2025 qui
1214 1980 1323 2014 Attici
1343 1990 1532 2023 vocantur,
1568 1995 1720 2028 quorum
1746 1986 1896 2020 maxime
1914 1986 2057 2031 propria
2077 1993 2126 2020 est

1135 2030 1259 2067 oratio.

1045 2097 1123 2132 Τί).
1136 2111 1190 2136 ος.
