2379 2948
205 102 300 138 1663

205 195 278 222 tum
289 211 300 226 ,

207 244 247 271 ut
269 237 307 269 in
329 233 485 269 Ecclesia
510 236 609 263 sonet
635 235 754 261 nostra
781 225 965 260 consessio.

209 288 301 334 quit:
329 281 493 318 Psallita
508 278 677 314 Domino
688 276 819 311 Sancti
835 275 922 311 eius.

312 336 425 369 Versu
450 333 575 378 quinto
605 330 747 363 collatio
779 328 946 362 recitatur
980 321 1191 358 adflictionis

209 398 239 424 et
256 384 517 422 consolationis.
571 381 751 424 Significat
769 380 875 413 breve
893 389 964 410 esse
978 384 1115 418 tempus
1129 372 1192 405 ad-

208 438 390 476 flictionis,
419 436 478 468 sed
498 439 616 478 postea
640 431 916 465 consolationem
934 434 1129 463 aeternam,
1155 428 1192 455 ut

209 494 244 527 2.
268 489 349 523 Cor.
374 486 425 520 4.:
460 484 687 519 Momentum
715 481 928 515 adflictionis
951 484 1089 511 nostrae
1118 473 1193 506 effi-

210 542 276 575 ciet
295 547 475 573 aeternum
495 535 633 579 pondus
649 534 792 577 gloriae.
844 531 939 564 Haec
963 527 1105 561 collatio
1130 536 1194 557 ne-

209 590 356 625 cessaria
390 595 458 629 est,
484 593 523 620 ut
553 586 704 619 sciamus
728 583 835 617 finem
859 583 933 615 sore
956 576 1193 623 praesentium

210 642 453 678 miseriarum,
481 648 569 682 quae
587 648 687 679 saepe
703 639 785 668 sunt
803 631 1001 666 horribiles.

312 690 426 724 versu
438 689 472 724 6.
488 695 520 721 et
532 687 566 722 7.
586 687 778 720 recitantur
795 695 917 717 causae
933 678 1194 714 adflictionum:

210 743 293 778 Dixi
308 742 346 774 in
362 738 578 774 abundantia
597 749 690 777 mea,
717 748 790 768 non
807 734 990 767 movebor.
1033 728 1196 772 Respon—

213 795 264 828 sio
283 800 333 826 est
349 790 542 825 securitatis
560 789 596 821 in
616 789 720 820 rebus
734 785 913 822 secundis,
942 789 974 816 et
992 790 1195 814 commone—

211 845 336 881 factio,
372 849 410 876 ut
433 840 622 883 cogitemus
654 850 707 870 res
736 836 904 869 secundas
936 833 1001 867 Dei
1031 828 1197 865 beneficia

214 907 305 934 esse,
333 905 396 926 nec
413 889 759 926 fiamusinsolentes‚
786 885 939 929 superbi,
967 883 1196 926 negligentes:

214 945 416 987 Tantisper,
435 941 564 985 inquit,
580 940 703 977 floreo,
722 939 806 970 dum
825 948 879 969 me
896 936 1003 968 iuvas.
1033 933 1101 967 Sed
1120 943 1197 964 cum

214 994 401 1029 abscondis
424 992 548 1025 faciem
574 998 688 1030 tuam,
713 989 749 1022 id
774 995 841 1028 est,
876 999 955 1020 cum
980 996 1054 1017 non
1074 982 1199 1026 aspicis

213 1054 254 1080 ut
272 1058 326 1078 me
344 1046 459 1084 iuves,
486 1041 691 1085 ingentibus
712 1039 863 1072 miseriis
882 1036 1076 1082 opprimor.
1131 1032 1200 1067 Sed

214 1098 253 1130 in
267 1094 322 1129 his
337 1096 379 1128 ad
397 1102 429 1128 te
448 1092 622 1135 confugio,

316 1145 430 1178 Versu
445 1143 480 1179 9.
501 1149 747 1185 argumentum
772 1139 938 1173 recitatur
955 1149 1061 1182 quare
1079 1136 1121 1169 sit
1142 1147 1202 1179 pe-

216 1199 322 1232 tenda
338 1195 513 1235 liberatio,
529 1193 660 1227 scilicet
676 1199 715 1225 ut
730 1191 826 1225 Deus
841 1189 1071 1234 glorificetur:
1101 1182 1207 1232 Quid

216 1245 361 1294 prodest
386 1244 468 1279 Deo
493 1248 614 1277 noster
635 1240 830 1276 interitus?
878 1239 924 1273 Et
946 1247 985 1273 ut
1010 1239 1140 1272 dicitur
1166 1237 1203 1269 in

218 1300 350 1333 Tobia:
379 1297 460 1330 Non
479 1296 672 1329 delectatur
687 1295 786 1327 Deus
802 1291 1003 1340 perditione
1021 1289 1144 1323 nostri.

317 1351 358 1381 In
384 1348 452 1380 fine
476 1346 692 1390 precationes
718 1345 915 1382 adduntur,
950 1341 1031 1386 quia
1054 1338 1206 1373 subinde

218 1401 347 1433 iterum
372 1398 475 1431 nobis
502 1408 589 1440 opus
614 1402 664 1428 est
688 1394 909 1427 liberatione.
961 1391 1057 1424 Haec
1087 1389 1207 1423 omnia

219 1463 298 1485 cum
310 1451 353 1484 ad
372 1460 474 1482 usum
490 1454 650 1480 nostrum
668 1445 940 1483 transferuntur,
957 1448 996 1475 ut
1015 1453 1114 1486 saepe
1125 1439 1208 1479 dixi,

221 1504 310 1535 fiunt
326 1499 495 1539 illustria,
522 1504 555 1531 et
577 1498 623 1531 ita
646 1497 852 1529 dulcescunt
872 1492 1023 1533 Psalmi,
1051 1503 1129 1525 cum
1154 1490 1209 1523 di-

224 1553 352 1587 scimus
382 1551 485 1582 fidem
519 1555 552 1582 et
581 1547 840 1580 invocationem
878 1545 914 1577 in
948 1541 1003 1576 his
1033 1541 1209 1585 exemplis.

221 1602 358 1647 Repeto
390 1607 505 1634 autem
538 1599 632 1644 quod
658 1609 762 1640 supra
795 1607 895 1639 saepe
919 1595 1051 1627 dictum
1075 1600 1143 1632 est,
1170 1592 1209 1623 in

222 1652 288 1687 hac
306 1650 529 1685 invocatione
551 1649 760 1682 accendatur
782 1647 867 1679 fides
880 1671 888 1684 ,
914 1651 954 1678 ut
972 1656 1036 1677 nos
1054 1654 1135 1676 vere
1154 1654 1212 1675 ex-

225 1703 340 1738 audiri
365 1708 567 1736 statuamus.
620 1697 667 1731 Et
684 1698 771 1731 sicut
788 1695 1057 1741 promissionem
1081 1695 1125 1727 ad
1148 1705 1214 1725 nos

226 1755 404 1799 pertinere
426 1752 567 1785 scimus:
605 1749 736 1785 Omnis
759 1748 819 1793 qui
846 1746 1062 1779 invocaverit
1084 1756 1214 1777 nomen

227 1804 392 1842 Domini,
427 1803 542 1836 salvus
567 1800 649 1834 erit:
677 1801 723 1833 ita
748 1797 831 1831 haec
856 1797 1013 1841 exempla
1034 1795 1214 1844 proposita

231 1868 302 1889 esse
332 1855 502 1893 sciamus,
535 1858 574 1885 ut
596 1863 660 1884 nos
683 1861 824 1895 quoque
848 1849 1030 1881 credamus
1054 1846 1217 1880 similiter

230 1905 400 1940 exaudiri.
452 1902 561 1937 Dives
591 1909 641 1936 est
670 1901 763 1933 enim
794 1899 890 1933 Deus
912 1910 990 1942 erga
1013 1909 1134 1932 omnes
1155 1896 1217 1942 qui

230 1969 309 1991 eum
327 1956 508 1989 invocant.

370 2057 709 2104 Argumentum
736 2063 789 2086 ac
817 2051 1074 2096 dispositio

536 2111 695 2154 Psalmi
723 2111 888 2151 XXXI.

284 2194 330 2226 In
356 2194 395 2224 te
422 2189 583 2222 Domine
613 2188 784 2231 speravi,
819 2196 892 2219 non
926 2181 1143 2229 confundar
1178 2186 1219 2218 in

288 2245 509 2282 aeternum,
537 2242 609 2273 etc.

339 2305 500 2341 Precatio
522 2310 592 2345 est,
627 2315 694 2349 qua
719 2302 772 2336 uti
797 2312 919 2334 omnes
942 2299 990 2343 pii
1015 2305 1161 2344 possunt
1184 2299 1221 2332 in

239 2359 386 2403 petenda
403 2355 622 2391 liberatione.
657 2352 703 2387 Et
718 2352 914 2397 exemplum
930 2348 987 2384 hic
999 2350 1223 2394 descriptum,

241 2417 279 2443 ut
293 2421 392 2456 saepe
410 2408 514 2451 alias,
542 2407 643 2439 docet
658 2405 695 2437 in
717 2404 779 2437 tali
805 2402 973 2448 petitione
997 2402 1099 2434 fidem
1126 2401 1221 2433 adfe-

241 2461 385 2492 rendam
419 2469 502 2493 esse.
565 2455 803 2499 Exaggeratur
835 2459 951 2487 autem
980 2453 1158 2485 calamitas
1189 2458 1221 2485 et

241 2510 431 2542 miscentur
452 2508 639 2551 gratiarum
656 2506 810 2540 actiones
833 2511 866 2538 et
887 2503 1137 2552 promissiones
1151 2529 1160 2543 ‚
1182 2510 1220 2536 ut

242 2561 279 2594 fit
306 2560 342 2592 in
361 2557 416 2591 his
431 2558 742 2603 descriptionibus:
769 2556 851 2601 quia
867 2554 1063 2589 recordatio
1089 2553 1219 2586 libera-

789 87 913 124 PHIL.
942 83 1058 121 MEL.
1087 73 1624 119 SCR1PTAEXEGETICA.

2128 73 2226 110 1664

329 183 455 217 volunt
472 187 511 215 ut
528 180 569 212 ad
588 174 780 211 Ecclesiam
798 186 863 208 nos
878 174 1132 216 adiungamus,
1157 175 1190 202 et
1240 163 1290 198 tio
1317 163 1390 208 spei
1412 173 1514 196 verae
1541 167 1574 194 et
1597 160 1671 204 spei
1697 159 1858 193 carnalis.
1913 157 1954 192 In
1978 159 2092 202 primo
2123 171 2229 194 versu

1026 223 1109 256 Ideo
1134 220 1191 252 in-
1241 214 1359 249 statim
1388 214 1427 246 in
1460 211 1704 257 propositione
1736 210 1883 243 dicitur:
1930 206 1981 241 In
2012 213 2043 242 te
2066 207 2229 244 Domine

1239 276 1360 311 spero:
1390 276 1462 297 non
1481 258 1693 310 confundar
1709 259 1747 293 in
1764 264 1968 298 aeternum,
1996 260 2034 292 id
2053 267 2123 301 est,
2151 273 2228 295 mea

1242 328 1319 360 spes
1337 327 1411 348 non
1428 315 1555 348 nititur
1572 310 1738 346 humanis
1755 311 1956 356 praesidiiS,
1983 322 2056 344 non
2073 322 2149 343 mea
2172 311 2231 344 iu—

1242 366 1360 407 sticia,
1394 378 1466 398 non
1497 364 1583 397 meis
1610 363 1767 403 viribus,
1802 363 1860 395 sed
1892 368 1952 395 tua
1977 361 2232 397 misericordia.

1243 417 1301 450 Tu
1320 417 1428 460 igitur
1446 416 1541 460 eripe
1557 426 1612 447 me
1628 420 1689 447 tua
1705 413 1861 454 iusticia,
1889 413 1924 445 id
1950 419 2018 452 est,
2046 418 2084 444 tu
2101 423 2156 444 me
2171 412 2233 445 de-

1245 468 1355 501 clares
1380 467 1511 500 iustum
1538 472 1570 498 et
1594 465 1659 499 tibi
1676 471 1856 508 acceptum
1873 475 1956 499 esse.
2009 460 2124 496 Aliter
2139 462 2234 495 enim

1244 516 1381 562 phrasis
1409 517 1612 560 accipienda
1638 522 1707 554 est,
1736 527 1840 560 quam
1870 515 1898 547 si
1916 513 2044 547 Latino
2069 525 2166 546 more
2191 513 2235 546 de

1245 569 1360 603 iudice
1381 568 1605 613 loqueremur
1627 566 1732 600 iudex
1757 565 1894 600 iusticia
1920 571 1979 599 tua
2005 563 2132 608 punias
2155 575 2236 609 par-

1245 620 1384 654 ricidas.

1350 678 1391 711 In
1413 689 1516 710 versu
1530 683 1624 710 sexto
1643 677 1734 709 clare
1745 676 1913 709 discernit
1929 674 2104 720 duplicem
2123 685 2236 718 spem:

1248 726 1327 764 Odi
1346 728 1576 762 observantes
1593 726 1815 767 vanitatem,
1842 727 1878 759 id
1904 733 1971 767 est,
1999 738 2057 759 eos
2082 725 2145 770 qui
2169 722 2238 759 hu-

1248 792 1353 814 mana
1374 779 1563 824 sapientia,
1590 776 1748 812 humana
1763 777 1920 818 iusticia,
1948 776 2132 821 praesidiis
2149 775 2240 809 ami-

1250 844 1371 865 corum
1404 831 1578 864 nituntur.
1640 828 1736 861 Haec
1771 829 1890 861 omnia
1917 839 2006 860 vana
2039 834 2071 861 et
2101 826 2240 860 fallacia

1251 890 1351 922 sunt,
1390 882 1480 914 sicut
1511 881 1596 913 alias
1621 880 1790 923 scriptum
1818 886 1886 912 est:
1928 877 2140 911 Maledictus
2177 877 2241 922 qui

1252 933 1397 967 confidit
1432 933 1468 964 in
1503 929 1668 974 homine,
1705 938 1737 963 et
1758 930 1860 974 ponit
1891 941 2032 962 carnem
2055 926 2242 962 brachium

1253 996 1367 1018 suum.
1426 981 1583 1016 Econtra
1616 993 1700 1014 vero
1722 981 1839 1025 inquit
1873 979 2051 1013 Psalmus:
2086 976 2174 1024 Ego
2202 977 2242 1011 in

1252 1032 1422 1067 Domino
1443 1031 1600 1080 speravi.
1655 1031 1732 1065 Hoc
1762 1032 1857 1064 dicto
1884 1037 1918 1064 et
1939 1031 2115 1064 similibus
2139 1031 2243 1063 doce-

1254 1097 1334 1118 mur
1353 1086 1396 1118 de
1414 1096 1486 1128 spe,
1509 1096 1597 1128 quae
1614 1083 1701 1127 petit
1719 1088 1751 1115 et
1769 1089 1925 1126 expectat
1941 1081 2110 1115 auxilium
2125 1079 2243 1119 aDeo,

1255 1137 1359 1170 etiam
1385 1147 1465 1168 cum
1492 1134 1651 1167 destituti
1676 1145 1796 1166 sumus
1820 1130 1984 1166 humanis
2009 1132 2171 1172 auxiliis,
2204 1138 2244 1165 ut

1256 1187 1342 1220 alibi
1376 1186 1521 1219 dicitur:
1557 1184 1662 1218 Pater
1685 1191 1718 1217 et
1750 1191 1863 1218 mater
1885 1183 2150 1228 dereliquerunt
2175 1193 2244 1223 me,

1256 1237 1434 1272 Dominus
1455 1242 1572 1269 autem
1596 1234 1749 1282 suscepit
1773 1247 1840 1268 me.
1895 1233 1936 1266 ln
1960 1234 2030 1266 fine
2050 1233 2243 1277 gratiarum

1257 1288 1346 1322 actio
1363 1293 1578 1320 recensetur:
1612 1283 1834 1318 Benedictus
1850 1282 2057 1325 Dominus,
2085 1283 2154 1330 qui
2176 1281 2247 1316 mi-

1260 1336 1415 1383 rificavit
1433 1334 1725 1370 misericordiam
1740 1347 1848 1368 suam
1865 1331 1971 1370 mihi.

1360 1395 1498 1430 Deinde
1514 1395 1657 1429 additur
1675 1393 1893 1435 adhortatio,
1910 1406 1999 1439 quae
2017 1393 2169 1427 ostendit
2184 1404 2247 1437 ap·-

1259 1447 1485 1492 plicationem
1506 1446 1666 1489 exempli.
1721 1445 1819 1479 Sicut
1846 1457 1908 1488 ego
1935 1444 2119 1478 exauditus
2143 1450 2176 1477 et
2203 1443 2247 1476 li-

1261 1500 1400 1531 beratus
1425 1509 1518 1537 sum,
1545 1497 1592 1529 ita
1617 1507 1681 1529 nos
1698 1507 1838 1541 quoque
1859 1494 2108 1528 exaudiemini.
2163 1493 2248 1527 Ideo

1263 1549 1412 1582 viriliter
1435 1548 1545 1590 agite,
1576 1558 1650 1579 non
1675 1545 1890 1580 succumbite
1915 1545 2061 1586 animis,
2088 1557 2161 1578 non
2187 1545 2250 1578 ab·

1263 1599 1355 1632 iicite
1391 1597 1659 1642 promissionem
1691 1608 1793 1629 verae
1825 1596 2023 1637 doctrinae,
2064 1596 2187 1639 erigite
2217 1602 2250 1629 et

1264 1649 1468 1684 confirmate
1491 1648 1628 1681 animos
1653 1659 1711 1691 spe
1734 1654 1767 1681 et
1785 1647 2024 1690 expectatione
2049 1646 2172 1681 auxilii
2194 1646 2250 1679 di-

1264 1700 1352 1735 vini.
1404 1698 1537 1744 Estque
1564 1698 1751 1741 promissio
1786 1698 1987 1731 dulcissima
2012 1698 2146 1731 addita:
2180 1693 2251 1730 Fi-

1267 1749 1362 1785 deles
1378 1747 1533 1783 custodit
1552 1747 1762 1787 Dominus,
1789 1749 1824 1781 id
1847 1756 1915 1789 est,
1944 1760 2083 1782 veraces
2111 1755 2143 1782 et
2165 1760 2251 1781 con-

1267 1808 1414 1842 stantes,
1447 1801 1507 1846 qui
1524 1800 1705 1833 veritatem
1722 1800 1792 1833 Dei
1817 1800 2096 1844 amplectuntur,
2119 1806 2153 1833 et
2168 1810 2251 1832 vera

1267 1854 1340 1886 sine
1364 1850 1542 1898 hypocrisi
1559 1852 1697 1886 docent.
1750 1849 1904 1883 Econtra
1920 1862 2003 1884 vero
2022 1851 2143 1894 perdet
2155 1848 2251 1882 Deus

1269 1904 1457 1951 superbOS,
1491 1902 1552 1947 qui
1579 1901 1808 1935 audacissime
1836 1908 1868 1935 et
1892 1900 2140 1945 superbissime
2166 1911 2251 1933 con-

1268 1960 1433 1988 temnunt
1468 1951 1602 1993 Deum,
1628 1952 1708 1986 freti
1723 1949 1876 1985 humana
1893 1950 2067 1995 potentia,
2094 1957 2135 1985 ut
2156 1962 2253 1984 nunc

1270 2003 1432 2038 homines
1456 2004 1533 2048 pios
1559 2003 1797 2036 crudelissime
1812 2002 2028 2036 interficiunt
2044 2002 2148 2036 multi
2162 2000 2253 2046 Epi-

1271 2055 1385 2096 curei,
1412 2056 1577 2088 audacter
1601 2060 1863 2088 contemnentes
1883 2051 2010 2089 Deum.
2062 2052 2132 2087 Sed
2156 2051 2253 2087 Deus

1272 2118 1392 2140 eorum
1410 2107 1545 2139 furores
1560 2105 1751 2150 aliquando
1771 2104 1949 2148 reprimet.

1404 2225 1749 2271 Argumentum
1778 2232 1832 2255 ac
1858 2220 2116 2266 dispositio

1582 2289 1740 2330 Psalmi
1770 2287 1956 2327 XXXII.

1322 2375 1437 2407 Beati
1479 2382 1634 2417 quorum
1677 2372 1856 2405 remissae
1889 2374 1977 2404 sunt
2014 2371 2251 2415 iniquitates,

1320 2429 1355 2458 et
1382 2434 1531 2469 quorum
1559 2427 1659 2456 tecta
1687 2427 1775 2456 sunt
1797 2425 1967 2466 peccata.

1373 2499 1516 2533 Titulus
1542 2506 1660 2533 monet
1683 2496 1777 2532 hunc
1805 2497 1983 2531 Psalmum
2007 2497 2151 2540 plenum
2180 2509 2252 2531 esse

1269 2550 1491 2584 eruditionis.
1544 2550 1754 2584 Inscribitur
1779 2549 1871 2581 enim
1897 2547 2060 2581 eruditio.
2120 2546 2252 2594 Etsque

243 2612 382 2645 tionum
405 2609 562 2653 priorum
588 2609 737 2648 accedit,
769 2614 800 2641 et
819 2607 855 2639 in
880 2605 1073 2650 praesentia
1099 2605 1216 2649 aliqua
1267 2602 1426 2636 doctrina
1454 2602 1595 2649 propria
1612 2599 1788 2634 Ecclesiae
1802 2600 1845 2632 de
1868 2598 2075 2633 remissione
2092 2606 2250 2644 peccato-

240 2660 410 2705 mitigatio
433 2659 591 2693 sentitur.

643 2657 874 2693 Observanda
893 2663 943 2691 est
966 2663 1082 2691 autem
1106 2656 1215 2690 colla·
1265 2666 1363 2694 rum,
1389 2655 1431 2686 de
1449 2659 1590 2697 peccato
1616 2658 1779 2686 manente
1802 2650 1839 2683 in
1857 2649 1994 2684 Sanctis
2019 2650 2056 2683 in
2080 2647 2145 2684 hac
2168 2650 2251 2691 vita,
