2379 2948
103 40 197 76 1301

692 38 754 75 lx.
809 36 1171 75 COMMENTARH
1210 40 1258 74 IN
1293 39 1534 77 PSALMOS.

99 133 157 160 tur
174 124 311 159 iusticia
334 123 418 166 Dei,
445 124 611 158 omnibus
637 125 771 158 diaboli
795 132 827 159 et
852 125 977 158 mundi
1001 125 1086 158 viri-
1111 129 1114 149 ἓ

97 177 180 209 bus:
215 183 332 209 tamen
364 176 630 210 meminerimus
654 176 710 217 id,
746 178 839 222 quod
873 174 929 208 hic
953 176 1085 210 dictum

98 233 167 268 est,
199 226 376 260 Iusticiam
398 227 487 266 Dei,
516 227 553 260 id
570 234 638 268 est,
666 229 813 261 verbum
832 234 865 261 et
887 227 1086 261 ordinatio-

98 290 178 311 nem
206 277 272 311 Dei
298 278 547 322 sempiternam
574 290 658 314 esse.
721 278 874 323 Ideoque
898 290 972 311 non
994 279 1085 311 abii-

97 328 230 362 ciamus
261 330 407 363 verbum
438 328 521 369 Dei,
560 341 624 362 nec
651 330 853 363 dubitemus
876 329 963 374 quin
990 328 1085 362 Deus

98 381 240 413 tandem
261 392 325 413 nos
342 381 555 413 liberaturus
572 380 627 413 sit.

197 429 262 465 Est
276 432 382 475 igitur
396 430 494 464 utilis
511 431 715 468 versiculus,
743 428 928 464 habendus
944 430 980 463 in
1000 443 1084 465 con-

97 490 235 526 spectu,
264 490 297 516 et
320 482 554 526 opponendus
580 488 701 515 contra
727 482 935 516 traditiones
960 479 1085 516 huma·
1110 502 1112 514 -,

98 545 178 571 nas,
205 539 238 566 et
256 533 375 566 omnia
392 532 539 565 consilia
559 530 714 566 humana
729 560 737 574 ‚
769 546 857 578 quae
883 540 1004 566 contra
1029 534 1085 566 iu-

96 584 254 626 sticiam,
281 584 316 617 id
344 590 413 622 est,
451 590 572 617 contra
594 584 741 617 verbum
767 592 799 618 et
822 585 1084 618 ordinationem

97 633 166 668 Dei
191 635 443 679 suscipiuntur.
502 632 566 668 Est
591 641 624 668 et
651 636 814 679 periculis
838 637 1085 680 opponendus,

96 694 135 720 ut
152 693 352 720 constanter
369 692 588 732 expectemus
605 686 864 722 liberationem.

123 803 185 839 IV.
212 805 437 839 Memoriam
450 801 550 849 fecit
567 801 801 839 mirabilium
816 815 980 839 suorum.

171 897 176 902 .
211 873 347 906 Escam
364 871 470 907 dedit
486 870 706 906 timentibus
726 882 822 905 eum.

199 962 319 1006 Pergit
335 962 371 995 in
388 963 502 1007 specie
516 963 686 1008 quaedam
702 962 868 996 beneficia
888 963 1084 998 nominare.

95 1013 180 1058 Agit
206 1014 313 1057 igitur
336 1014 464 1058 gratias
497 1026 560 1058 pro
587 1015 666 1046 data
697 1014 787 1056 lege,
825 1026 888 1058 pro
915 1015 1086 1048 institutis
1112 1022 1113 1029 ¹

95 1065 323 1106 ceremoniis,
351 1072 384 1099 et
399 1065 610 1098 nominatim
628 1076 690 1109 pro
709 1065 868 1098 instituta
887 1066 1085 1099 ceremonia

96 1114 288 1151 Pascliatis.
342 1115 388 1150 Et
405 1117 558 1159 graviter
582 1117 625 1148 de
649 1127 714 1148 usu
733 1114 914 1150 paschatis
943 1117 1085 1150 concio-

97 1175 212 1201 natur.
251 1166 464 1200 Memoriam
481 1167 562 1200 fecit
578 1167 796 1199 mirabilium
816 1179 973 1208 suorum,
997 1180 1083 1212 qua-

97 1219 125 1251 si
142 1219 251 1259 dicat,
278 1217 360 1252 Non
380 1219 463 1252 satis
482 1225 532 1251 est
550 1219 639 1252 ritus
655 1229 792 1250 servare
816 1230 875 1252 seu
893 1217 1085 1259 paschatis,

97 1281 158 1303 seu
176 1270 280 1310 alim,
308 1269 389 1303 Non
409 1275 559 1313 prosunt
577 1268 796 1302 ceremoniae
822 1282 862 1302 ex
880 1282 983 1313 opere
1001 1282 1083 1314 ope—

97 1328 190 1360 rato,
219 1320 294 1353 sine
311 1321 429 1361 verbo,
456 1321 531 1352 sine
547 1320 635 1359 fide,
661 1320 737 1351 sine
756 1320 994 1353 invocatione:
1025 1322 1083 1354 sed

97 1369 152 1404 hic
170 1370 330 1404 Psalmns
347 1370 513 1416 requirit,
542 1378 581 1404 ut
605 1369 691 1404 Esca
713 1371 757 1404 sit
782 1372 952 1404 memoria
974 1372 1084 1404 facto-

95 1435 174 1456 rum
192 1429 224 1455 et
242 1422 339 1455 verbi
354 1421 441 1462 Dei,
468 1422 503 1455 id
525 1428 586 1459 est,
615 1428 653 1454 ut
671 1422 817 1455 verbum
839 1422 887 1455 ibi
903 1424 1083 1463 doceatur,

96 1480 129 1507 et
146 1473 359 1513 excitentur,
386 1473 511 1513 timor,
539 1473 642 1512 fideS‚
670 1472 867 1514 invocatio,
888 1474 1083 1518 gratiarum

96 1525 186 1558 actio
205 1531 235 1558 et
254 1524 385 1557 similes
403 1524 453 1568 pii
470 1530 585 1557 motus
603 1523 641 1555 in
658 1524 886 1558 audientibus
904 1526 1083 1558 admiran-

97 1577 141 1609 da
165 1588 270 1619 opera
298 1574 383 1616 Dei,
412 1586 544 1622 poenas
565 1574 758 1618 impiorum
785 1582 819 1608 et
835 1575 1082 1609 liberationem

97 1627 233 1672 populi.
286 1625 345 1660 Sic
364 1627 511 1674 prodest
528 1626 724 1658 ceremonia
737 1651 744 1664 ,
774 1633 809 1660 et
823 1627 859 1660 fit
878 1628 992 1660 cultus
1006 1627 1084 1662 Dei.

197 1692 262 1727 Est
290 1705 372 1737 ergo
399 1688 585 1736 insigniter
610 1690 667 1725 hic
696 1693 952 1726 consideranda
976 1695 1085 1738 parti-

97 1745 192 1785 cula,
220 1757 299 1778 cum
317 1745 381 1777 ait:
410 1741 757 1790 IVIemoriamjkcil,
784 1751 821 1778 ut
838 1744 1012 1779 diseamus
1031 1758 1084 1778 re-

98 1796 192 1842 quiri
210 1807 284 1828 non
301 1802 437 1829 tantum
459 1795 712 1832 ceremoniam,
741 1796 801 1828 sed
818 1795 936 1838 potius
954 1809 1085 1830 memo-

98 1848 206 1885 riam,
234 1846 269 1879 id
294 1854 363 1885 est,
390 1853 429 1879 ut
455 1847 603 1879 verbnm
627 1846 864 1889 praedicetur,
890 1853 928 1880 ut
952 1848 1086 1881 mentio

97 1910 291 1943 poenarum
309 1897 458 1931 incutiat
477 1904 648 1930 terrorem
664 1897 908 1936 audientibus,
937 1905 971 1932 et
987 1911 1086 1932 men-

98 1951 145 1983 tio
166 1949 418 1982 beneficiorum
436 1950 602 1982 accendat
625 1948 748 1988 fidem,
777 1948 1036 1982 invocationem
1055 1958 1087 1984 et

98 2000 288 2044 gratiarum
305 2000 490 2036 actionem.
527 2000 626 2033 Haec
645 2006 696 2034 est
714 2011 795 2032 vera
812 2000 1000 2034 celebratio
1019 2000 1086 2035 Pa-

98 2049 235 2084 schatis.

149 2129 316 2167 Clemens
335 2136 364 2165 et
383 2132 587 2167 misericors
604 2132 804 2167 Dominus.

200 2208 400 2252 Diligenter
425 2210 687 2243 observandum
719 2217 769 2243 est
797 2209 1009 2250 discrimen,
1045 2212 1087 2244 de

100 2273 170 2306 quo
198 2272 298 2304 saepe
321 2259 462 2295 dicitur.
525 2260 658 2295 Gentes
684 2262 747 2295 etsi
773 2259 904 2295 babent
931 2262 1086 2307 aliquam

98 2312 185 2355 legis
212 2311 398 2351 noticiam,
426 2313 521 2356 quod
545 2311 640 2345 Deus
668 2313 711 2346 sit
737 2313 849 2346 bonus
873 2319 932 2346 aut
950 2313 1086 2346 miseri-

99 2375 195 2402 cors,
230 2369 347 2395 tamen
373 2362 426 2395 lex
449 2369 499 2396 est
523 2364 794 2404 conditionalis,
832 2364 865 2396 id
893 2370 959 2405 est,
994 2364 1087 2398 iudi-

100 2421 154 2448 cat
171 2414 289 2447 Deum
309 2414 442 2446 bonum
467 2420 500 2447 et
517 2414 779 2448 misericordem
802 2426 896 2455 esse,
925 2413 997 2456 bis,
1026 2416 1087 2460 qui

101 2472 182 2499 sunt
197 2465 281 2498 iusti
307 2471 340 2497 et
362 2465 437 2496 siue
463 2472 621 2508 peccato,
650 2478 722 2498 non
746 2467 846 2500 docet
870 2467 912 2500 de
937 2467 1088 2510 gratuita

99 2516 305 2549 remissione
323 2522 556 2559 peccatorum.
609 2516 692 2549 ldeo
710 2525 829 2560 gentes
846 2529 919 2551 non
942 2526 1087 2562 possunt

100 2565 231 2601 habere
254 2568 375 2607 fidem,
413 2579 476 2600 nec
501 2579 581 2600 vere
606 2567 770 2601 invocare
794 2567 925 2602 Deum:
961 2571 1020 2602 sed
1050 2569 1087 2602 in

1110 243 1113 278 J

2028 46 2125 80 1302

1138 138 1197 158 ne:
1232 125 1323 159 sicut
1347 127 1382 158 in
1411 126 1582 170 poematis
1611 134 1726 162 extant
1756 128 1993 174 blasphemiae
2017 133 2122 166 dubi-

1137 177 1286 211 tantium
1305 184 1337 209 et
1356 175 1690 221 blasphemantium.

1238 226 1306 261 Sed
1326 229 1575 271 promissiones
1594 230 1635 262 de
1650 228 1791 264 Christo
1809 231 2064 267 concionantur
2079 235 2121 266 de

1110 279 1112 311 ,ἶ
1136 278 1285 322 gratuita
1304 279 1511 313 remissione
1529 287 1761 325 peccatorum,
1790 289 1823 315 et
1838 284 1879 316 de
1896 285 2045 326 gratuita
2064 297 2119 317 ac—

1137 329 1343 374 ceptatione.

1110 384 1169 414 'et
1205 380 1413 413 confirmant
1448 389 1581 414 mentes
1615 390 1736 416 contra
1772 385 2048 426 dubitationem,
2081 393 2121 419 ut

1111 570 1112 574 Ἰ
1137 533 1264 578 passim
1289 533 1378 567 dicta
1402 534 1444 566 de
1468 533 1708 568 misericordia
1729 534 1807 572 Dei.

1407 329 1480 363 Hae
1511 331 1761 374 promissiones
1787 334 1980 368 exuscitant
2003 336 2120 374 fidem,

1136 432 1299 472 credant,
1327 438 1360 464 et
1385 432 1565 470 invocent,
1596 440 1628 466 et
1650 435 1802 468 sentiant
1826 447 1860 469 se
1885 437 2061 478 exaudiri,
2090 444 2120 470 et

1136 481 1211 516 Deo
1226 494 1329 516 curae
1342 494 1425 515 esse.
1455 481 1508 515 Ad
1526 481 1586 516 has
1600 485 1848 526 promissiones
1860 488 1981 520 referri
1994 489 2122 521 debent

1860 537 1949 571 Nam
1971 540 2123 583 populus

1111 589 1113 607 ’ν
1138 584 1203 618 Dei
1226 584 1385 618 intuetur
1409 585 1661 629 promissiones
1692 593 1723 619 et
1749 587 1815 620 fide
1853 601 1931 621 vera
1967 597 2123 633 expectat

97 2618 290 2664 pavoribus
308 2618 560 2663 opprimuntur
579 2619 800 2653 dubitatione
817 2626 850 2653 et
872 2620 1087 2665 desperatiu-
1112 2629 1114 2659 ξ

1139 635 1437 674 misericordiam,
1472 642 1504 668 et
1529 647 1608 669 vere
1633 638 1754 670 statuit
1779 650 1814 671 se
1842 640 1965 683 respici
1993 653 2010 673 a
2037 639 2122 678 Deo,

1139 694 1171 720 et
1190 693 1367 731 acceptum
1388 698 1459 719 esse
1478 699 1538 730 per
1556 687 1853 728 misericordiam,
1884 697 2025 734 propter
2043 704 2123 734 pro-

1138 738 1282 771 missum
1308 739 1558 771 redemtorem:
1587 738 1723 771 etiamsi
1740 739 1871 774 interea
1889 742 2044 783 agnoscit
2071 742 2126 773 in-

1139 789 1347 833 dignitatem
1369 801 1478 823 suam.

1242 839 1362 882 Quare
1378 837 1462 873 llaec
1480 840 1572 873 dicta
1592 840 1627 873 in
1645 839 1794 873 Psalmis
1815 842 1857 874 de
1882 843 2126 876 misericordIa

1140 903 1211 924 non
1229 891 1277 924 sic
1295 891 1525 934 intelligenda
1542 899 1642 930 sunt,
1671 892 1759 925 sicut
1783 893 1886 925 etiam
1915 901 2034 937 gentes
2061 895 2126 928 tri—

1138 943 1254 975 buunt
1270 941 1344 976 Deo
1373 942 1670 975 misericordiam:
1705 944 1763 975 sed
1789 944 1977 977 discrimen
2002 952 2126 978 tenen-

1139 995 1224 1026 dum
1250 1000 1310 1028 est.
1364 992 1484 1036 Longe
1501 993 1603 1026 aliter
1626 994 1823 1039 loquuntur
1846 996 1888 1028 de
1913 996 2071 1030 bonitate
2096 1004 2128 1030 et

1139 1045 1378 1077 misericordia
1395 1043 1461 1077 Dei
1478 1042 1680 1088 Xenophon
1706 1052 1736 1078 et
1754 1047 1939 1088 promissio
1964 1047 2127 1090 Evange-

1138 1096 1188 1131 lii.
1243 1094 1375 1128 Gentes
1395 1107 1467 1128 non
1487 1103 1620 1129 norunt
1638 1096 1879 1129 remissionem
1894 1105 2127 1142 peecatorum,

1139 1159 1202 1179 nec
1225 1147 1372 1179 credunt
1394 1146 1460 1178 sibi
1487 1147 1594 1189 gratis
1618 1147 1767 1189 ignosci,
1804 1155 1863 1181 aut
1888 1160 1923 1181 se
1951 1150 2126 1182 exaudiri:

1137 1199 1197 1231 sed
1226 1197 1292 1241 pii,
1321 1197 1381 1242 qui
1401 1204 1534 1231 norunt
1553 1198 1803 1241 promissiones
1820 1197 2025 1243 Evangelii,
2054 1213 2127 1233 cre-

1138 1249 1228 1282 dunt
1253 1249 1496 1282 remissionem
1525 1255 1768 1292 peccatorum,
1806 1262 1885 1282 vere
1910 1257 2070 1285 statuunt
2093 1263 2128 1284 se

1138 1299 1297 1332 exaudiri
1321 1312 1359 1332 ac
1385 1299 1540 1333 defendi.
1595 1300 1691 1333 Haec
1717 1301 1878 1333 doctrina
1899 1302 2047 1345 singulis
2065 1314 2127 1334 ne-

1137 1350 1284 1383 cessaria
1309 1357 1376 1390 est,
1412 1356 1450 1383 ut
1478 1358 1668 1392 agnoscant
1702 1351 1898 1384 naturalem
1934 1354 2129 1387 dubitatio-

1137 1413 1216 1433 nem
1235 1401 1277 1433 ‹le
1295 1401 1536 1434 misericordia
1553 1399 1641 1439 Dei,
1669 1409 1702 1434 et
1721 1410 1903 1445 opponant
1922 1404 2130 1447 promissio-

1136 1464 1197 1484 nes
1214 1451 1398 1495 Evangelii
1414 1452 1577 1496 propriae
1595 1453 1830 1486 imbecillitati
1853 1460 1886 1487 et
1912 1466 1946 1487 se
1966 1455 2034 1488 fide
2060 1456 2129 1488 eri-

1136 1509 1230 1547 gant.

1189 1583 1329 1618 Iis-cam
1349 1582 1449 1618 dedit
1466 1584 1678 1619 timentibus
1695 1598 1742 1622 se.

1237 1651 1328 1685 Cum
1346 1651 1509 1685 nominat
1527 1649 1686 1693 Escam,
1712 1653 1883 1696 significat
1907 1665 2037 1697 agnum
2062 1654 2129 1689 Pa-

1138 1700 1285 1736 scbatis:
1313 1715 1396 1736 nam
1414 1715 1519 1747 supra
1536 1703 1668 1737 dictum
1685 1712 1754 1746 est,
1781 1706 1875 1750 quod
1896 1702 1953 1738 hic
1971 1705 2130 1740 Psalmus

1140 1754 1301 1787 videatur
1317 1754 1424 1787 fuisse
1442 1754 1634 1797 gratiarum
1651 1756 1740 1788 actio
1753 1783 1761 1796 ,
1786 1768 1874 1801 quae
1889 1757 1993 1790 solita
2011 1765 2060 1791 est
2074 1771 2130 1791 re-

1139 1805 1239 1838 citari
1258 1805 1295 1837 in
1313 1805 1417 1839 Festo
1436 1803 1628 1841 Paschatis.
1682 1804 1905 1840 Annumerat
1930 1808 2037 1851 igitur
2052 1821 2129 1842 cae-

1139 1856 1222 1890 teris
1245 1856 1424 1889 beneficiis
1445 1856 1711 1890 ordinationem
1734 1858 1777 1890 de
1804 1859 2012 1892 mactatione
2037 1861 2129 1903 agni,

1139 1915 1172 1941 et
1193 1907 1338 1951 reliquis
1364 1907 1583 1942 ceremoniis.
1646 1907 1804 1951 lugentia
1838 1909 2006 1943 beneficia
2038 1919 2130 1952 snut,

1140 1959 1234 2004 quod
1247 1956 1353 1991 Deus
1371 1958 1509 1992 vocavit
1525 1965 1558 1992 et
1581 1959 1739 1993 defendit
1754 1957 1848 1992 hunc
1867 1961 2037 2004 populum
2056 1975 2129 1995 ma-

1141 2010 1218 2053 gnis
1239 2009 1437 2049 miraculis,
1465 2010 1561 2054 quod
1586 2010 1683 2044 dedit
1709 2011 1740 2044 ei
1761 2010 1917 2044 Verbum
1938 2019 1970 2045 et
1987 2011 2129 2056 Legem,

1142 2062 1235 2106 quod
1253 2061 1432 2094 ordinavit
1457 2068 1567 2094 certas
1590 2062 1824 2101 ceremonias,
1853 2062 1933 2106 quia
1951 2063 2049 2097 Dens
2073 2075 2128 2097 so-

1142 2113 1188 2146 let
1212 2112 1429 2145 ceremonias
1458 2113 1588 2145 addere
1616 2114 1743 2155 verbo,
1779 2113 1960 2153 videlicet,
1993 2121 2031 2148 ut
2059 2115 2129 2148 sint

1141 2163 1238 2207 signa
1255 2164 1500 2197 conservantia
1517 2164 1724 2197 memoriam
1742 2164 1841 2196 verbi
1860 2162 1937 2198 Dei.

1243 2213 1383 2249 Rursus
1417 2222 1532 2249 autem
1569 2211 1626 2247 bic
1656 2216 1902 2248 admonendus
1934 2222 1983 2249 est
2007 2216 2129 2256 lector,

1140 2263 1366 2299 Ceremonias
1390 2278 1461 2298 non
1491 2266 1654 2309 prodesse
1677 2278 1717 2299 ex
1741 2278 1846 2310 opere
1870 2273 2030 2310 operato:
2067 2268 2127 2300 sed

1141 2328 1213 2349 csse
1236 2317 1354 2359 signa,
1380 2329 1469 2362 quae
1496 2328 1559 2349 nos
1585 2317 1628 2349 de
1652 2317 1759 2350 verbo
1789 2323 1821 2349 et
1845 2317 1911 2349 fide
1936 2319 2127 2351 admonere

1140 2368 1300 2401 debeant.
1361 2367 1419 2401 Sic
1454 2367 1560 2409 igitur
1597 2375 1744 2411 prosunt
1778 2368 2015 2406 ceremoniae,
2049 2381 2128 2402 cum

1140 2419 1244 2451 nobis
1262 2419 1409 2451 verbum
1428 2418 1592 2461 redigunt
1611 2418 1648 2451 in
1666 2419 1892 2459 memoriam,
1921 2426 1954 2452 et
1978 2420 2046 2452 fide
2069 2432 2127 2453 ex-

1140 2470 1268 2503 citatur
1294 2468 1474 2503 invocatio
1501 2476 1533 2502 et
1559 2468 1765 2504 Gratiarum
1791 2470 1896 2503 actio:
1928 2470 2005 2503 ideo
2031 2470 2126 2515 prius

1140 2521 1273 2554 (lictum
1293 2527 1354 2560 est,
1383 2520 1595 2554 Memoriam
1612 2521 1691 2554 fecit
1709 2527 1773 2555 etc.
1817 2520 1864 2556 Ut
1880 2522 2035 2567 requirat
2053 2522 2127 2555 cul-

1140 2578 1196 2605 tus
1220 2571 1422 2612 interiores,
1459 2572 1562 2604 fidem
1597 2579 1630 2606 et
1661 2572 1942 2613 invocationem,
1980 2580 2012 2607 et
2033 2585 2128 2606 nunc

1142 2622 1258 2663 addit,
1293 2623 1502 2657 timentibus
1531 2634 1629 2664 eum,
1664 2623 1863 2667 significans
1896 2624 1966 2658 illis
1995 2630 2126 2667 gratam

1516 2674 1591 2708 82*
