<?xml version="1.0" encoding="UTF-8"?>
<!DOCTYPE html PUBLIC "-//W3C//DTD XHTML 1.0 Transitional//EN"
    "http://www.w3.org/TR/xhtml1/DTD/xhtml1-transitional.dtd">
<html xmlns="http://www.w3.org/1999/xhtml" xml:lang="en" lang="en">
 <head>
  <title>
</title>
<meta http-equiv="Content-Type" content="text/html;charset=utf-8" />
  <meta name='ocr-system' content='tesseract 3.04.00' />
  <meta name='ocr-capabilities' content='ocr_page ocr_carea ocr_par ocr_line ocrx_word'/>
</head>
<body>
  <div class='ocr_page' id='page_1' title='image "./operaquaesupersu13melauoft_0573.png"; bbox 0 0 2379 2948; ppageno 0'>
   <div class='ocr_carea' id='block_1_1' title="bbox 0 1977 9 2075">
    <p class='ocr_par' dir='ltr' id='par_1_1' title="bbox 0 1977 9 2075">
     <span class='ocr_line' id='line_1_1' title="bbox 0 1977 9 2075; textangle 90"><span class='ocrx_word' id='word_1_1' title='bbox 0 1977 9 2075; x_wconf 36' lang='grc' dir='ltr'><strong>ῑνᾼνι-ᾏ-</strong></span> 
     </span>
    </p>
   </div>
   <div class='ocr_carea' id='block_1_2' title="bbox 0 1601 10 2134">
    <p class='ocr_par' dir='ltr' id='par_1_2' title="bbox 0 1601 10 2134">
     <span class='ocr_line' id='line_1_2' title="bbox 0 1601 10 2134; baseline 0 0"><span class='ocrx_word' id='word_1_2' title='bbox 0 1601 10 2134; x_wconf 95' lang='lat' dir='ltr'><strong> </strong></span> 
     </span>
    </p>
   </div>
   <div class='ocr_carea' id='block_1_3' title="bbox 0 1601 8 2385">
    <p class='ocr_par' dir='ltr' id='par_1_3' title="bbox 0 1601 8 2385">
     <span class='ocr_line' id='line_1_3' title="bbox 0 1601 8 2385; baseline 0 0"><span class='ocrx_word' id='word_1_3' title='bbox 0 1601 8 2385; x_wconf 95' lang='lat' dir='ltr'><strong> </strong></span> 
     </span>
    </p>
   </div>
   <div class='ocr_carea' id='block_1_4' title="bbox 159 103 258 141">
    <p class='ocr_par' dir='ltr' id='par_1_4' title="bbox 159 103 258 141">
     <span class='ocr_line' id='line_1_4' title="bbox 159 103 258 141; baseline -0.01 0"><span class='ocrx_word' id='word_1_4' title='bbox 159 103 258 141; x_wconf 74' lang='lat'><strong>1125</strong></span> 
     </span>
    </p>
   </div>
   <div class='ocr_carea' id='block_1_5' title="bbox 151 186 1181 441">
    <p class='ocr_par' dir='ltr' id='par_1_5' title="bbox 151 186 1181 441">
     <span class='ocr_line' id='line_1_5' title="bbox 255 186 1181 238; baseline -0.001 -14"><span class='ocrx_word' id='word_1_5' title='bbox 255 187 303 226; x_wconf 92' lang='lat' dir='ltr'><strong>Et</strong></span> <span class='ocrx_word' id='word_1_6' title='bbox 320 202 400 225; x_wconf 87' lang='lat' dir='ltr'><strong>cum</strong></span> <span class='ocrx_word' id='word_1_7' title='bbox 416 203 456 225; x_wconf 93' lang='lat' dir='ltr'><strong>os</strong></span> <span class='ocrx_word' id='word_1_8' title='bbox 478 190 597 238; x_wconf 90' lang='lat' dir='ltr'><strong>inquit</strong></span> <span class='ocrx_word' id='word_1_9' title='bbox 614 198 726 226; x_wconf 86' lang='lat' dir='ltr'><strong>castra</strong></span> <span class='ocrx_word' id='word_1_10' title='bbox 744 191 877 225; x_wconf 82' lang='lat' dir='ltr'><strong>locasse</strong></span> <span class='ocrx_word' id='word_1_11' title='bbox 897 191 1066 224; x_wconf 78' lang='lat' dir='ltr'><strong>adversus</strong></span> <span class='ocrx_word' id='word_1_12' title='bbox 1084 186 1181 224; x_wconf 78' lang='grc' dir='ltr'><strong>Εε-1</strong></span> 
     </span>
     <span class='ocr_line' id='line_1_6' title="bbox 153 240 1179 287; baseline -0.001 -13"><span class='ocrx_word' id='word_1_13' title='bbox 153 241 316 283; x_wconf 89' lang='lat' dir='ltr'><strong>clesiam,</strong></span> <span class='ocrx_word' id='word_1_14' title='bbox 344 243 519 287; x_wconf 82' lang='lat' dir='ltr'><strong>significat</strong></span> <span class='ocrx_word' id='word_1_15' title='bbox 542 254 701 278; x_wconf 86' lang='lat' dir='ltr'><strong>summos</strong></span> <span class='ocrx_word' id='word_1_16' title='bbox 727 240 959 282; x_wconf 84' lang='lat' dir='ltr'><strong>monarchas,</strong></span> <span class='ocrx_word' id='word_1_17' title='bbox 992 252 1089 285; x_wconf 77' lang='lat' dir='ltr'><strong>reges</strong></span> <span class='ocrx_word' id='word_1_18' title='bbox 1121 247 1179 274; x_wconf 91' lang='lat' dir='ltr'><strong>et</strong></span> 
     </span>
     <span class='ocr_line' id='line_1_7' title="bbox 151 293 1153 339; baseline -0.001 -13"><span class='ocrx_word' id='word_1_19' title='bbox 151 293 354 338; x_wconf 82' lang='lat' dir='ltr'><strong>principes,</strong></span> <span class='ocrx_word' id='word_1_20' title='bbox 388 307 554 339; x_wconf 85' lang='lat' dir='ltr'><strong>magnum</strong></span> <span class='ocrx_word' id='word_1_21' title='bbox 585 301 620 328; x_wconf 85' lang='lat' dir='ltr'><strong>et</strong></span> <span class='ocrx_word' id='word_1_22' title='bbox 653 294 836 327; x_wconf 86' lang='lat' dir='ltr'><strong>assiduum</strong></span> <span class='ocrx_word' id='word_1_23' title='bbox 870 294 1003 326; x_wconf 89' lang='lat' dir='ltr'><strong>bellum</strong></span> <span class='ocrx_word' id='word_1_24' title='bbox 1034 304 1153 336; x_wconf 82' lang='lat' dir='ltr'>gerere</span> 
     </span>
     <span class='ocr_line' id='line_1_8' title="bbox 151 343 1153 387; baseline -0.001 -10"><span class='ocrx_word' id='word_1_25' title='bbox 151 346 321 378; x_wconf 78' lang='lat' dir='ltr'><strong>adversus</strong></span> <span class='ocrx_word' id='word_1_26' title='bbox 337 343 553 387; x_wconf 75' lang='lat' dir='ltr'><strong>Ecclesiam,</strong></span> <span class='ocrx_word' id='word_1_27' title='bbox 580 346 639 379; x_wconf 90' lang='lat' dir='ltr'><strong>sed</strong></span> <span class='ocrx_word' id='word_1_28' title='bbox 660 345 756 379; x_wconf 92' lang='lat' dir='ltr'><strong>Deus</strong></span> <span class='ocrx_word' id='word_1_29' title='bbox 768 345 932 378; x_wconf 88' lang='lat' dir='ltr'><strong>adfirmat</strong></span> <span class='ocrx_word' id='word_1_30' title='bbox 949 356 985 377; x_wconf 93' lang='lat' dir='ltr'><strong>se</strong></span> <span class='ocrx_word' id='word_1_31' title='bbox 1005 356 1064 377; x_wconf 91' lang='lat' dir='ltr'><strong>eos</strong></span> <span class='ocrx_word' id='word_1_32' title='bbox 1080 344 1153 377; x_wconf 88' lang='lat' dir='ltr'><strong>dis—</strong></span> 
     </span>
     <span class='ocr_line' id='line_1_9' title="bbox 152 393 1153 441; baseline -0.001 -12"><span class='ocrx_word' id='word_1_33' title='bbox 152 396 350 441; x_wconf 89' lang='lat' dir='ltr'><strong>sipaturum</strong></span> <span class='ocrx_word' id='word_1_34' title='bbox 377 409 471 437; x_wconf 83' lang='lat' dir='ltr'><strong>esse,</strong></span> <span class='ocrx_word' id='word_1_35' title='bbox 507 405 540 431; x_wconf 90' lang='lat' dir='ltr'><strong>et</strong></span> <span class='ocrx_word' id='word_1_36' title='bbox 563 397 663 430; x_wconf 88' lang='lat' dir='ltr'><strong>addit</strong></span> <span class='ocrx_word' id='word_1_37' title='bbox 690 393 834 436; x_wconf 77' lang='grc' dir='ltr'><em>πάθος,</em></span> <span class='ocrx_word' id='word_1_38' title='bbox 862 397 956 441; x_wconf 88' lang='lat' dir='ltr'><strong>quod</strong></span> <span class='ocrx_word' id='word_1_39' title='bbox 978 396 1153 439; x_wconf 78' lang='lat' dir='ltr'><strong>significat</strong></span> 
     </span>
    </p>
   </div>
   <div class='ocr_carea' id='block_1_6' title="bbox 152 445 1806 493">
    <p class='ocr_par' dir='ltr' id='par_1_6' title="bbox 152 445 1806 493">
     <span class='ocr_line' id='line_1_10' title="bbox 152 445 1806 493; baseline 0.004 -13"><span class='ocrx_word' id='word_1_40' title='bbox 152 459 275 480; x_wconf 77' lang='lat' dir='ltr'><strong>verum</strong></span> <span class='ocrx_word' id='word_1_41' title='bbox 292 455 323 482; x_wconf 87' lang='lat' dir='ltr'><strong>et</strong></span> <span class='ocrx_word' id='word_1_42' title='bbox 335 446 525 481; x_wconf 85' lang='lat' dir='ltr'><strong>vehemens</strong></span> <span class='ocrx_word' id='word_1_43' title='bbox 543 448 682 481; x_wconf 88' lang='lat' dir='ltr'><strong>odium:</strong></span> <span class='ocrx_word' id='word_1_44' title='bbox 709 445 956 480; x_wconf 69' lang='lat' dir='ltr'><strong>Abominatur</strong></span> <span class='ocrx_word' id='word_1_45' title='bbox 967 445 1152 482; x_wconf 74' lang='lat' dir='ltr'><strong>eosDeus.</strong></span> <span class='ocrx_word' id='word_1_46' title='bbox 1177 456 1178 471; x_wconf 74' lang='lat'><em>³</em></span> <span class='ocrx_word' id='word_1_47' title='bbox 1203 455 1263 489; x_wconf 70' lang='lat' dir='ltr'><strong>vid</strong></span> <span class='ocrx_word' id='word_1_48' title='bbox 1289 453 1397 489; x_wconf 73' lang='lat' dir='ltr'><strong>huius</strong></span> <span class='ocrx_word' id='word_1_49' title='bbox 1425 468 1508 489; x_wconf 44' lang='lat' dir='ltr'><strong>suae</strong></span> <span class='ocrx_word' id='word_1_50' title='bbox 1533 459 1806 493; x_wconf 48' lang='lat' dir='ltr'><strong>moderationis-</strong></span> 
     </span>
    </p>
   </div>
   <div class='ocr_carea' id='block_1_7' title="bbox 150 507 1152 604">
    <p class='ocr_par' dir='ltr' id='par_1_7' title="bbox 150 507 1152 604">
     <span class='ocr_line' id='line_1_11' title="bbox 256 507 1152 553; baseline 0 -13"><span class='ocrx_word' id='word_1_51' title='bbox 256 507 298 540; x_wconf 85' lang='lat' dir='ltr'><strong>ln</strong></span> <span class='ocrx_word' id='word_1_52' title='bbox 323 514 500 553; x_wconf 90' lang='lat' dir='ltr'><strong>postremo</strong></span> <span class='ocrx_word' id='word_1_53' title='bbox 526 519 630 540; x_wconf 89' lang='lat' dir='ltr'><strong>versu</strong></span> <span class='ocrx_word' id='word_1_54' title='bbox 657 507 845 550; x_wconf 77' lang='lat' dir='ltr'>promissio</span> <span class='ocrx_word' id='word_1_55' title='bbox 878 514 928 540; x_wconf 91' lang='lat' dir='ltr'><strong>est</strong></span> <span class='ocrx_word' id='word_1_56' title='bbox 953 508 997 540; x_wconf 88' lang='lat' dir='ltr'><strong>de</strong></span> <span class='ocrx_word' id='word_1_57' title='bbox 1022 507 1152 541; x_wconf 85' lang='lat' dir='ltr'><strong>libera-</strong></span> 
     </span>
     <span class='ocr_line' id='line_1_12' title="bbox 150 557 1152 604; baseline -0.002 -10"><span class='ocrx_word' id='word_1_58' title='bbox 150 559 248 594; x_wconf 82' lang='lat' dir='ltr'><strong>tione</strong></span> <span class='ocrx_word' id='word_1_59' title='bbox 275 557 454 593; x_wconf 82' lang='lat' dir='ltr'><strong>Ecclesiae</strong></span> <span class='ocrx_word' id='word_1_60' title='bbox 480 570 541 602; x_wconf 89' lang='lat' dir='ltr'><strong>per</strong></span> <span class='ocrx_word' id='word_1_61' title='bbox 568 558 756 599; x_wconf 67' lang='lat' dir='ltr'><strong>Messi-am,</strong></span> <span class='ocrx_word' id='word_1_62' title='bbox 784 571 874 604; x_wconf 86' lang='lat' dir='ltr'><strong>quae</strong></span> <span class='ocrx_word' id='word_1_63' title='bbox 893 559 1008 604; x_wconf 83' lang='lat' dir='ltr'><strong>qualis</strong></span> <span class='ocrx_word' id='word_1_64' title='bbox 1027 559 1091 600; x_wconf 90' lang='lat' dir='ltr'><strong>sit,</strong></span> <span class='ocrx_word' id='word_1_65' title='bbox 1120 565 1152 592; x_wconf 87' lang='lat' dir='ltr'><strong>et</strong></span> 
     </span>
    </p>
   </div>
   <div class='ocr_carea' id='block_1_8' title="bbox 151 609 1177 661">
    <p class='ocr_par' dir='ltr' id='par_1_8' title="bbox 151 609 1177 661">
     <span class='ocr_line' id='line_1_13' title="bbox 151 609 1177 661; baseline -0.001 -18"><span class='ocrx_word' id='word_1_66' title='bbox 151 612 296 655; x_wconf 90' lang='lat' dir='ltr'><strong>quando</strong></span> <span class='ocrx_word' id='word_1_67' title='bbox 314 611 432 644; x_wconf 86' lang='lat' dir='ltr'><strong>futura</strong></span> <span class='ocrx_word' id='word_1_68' title='bbox 449 611 505 651; x_wconf 89' lang='lat' dir='ltr'><strong>sit,</strong></span> <span class='ocrx_word' id='word_1_69' title='bbox 534 610 663 643; x_wconf 78' lang='lat' dir='ltr'><strong>docent</strong></span> <span class='ocrx_word' id='word_1_70' title='bbox 681 611 872 644; x_wconf 80' lang='lat' dir='ltr'><strong>conciones</strong></span> <span class='ocrx_word' id='word_1_71' title='bbox 890 611 926 643; x_wconf 94' lang='lat' dir='ltr'><strong>in</strong></span> <span class='ocrx_word' id='word_1_72' title='bbox 947 609 1152 654; x_wconf 82' lang='lat' dir='ltr'><strong>Evangeliis</strong></span> <span class='ocrx_word' id='word_1_73' title='bbox 1176 624 1177 661; x_wconf 30' lang='grc' dir='ltr'>ζ</span> 
     </span>
    </p>
   </div>
   <div class='ocr_carea' id='block_1_9' title="bbox 150 661 1151 759">
    <p class='ocr_par' dir='ltr' id='par_1_9' title="bbox 150 661 1151 759">
     <span class='ocr_line' id='line_1_14' title="bbox 150 661 1149 705; baseline -0.001 -10"><span class='ocrx_word' id='word_1_74' title='bbox 150 664 196 695; x_wconf 91' lang='lat' dir='ltr'><strong>de</strong></span> <span class='ocrx_word' id='word_1_75' title='bbox 213 668 364 695; x_wconf 90' lang='lat' dir='ltr'><strong>venturo</strong></span> <span class='ocrx_word' id='word_1_76' title='bbox 382 662 516 695; x_wconf 87' lang='lat' dir='ltr'><strong>iudicio</strong></span> <span class='ocrx_word' id='word_1_77' title='bbox 536 669 570 695; x_wconf 92' lang='lat' dir='ltr'><strong>et</strong></span> <span class='ocrx_word' id='word_1_78' title='bbox 589 673 697 705; x_wconf 86' lang='lat' dir='ltr'><strong>regno</strong></span> <span class='ocrx_word' id='word_1_79' title='bbox 715 669 858 696; x_wconf 88' lang='lat' dir='ltr'><strong>aeterno</strong></span> <span class='ocrx_word' id='word_1_80' title='bbox 878 661 1039 695; x_wconf 85' lang='lat' dir='ltr'><strong>Messiae.</strong></span> <span class='ocrx_word' id='word_1_81' title='bbox 1094 661 1149 695; x_wconf 85' lang='lat' dir='ltr'><strong>Ad</strong></span> 
     </span>
     <span class='ocr_line' id='line_1_15' title="bbox 150 711 1151 759; baseline 0.001 -12"><span class='ocrx_word' id='word_1_82' title='bbox 150 711 215 747; x_wconf 89' lang='lat' dir='ltr'><strong>has</strong></span> <span class='ocrx_word' id='word_1_83' title='bbox 231 713 420 747; x_wconf 87' lang='lat' dir='ltr'><strong>conciones</strong></span> <span class='ocrx_word' id='word_1_84' title='bbox 437 714 644 747; x_wconf 83' lang='lat' dir='ltr'><strong>referendus</strong></span> <span class='ocrx_word' id='word_1_85' title='bbox 661 721 711 747; x_wconf 90' lang='lat' dir='ltr'><strong>est</strong></span> <span class='ocrx_word' id='word_1_86' title='bbox 726 721 926 759; x_wconf 85' lang='lat' dir='ltr'><strong>postremus</strong></span> <span class='ocrx_word' id='word_1_87' title='bbox 945 713 1151 748; x_wconf 76' lang='lat' dir='ltr'><strong>versiculus,</strong></span> 
     </span>
    </p>
   </div>
   <div class='ocr_carea' id='block_1_10' title="bbox 285 834 1013 945">
    <p class='ocr_par' dir='ltr' id='par_1_10' title="bbox 285 834 1013 945">
     <span class='ocr_line' id='line_1_16' title="bbox 285 834 1013 881; baseline 0.001 -13"><span class='ocrx_word' id='word_1_88' title='bbox 285 834 621 881; x_wconf 67' lang='lat' dir='ltr'><strong>Argumentum⁴</strong></span> <span class='ocrx_word' id='word_1_89' title='bbox 661 846 714 869; x_wconf 82' lang='lat' dir='ltr'><strong>ac</strong></span> <span class='ocrx_word' id='word_1_90' title='bbox 749 834 1013 881; x_wconf 71' lang='lat' dir='ltr'><strong>dtspositio</strong></span> 
     </span>
     <span class='ocr_line' id='line_1_17' title="bbox 485 903 807 945; baseline 0.006 -3"><span class='ocrx_word' id='word_1_91' title='bbox 485 903 642 943; x_wconf 82' lang='lat' dir='ltr'><strong>Psalmi</strong></span> <span class='ocrx_word' id='word_1_92' title='bbox 686 904 807 945; x_wconf 72' lang='lat' dir='ltr'><strong>MV.</strong></span> 
     </span>
    </p>
   </div>
   <div class='ocr_carea' id='block_1_11' title="bbox 197 986 1150 1082">
    <p class='ocr_par' dir='ltr' id='par_1_11' title="bbox 197 986 1150 1082">
     <span class='ocr_line' id='line_1_18' title="bbox 199 986 1150 1034; baseline 0.003 -14"><span class='ocrx_word' id='word_1_93' title='bbox 199 987 308 1021; x_wconf 78' lang='lat' dir='ltr'><strong>Deus</strong></span> <span class='ocrx_word' id='word_1_94' title='bbox 332 988 371 1020; x_wconf 84' lang='lat' dir='ltr'><strong>in</strong></span> <span class='ocrx_word' id='word_1_95' title='bbox 398 989 549 1021; x_wconf 79' lang='lat' dir='ltr'><strong>nomine</strong></span> <span class='ocrx_word' id='word_1_96' title='bbox 580 991 641 1021; x_wconf 75' lang='lat' dir='ltr'><strong>ino</strong></span> <span class='ocrx_word' id='word_1_97' title='bbox 670 988 813 1021; x_wconf 73' lang='lat' dir='ltr'><strong>salvum</strong></span> <span class='ocrx_word' id='word_1_98' title='bbox 844 1000 903 1024; x_wconf 82' lang='lat' dir='ltr'><strong>me</strong></span> <span class='ocrx_word' id='word_1_99' title='bbox 928 986 1020 1034; x_wconf 78' lang='lat' dir='ltr'><strong>fac,</strong></span> <span class='ocrx_word' id='word_1_100' title='bbox 1048 994 1081 1023; x_wconf 78' lang='lat' dir='ltr'><strong>cl</strong></span> <span class='ocrx_word' id='word_1_101' title='bbox 1113 991 1150 1023; x_wconf 83' lang='lat' dir='ltr'><strong>in</strong></span> 
     </span>
     <span class='ocr_line' id='line_1_19' title="bbox 197 1038 811 1082; baseline 0.002 -10"><span class='ocrx_word' id='word_1_102' title='bbox 197 1041 339 1073; x_wconf 79' lang='lat' dir='ltr'><strong>virtute</strong></span> <span class='ocrx_word' id='word_1_103' title='bbox 367 1043 436 1072; x_wconf 77' lang='lat' dir='ltr'><strong>tua</strong></span> <span class='ocrx_word' id='word_1_104' title='bbox 467 1038 594 1073; x_wconf 77' lang='lat' dir='ltr'><strong>iudica</strong></span> <span class='ocrx_word' id='word_1_105' title='bbox 622 1050 705 1082; x_wconf 82' lang='lat' dir='ltr'><strong>me,</strong></span> <span class='ocrx_word' id='word_1_106' title='bbox 741 1044 811 1073; x_wconf 83' lang='lat' dir='ltr'><strong>etc.</strong></span> 
     </span>
    </p>
   </div>
   <div class='ocr_carea' id='block_1_12' title="bbox 147 1112 1150 1366">
    <p class='ocr_par' dir='ltr' id='par_1_12' title="bbox 147 1112 1150 1366">
     <span class='ocr_line' id='line_1_20' title="bbox 253 1112 1150 1162; baseline 0 -13"><span class='ocrx_word' id='word_1_107' title='bbox 253 1114 366 1149; x_wconf 80' lang='lat' dir='ltr'><strong>Notae</strong></span> <span class='ocrx_word' id='word_1_108' title='bbox 398 1122 481 1149; x_wconf 89' lang='lat' dir='ltr'><strong>sunt</strong></span> <span class='ocrx_word' id='word_1_109' title='bbox 516 1112 704 1157; x_wconf 82' lang='lat' dir='ltr'><strong>historiae,</strong></span> <span class='ocrx_word' id='word_1_110' title='bbox 740 1128 890 1162; x_wconf 86' lang='lat' dir='ltr'><strong>quarum</strong></span> <span class='ocrx_word' id='word_1_111' title='bbox 923 1116 958 1148; x_wconf 92' lang='lat' dir='ltr'><strong>in</strong></span> <span class='ocrx_word' id='word_1_112' title='bbox 985 1116 1090 1149; x_wconf 87' lang='lat' dir='ltr'><strong>titulo</strong></span> <span class='ocrx_word' id='word_1_113' title='bbox 1115 1117 1150 1150; x_wconf 82' lang='lat' dir='ltr'><strong>fit</strong></span> 
     </span>
     <span class='ocr_line' id='line_1_21' title="bbox 147 1166 1149 1212; baseline 0 -11"><span class='ocrx_word' id='word_1_114' title='bbox 147 1167 304 1208; x_wconf 86' lang='lat' dir='ltr'><strong>mentio,</strong></span> <span class='ocrx_word' id='word_1_115' title='bbox 332 1179 371 1200; x_wconf 85' lang='lat' dir='ltr'><strong>ac</strong></span> <span class='ocrx_word' id='word_1_116' title='bbox 398 1167 593 1201; x_wconf 73' lang='lat' dir='ltr'><strong>recitantur</strong></span> <span class='ocrx_word' id='word_1_117' title='bbox 619 1168 734 1211; x_wconf 92' lang='lat' dir='ltr'><strong>primo</strong></span> <span class='ocrx_word' id='word_1_118' title='bbox 763 1169 854 1200; x_wconf 83' lang='lat' dir='ltr'><strong>libro</strong></span> <span class='ocrx_word' id='word_1_119' title='bbox 872 1166 1010 1210; x_wconf 63' lang='lat' dir='ltr'><strong>Regum</strong></span> <span class='ocrx_word' id='word_1_120' title='bbox 1036 1170 1149 1212; x_wconf 88' lang='lat' dir='ltr'><strong>capite</strong></span> 
     </span>
     <span class='ocr_line' id='line_1_22' title="bbox 148 1218 1148 1263; baseline 0.001 -12"><span class='ocrx_word' id='word_1_121' title='bbox 148 1219 320 1263; x_wconf 82' lang='lat' dir='ltr'><strong>vigesimo</strong></span> <span class='ocrx_word' id='word_1_122' title='bbox 345 1219 450 1252; x_wconf 87' lang='lat' dir='ltr'><strong>tertio</strong></span> <span class='ocrx_word' id='word_1_123' title='bbox 475 1225 507 1252; x_wconf 86' lang='lat' dir='ltr'><strong>et</strong></span> <span class='ocrx_word' id='word_1_124' title='bbox 532 1219 703 1262; x_wconf 79' lang='lat' dir='ltr'><strong>vigesimo</strong></span> <span class='ocrx_word' id='word_1_125' title='bbox 723 1227 831 1254; x_wconf 84' lang='lat' dir='ltr'><strong>sexto.</strong></span> <span class='ocrx_word' id='word_1_126' title='bbox 888 1218 975 1252; x_wconf 53' lang='lat' dir='ltr'><strong>Nam</strong></span> <span class='ocrx_word' id='word_1_127' title='bbox 1000 1218 1148 1263; x_wconf 78' lang='lat' dir='ltr'><strong>Zipliaei</strong></span> 
     </span>
     <span class='ocr_line' id='line_1_23' title="bbox 148 1269 1149 1314; baseline 0 -10"><span class='ocrx_word' id='word_1_128' title='bbox 148 1270 204 1304; x_wconf 87' lang='lat' dir='ltr'><strong>bis</strong></span> <span class='ocrx_word' id='word_1_129' title='bbox 227 1269 467 1314; x_wconf 86' lang='lat' dir='ltr'><strong>prodiderunt</strong></span> <span class='ocrx_word' id='word_1_130' title='bbox 490 1269 683 1311; x_wconf 77' lang='lat' dir='ltr'><strong>Davidem,</strong></span> <span class='ocrx_word' id='word_1_131' title='bbox 713 1278 744 1304; x_wconf 86' lang='lat' dir='ltr'><strong>et</strong></span> <span class='ocrx_word' id='word_1_132' title='bbox 770 1279 964 1303; x_wconf 85' lang='lat' dir='ltr'><strong>narrantur</strong></span> <span class='ocrx_word' id='word_1_133' title='bbox 983 1271 1031 1303; x_wconf 81' lang='lat' dir='ltr'><strong>ihi</strong></span> <span class='ocrx_word' id='word_1_134' title='bbox 1059 1272 1149 1304; x_wconf 85' lang='lat' dir='ltr'><strong>libe-</strong></span> 
     </span>
     <span class='ocr_line' id='line_1_24' title="bbox 148 1321 1149 1366; baseline -0.001 -10"><span class='ocrx_word' id='word_1_135' title='bbox 148 1322 305 1356; x_wconf 73' lang='lat' dir='ltr'><strong>rationes</strong></span> <span class='ocrx_word' id='word_1_136' title='bbox 329 1321 522 1364; x_wconf 82' lang='lat' dir='ltr'><strong>gloriosae,</strong></span> <span class='ocrx_word' id='word_1_137' title='bbox 557 1323 593 1354; x_wconf 88' lang='lat' dir='ltr'><strong>in</strong></span> <span class='ocrx_word' id='word_1_138' title='bbox 618 1334 769 1366; x_wconf 86' lang='lat' dir='ltr'><strong>quarum</strong></span> <span class='ocrx_word' id='word_1_139' title='bbox 795 1323 904 1355; x_wconf 88' lang='lat' dir='ltr'><strong>altera</strong></span> <span class='ocrx_word' id='word_1_140' title='bbox 936 1333 1016 1354; x_wconf 91' lang='lat' dir='ltr'><strong>cum</strong></span> <span class='ocrx_word' id='word_1_141' title='bbox 1045 1323 1149 1355; x_wconf 86' lang='lat' dir='ltr'><strong>amici</strong></span> 
     </span>
    </p>
   </div>
   <div class='ocr_carea' id='block_1_13' title="bbox 147 1371 1177 1413">
    <p class='ocr_par' dir='ltr' id='par_1_13' title="bbox 147 1371 1177 1413">
     <span class='ocr_line' id='line_1_25' title="bbox 147 1371 1177 1413; baseline 0.001 -8"><span class='ocrx_word' id='word_1_142' title='bbox 147 1371 299 1408; x_wconf 91' lang='lat' dir='ltr'><strong>Davidis</strong></span> <span class='ocrx_word' id='word_1_143' title='bbox 327 1371 548 1405; x_wconf 79' lang='lat' dir='ltr'><strong>interfecturi</strong></span> <span class='ocrx_word' id='word_1_144' title='bbox 579 1379 695 1406; x_wconf 83' lang='lat' dir='ltr'><strong>essent</strong></span> <span class='ocrx_word' id='word_1_145' title='bbox 729 1374 893 1413; x_wconf 82' lang='lat' dir='ltr'><strong>Saulem,</strong></span> <span class='ocrx_word' id='word_1_146' title='bbox 920 1372 1035 1406; x_wconf 79' lang='lat' dir='ltr'><strong>David</strong></span> <span class='ocrx_word' id='word_1_147' title='bbox 1070 1386 1149 1406; x_wconf 91' lang='lat' dir='ltr'><strong>eum</strong></span> <span class='ocrx_word' id='word_1_148' title='bbox 1176 1376 1177 1385; x_wconf 67' lang='lat'>¹</span> 
     </span>
    </p>
   </div>
   <div class='ocr_carea' id='block_1_14' title="bbox 146 1421 1149 1571">
    <p class='ocr_par' dir='ltr' id='par_1_14' title="bbox 146 1421 1149 1571">
     <span class='ocr_line' id='line_1_26' title="bbox 147 1421 1149 1470; baseline -0.001 -12"><span class='ocrx_word' id='word_1_149' title='bbox 147 1421 314 1470; x_wconf 88' lang='lat' dir='ltr'><strong>probibet</strong></span> <span class='ocrx_word' id='word_1_150' title='bbox 331 1423 502 1461; x_wconf 87' lang='lat' dir='ltr'><strong>interfici,</strong></span> <span class='ocrx_word' id='word_1_151' title='bbox 532 1431 563 1457; x_wconf 87' lang='lat' dir='ltr'><strong>et</strong></span> <span class='ocrx_word' id='word_1_152' title='bbox 581 1424 674 1456; x_wconf 89' lang='lat' dir='ltr'><strong>clare</strong></span> <span class='ocrx_word' id='word_1_153' title='bbox 694 1425 875 1464; x_wconf 72' lang='lat' dir='ltr'><strong>adfirmat,</strong></span> <span class='ocrx_word' id='word_1_154' title='bbox 903 1435 938 1457; x_wconf 91' lang='lat' dir='ltr'><strong>se</strong></span> <span class='ocrx_word' id='word_1_155' title='bbox 964 1436 1149 1469; x_wconf 85' lang='lat' dir='ltr'><strong>nunquam</strong></span> 
     </span>
     <span class='ocr_line' id='line_1_27' title="bbox 146 1473 1148 1522; baseline 0.001 -14"><span class='ocrx_word' id='word_1_156' title='bbox 146 1476 238 1509; x_wconf 88' lang='lat' dir='ltr'><strong>velle</strong></span> <span class='ocrx_word' id='word_1_157' title='bbox 253 1486 370 1519; x_wconf 87' lang='lat' dir='ltr'><strong>regem</strong></span> <span class='ocrx_word' id='word_1_158' title='bbox 386 1473 496 1508; x_wconf 79' lang='lat' dir='ltr'><strong>lsrae&#39;l</strong></span> <span class='ocrx_word' id='word_1_159' title='bbox 513 1486 532 1508; x_wconf 88' lang='lat' dir='ltr'><strong>a</strong></span> <span class='ocrx_word' id='word_1_160' title='bbox 549 1473 625 1508; x_wconf 92' lang='lat' dir='ltr'><strong>Deo</strong></span> <span class='ocrx_word' id='word_1_161' title='bbox 645 1483 792 1509; x_wconf 88' lang='lat' dir='ltr'><strong>unctum</strong></span> <span class='ocrx_word' id='word_1_162' title='bbox 818 1476 963 1509; x_wconf 89' lang='lat' dir='ltr'><strong>violare.</strong></span> <span class='ocrx_word' id='word_1_163' title='bbox 1017 1476 1056 1510; x_wconf 90' lang='lat' dir='ltr'><strong>ln</strong></span> <span class='ocrx_word' id='word_1_164' title='bbox 1081 1489 1148 1522; x_wconf 81' lang='lat' dir='ltr'><strong>qua</strong></span> 
     </span>
     <span class='ocr_line' id='line_1_28' title="bbox 147 1525 972 1571; baseline -0.002 -10"><span class='ocrx_word' id='word_1_165' title='bbox 147 1525 297 1562; x_wconf 82' lang='lat' dir='ltr'><strong>historia</strong></span> <span class='ocrx_word' id='word_1_166' title='bbox 315 1527 387 1560; x_wconf 91' lang='lat' dir='ltr'><strong>duo</strong></span> <span class='ocrx_word' id='word_1_167' title='bbox 405 1533 486 1560; x_wconf 89' lang='lat' dir='ltr'><strong>sunt</strong></span> <span class='ocrx_word' id='word_1_168' title='bbox 503 1526 604 1559; x_wconf 90' lang='lat' dir='ltr'><strong>valde</strong></span> <span class='ocrx_word' id='word_1_169' title='bbox 623 1526 775 1570; x_wconf 83' lang='lat' dir='ltr'><strong>insignia</strong></span> <span class='ocrx_word' id='word_1_170' title='bbox 793 1528 951 1571; x_wconf 84' lang='lat' dir='ltr'><strong>exempla</strong></span> <span class='ocrx_word' id='word_1_171' title='bbox 964 1554 972 1568; x_wconf 92' lang='lat'>‚</span> 
     </span>
    </p>
   </div>
   <div class='ocr_carea' id='block_1_15' title="bbox 149 1731 1152 1931">
    <p class='ocr_par' dir='ltr' id='par_1_15' title="bbox 149 1731 1151 1820">
     <span class='ocr_line' id='line_1_29' title="bbox 149 1731 1151 1777; baseline -0.001 -10"><span class='ocrx_word' id='word_1_172' title='bbox 149 1740 249 1768; x_wconf 89' lang='lat' dir='ltr'><strong>tanto</strong></span> <span class='ocrx_word' id='word_1_173' title='bbox 273 1732 430 1777; x_wconf 87' lang='lat' dir='ltr'><strong>periculo</strong></span> <span class='ocrx_word' id='word_1_174' title='bbox 456 1731 553 1766; x_wconf 90' lang='lat' dir='ltr'><strong>Deus</strong></span> <span class='ocrx_word' id='word_1_175' title='bbox 577 1733 735 1766; x_wconf 84' lang='lat' dir='ltr'><strong>ostendit</strong></span> <span class='ocrx_word' id='word_1_176' title='bbox 765 1744 838 1766; x_wconf 90' lang='lat' dir='ltr'><strong>sese</strong></span> <span class='ocrx_word' id='word_1_177' title='bbox 868 1734 1050 1766; x_wconf 87' lang='lat' dir='ltr'><strong>custodem</strong></span> <span class='ocrx_word' id='word_1_178' title='bbox 1078 1744 1151 1766; x_wconf 89' lang='lat' dir='ltr'><strong>esse</strong></span> 
     </span>
     <span class='ocr_line' id='line_1_30' title="bbox 149 1785 314 1820; baseline -0.006 0"><span class='ocrx_word' id='word_1_179' title='bbox 149 1785 314 1820; x_wconf 85' lang='lat' dir='ltr'><strong>Davidis.</strong></span> 
     </span>
    </p>

    <p class='ocr_par' dir='ltr' id='par_1_16' title="bbox 149 1835 1152 1931">
     <span class='ocr_line' id='line_1_31' title="bbox 254 1835 1151 1880; baseline 0.001 -12"><span class='ocrx_word' id='word_1_180' title='bbox 254 1836 419 1869; x_wconf 76' lang='lat' dir='ltr'><strong>Alterum</strong></span> <span class='ocrx_word' id='word_1_181' title='bbox 453 1835 653 1879; x_wconf 87' lang='lat' dir='ltr'><strong>exemplum</strong></span> <span class='ocrx_word' id='word_1_182' title='bbox 688 1842 737 1869; x_wconf 89' lang='lat' dir='ltr'><strong>est</strong></span> <span class='ocrx_word' id='word_1_183' title='bbox 770 1836 961 1880; x_wconf 85' lang='lat' dir='ltr'><strong>patientiae</strong></span> <span class='ocrx_word' id='word_1_184' title='bbox 987 1836 1151 1870; x_wconf 85' lang='lat' dir='ltr'><strong>subdito—</strong></span> 
     </span>
     <span class='ocr_line' id='line_1_32' title="bbox 149 1885 1152 1931; baseline -0.001 -10"><span class='ocrx_word' id='word_1_185' title='bbox 149 1900 230 1923; x_wconf 86' lang='lat' dir='ltr'><strong>rum</strong></span> <span class='ocrx_word' id='word_1_186' title='bbox 257 1899 338 1931; x_wconf 85' lang='lat' dir='ltr'><strong>erga</strong></span> <span class='ocrx_word' id='word_1_187' title='bbox 363 1887 541 1931; x_wconf 82' lang='lat' dir='ltr'><strong>legitimos</strong></span> <span class='ocrx_word' id='word_1_188' title='bbox 568 1887 804 1930; x_wconf 83' lang='lat' dir='ltr'><strong>magistratus.</strong></span> <span class='ocrx_word' id='word_1_189' title='bbox 860 1886 998 1921; x_wconf 85' lang='lat' dir='ltr'><strong>Iudicio</strong></span> <span class='ocrx_word' id='word_1_190' title='bbox 1023 1885 1152 1921; x_wconf 86' lang='lat' dir='ltr'><strong>buma-</strong></span> 
     </span>
    </p>
   </div>
   <div class='ocr_carea' id='block_1_16' title="bbox 149 1939 1180 2036">
    <p class='ocr_par' dir='ltr' id='par_1_17' title="bbox 149 1939 1180 2036">
     <span class='ocr_line' id='line_1_33' title="bbox 149 1939 1180 1979; baseline -0.001 -5"><span class='ocrx_word' id='word_1_191' title='bbox 149 1951 216 1974; x_wconf 88' lang='lat' dir='ltr'><strong>nae</strong></span> <span class='ocrx_word' id='word_1_192' title='bbox 234 1939 384 1973; x_wconf 91' lang='lat' dir='ltr'><strong>rationis</strong></span> <span class='ocrx_word' id='word_1_193' title='bbox 410 1950 536 1972; x_wconf 90' lang='lat' dir='ltr'><strong>verum</strong></span> <span class='ocrx_word' id='word_1_194' title='bbox 560 1946 629 1979; x_wconf 89' lang='lat' dir='ltr'><strong>est,</strong></span> <span class='ocrx_word' id='word_1_195' title='bbox 658 1951 857 1972; x_wconf 78' lang='lat' dir='ltr'><strong>concessam</strong></span> <span class='ocrx_word' id='word_1_196' title='bbox 880 1951 952 1972; x_wconf 84' lang='lat' dir='ltr'><strong>esse</strong></span> <span class='ocrx_word' id='word_1_197' title='bbox 972 1940 1151 1973; x_wconf 81' lang='lat' dir='ltr'><strong>defensio·</strong></span> <span class='ocrx_word' id='word_1_198' title='bbox 1178 1943 1180 1973; x_wconf 76' lang='grc' dir='ltr'>ἶ</span> 
     </span>
     <span class='ocr_line' id='line_1_34' title="bbox 150 1990 1179 2036; baseline -0.001 -11"><span class='ocrx_word' id='word_1_199' title='bbox 150 2004 232 2025; x_wconf 88' lang='lat' dir='ltr'><strong>nem</strong></span> <span class='ocrx_word' id='word_1_200' title='bbox 264 1991 436 2024; x_wconf 90' lang='lat' dir='ltr'><strong>adversus</strong></span> <span class='ocrx_word' id='word_1_201' title='bbox 465 1996 659 2036; x_wconf 73' lang='lat' dir='ltr'><strong>tyrannum</strong></span> <span class='ocrx_word' id='word_1_202' title='bbox 690 1990 901 2024; x_wconf 88' lang='lat' dir='ltr'><strong>inferentem</strong></span> <span class='ocrx_word' id='word_1_203' title='bbox 929 1991 1151 2024; x_wconf 81' lang='lat' dir='ltr'><strong>manifestam</strong></span> <span class='ocrx_word' id='word_1_204' title='bbox 1178 2015 1179 2018; x_wconf 50' lang='lat'><em>=</em></span> 
     </span>
    </p>
   </div>
   <div class='ocr_carea' id='block_1_17' title="bbox 150 2040 1152 2078">
    <p class='ocr_par' dir='ltr' id='par_1_18' title="bbox 150 2040 1152 2078">
     <span class='ocr_line' id='line_1_35' title="bbox 150 2040 1152 2078; baseline -0.002 -1"><span class='ocrx_word' id='word_1_205' title='bbox 150 2050 187 2078; x_wconf 89' lang='lat' dir='ltr'><strong>et</strong></span> <span class='ocrx_word' id='word_1_206' title='bbox 216 2050 369 2076; x_wconf 82' lang='lat' dir='ltr'><strong>atrocem</strong></span> <span class='ocrx_word' id='word_1_207' title='bbox 405 2042 586 2075; x_wconf 87' lang='lat' dir='ltr'><strong>iniuriam.</strong></span> <span class='ocrx_word' id='word_1_208' title='bbox 644 2040 691 2076; x_wconf 87' lang='lat' dir='ltr'><strong>Et</strong></span> <span class='ocrx_word' id='word_1_209' title='bbox 721 2043 749 2075; x_wconf 89' lang='lat' dir='ltr'><strong>si</strong></span> <span class='ocrx_word' id='word_1_210' title='bbox 781 2043 818 2075; x_wconf 91' lang='lat' dir='ltr'><strong>in</strong></span> <span class='ocrx_word' id='word_1_211' title='bbox 855 2043 914 2076; x_wconf 87' lang='lat' dir='ltr'><strong>tali</strong></span> <span class='ocrx_word' id='word_1_212' title='bbox 946 2043 1152 2076; x_wconf 86' lang='lat' dir='ltr'><strong>defensione</strong></span> 
     </span>
    </p>
   </div>
   <div class='ocr_carea' id='block_1_18' title="bbox 151 2093 2206 2183">
    <p class='ocr_par' dir='ltr' id='par_1_19' title="bbox 151 2093 2206 2183">
     <span class='ocr_line' id='line_1_36' title="bbox 151 2093 1180 2141; baseline 0 -12"><span class='ocrx_word' id='word_1_213' title='bbox 151 2101 326 2141; x_wconf 86' lang='lat' dir='ltr'><strong>tyrannus</strong></span> <span class='ocrx_word' id='word_1_214' title='bbox 363 2093 596 2133; x_wconf 85' lang='lat' dir='ltr'><strong>interficitur,</strong></span> <span class='ocrx_word' id='word_1_215' title='bbox 640 2094 808 2127; x_wconf 85' lang='lat' dir='ltr'><strong>defensor</strong></span> <span class='ocrx_word' id='word_1_216' title='bbox 841 2095 1021 2129; x_wconf 90' lang='lat' dir='ltr'><strong>iudicatur</strong></span> <span class='ocrx_word' id='word_1_217' title='bbox 1061 2095 1180 2129; x_wconf 88' lang='lat' dir='ltr'><strong>iuste·</strong></span> 
     </span>
     <span class='ocr_line' id='line_1_37' title="bbox 1178 2134 2206 2183; baseline -0.003 -13"><span class='ocrx_word' id='word_1_218' title='bbox 1178 2141 1180 2146; x_wconf 93' lang='lat'>&#39;</span> <span class='ocrx_word' id='word_1_219' title='bbox 1206 2150 1263 2170; x_wconf 89' lang='lat' dir='ltr'><strong>mo</strong></span> <span class='ocrx_word' id='word_1_220' title='bbox 1290 2137 1490 2170; x_wconf 80' lang='lat' dir='ltr'><strong>doctrinam</strong></span> <span class='ocrx_word' id='word_1_221' title='bbox 1515 2137 1558 2169; x_wconf 90' lang='lat' dir='ltr'><strong>de</strong></span> <span class='ocrx_word' id='word_1_222' title='bbox 1582 2134 1637 2169; x_wconf 81' lang='lat' dir='ltr'><strong>his</strong></span> <span class='ocrx_word' id='word_1_223' title='bbox 1663 2137 1802 2169; x_wconf 84' lang='lat' dir='ltr'><strong>duabus</strong></span> <span class='ocrx_word' id='word_1_224' title='bbox 1825 2136 2037 2175; x_wconf 53' lang='lat' dir='ltr'><strong>rirtutibiis,</strong></span> <span class='ocrx_word' id='word_1_225' title='bbox 2073 2138 2117 2171; x_wconf 92' lang='lat' dir='ltr'><strong>de</strong></span> <span class='ocrx_word' id='word_1_226' title='bbox 2143 2151 2206 2183; x_wconf 79' lang='lat' dir='ltr'><strong>pa-</strong></span> 
     </span>
    </p>
   </div>
   <div class='ocr_carea' id='block_1_19' title="bbox 150 2145 284 2180">
    <p class='ocr_par' dir='ltr' id='par_1_20' title="bbox 150 2145 284 2180">
     <span class='ocr_line' id='line_1_38' title="bbox 150 2145 284 2180; baseline -0.007 -1"><span class='ocrx_word' id='word_1_227' title='bbox 150 2145 284 2180; x_wconf 86' lang='lat' dir='ltr'><strong>fecisse.</strong></span> 
     </span>
    </p>
   </div>
   <div class='ocr_carea' id='block_1_20' title="bbox 152 2195 1180 2293">
    <p class='ocr_par' dir='ltr' id='par_1_21' title="bbox 152 2195 1180 2293">
     <span class='ocr_line' id='line_1_39' title="bbox 255 2195 1180 2243; baseline 0.001 -14"><span class='ocrx_word' id='word_1_228' title='bbox 255 2195 385 2230; x_wconf 78' lang='lat' dir='ltr'><strong>&#39;Narrat</strong></span> <span class='ocrx_word' id='word_1_229' title='bbox 410 2195 534 2230; x_wconf 85' lang='lat' dir='ltr'><strong>Cicero</strong></span> <span class='ocrx_word' id='word_1_230' title='bbox 566 2197 739 2231; x_wconf 90' lang='lat' dir='ltr'><strong>iudicium</strong></span> <span class='ocrx_word' id='word_1_231' title='bbox 765 2198 805 2231; x_wconf 87' lang='lat' dir='ltr'><strong>C.</strong></span> <span class='ocrx_word' id='word_1_232' title='bbox 832 2197 963 2239; x_wconf 78' lang='lat' dir='ltr'><strong>Marii,</strong></span> <span class='ocrx_word' id='word_1_233' title='bbox 1001 2198 1062 2243; x_wconf 87' lang='lat' dir='ltr'><strong>qui</strong></span> <span class='ocrx_word' id='word_1_234' title='bbox 1090 2198 1153 2230; x_wconf 86' lang='lat' dir='ltr'><strong>ab-</strong></span> <span class='ocrx_word' id='word_1_235' title='bbox 1179 2210 1180 2217; x_wconf 59' lang='lat'>¹</span> 
     </span>
     <span class='ocr_line' id='line_1_40' title="bbox 152 2247 1180 2293; baseline -0.001 -10"><span class='ocrx_word' id='word_1_236' title='bbox 152 2247 259 2283; x_wconf 84' lang='lat' dir='ltr'><strong>solvit</strong></span> <span class='ocrx_word' id='word_1_237' title='bbox 273 2247 443 2286; x_wconf 88' lang='lat' dir='ltr'><strong>militem,</strong></span> <span class='ocrx_word' id='word_1_238' title='bbox 470 2249 530 2293; x_wconf 92' lang='lat' dir='ltr'><strong>qui</strong></span> <span class='ocrx_word' id='word_1_239' title='bbox 549 2249 735 2283; x_wconf 86' lang='lat' dir='ltr'><strong>tribunum</strong></span> <span class='ocrx_word' id='word_1_240' title='bbox 754 2250 945 2283; x_wconf 88' lang='lat' dir='ltr'><strong>militarem</strong></span> <span class='ocrx_word' id='word_1_241' title='bbox 966 2250 1152 2283; x_wconf 87' lang='lat' dir='ltr'><strong>interfece-</strong></span> <span class='ocrx_word' id='word_1_242' title='bbox 1178 2250 1180 2266; x_wconf 75' lang='lat'>²</span> 
     </span>
    </p>
   </div>
   <div class='ocr_carea' id='block_1_21' title="bbox 151 2297 1154 2498">
    <p class='ocr_par' dir='ltr' id='par_1_22' title="bbox 151 2297 1154 2498">
     <span class='ocr_line' id='line_1_41' title="bbox 151 2297 1152 2347; baseline 0 -13"><span class='ocrx_word' id='word_1_243' title='bbox 151 2307 217 2334; x_wconf 86' lang='lat' dir='ltr'><strong>rat.</strong></span> <span class='ocrx_word' id='word_1_244' title='bbox 269 2297 317 2333; x_wconf 88' lang='lat' dir='ltr'><strong>Et</strong></span> <span class='ocrx_word' id='word_1_245' title='bbox 334 2298 455 2333; x_wconf 82' lang='lat' dir='ltr'><strong>Moses</strong></span> <span class='ocrx_word' id='word_1_246' title='bbox 473 2300 648 2335; x_wconf 81' lang='lat' dir='ltr'><strong>interfecit</strong></span> <span class='ocrx_word' id='word_1_247' title='bbox 666 2301 784 2335; x_wconf 81' lang='lat' dir='ltr'><strong>virum</strong></span> <span class='ocrx_word' id='word_1_248' title='bbox 804 2302 955 2347; x_wconf 77' lang='lat' dir='ltr'><strong>Aegypti</strong></span> <span class='ocrx_word' id='word_1_249' title='bbox 973 2303 1032 2347; x_wconf 87' lang='lat' dir='ltr'><strong>qui</strong></span> <span class='ocrx_word' id='word_1_250' title='bbox 1051 2313 1152 2345; x_wconf 89' lang='lat' dir='ltr'><strong>prae-</strong></span> 
     </span>
     <span class='ocr_line' id='line_1_42' title="bbox 152 2350 1152 2398; baseline 0 -12"><span class='ocrx_word' id='word_1_251' title='bbox 152 2358 227 2386; x_wconf 86' lang='lat' dir='ltr'><strong>erat</strong></span> <span class='ocrx_word' id='word_1_252' title='bbox 243 2350 414 2386; x_wconf 72' lang='lat' dir='ltr'><strong>Israelitis</strong></span> <span class='ocrx_word' id='word_1_253' title='bbox 431 2351 527 2394; x_wconf 88' lang='lat' dir='ltr'><strong>regio</strong></span> <span class='ocrx_word' id='word_1_254' title='bbox 543 2353 708 2393; x_wconf 89' lang='lat' dir='ltr'><strong>nomine,</strong></span> <span class='ocrx_word' id='word_1_255' title='bbox 736 2366 815 2387; x_wconf 92' lang='lat' dir='ltr'><strong>cum</strong></span> <span class='ocrx_word' id='word_1_256' title='bbox 840 2354 972 2388; x_wconf 89' lang='lat' dir='ltr'><strong>iniuste</strong></span> <span class='ocrx_word' id='word_1_257' title='bbox 990 2360 1152 2398; x_wconf 89' lang='lat' dir='ltr'><strong>percute-</strong></span> 
     </span>
     <span class='ocr_line' id='line_1_43' title="bbox 151 2402 1154 2450; baseline 0 -12"><span class='ocrx_word' id='word_1_258' title='bbox 151 2410 207 2438; x_wconf 84' lang='lat' dir='ltr'><strong>ret</strong></span> <span class='ocrx_word' id='word_1_259' title='bbox 230 2402 438 2438; x_wconf 78' lang='lat' dir='ltr'><strong>Israelitam.</strong></span> <span class='ocrx_word' id='word_1_260' title='bbox 491 2402 551 2436; x_wconf 91' lang='lat' dir='ltr'><strong>Sic</strong></span> <span class='ocrx_word' id='word_1_261' title='bbox 574 2409 609 2436; x_wconf 90' lang='lat' dir='ltr'><strong>et</strong></span> <span class='ocrx_word' id='word_1_262' title='bbox 635 2403 758 2438; x_wconf 85' lang='lat' dir='ltr'><strong>Abisai</strong></span> <span class='ocrx_word' id='word_1_263' title='bbox 786 2406 842 2439; x_wconf 84' lang='lat' dir='ltr'><strong>vir</strong></span> <span class='ocrx_word' id='word_1_264' title='bbox 859 2406 999 2450; x_wconf 88' lang='lat' dir='ltr'><strong>sapiens</strong></span> <span class='ocrx_word' id='word_1_265' title='bbox 1019 2411 1053 2439; x_wconf 92' lang='lat' dir='ltr'><strong>et</strong></span> <span class='ocrx_word' id='word_1_266' title='bbox 1071 2416 1154 2438; x_wconf 89' lang='lat' dir='ltr'><strong>san-</strong></span> 
     </span>
     <span class='ocr_line' id='line_1_44' title="bbox 153 2454 1010 2498; baseline 0.004 -9"><span class='ocrx_word' id='word_1_267' title='bbox 153 2463 246 2498; x_wconf 88' lang='lat' dir='ltr'><strong>ctus,</strong></span> <span class='ocrx_word' id='word_1_268' title='bbox 273 2454 443 2488; x_wconf 88' lang='lat' dir='ltr'><strong>iudicavit</strong></span> <span class='ocrx_word' id='word_1_269' title='bbox 458 2454 742 2489; x_wconf 86' lang='lat' dir='ltr'><strong>interficiendum</strong></span> <span class='ocrx_word' id='word_1_270' title='bbox 765 2468 838 2491; x_wconf 89' lang='lat' dir='ltr'><strong>esse</strong></span> <span class='ocrx_word' id='word_1_271' title='bbox 855 2457 1010 2492; x_wconf 86' lang='lat' dir='ltr'><strong>Saulem.</strong></span> 
     </span>
    </p>
   </div>
   <div class='ocr_carea' id='block_1_22' title="bbox 152 2505 1181 2602">
    <p class='ocr_par' dir='ltr' id='par_1_23' title="bbox 152 2505 1181 2602">
     <span class='ocr_line' id='line_1_45' title="bbox 258 2505 1181 2551; baseline 0.002 -12"><span class='ocrx_word' id='word_1_272' title='bbox 258 2505 450 2539; x_wconf 61' lang='lat' dir='ltr'><strong>verissima</strong></span> <span class='ocrx_word' id='word_1_273' title='bbox 476 2513 526 2540; x_wconf 89' lang='lat' dir='ltr'><strong>est</strong></span> <span class='ocrx_word' id='word_1_274' title='bbox 548 2518 615 2539; x_wconf 76' lang='lat' dir='ltr'><strong>vox</strong></span> <span class='ocrx_word' id='word_1_275' title='bbox 638 2513 804 2550; x_wconf 88' lang='lat' dir='ltr'><strong>naturae,</strong></span> <span class='ocrx_word' id='word_1_276' title='bbox 840 2509 967 2543; x_wconf 90' lang='lat' dir='ltr'><strong>iustam</strong></span> <span class='ocrx_word' id='word_1_277' title='bbox 996 2520 1068 2542; x_wconf 89' lang='lat' dir='ltr'><strong>esse</strong></span> <span class='ocrx_word' id='word_1_278' title='bbox 1092 2509 1154 2541; x_wconf 90' lang='lat' dir='ltr'><strong>de-</strong></span> <span class='ocrx_word' id='word_1_279' title='bbox 1179 2516 1181 2551; x_wconf 74' lang='lat' dir='ltr'><strong>j</strong></span> 
     </span>
     <span class='ocr_line' id='line_1_46' title="bbox 152 2555 1181 2602; baseline 0.001 -10"><span class='ocrx_word' id='word_1_280' title='bbox 152 2558 352 2592; x_wconf 81' lang='lat' dir='ltr'><strong>sensionem</strong></span> <span class='ocrx_word' id='word_1_281' title='bbox 371 2565 493 2592; x_wconf 89' lang='lat' dir='ltr'><strong>contra</strong></span> <span class='ocrx_word' id='word_1_282' title='bbox 510 2558 678 2591; x_wconf 88' lang='lat' dir='ltr'><strong>iniuriam</strong></span> <span class='ocrx_word' id='word_1_283' title='bbox 699 2565 875 2602; x_wconf 85' lang='lat' dir='ltr'><strong>atrocem,</strong></span> <span class='ocrx_word' id='word_1_284' title='bbox 903 2567 937 2595; x_wconf 88' lang='lat' dir='ltr'><strong>et</strong></span> <span class='ocrx_word' id='word_1_285' title='bbox 954 2559 1069 2595; x_wconf 74' lang='lat' dir='ltr'><strong>David</strong></span> <span class='ocrx_word' id='word_1_286' title='bbox 1091 2561 1154 2593; x_wconf 88' lang='lat' dir='ltr'><strong>de—</strong></span> <span class='ocrx_word' id='word_1_287' title='bbox 1180 2555 1181 2561; x_wconf 39' lang='lat'>¹</span> 
     </span>
    </p>
   </div>
   <div class='ocr_carea' id='block_1_23' title="bbox 153 2609 1156 2760">
    <p class='ocr_par' dir='ltr' id='par_1_24' title="bbox 153 2609 1156 2760">
     <span class='ocr_line' id='line_1_47' title="bbox 153 2609 1155 2652; baseline 0 -8"><span class='ocrx_word' id='word_1_288' title='bbox 153 2610 317 2644; x_wconf 83' lang='lat' dir='ltr'><strong>fensione</strong></span> <span class='ocrx_word' id='word_1_289' title='bbox 331 2610 466 2651; x_wconf 88' lang='lat' dir='ltr'><strong>utitur,</strong></span> <span class='ocrx_word' id='word_1_290' title='bbox 489 2611 548 2643; x_wconf 87' lang='lat' dir='ltr'><strong>sed</strong></span> <span class='ocrx_word' id='word_1_291' title='bbox 570 2621 645 2643; x_wconf 88' lang='lat' dir='ltr'><strong>eam</strong></span> <span class='ocrx_word' id='word_1_292' title='bbox 663 2609 710 2643; x_wconf 88' lang='lat' dir='ltr'><strong>ita</strong></span> <span class='ocrx_word' id='word_1_293' title='bbox 727 2612 951 2652; x_wconf 88' lang='lat' dir='ltr'><strong>moderatur,</strong></span> <span class='ocrx_word' id='word_1_294' title='bbox 978 2619 1020 2647; x_wconf 76' lang='lat' dir='ltr'><strong>ut</strong></span> <span class='ocrx_word' id='word_1_295' title='bbox 1035 2619 1155 2645; x_wconf 87' lang='lat' dir='ltr'><strong>tamen</strong></span> 
     </span>
     <span class='ocr_line' id='line_1_48' title="bbox 154 2661 1156 2708; baseline 0.001 -12"><span class='ocrx_word' id='word_1_296' title='bbox 154 2674 229 2696; x_wconf 88' lang='lat' dir='ltr'><strong>non</strong></span> <span class='ocrx_word' id='word_1_297' title='bbox 262 2661 416 2696; x_wconf 87' lang='lat' dir='ltr'><strong>trucidet</strong></span> <span class='ocrx_word' id='word_1_298' title='bbox 448 2668 659 2708; x_wconf 88' lang='lat' dir='ltr'><strong>tyrannum,</strong></span> <span class='ocrx_word' id='word_1_299' title='bbox 694 2663 790 2707; x_wconf 90' lang='lat' dir='ltr'><strong>quod</strong></span> <span class='ocrx_word' id='word_1_300' title='bbox 815 2663 955 2697; x_wconf 88' lang='lat' dir='ltr'><strong>licuisse</strong></span> <span class='ocrx_word' id='word_1_301' title='bbox 980 2664 1156 2704; x_wconf 80' lang='lat' dir='ltr'><strong>existimo,</strong></span> 
     </span>
     <span class='ocr_line' id='line_1_49' title="bbox 154 2713 1154 2760; baseline 0 -12"><span class='ocrx_word' id='word_1_302' title='bbox 154 2713 247 2749; x_wconf 89' lang='lat' dir='ltr'><strong>sicut</strong></span> <span class='ocrx_word' id='word_1_303' title='bbox 264 2720 298 2748; x_wconf 89' lang='lat' dir='ltr'><strong>et</strong></span> <span class='ocrx_word' id='word_1_304' title='bbox 314 2713 440 2748; x_wconf 88' lang='lat' dir='ltr'><strong>Abisai</strong></span> <span class='ocrx_word' id='word_1_305' title='bbox 459 2714 691 2748; x_wconf 87' lang='lat' dir='ltr'><strong>existimabat.</strong></span> <span class='ocrx_word' id='word_1_306' title='bbox 746 2713 816 2749; x_wconf 89' lang='lat' dir='ltr'><strong>Sed</strong></span> <span class='ocrx_word' id='word_1_307' title='bbox 834 2726 937 2760; x_wconf 86' lang='lat' dir='ltr'><strong>saepe</strong></span> <span class='ocrx_word' id='word_1_308' title='bbox 954 2716 1076 2759; x_wconf 87' lang='lat' dir='ltr'><strong>regula</strong></span> <span class='ocrx_word' id='word_1_309' title='bbox 1101 2726 1154 2748; x_wconf 91' lang='lat' dir='ltr'><strong>se-</strong></span> 
     </span>
    </p>
   </div>
   <div class='ocr_carea' id='block_1_24' title="bbox 764 100 1612 142">
    <p class='ocr_par' dir='ltr' id='par_1_25' title="bbox 764 100 1612 142">
     <span class='ocr_line' id='line_1_50' title="bbox 764 100 1612 142; baseline 0.002 -3"><span class='ocrx_word' id='word_1_310' title='bbox 764 100 1249 141; x_wconf 75' lang='lat' dir='ltr'>1X.COMMENTAR11</span> <span class='ocrx_word' id='word_1_311' title='bbox 1282 101 1334 138; x_wconf 90' lang='lat' dir='ltr'><strong>IN</strong></span> <span class='ocrx_word' id='word_1_312' title='bbox 1366 103 1612 142; x_wconf 85' lang='lat' dir='ltr'>PSALMOS.</span> 
     </span>
    </p>
   </div>
   <div class='ocr_carea' id='block_1_25' title="bbox 1176 920 1808 1009">
    <p class='ocr_par' dir='ltr' id='par_1_26' title="bbox 1176 920 1808 1009">
     <span class='ocr_line' id='line_1_51' title="bbox 1176 920 1808 966; baseline 0.003 -14"><span class='ocrx_word' id='word_1_313' title='bbox 1176 939 1178 966; x_wconf 35' lang='grc' dir='ltr'><strong>ἶ</strong></span> <span class='ocrx_word' id='word_1_314' title='bbox 1203 928 1377 953; x_wconf 72' lang='lat' dir='ltr'><strong>excuteret</strong></span> <span class='ocrx_word' id='word_1_315' title='bbox 1407 920 1599 954; x_wconf 72' lang='lat' dir='ltr'><strong>Dominum</strong></span> <span class='ocrx_word' id='word_1_316' title='bbox 1624 932 1663 953; x_wconf 82' lang='lat' dir='ltr'><strong>ex</strong></span> <span class='ocrx_word' id='word_1_317' title='bbox 1688 933 1808 962; x_wconf 82' lang='lat' dir='ltr'><strong>regno.</strong></span> 
     </span>
     <span class='ocr_line' id='line_1_52' title="bbox 1176 970 1504 1009; baseline 0.003 -6"><span class='ocrx_word' id='word_1_318' title='bbox 1176 970 1178 988; x_wconf 65' lang='lat'>²</span> <span class='ocrx_word' id='word_1_319' title='bbox 1204 972 1337 1004; x_wconf 78' lang='lat' dir='ltr'><strong>firmata</strong></span> <span class='ocrx_word' id='word_1_320' title='bbox 1365 972 1504 1009; x_wconf 81' lang='lat' dir='ltr'><strong>suisset,</strong></span> 
     </span>
    </p>
   </div>
   <div class='ocr_carea' id='block_1_26' title="bbox 1174 1289 1395 1329">
    <p class='ocr_par' dir='ltr' id='par_1_27' title="bbox 1174 1289 1395 1329">
     <span class='ocr_line' id='line_1_53' title="bbox 1174 1289 1395 1329; baseline 0.005 -8"><span class='ocrx_word' id='word_1_321' title='bbox 1174 1302 1176 1309; x_wconf 70' lang='grc'>’</span> <span class='ocrx_word' id='word_1_322' title='bbox 1202 1289 1395 1329; x_wconf 68' lang='lat' dir='ltr'><strong>dixissent,</strong></span> 
     </span>
    </p>
   </div>
   <div class='ocr_carea' id='block_1_27' title="bbox 1174 773 1179 1455">
    <p class='ocr_par' dir='ltr' id='par_1_28' title="bbox 1174 773 1179 1455">
     <span class='ocr_line' id='line_1_54' title="bbox 1174 773 1179 1455; baseline 0 0"><span class='ocrx_word' id='word_1_323' title='bbox 1174 773 1179 1455; x_wconf 95' lang='lat' dir='ltr'><strong> </strong></span> 
     </span>
    </p>
   </div>
   <div class='ocr_carea' id='block_1_28' title="bbox 147 1526 2176 1727">
    <p class='ocr_par' dir='ltr' id='par_1_29' title="bbox 147 1526 1486 1641">
     <span class='ocr_line' id='line_1_55' title="bbox 1002 1526 1178 1561; baseline 0 -1"><span class='ocrx_word' id='word_1_324' title='bbox 1002 1527 1149 1561; x_wconf 84' lang='lat' dir='ltr'><strong>Libera·</strong></span> <span class='ocrx_word' id='word_1_325' title='bbox 1176 1526 1178 1560; x_wconf 73' lang='grc' dir='ltr'><strong>ἰ</strong></span> 
     </span>
     <span class='ocr_line' id='line_1_56' title="bbox 147 1576 1486 1641; baseline -0.001 -28"><span class='ocrx_word' id='word_1_326' title='bbox 147 1579 199 1614; x_wconf 89' lang='lat' dir='ltr'><strong>tio</strong></span> <span class='ocrx_word' id='word_1_327' title='bbox 222 1590 292 1624; x_wconf 87' lang='lat' dir='ltr'><strong>qua</strong></span> <span class='ocrx_word' id='word_1_328' title='bbox 314 1576 412 1611; x_wconf 90' lang='lat' dir='ltr'><strong>Deus</strong></span> <span class='ocrx_word' id='word_1_329' title='bbox 434 1589 532 1611; x_wconf 88' lang='lat' dir='ltr'><strong>suam</strong></span> <span class='ocrx_word' id='word_1_330' title='bbox 558 1579 792 1622; x_wconf 84' lang='lat' dir='ltr'><strong>praesentiam</strong></span> <span class='ocrx_word' id='word_1_331' title='bbox 818 1579 1006 1612; x_wconf 84' lang='lat' dir='ltr'><strong>manifeste</strong></span> <span class='ocrx_word' id='word_1_332' title='bbox 1031 1580 1151 1612; x_wconf 81' lang='lat' dir='ltr'><strong>decla·</strong></span> <span class='ocrx_word' id='word_1_333' title='bbox 1176 1587 1178 1620; x_wconf 76' lang='grc' dir='ltr'><strong><em>ζ</em></strong></span> <span class='ocrx_word' id='word_1_334' title='bbox 1206 1597 1315 1641; x_wconf 36' lang='lat' dir='ltr'><strong>‘mma</strong></span> <span class='ocrx_word' id='word_1_335' title='bbox 1365 1604 1402 1630; x_wconf 65' lang='lat' dir='ltr'>m</span> <span class='ocrx_word' id='word_1_336' title='bbox 1432 1598 1486 1636; x_wconf 51' lang='lat' dir='ltr'><strong>su,</strong></span> 
     </span>
    </p>

    <p class='ocr_par' dir='ltr' id='par_1_30' title="bbox 148 1620 2176 1727">
     <span class='ocr_line' id='line_1_57' title="bbox 420 1620 1336 1640; baseline 0.001 -4"><span class='ocrx_word' id='word_1_337' title='bbox 420 1629 429 1636; x_wconf 82' lang='grc'><strong>.</strong></span> <span class='ocrx_word' id='word_1_338' title='bbox 556 1629 560 1634; x_wconf 88' lang='lat'>·</span> <span class='ocrx_word' id='word_1_339' title='bbox 673 1630 680 1636; x_wconf 86' lang='lat'><em>.</em></span> <span class='ocrx_word' id='word_1_340' title='bbox 1078 1631 1085 1637; x_wconf 83' lang='lat'><strong><em>.</em></strong></span> <span class='ocrx_word' id='word_1_341' title='bbox 1176 1631 1178 1640; x_wconf 45' lang='lat'>1</span> <span class='ocrx_word' id='word_1_342' title='bbox 1205 1620 1213 1629; x_wconf 77' lang='lat'>¹</span> <span class='ocrx_word' id='word_1_343' title='bbox 1328 1625 1336 1637; x_wconf 59' lang='grc' dir='ltr'><em>φ</em></span> 
     </span>
     <span class='ocr_line' id='line_1_58' title="bbox 148 1627 2176 1693; baseline 0.002 -12"><span class='ocrx_word' id='word_1_344' title='bbox 148 1637 220 1671; x_wconf 62' lang='lat' dir='ltr'>rat’</span> <span class='ocrx_word' id='word_1_345' title='bbox 246 1641 327 1689; x_wconf 53' lang='lat' dir='ltr'><strong>ffum</strong></span> <span class='ocrx_word' id='word_1_346' title='bbox 339 1630 455 1666; x_wconf 71' lang='lat' dir='ltr'><strong>Dav¹d</strong></span> <span class='ocrx_word' id='word_1_347' title='bbox 473 1630 634 1674; x_wconf 58' lang='lat' dir='ltr'><strong>numque</strong></span> <span class='ocrx_word' id='word_1_348' title='bbox 651 1637 831 1687; x_wconf 59' lang='lat' dir='ltr'><strong>c¹nf²u⁵,³,</strong></span> <span class='ocrx_word' id='word_1_349' title='bbox 845 1642 973 1674; x_wconf 73' lang='lat' dir='ltr'><strong>m³g¹¹⁰</strong></span> <span class='ocrx_word' id='word_1_350' title='bbox 992 1627 1149 1688; x_wconf 57' lang='lat' dir='ltr'><strong>1¹⁰⁵,¹¹¹¹,m</strong></span> <span class='ocrx_word' id='word_1_351' title='bbox 1176 1642 1178 1673; x_wconf 60' lang='grc' dir='ltr'><strong><em>Ῑ</em></strong></span> <span class='ocrx_word' id='word_1_352' title='bbox 1205 1649 1380 1681; x_wconf 80' lang='lat' dir='ltr'><strong>seditione</strong></span> <span class='ocrx_word' id='word_1_353' title='bbox 1400 1648 1571 1681; x_wconf 86' lang='lat' dir='ltr'><strong>dixissent</strong></span> <span class='ocrx_word' id='word_1_354' title='bbox 1590 1660 1625 1680; x_wconf 85' lang='lat' dir='ltr'><strong>se</strong></span> <span class='ocrx_word' id='word_1_355' title='bbox 1642 1647 1793 1681; x_wconf 68' lang='lat' dir='ltr'><strong>Davidis</strong></span> <span class='ocrx_word' id='word_1_356' title='bbox 1812 1649 2012 1693; x_wconf 84' lang='lat' dir='ltr'><strong>exemplum</strong></span> <span class='ocrx_word' id='word_1_357' title='bbox 2031 1650 2176 1686; x_wconf 81' lang='lat' dir='ltr'><strong>imitari.</strong></span> 
     </span>
     <span class='ocr_line' id='line_1_59' title="bbox 148 1678 1179 1727; baseline -0.002 -11"><span class='ocrx_word' id='word_1_358' title='bbox 148 1689 304 1716; x_wconf 78' lang='lat' dir='ltr'><strong>exercitu</strong></span> <span class='ocrx_word' id='word_1_359' title='bbox 327 1693 401 1714; x_wconf 91' lang='lat' dir='ltr'><strong>non</strong></span> <span class='ocrx_word' id='word_1_360' title='bbox 426 1687 543 1725; x_wconf 90' lang='lat' dir='ltr'><strong>posset</strong></span> <span class='ocrx_word' id='word_1_361' title='bbox 570 1678 737 1714; x_wconf 80' lang='lat' dir='ltr'><strong>humanis</strong></span> <span class='ocrx_word' id='word_1_362' title='bbox 765 1681 902 1715; x_wconf 82' lang='lat' dir='ltr'><strong>v1r1bus</strong></span> <span class='ocrx_word' id='word_1_363' title='bbox 926 1694 1078 1723; x_wconf 79' lang='lat' dir='ltr'><strong>servari,</strong></span> <span class='ocrx_word' id='word_1_364' title='bbox 1113 1694 1149 1714; x_wconf 89' lang='lat' dir='ltr'><strong>1n</strong></span> <span class='ocrx_word' id='word_1_365' title='bbox 1177 1694 1179 1727; x_wconf 44' lang='grc' dir='ltr'>ᾗ</span> 
     </span>
    </p>
   </div>
   <div class='ocr_carea' id='block_1_29' title="bbox 1179 2176 1182 2707">
    <p class='ocr_par' dir='ltr' id='par_1_31' title="bbox 1179 2176 1182 2707">
     <span class='ocr_line' id='line_1_60' title="bbox 1179 2176 1182 2707; baseline 0 0"><span class='ocrx_word' id='word_1_366' title='bbox 1179 2176 1182 2707; x_wconf 95' lang='lat' dir='ltr'><strong> </strong></span> 
     </span>
    </p>
   </div>
   <div class='ocr_carea' id='block_1_30' title="bbox 2109 110 2207 148">
    <p class='ocr_par' dir='ltr' id='par_1_32' title="bbox 2109 110 2207 148">
     <span class='ocr_line' id='line_1_61' title="bbox 2109 110 2207 148; baseline 0.01 -3"><span class='ocrx_word' id='word_1_367' title='bbox 2109 110 2207 148; x_wconf 75' lang='lat'><strong>1126</strong></span> 
     </span>
    </p>
   </div>
   <div class='ocr_carea' id='block_1_31' title="bbox 1206 191 2204 239">
    <p class='ocr_par' dir='ltr' id='par_1_33' title="bbox 1206 191 2204 239">
     <span class='ocr_line' id='line_1_62' title="bbox 1206 191 2204 239; baseline 0.008 -16"><span class='ocrx_word' id='word_1_368' title='bbox 1206 191 1346 236; x_wconf 85' lang='lat' dir='ltr'><strong>quenda</strong></span> <span class='ocrx_word' id='word_1_369' title='bbox 1371 198 1440 232; x_wconf 87' lang='lat' dir='ltr'><strong>est,</strong></span> <span class='ocrx_word' id='word_1_370' title='bbox 1469 199 1507 225; x_wconf 91' lang='lat' dir='ltr'><strong>ut</strong></span> <span class='ocrx_word' id='word_1_371' title='bbox 1537 204 1610 225; x_wconf 92' lang='lat' dir='ltr'><strong>non</strong></span> <span class='ocrx_word' id='word_1_372' title='bbox 1641 192 1755 227; x_wconf 90' lang='lat' dir='ltr'><strong>solum</strong></span> <span class='ocrx_word' id='word_1_373' title='bbox 1784 194 1879 239; x_wconf 87' lang='lat' dir='ltr'><strong>quod</strong></span> <span class='ocrx_word' id='word_1_374' title='bbox 1906 193 1973 228; x_wconf 90' lang='lat' dir='ltr'><strong>tibi</strong></span> <span class='ocrx_word' id='word_1_375' title='bbox 1996 193 2117 237; x_wconf 87' lang='lat' dir='ltr'><strong>liceat,</strong></span> <span class='ocrx_word' id='word_1_376' title='bbox 2143 199 2204 231; x_wconf 89' lang='lat' dir='ltr'><strong>sed</strong></span> 
     </span>
    </p>
   </div>
   <div class='ocr_carea' id='block_1_32' title="bbox 1178 243 2204 290">
    <p class='ocr_par' dir='ltr' id='par_1_34' title="bbox 1178 243 2204 290">
     <span class='ocr_line' id='line_1_63' title="bbox 1178 243 2204 290; baseline 0.009 -16"><span class='ocrx_word' id='word_1_377' title='bbox 1178 277 1179 290; x_wconf 36' lang='lat'>3</span> <span class='ocrx_word' id='word_1_378' title='bbox 1204 243 1318 276; x_wconf 84' lang='lat' dir='ltr'><strong>multo</strong></span> <span class='ocrx_word' id='word_1_379' title='bbox 1338 243 1445 285; x_wconf 77' lang='lat' dir='ltr'><strong>magis</strong></span> <span class='ocrx_word' id='word_1_380' title='bbox 1460 244 1555 288; x_wconf 87' lang='lat' dir='ltr'><strong>quod</strong></span> <span class='ocrx_word' id='word_1_381' title='bbox 1572 244 1682 277; x_wconf 91' lang='lat' dir='ltr'><strong>tutius</strong></span> <span class='ocrx_word' id='word_1_382' title='bbox 1698 245 1743 278; x_wconf 91' lang='lat' dir='ltr'><strong>sit</strong></span> <span class='ocrx_word' id='word_1_383' title='bbox 1757 246 2012 288; x_wconf 86' lang='lat' dir='ltr'><strong>conscientiae,</strong></span> <span class='ocrx_word' id='word_1_384' title='bbox 2039 254 2070 280; x_wconf 90' lang='lat' dir='ltr'><strong>et</strong></span> <span class='ocrx_word' id='word_1_385' title='bbox 2087 260 2204 282; x_wconf 88' lang='lat' dir='ltr'><strong>exem-</strong></span> 
     </span>
    </p>
   </div>
   <div class='ocr_carea' id='block_1_33' title="bbox 1204 294 2201 345">
    <p class='ocr_par' dir='ltr' id='par_1_35' title="bbox 1204 294 2201 345">
     <span class='ocr_line' id='line_1_64' title="bbox 1204 294 2201 345; baseline 0.007 -19"><span class='ocrx_word' id='word_1_386' title='bbox 1204 294 1264 337; x_wconf 89' lang='lat' dir='ltr'><strong>plo</strong></span> <span class='ocrx_word' id='word_1_387' title='bbox 1305 294 1430 327; x_wconf 85' lang='lat' dir='ltr'><strong>utilius</strong></span> <span class='ocrx_word' id='word_1_388' title='bbox 1466 295 1747 337; x_wconf 87' lang='lat' dir='ltr'><strong>consideremus,</strong></span> <span class='ocrx_word' id='word_1_389' title='bbox 1782 297 1872 330; x_wconf 90' lang='lat' dir='ltr'><strong>sicut</strong></span> <span class='ocrx_word' id='word_1_390' title='bbox 1900 297 2035 332; x_wconf 87' lang='lat' dir='ltr'><strong>Paulus</strong></span> <span class='ocrx_word' id='word_1_391' title='bbox 2067 298 2201 345; x_wconf 89' lang='lat' dir='ltr'><strong>inquit:</strong></span> 
     </span>
    </p>
   </div>
   <div class='ocr_carea' id='block_1_34' title="bbox 1177 343 2028 394">
    <p class='ocr_par' dir='ltr' id='par_1_36' title="bbox 1177 343 2028 394">
     <span class='ocr_line' id='line_1_65' title="bbox 1177 343 2028 394; baseline 0.007 -16"><span class='ocrx_word' id='word_1_392' title='bbox 1177 372 1179 394; x_wconf 74' lang='lat'>1</span> <span class='ocrx_word' id='word_1_393' title='bbox 1203 343 1339 379; x_wconf 88' lang='lat' dir='ltr'><strong>Omnia</strong></span> <span class='ocrx_word' id='word_1_394' title='bbox 1360 345 1485 386; x_wconf 89' lang='lat' dir='ltr'><strong>licent,</strong></span> <span class='ocrx_word' id='word_1_395' title='bbox 1513 347 1571 378; x_wconf 89' lang='lat' dir='ltr'><strong>sed</strong></span> <span class='ocrx_word' id='word_1_396' title='bbox 1597 359 1669 379; x_wconf 90' lang='lat' dir='ltr'><strong>non</strong></span> <span class='ocrx_word' id='word_1_397' title='bbox 1689 348 1808 381; x_wconf 90' lang='lat' dir='ltr'><strong>omnia</strong></span> <span class='ocrx_word' id='word_1_398' title='bbox 1826 350 2028 393; x_wconf 86' lang='lat' dir='ltr'><strong>expediunt.</strong></span> 
     </span>
    </p>
   </div>
   <div class='ocr_carea' id='block_1_35' title="bbox 1203 404 2202 661">
    <p class='ocr_par' dir='ltr' id='par_1_37' title="bbox 1203 404 2202 661">
     <span class='ocr_line' id='line_1_66' title="bbox 1307 404 2202 451; baseline 0.01 -14"><span class='ocrx_word' id='word_1_399' title='bbox 1307 404 1469 438; x_wconf 78' lang='lat' dir='ltr'><strong>Habebat</strong></span> <span class='ocrx_word' id='word_1_400' title='bbox 1488 413 1604 439; x_wconf 89' lang='lat' dir='ltr'><strong>autem</strong></span> <span class='ocrx_word' id='word_1_401' title='bbox 1630 408 1718 439; x_wconf 86' lang='lat' dir='ltr'><strong>duas</strong></span> <span class='ocrx_word' id='word_1_402' title='bbox 1733 408 1959 451; x_wconf 81' lang='lat' dir='ltr'><strong>gravissimas</strong></span> <span class='ocrx_word' id='word_1_403' title='bbox 1982 423 2104 445; x_wconf 86' lang='lat' dir='ltr'><strong>causas</strong></span> <span class='ocrx_word' id='word_1_404' title='bbox 2124 410 2202 446; x_wconf 87' lang='lat' dir='ltr'><strong>Da-</strong></span> 
     </span>
     <span class='ocr_line' id='line_1_67' title="bbox 1843 464 2201 506; baseline 0.017 -14"><span class='ocrx_word' id='word_1_405' title='bbox 1843 472 1994 505; x_wconf 87' lang='lat' dir='ltr'><strong>quarum</strong></span> <span class='ocrx_word' id='word_1_406' title='bbox 2022 464 2121 506; x_wconf 90' lang='lat' dir='ltr'><strong>prior</strong></span> <span class='ocrx_word' id='word_1_407' title='bbox 2139 472 2201 506; x_wconf 83' lang='lat' dir='ltr'><strong>est,</strong></span> 
     </span>
     <span class='ocr_line' id='line_1_68' title="bbox 1203 508 2199 554; baseline 0.008 -13"><span class='ocrx_word' id='word_1_408' title='bbox 1203 514 1242 541; x_wconf 88' lang='lat' dir='ltr'><strong>ut</strong></span> <span class='ocrx_word' id='word_1_409' title='bbox 1264 509 1434 541; x_wconf 83' lang='lat' dir='ltr'><strong>refutaret</strong></span> <span class='ocrx_word' id='word_1_410' title='bbox 1458 508 1608 552; x_wconf 83' lang='lat' dir='ltr'><strong>speciem</strong></span> <span class='ocrx_word' id='word_1_411' title='bbox 1632 522 1699 554; x_wconf 85' lang='lat' dir='ltr'><strong>qua</strong></span> <span class='ocrx_word' id='word_1_412' title='bbox 1729 511 1951 553; x_wconf 74' lang='lat' dir='ltr'><strong>gravabatur.</strong></span> <span class='ocrx_word' id='word_1_413' title='bbox 2004 511 2079 548; x_wconf 80' lang='lat' dir='ltr'><strong>Etsi</strong></span> <span class='ocrx_word' id='word_1_414' title='bbox 2105 516 2199 550; x_wconf 92' lang='lat' dir='ltr'><strong>enim</strong></span> 
     </span>
     <span class='ocr_line' id='line_1_69' title="bbox 1203 561 2201 607; baseline 0.011 -16"><span class='ocrx_word' id='word_1_415' title='bbox 1203 571 1267 592; x_wconf 91' lang='lat' dir='ltr'><strong>nec</strong></span> <span class='ocrx_word' id='word_1_416' title='bbox 1284 561 1469 604; x_wconf 81' lang='lat' dir='ltr'><strong>appetebat</strong></span> <span class='ocrx_word' id='word_1_417' title='bbox 1488 571 1649 602; x_wconf 78' lang='lat' dir='ltr'><strong>regnum,</strong></span> <span class='ocrx_word' id='word_1_418' title='bbox 1673 573 1736 594; x_wconf 88' lang='lat' dir='ltr'><strong>nec</strong></span> <span class='ocrx_word' id='word_1_419' title='bbox 1752 569 1911 595; x_wconf 80' lang='lat' dir='ltr'><strong>excutere</strong></span> <span class='ocrx_word' id='word_1_420' title='bbox 1928 575 1967 595; x_wconf 84' lang='lat' dir='ltr'><strong>ex</strong></span> <span class='ocrx_word' id='word_1_421' title='bbox 1984 576 2091 607; x_wconf 82' lang='lat' dir='ltr'><strong>regno</strong></span> <span class='ocrx_word' id='word_1_422' title='bbox 2109 565 2201 602; x_wconf 83' lang='lat' dir='ltr'><strong>Sau-</strong></span> 
     </span>
     <span class='ocr_line' id='line_1_70' title="bbox 1203 610 2200 661; baseline 0.008 -18"><span class='ocrx_word' id='word_1_423' title='bbox 1203 610 1271 643; x_wconf 88' lang='lat' dir='ltr'><strong>lem</strong></span> <span class='ocrx_word' id='word_1_424' title='bbox 1291 611 1451 652; x_wconf 71' lang='lat' dir='ltr'><strong>volebat‚</strong></span> <span class='ocrx_word' id='word_1_425' title='bbox 1479 612 1538 643; x_wconf 86' lang='lat' dir='ltr'><strong>sed</strong></span> <span class='ocrx_word' id='word_1_426' title='bbox 1559 618 1595 644; x_wconf 91' lang='lat' dir='ltr'><strong>ut</strong></span> <span class='ocrx_word' id='word_1_427' title='bbox 1613 613 1744 647; x_wconf 82' lang='lat' dir='ltr'><strong>sciebat</strong></span> <span class='ocrx_word' id='word_1_428' title='bbox 1761 625 1797 646; x_wconf 91' lang='lat' dir='ltr'><strong>se</strong></span> <span class='ocrx_word' id='word_1_429' title='bbox 1814 611 1917 646; x_wconf 85' lang='lat' dir='ltr'><strong>aDeo</strong></span> <span class='ocrx_word' id='word_1_430' title='bbox 1935 623 2098 649; x_wconf 80' lang='lat' dir='ltr'><strong>vocaturn</strong></span> <span class='ocrx_word' id='word_1_431' title='bbox 2117 630 2200 661; x_wconf 88' lang='lat' dir='ltr'><strong>esse,</strong></span> 
     </span>
    </p>
   </div>
   <div class='ocr_carea' id='block_1_36' title="bbox 1175 662 2199 704">
    <p class='ocr_par' dir='ltr' id='par_1_38' title="bbox 1175 662 2199 704">
     <span class='ocr_line' id='line_1_71' title="bbox 1175 662 2199 704; baseline 0.009 -10"><span class='ocrx_word' id='word_1_432' title='bbox 1175 672 1177 701; x_wconf 73' lang='lat' dir='ltr'><strong>j</strong></span> <span class='ocrx_word' id='word_1_433' title='bbox 1202 662 1250 696; x_wconf 88' lang='lat' dir='ltr'><strong>ita</strong></span> <span class='ocrx_word' id='word_1_434' title='bbox 1281 663 1411 696; x_wconf 82' lang='lat' dir='ltr'><strong>sciebat</strong></span> <span class='ocrx_word' id='word_1_435' title='bbox 1439 675 1512 695; x_wconf 88' lang='lat' dir='ltr'><strong>non</strong></span> <span class='ocrx_word' id='word_1_436' title='bbox 1543 662 1782 696; x_wconf 79' lang='lat' dir='ltr'><strong>invadendam</strong></span> <span class='ocrx_word' id='word_1_437' title='bbox 1814 675 1887 698; x_wconf 88' lang='lat' dir='ltr'><strong>esse</strong></span> <span class='ocrx_word' id='word_1_438' title='bbox 1920 666 2199 704; x_wconf 87' lang='lat' dir='ltr'><strong>administratio-</strong></span> 
     </span>
    </p>
   </div>
   <div class='ocr_carea' id='block_1_37' title="bbox 1202 715 2203 1119">
    <p class='ocr_par' dir='ltr' id='par_1_39' title="bbox 1202 715 2203 1119">
     <span class='ocr_line' id='line_1_72' title="bbox 1203 715 2199 759; baseline 0.006 -13"><span class='ocrx_word' id='word_1_439' title='bbox 1203 726 1303 753; x_wconf 78' lang='lat' dir='ltr'><strong>nem,</strong></span> <span class='ocrx_word' id='word_1_440' title='bbox 1332 716 1389 747; x_wconf 92' lang='lat' dir='ltr'><strong>sed</strong></span> <span class='ocrx_word' id='word_1_441' title='bbox 1408 721 1493 747; x_wconf 91' lang='lat' dir='ltr'><strong>tunc</strong></span> <span class='ocrx_word' id='word_1_442' title='bbox 1512 726 1587 747; x_wconf 91' lang='lat' dir='ltr'><strong>eam</strong></span> <span class='ocrx_word' id='word_1_443' title='bbox 1605 715 1847 759; x_wconf 80' lang='lat' dir='ltr'><strong>accipiendam</strong></span> <span class='ocrx_word' id='word_1_444' title='bbox 1866 727 1939 749; x_wconf 89' lang='lat' dir='ltr'><strong>esse</strong></span> <span class='ocrx_word' id='word_1_445' title='bbox 1952 743 1960 756; x_wconf 83' lang='lat'>‚</span> <span class='ocrx_word' id='word_1_446' title='bbox 1988 730 2067 751; x_wconf 89' lang='lat' dir='ltr'><strong>cum</strong></span> <span class='ocrx_word' id='word_1_447' title='bbox 2085 731 2103 752; x_wconf 90' lang='lat' dir='ltr'><strong>a</strong></span> <span class='ocrx_word' id='word_1_448' title='bbox 2122 719 2199 754; x_wconf 84' lang='lat' dir='ltr'><strong>Deo</strong></span> 
     </span>
     <span class='ocr_line' id='line_1_73' title="bbox 1203 766 2200 816; baseline 0.007 -18"><span class='ocrx_word' id='word_1_449' title='bbox 1203 766 1302 810; x_wconf 86' lang='lat' dir='ltr'><strong>quasi</strong></span> <span class='ocrx_word' id='word_1_450' title='bbox 1330 766 1365 798; x_wconf 92' lang='lat' dir='ltr'><strong>in</strong></span> <span class='ocrx_word' id='word_1_451' title='bbox 1393 766 1502 809; x_wconf 88' lang='lat' dir='ltr'><strong>ipsam</strong></span> <span class='ocrx_word' id='word_1_452' title='bbox 1531 767 1648 799; x_wconf 79' lang='lat' dir='ltr'><strong>sedern</strong></span> <span class='ocrx_word' id='word_1_453' title='bbox 1679 767 1929 801; x_wconf 80' lang='lat' dir='ltr'><strong>collocaretur:</strong></span> <span class='ocrx_word' id='word_1_454' title='bbox 1967 775 2085 802; x_wconf 89' lang='lat' dir='ltr'><strong>tamen</strong></span> <span class='ocrx_word' id='word_1_455' title='bbox 2117 772 2200 816; x_wconf 87' lang='lat' dir='ltr'><strong>quia</strong></span> 
     </span>
     <span class='ocr_line' id='line_1_74' title="bbox 1203 817 2201 862; baseline 0.008 -13"><span class='ocrx_word' id='word_1_456' title='bbox 1203 825 1302 851; x_wconf 86' lang='lat' dir='ltr'><strong>erant</strong></span> <span class='ocrx_word' id='word_1_457' title='bbox 1323 829 1503 851; x_wconf 79' lang='lat' dir='ltr'><strong>sermones</strong></span> <span class='ocrx_word' id='word_1_458' title='bbox 1522 819 1564 850; x_wconf 92' lang='lat' dir='ltr'><strong>de</strong></span> <span class='ocrx_word' id='word_1_459' title='bbox 1580 817 1655 850; x_wconf 89' lang='lat' dir='ltr'><strong>eius</strong></span> <span class='ocrx_word' id='word_1_460' title='bbox 1674 818 1877 857; x_wconf 74' lang='lat' dir='ltr'><strong>vocatione,</strong></span> <span class='ocrx_word' id='word_1_461' title='bbox 1905 821 2119 862; x_wconf 76' lang='lat' dir='ltr'><strong>gravabatur·</strong></span> <span class='ocrx_word' id='word_1_462' title='bbox 2137 820 2201 857; x_wconf 85' lang='lat' dir='ltr'><strong>hac</strong></span> 
     </span>
     <span class='ocr_line' id='line_1_75' title="bbox 1203 869 2200 914; baseline 0.006 -13"><span class='ocrx_word' id='word_1_463' title='bbox 1203 869 1334 912; x_wconf 78' lang='lat' dir='ltr'><strong>specie,</strong></span> <span class='ocrx_word' id='word_1_464' title='bbox 1364 876 1607 902; x_wconf 86' lang='lat' dir='ltr'><strong>contumacem</strong></span> <span class='ocrx_word' id='word_1_465' title='bbox 1627 881 1705 901; x_wconf 93' lang='lat' dir='ltr'><strong>eum</strong></span> <span class='ocrx_word' id='word_1_466' title='bbox 1725 881 1819 910; x_wconf 90' lang='lat' dir='ltr'><strong>esse,</strong></span> <span class='ocrx_word' id='word_1_467' title='bbox 1847 876 1884 903; x_wconf 91' lang='lat' dir='ltr'><strong>ut</strong></span> <span class='ocrx_word' id='word_1_468' title='bbox 1902 882 1965 914; x_wconf 89' lang='lat' dir='ltr'><strong>per</strong></span> <span class='ocrx_word' id='word_1_469' title='bbox 1980 873 2200 908; x_wconf 87' lang='lat' dir='ltr'><strong>occasionem</strong></span> 
     </span>
     <span class='ocr_line' id='line_1_76' title="bbox 1865 920 2202 966; baseline 0.015 -12"><span class='ocrx_word' id='word_1_470' title='bbox 1865 920 1961 955; x_wconf 87' lang='lat' dir='ltr'><strong>Haec</strong></span> <span class='ocrx_word' id='word_1_471' title='bbox 1977 923 2100 966; x_wconf 84' lang='lat' dir='ltr'><strong>opinio</strong></span> <span class='ocrx_word' id='word_1_472' title='bbox 2116 937 2202 959; x_wconf 85' lang='lat' dir='ltr'><strong>con-</strong></span> 
     </span>
     <span class='ocr_line' id='line_1_77' title="bbox 1540 971 2202 1016; baseline 0.009 -12"><span class='ocrx_word' id='word_1_473' title='bbox 1540 972 1566 1004; x_wconf 82' lang='lat' dir='ltr'><strong>si</strong></span> <span class='ocrx_word' id='word_1_474' title='bbox 1593 971 1706 1004; x_wconf 72' lang='lat' dir='ltr'><strong>David</strong></span> <span class='ocrx_word' id='word_1_475' title='bbox 1734 973 1807 1016; x_wconf 81' lang='lat' dir='ltr'><strong>ipse</strong></span> <span class='ocrx_word' id='word_1_476' title='bbox 1830 980 1890 1006; x_wconf 79' lang='lat' dir='ltr'><strong>aut</strong></span> <span class='ocrx_word' id='word_1_477' title='bbox 1910 974 2107 1009; x_wconf 87' lang='lat' dir='ltr'><strong>sustulisset</strong></span> <span class='ocrx_word' id='word_1_478' title='bbox 2128 975 2202 1010; x_wconf 89' lang='lat' dir='ltr'><strong>Do-</strong></span> 
     </span>
     <span class='ocr_line' id='line_1_78' title="bbox 1203 1023 2202 1067; baseline 0.007 -12"><span class='ocrx_word' id='word_1_479' title='bbox 1203 1024 1360 1064; x_wconf 87' lang='lat' dir='ltr'><strong>minum,</strong></span> <span class='ocrx_word' id='word_1_480' title='bbox 1386 1030 1444 1056; x_wconf 84' lang='lat' dir='ltr'><strong>aut</strong></span> <span class='ocrx_word' id='word_1_481' title='bbox 1472 1024 1548 1056; x_wconf 84' lang='lat' dir='ltr'><strong>tolli</strong></span> <span class='ocrx_word' id='word_1_482' title='bbox 1577 1035 1696 1066; x_wconf 87' lang='lat' dir='ltr'><strong>passus</strong></span> <span class='ocrx_word' id='word_1_483' title='bbox 1722 1031 1821 1058; x_wconf 79' lang='lat' dir='ltr'><strong>esset.</strong></span> <span class='ocrx_word' id='word_1_484' title='bbox 1875 1023 1947 1059; x_wconf 90' lang='lat' dir='ltr'><strong>Res</strong></span> <span class='ocrx_word' id='word_1_485' title='bbox 1976 1026 2085 1067; x_wconf 78' lang='lat' dir='ltr'><strong>igitur</strong></span> <span class='ocrx_word' id='word_1_486' title='bbox 2111 1025 2202 1062; x_wconf 86' lang='lat' dir='ltr'><strong>hanc</strong></span> 
     </span>
     <span class='ocr_line' id='line_1_79' title="bbox 1202 1075 2203 1119; baseline 0.005 -12"><span class='ocrx_word' id='word_1_487' title='bbox 1202 1075 1410 1118; x_wconf 74' lang='lat' dir='ltr'><strong>opinionem</strong></span> <span class='ocrx_word' id='word_1_488' title='bbox 1436 1075 1623 1112; x_wconf 73' lang='lat' dir='ltr'><strong>refutavit,</strong></span> <span class='ocrx_word' id='word_1_489' title='bbox 1660 1088 1738 1107; x_wconf 88' lang='lat' dir='ltr'><strong>cum</strong></span> <span class='ocrx_word' id='word_1_490' title='bbox 1766 1075 1869 1108; x_wconf 86' lang='lat' dir='ltr'><strong>toties</strong></span> <span class='ocrx_word' id='word_1_491' title='bbox 1905 1077 2015 1119; x_wconf 82' lang='lat' dir='ltr'><strong>parcit</strong></span> <span class='ocrx_word' id='word_1_492' title='bbox 2043 1078 2203 1119; x_wconf 83' lang='lat' dir='ltr'><strong>inimico,</strong></span> 
     </span>
    </p>
   </div>
   <div class='ocr_carea' id='block_1_38' title="bbox 1174 1126 2204 1173">
    <p class='ocr_par' dir='ltr' id='par_1_40' title="bbox 1174 1126 2204 1173">
     <span class='ocr_line' id='line_1_80' title="bbox 1174 1126 2204 1173; baseline 0.006 -15"><span class='ocrx_word' id='word_1_493' title='bbox 1174 1127 1262 1173; x_wconf 44' lang='lat' dir='ltr'><strong>¹ubi</strong></span> <span class='ocrx_word' id='word_1_494' title='bbox 1302 1127 1436 1160; x_wconf 82' lang='lat' dir='ltr'><strong>occasio</strong></span> <span class='ocrx_word' id='word_1_495' title='bbox 1479 1127 1554 1160; x_wconf 89' lang='lat' dir='ltr'><strong>eius</strong></span> <span class='ocrx_word' id='word_1_496' title='bbox 1588 1126 1823 1160; x_wconf 83' lang='lat' dir='ltr'><strong>interficiendi</strong></span> <span class='ocrx_word' id='word_1_497' title='bbox 1859 1127 1977 1161; x_wconf 86' lang='lat' dir='ltr'><strong>oblata</strong></span> <span class='ocrx_word' id='word_1_498' title='bbox 2018 1136 2069 1163; x_wconf 86' lang='lat' dir='ltr'><strong>est</strong></span> <span class='ocrx_word' id='word_1_499' title='bbox 2101 1130 2204 1164; x_wconf 83' lang='lat' dir='ltr'><strong>valde</strong></span> 
     </span>
    </p>
   </div>
   <div class='ocr_carea' id='block_1_39' title="bbox 1199 1185 1389 1222">
    <p class='ocr_par' dir='ltr' id='par_1_41' title="bbox 1199 1185 1389 1222">
     <span class='ocr_line' id='line_1_81' title="bbox 1199 1185 1389 1222; baseline 0 -12"><span class='ocrx_word' id='word_1_500' title='bbox 1199 1185 1389 1222; x_wconf 80' lang='lat' dir='ltr'><strong>oportuna.</strong></span> 
     </span>
    </p>
   </div>
   <div class='ocr_carea' id='block_1_40' title="bbox 1205 1236 2209 1642">
    <p class='ocr_par' dir='ltr' id='par_1_42' title="bbox 1205 1236 2209 1642">
     <span class='ocr_line' id='line_1_82' title="bbox 1306 1236 2206 1284; baseline 0.008 -16"><span class='ocrx_word' id='word_1_501' title='bbox 1306 1236 1441 1270; x_wconf 60' lang='lat' dir='ltr'><strong>vitavit</strong></span> <span class='ocrx_word' id='word_1_502' title='bbox 1467 1244 1499 1270; x_wconf 82' lang='lat' dir='ltr'><strong>et</strong></span> <span class='ocrx_word' id='word_1_503' title='bbox 1525 1237 1751 1277; x_wconf 82' lang='lat' dir='ltr'><strong>scandalum,</strong></span> <span class='ocrx_word' id='word_1_504' title='bbox 1787 1238 1869 1282; x_wconf 84' lang='lat' dir='ltr'><strong>quia</strong></span> <span class='ocrx_word' id='word_1_505' title='bbox 1899 1246 2054 1272; x_wconf 77' lang='lat' dir='ltr'><strong>caeterae,</strong></span> <span class='ocrx_word' id='word_1_506' title='bbox 2087 1249 2206 1284; x_wconf 82' lang='lat' dir='ltr'><strong>gentes</strong></span> 
     </span>
     <span class='ocr_line' id='line_1_83' title="bbox 1432 1287 2204 1330; baseline 0.006 -9"><span class='ocrx_word' id='word_1_507' title='bbox 1432 1289 1520 1321; x_wconf 81' lang='lat' dir='ltr'><strong>salso</strong></span> <span class='ocrx_word' id='word_1_508' title='bbox 1546 1289 1691 1330; x_wconf 70' lang='lat' dir='ltr'><strong>gloriari</strong></span> <span class='ocrx_word' id='word_1_509' title='bbox 1722 1287 1899 1323; x_wconf 70' lang='lat' dir='ltr'><strong>Israelitas</strong></span> <span class='ocrx_word' id='word_1_510' title='bbox 1934 1291 2109 1325; x_wconf 76' lang='lat' dir='ltr'><strong>(livinitus</strong></span> <span class='ocrx_word' id='word_1_511' title='bbox 2136 1293 2204 1326; x_wconf 84' lang='lat' dir='ltr'><strong>sibi</strong></span> 
     </span>
     <span class='ocr_line' id='line_1_84' title="bbox 1453 1341 2206 1383; baseline 0.007 -11"><span class='ocrx_word' id='word_1_512' title='bbox 1453 1353 1532 1372; x_wconf 82' lang='lat' dir='ltr'><strong>cuin</strong></span> <span class='ocrx_word' id='word_1_513' title='bbox 1556 1352 1705 1381; x_wconf 70' lang='lat' dir='ltr'><strong>regnum</strong></span> <span class='ocrx_word' id='word_1_514' title='bbox 1731 1353 1792 1383; x_wconf 89' lang='lat' dir='ltr'><strong>per</strong></span> <span class='ocrx_word' id='word_1_515' title='bbox 1817 1341 2028 1374; x_wconf 86' lang='lat' dir='ltr'><strong>seditionem</strong></span> <span class='ocrx_word' id='word_1_516' title='bbox 2052 1350 2083 1375; x_wconf 90' lang='lat' dir='ltr'><strong>et</strong></span> <span class='ocrx_word' id='word_1_517' title='bbox 2106 1356 2206 1377; x_wconf 90' lang='lat' dir='ltr'><strong>neces</strong></span> 
     </span>
     <span class='ocr_line' id='line_1_85' title="bbox 1205 1390 2207 1440; baseline 0.005 -17"><span class='ocrx_word' id='word_1_518' title='bbox 1205 1392 1436 1423; x_wconf 78' lang='lat' dir='ltr'><strong>dominorum</strong></span> <span class='ocrx_word' id='word_1_519' title='bbox 1456 1391 1531 1435; x_wconf 86' lang='lat' dir='ltr'><strong>rapi</strong></span> <span class='ocrx_word' id='word_1_520' title='bbox 1552 1391 1727 1424; x_wconf 68' lang='lat' dir='ltr'><strong>viderent.</strong></span> <span class='ocrx_word' id='word_1_521' title='bbox 1779 1390 1904 1424; x_wconf 68' lang='lat' dir='ltr'><strong>Noluit</strong></span> <span class='ocrx_word' id='word_1_522' title='bbox 1927 1393 2030 1425; x_wconf 89' lang='lat' dir='ltr'><strong>etiam</strong></span> <span class='ocrx_word' id='word_1_523' title='bbox 2056 1396 2207 1440; x_wconf 80' lang='lat' dir='ltr'><strong>exempli</strong></span> 
     </span>
     <span class='ocr_line' id='line_1_86' title="bbox 1205 1440 2208 1487; baseline 0.005 -13"><span class='ocrx_word' id='word_1_524' title='bbox 1205 1440 1311 1475; x_wconf 81' lang='lat' dir='ltr'><strong>liuius</strong></span> <span class='ocrx_word' id='word_1_525' title='bbox 1331 1450 1434 1475; x_wconf 86' lang='lat' dir='ltr'><strong>autor</strong></span> <span class='ocrx_word' id='word_1_526' title='bbox 1452 1454 1536 1480; x_wconf 78' lang='lat' dir='ltr'><strong>esse,</strong></span> <span class='ocrx_word' id='word_1_527' title='bbox 1561 1442 1759 1486; x_wconf 85' lang='lat' dir='ltr'><strong>occupandi</strong></span> <span class='ocrx_word' id='word_1_528' title='bbox 1777 1443 1875 1485; x_wconf 78' lang='lat' dir='ltr'><strong>regni</strong></span> <span class='ocrx_word' id='word_1_529' title='bbox 1894 1456 1956 1487; x_wconf 85' lang='lat' dir='ltr'><strong>per</strong></span> <span class='ocrx_word' id='word_1_530' title='bbox 1972 1445 2110 1478; x_wconf 88' lang='lat' dir='ltr'><strong>domini</strong></span> <span class='ocrx_word' id='word_1_531' title='bbox 2130 1458 2208 1479; x_wconf 90' lang='lat' dir='ltr'><strong>cae-</strong></span> 
     </span>
     <span class='ocr_line' id='line_1_87' title="bbox 1205 1492 2209 1539; baseline 0.004 -12"><span class='ocrx_word' id='word_1_532' title='bbox 1205 1496 1303 1535; x_wconf 83' lang='lat' dir='ltr'><strong>dem,</strong></span> <span class='ocrx_word' id='word_1_533' title='bbox 1331 1494 1392 1539; x_wconf 83' lang='lat' dir='ltr'><strong>qui</strong></span> <span class='ocrx_word' id='word_1_534' title='bbox 1411 1494 1547 1527; x_wconf 86' lang='lat' dir='ltr'><strong>etiamsi</strong></span> <span class='ocrx_word' id='word_1_535' title='bbox 1565 1493 1638 1538; x_wconf 82' lang='lat' dir='ltr'><strong>ipse</strong></span> <span class='ocrx_word' id='word_1_536' title='bbox 1658 1494 1782 1527; x_wconf 85' lang='lat' dir='ltr'><strong>iustam</strong></span> <span class='ocrx_word' id='word_1_537' title='bbox 1801 1506 1940 1527; x_wconf 89' lang='lat' dir='ltr'><strong>causam</strong></span> <span class='ocrx_word' id='word_1_538' title='bbox 1959 1492 2128 1538; x_wconf 84' lang='lat' dir='ltr'><strong>habebat,</strong></span> <span class='ocrx_word' id='word_1_539' title='bbox 2156 1505 2209 1531; x_wconf 89' lang='lat' dir='ltr'><strong>ta-</strong></span> 
     </span>
     <span class='ocr_line' id='line_1_88' title="bbox 1205 1545 2207 1593; baseline 0.005 -15"><span class='ocrx_word' id='word_1_540' title='bbox 1205 1558 1286 1578; x_wconf 82' lang='lat' dir='ltr'><strong>men</strong></span> <span class='ocrx_word' id='word_1_541' title='bbox 1321 1546 1482 1589; x_wconf 75' lang='lat' dir='ltr'><strong>exemplo</strong></span> <span class='ocrx_word' id='word_1_542' title='bbox 1509 1545 1684 1578; x_wconf 83' lang='lat' dir='ltr'><strong>abusuros</strong></span> <span class='ocrx_word' id='word_1_543' title='bbox 1716 1552 1875 1591; x_wconf 80' lang='lat' dir='ltr'><strong>posteros</strong></span> <span class='ocrx_word' id='word_1_544' title='bbox 1909 1546 2018 1588; x_wconf 82' lang='lat' dir='ltr'><strong>vidit,</strong></span> <span class='ocrx_word' id='word_1_545' title='bbox 2053 1561 2207 1593; x_wconf 88' lang='lat' dir='ltr'><strong>quorum</strong></span> 
     </span>
     <span class='ocr_line' id='line_1_89' title="bbox 1522 1597 2209 1642; baseline 0.01 -14"><span class='ocrx_word' id='word_1_546' title='bbox 1522 1597 1762 1642; x_wconf 86' lang='lat' dir='ltr'><strong>qualicunque</strong></span> <span class='ocrx_word' id='word_1_547' title='bbox 1789 1604 1968 1640; x_wconf 82' lang='lat' dir='ltr'><strong>praetextu</strong></span> <span class='ocrx_word' id='word_1_548' title='bbox 1999 1598 2086 1632; x_wconf 91' lang='lat' dir='ltr'><strong>iuris</strong></span> <span class='ocrx_word' id='word_1_549' title='bbox 2113 1608 2209 1635; x_wconf 87' lang='lat' dir='ltr'><strong>mota</strong></span> 
     </span>
    </p>
   </div>
   <div class='ocr_carea' id='block_1_41' title="bbox 1204 1341 1424 1382">
    <p class='ocr_par' dir='ltr' id='par_1_43' title="bbox 1204 1341 1424 1382">
     <span class='ocr_line' id='line_1_90' title="bbox 1204 1341 1424 1382; baseline 0 -10"><span class='ocrx_word' id='word_1_550' title='bbox 1204 1352 1300 1382; x_wconf 77' lang='lat' dir='ltr'><strong>reges</strong></span> <span class='ocrx_word' id='word_1_551' title='bbox 1326 1341 1424 1380; x_wconf 87' lang='lat' dir='ltr'><strong>dari,</strong></span> 
     </span>
    </p>
   </div>
   <div class='ocr_carea' id='block_1_42' title="bbox 1207 1713 2208 1806">
    <p class='ocr_par' dir='ltr' id='par_1_44' title="bbox 1207 1713 2208 1806">
     <span class='ocr_line' id='line_1_91' title="bbox 1310 1713 2207 1760; baseline 0.006 -11"><span class='ocrx_word' id='word_1_552' title='bbox 1310 1715 1462 1760; x_wconf 86' lang='lat' dir='ltr'><strong>Propter</strong></span> <span class='ocrx_word' id='word_1_553' title='bbox 1479 1713 1542 1748; x_wconf 78' lang='lat' dir='ltr'><strong>lias</strong></span> <span class='ocrx_word' id='word_1_554' title='bbox 1560 1716 1785 1759; x_wconf 80' lang='lat' dir='ltr'><strong>gravissimas</strong></span> <span class='ocrx_word' id='word_1_555' title='bbox 1798 1728 1919 1749; x_wconf 87' lang='lat' dir='ltr'><strong>causas</strong></span> <span class='ocrx_word' id='word_1_556' title='bbox 1937 1719 2102 1760; x_wconf 85' lang='lat' dir='ltr'><strong>repressit</strong></span> <span class='ocrx_word' id='word_1_557' title='bbox 2119 1731 2207 1754; x_wconf 78' lang='lat' dir='ltr'><strong>sese:</strong></span> 
     </span>
     <span class='ocr_line' id='line_1_92' title="bbox 1207 1765 2208 1806; baseline 0.005 -5"><span class='ocrx_word' id='word_1_558' title='bbox 1207 1780 1270 1801; x_wconf 91' lang='lat' dir='ltr'><strong>nec</strong></span> <span class='ocrx_word' id='word_1_559' title='bbox 1287 1767 1394 1801; x_wconf 79' lang='lat' dir='ltr'><strong>fuisse.</strong></span> <span class='ocrx_word' id='word_1_560' title='bbox 1415 1768 1490 1799; x_wconf 71' lang='lat' dir='ltr'><strong>lex-e</strong></span> <span class='ocrx_word' id='word_1_561' title='bbox 1514 1774 1693 1800; x_wconf 77' lang='lat' dir='ltr'><strong>certamen</strong></span> <span class='ocrx_word' id='word_1_562' title='bbox 1717 1767 1751 1800; x_wconf 88' lang='lat' dir='ltr'><strong>in</strong></span> <span class='ocrx_word' id='word_1_563' title='bbox 1769 1765 1919 1800; x_wconf 65' lang='lat' dir='ltr'><strong>Davidis</strong></span> <span class='ocrx_word' id='word_1_564' title='bbox 1937 1769 2058 1803; x_wconf 88' lang='lat' dir='ltr'><strong>animo</strong></span> <span class='ocrx_word' id='word_1_565' title='bbox 2083 1771 2124 1803; x_wconf 91' lang='lat' dir='ltr'><strong>de</strong></span> <span class='ocrx_word' id='word_1_566' title='bbox 2143 1769 2208 1806; x_wconf 91' lang='lat' dir='ltr'><strong>hac</strong></span> 
     </span>
    </p>
   </div>
   <div class='ocr_carea' id='block_1_43' title="bbox 1178 1818 2209 1865">
    <p class='ocr_par' dir='ltr' id='par_1_45' title="bbox 1178 1818 2209 1865">
     <span class='ocr_line' id='line_1_93' title="bbox 1178 1818 2209 1865; baseline 0.004 -13"><span class='ocrx_word' id='word_1_567' title='bbox 1178 1818 1180 1833; x_wconf 77' lang='lat'>²</span> <span class='ocrx_word' id='word_1_568' title='bbox 1208 1820 1280 1864; x_wconf 84' lang='lat' dir='ltr'><strong>ipsa</strong></span> <span class='ocrx_word' id='word_1_569' title='bbox 1301 1819 1546 1851; x_wconf 82' lang='lat' dir='ltr'><strong>moderatione</strong></span> <span class='ocrx_word' id='word_1_570' title='bbox 1563 1825 1843 1852; x_wconf 86' lang='lat' dir='ltr'><strong>consentaneum</strong></span> <span class='ocrx_word' id='word_1_571' title='bbox 1863 1827 1931 1860; x_wconf 91' lang='lat' dir='ltr'><strong>est,</strong></span> <span class='ocrx_word' id='word_1_572' title='bbox 1959 1821 2041 1865; x_wconf 87' lang='lat' dir='ltr'><strong>quia</strong></span> <span class='ocrx_word' id='word_1_573' title='bbox 2067 1822 2104 1854; x_wconf 86' lang='lat' dir='ltr'><strong>in</strong></span> <span class='ocrx_word' id='word_1_574' title='bbox 2122 1823 2209 1857; x_wconf 84' lang='lat' dir='ltr'><strong>viris</strong></span> 
     </span>
    </p>
   </div>
   <div class='ocr_carea' id='block_1_44' title="bbox 1207 1871 2209 2069">
    <p class='ocr_par' dir='ltr' id='par_1_46' title="bbox 1207 1871 2209 2069">
     <span class='ocr_line' id='line_1_94' title="bbox 1208 1871 2207 1915; baseline 0.004 -11"><span class='ocrx_word' id='word_1_575' title='bbox 1208 1871 1446 1913; x_wconf 83' lang='lat' dir='ltr'><strong>magnanimis</strong></span> <span class='ocrx_word' id='word_1_576' title='bbox 1473 1881 1569 1903; x_wconf 89' lang='lat' dir='ltr'><strong>acres</strong></span> <span class='ocrx_word' id='word_1_577' title='bbox 1593 1877 1627 1903; x_wconf 87' lang='lat' dir='ltr'><strong>et</strong></span> <span class='ocrx_word' id='word_1_578' title='bbox 1652 1872 1817 1903; x_wconf 88' lang='lat' dir='ltr'><strong>ardentes</strong></span> <span class='ocrx_word' id='word_1_579' title='bbox 1845 1871 1996 1915; x_wconf 89' lang='lat' dir='ltr'><strong>impetus</strong></span> <span class='ocrx_word' id='word_1_580' title='bbox 2021 1880 2122 1915; x_wconf 84' lang='lat' dir='ltr'><strong>sunt,</strong></span> <span class='ocrx_word' id='word_1_581' title='bbox 2147 1876 2207 1908; x_wconf 86' lang='lat' dir='ltr'><strong>sed</strong></span> 
     </span>
     <span class='ocr_line' id='line_1_95' title="bbox 1209 1921 2209 1966; baseline 0 -13"><span class='ocrx_word' id='word_1_582' title='bbox 1209 1923 1290 1956; x_wconf 81' lang='lat' dir='ltr'><strong>vicit</strong></span> <span class='ocrx_word' id='word_1_583' title='bbox 1316 1922 1478 1955; x_wconf 86' lang='lat' dir='ltr'><strong>dolorem</strong></span> <span class='ocrx_word' id='word_1_584' title='bbox 1503 1934 1606 1955; x_wconf 89' lang='lat' dir='ltr'><strong>suum</strong></span> <span class='ocrx_word' id='word_1_585' title='bbox 1635 1921 1792 1955; x_wconf 83' lang='lat' dir='ltr'><strong>scandali</strong></span> <span class='ocrx_word' id='word_1_586' title='bbox 1818 1928 1852 1955; x_wconf 90' lang='lat' dir='ltr'><strong>et</strong></span> <span class='ocrx_word' id='word_1_587' title='bbox 1880 1923 2031 1966; x_wconf 89' lang='lat' dir='ltr'><strong>exempli</strong></span> <span class='ocrx_word' id='word_1_588' title='bbox 2057 1926 2209 1959; x_wconf 87' lang='lat' dir='ltr'><strong>detesta-</strong></span> 
     </span>
     <span class='ocr_line' id='line_1_96' title="bbox 1207 1973 2209 2015; baseline 0.003 -8"><span class='ocrx_word' id='word_1_589' title='bbox 1207 1975 1322 2012; x_wconf 88' lang='lat' dir='ltr'><strong>tione,</strong></span> <span class='ocrx_word' id='word_1_590' title='bbox 1358 1981 1391 2007; x_wconf 90' lang='lat' dir='ltr'><strong>et</strong></span> <span class='ocrx_word' id='word_1_591' title='bbox 1426 1974 1552 2006; x_wconf 87' lang='lat' dir='ltr'><strong>fiducia</strong></span> <span class='ocrx_word' id='word_1_592' title='bbox 1581 1973 1703 2006; x_wconf 79' lang='lat' dir='ltr'><strong>auxilii</strong></span> <span class='ocrx_word' id='word_1_593' title='bbox 1736 1973 1872 2015; x_wconf 85' lang='lat' dir='ltr'><strong>divini,</strong></span> <span class='ocrx_word' id='word_1_594' title='bbox 1907 1974 2070 2009; x_wconf 83' lang='lat' dir='ltr'><strong>frenante</strong></span> <span class='ocrx_word' id='word_1_595' title='bbox 2102 1975 2209 2011; x_wconf 80' lang='lat' dir='ltr'><strong>vehe-</strong></span> 
     </span>
     <span class='ocr_line' id='line_1_97' title="bbox 1207 2024 1819 2069; baseline -0.003 -11"><span class='ocrx_word' id='word_1_596' title='bbox 1207 2032 1342 2059; x_wconf 90' lang='lat' dir='ltr'><strong>mentes</strong></span> <span class='ocrx_word' id='word_1_597' title='bbox 1360 2025 1512 2069; x_wconf 88' lang='lat' dir='ltr'><strong>impetus</strong></span> <span class='ocrx_word' id='word_1_598' title='bbox 1531 2024 1667 2068; x_wconf 73' lang='lat' dir='ltr'><strong>Spiritu</strong></span> <span class='ocrx_word' id='word_1_599' title='bbox 1686 2031 1819 2058; x_wconf 83' lang='lat' dir='ltr'><strong>sancto.</strong></span> 
     </span>
    </p>
   </div>
   <div class='ocr_carea' id='block_1_45' title="bbox 1310 2082 2206 2127">
    <p class='ocr_par' dir='ltr' id='par_1_47' title="bbox 1310 2082 2206 2127">
     <span class='ocr_line' id='line_1_98' title="bbox 1310 2082 2206 2127; baseline 0.003 -9"><span class='ocrx_word' id='word_1_600' title='bbox 1310 2084 1497 2119; x_wconf 84' lang='lat' dir='ltr'><strong>Discamus</strong></span> <span class='ocrx_word' id='word_1_601' title='bbox 1525 2084 1634 2127; x_wconf 76' lang='lat' dir='ltr'><strong>igitur</strong></span> <span class='ocrx_word' id='word_1_602' title='bbox 1653 2096 1690 2117; x_wconf 83' lang='lat' dir='ltr'><strong>ex</strong></span> <span class='ocrx_word' id='word_1_603' title='bbox 1716 2082 1780 2118; x_wconf 86' lang='lat' dir='ltr'><strong>hac</strong></span> <span class='ocrx_word' id='word_1_604' title='bbox 1800 2082 1946 2118; x_wconf 83' lang='lat' dir='ltr'><strong>historia</strong></span> <span class='ocrx_word' id='word_1_605' title='bbox 1967 2092 2001 2119; x_wconf 85' lang='lat' dir='ltr'><strong>et</strong></span> <span class='ocrx_word' id='word_1_606' title='bbox 2018 2083 2085 2119; x_wconf 85' lang='lat' dir='ltr'><strong>hoc</strong></span> <span class='ocrx_word' id='word_1_607' title='bbox 2106 2086 2206 2121; x_wconf 90' lang='lat' dir='ltr'><strong>Psal-</strong></span> 
     </span>
    </p>
   </div>
   <div class='ocr_carea' id='block_1_46' title="bbox 1205 2187 2206 2388">
    <p class='ocr_par' dir='ltr' id='par_1_48' title="bbox 1205 2187 2206 2388">
     <span class='ocr_line' id='line_1_99' title="bbox 1207 2187 2206 2232; baseline 0.002 -10"><span class='ocrx_word' id='word_1_608' title='bbox 1207 2189 1328 2223; x_wconf 88' lang='lat' dir='ltr'><strong>tientia</strong></span> <span class='ocrx_word' id='word_1_609' title='bbox 1359 2195 1391 2222; x_wconf 91' lang='lat' dir='ltr'><strong>et</strong></span> <span class='ocrx_word' id='word_1_610' title='bbox 1423 2200 1483 2232; x_wconf 91' lang='lat' dir='ltr'><strong>spe</strong></span> <span class='ocrx_word' id='word_1_611' title='bbox 1517 2188 1641 2221; x_wconf 82' lang='lat' dir='ltr'><strong>auxilii</strong></span> <span class='ocrx_word' id='word_1_612' title='bbox 1673 2187 1800 2220; x_wconf 80' lang='lat' dir='ltr'><strong>divini.</strong></span> <span class='ocrx_word' id='word_1_613' title='bbox 1860 2188 2047 2231; x_wconf 73' lang='lat' dir='ltr'><strong>Sapienter</strong></span> <span class='ocrx_word' id='word_1_614' title='bbox 2076 2190 2206 2224; x_wconf 90' lang='lat' dir='ltr'><strong>tolere-</strong></span> 
     </span>
     <span class='ocr_line' id='line_1_100' title="bbox 1207 2239 2204 2282; baseline 0.001 -8"><span class='ocrx_word' id='word_1_615' title='bbox 1207 2253 1285 2274; x_wconf 90' lang='lat' dir='ltr'><strong>mus</strong></span> <span class='ocrx_word' id='word_1_616' title='bbox 1300 2240 1467 2279; x_wconf 86' lang='lat' dir='ltr'><strong>iniurias,</strong></span> <span class='ocrx_word' id='word_1_617' title='bbox 1495 2252 1538 2273; x_wconf 93' lang='lat' dir='ltr'><strong>ne</strong></span> <span class='ocrx_word' id='word_1_618' title='bbox 1554 2240 1794 2272; x_wconf 87' lang='lat' dir='ltr'><strong>accendantur</strong></span> <span class='ocrx_word' id='word_1_619' title='bbox 1816 2239 1950 2272; x_wconf 89' lang='lat' dir='ltr'><strong>maiora</strong></span> <span class='ocrx_word' id='word_1_620' title='bbox 1975 2240 2138 2282; x_wconf 88' lang='lat' dir='ltr'><strong>dissidia,</strong></span> <span class='ocrx_word' id='word_1_621' title='bbox 2164 2250 2204 2277; x_wconf 90' lang='lat' dir='ltr'><strong>ut</strong></span> 
     </span>
     <span class='ocr_line' id='line_1_101' title="bbox 1205 2290 2205 2337; baseline 0 -11"><span class='ocrx_word' id='word_1_622' title='bbox 1205 2305 1308 2337; x_wconf 87' lang='lat' dir='ltr'><strong>saepe</strong></span> <span class='ocrx_word' id='word_1_623' title='bbox 1334 2292 1509 2336; x_wconf 88' lang='lat' dir='ltr'><strong>cupiditas</strong></span> <span class='ocrx_word' id='word_1_624' title='bbox 1540 2290 1718 2324; x_wconf 86' lang='lat' dir='ltr'><strong>vindictae</strong></span> <span class='ocrx_word' id='word_1_625' title='bbox 1742 2290 1976 2323; x_wconf 84' lang='lat' dir='ltr'><strong>maximarum</strong></span> <span class='ocrx_word' id='word_1_626' title='bbox 2007 2291 2205 2327; x_wconf 84' lang='lat' dir='ltr'><strong>discordia—</strong></span> 
     </span>
     <span class='ocr_line' id='line_1_102' title="bbox 1205 2340 2204 2388; baseline 0.001 -11"><span class='ocrx_word' id='word_1_627' title='bbox 1205 2356 1285 2377; x_wconf 89' lang='lat' dir='ltr'><strong>rum</strong></span> <span class='ocrx_word' id='word_1_628' title='bbox 1304 2344 1446 2377; x_wconf 89' lang='lat' dir='ltr'><strong>initium</strong></span> <span class='ocrx_word' id='word_1_629' title='bbox 1466 2343 1552 2383; x_wconf 84' lang='lat' dir='ltr'><strong>suit,</strong></span> <span class='ocrx_word' id='word_1_630' title='bbox 1579 2349 1611 2376; x_wconf 85' lang='lat' dir='ltr'><strong>et</strong></span> <span class='ocrx_word' id='word_1_631' title='bbox 1631 2340 1790 2375; x_wconf 88' lang='lat' dir='ltr'><strong>haereses</strong></span> <span class='ocrx_word' id='word_1_632' title='bbox 1808 2352 1948 2384; x_wconf 89' lang='lat' dir='ltr'><strong>sparsae</strong></span> <span class='ocrx_word' id='word_1_633' title='bbox 1973 2349 2055 2376; x_wconf 88' lang='lat' dir='ltr'><strong>sunt</strong></span> <span class='ocrx_word' id='word_1_634' title='bbox 2072 2350 2105 2377; x_wconf 92' lang='lat' dir='ltr'><strong>et</strong></span> <span class='ocrx_word' id='word_1_635' title='bbox 2123 2357 2204 2388; x_wconf 89' lang='lat' dir='ltr'><strong>per-</strong></span> 
     </span>
    </p>
   </div>
   <div class='ocr_carea' id='block_1_47' title="bbox 1178 2392 2173 2437">
    <p class='ocr_par' dir='ltr' id='par_1_49' title="bbox 1178 2392 2173 2437">
     <span class='ocr_line' id='line_1_103' title="bbox 1178 2392 2173 2437; baseline 0 -7"><span class='ocrx_word' id='word_1_636' title='bbox 1178 2413 1180 2423; x_wconf 84' lang='lat'><em>=</em></span> <span class='ocrx_word' id='word_1_637' title='bbox 1205 2396 1373 2431; x_wconf 89' lang='lat' dir='ltr'><strong>tinaciter</strong></span> <span class='ocrx_word' id='word_1_638' title='bbox 1389 2395 1553 2428; x_wconf 90' lang='lat' dir='ltr'><strong>defensae</strong></span> <span class='ocrx_word' id='word_1_639' title='bbox 1567 2401 1609 2437; x_wconf 71' lang='lat' dir='ltr'><strong>pt</strong></span> <span class='ocrx_word' id='word_1_640' title='bbox 1625 2392 1803 2426; x_wconf 83' lang='lat' dir='ltr'><strong>contraria</strong></span> <span class='ocrx_word' id='word_1_641' title='bbox 1819 2392 1923 2426; x_wconf 77' lang='lat' dir='ltr'><strong>factio</strong></span> <span class='ocrx_word' id='word_1_642' title='bbox 1942 2402 2173 2437; x_wconf 88' lang='lat' dir='ltr'><strong>premeretur.</strong></span> 
     </span>
    </p>
   </div>
   <div class='ocr_carea' id='block_1_48' title="bbox 1207 2451 2204 2604">
    <p class='ocr_par' dir='ltr' id='par_1_50' title="bbox 1207 2451 2204 2604">
     <span class='ocr_line' id='line_1_104' title="bbox 1308 2451 2204 2495; baseline 0 -6"><span class='ocrx_word' id='word_1_643' title='bbox 1308 2455 1426 2489; x_wconf 89' lang='lat' dir='ltr'><strong>Huius</strong></span> <span class='ocrx_word' id='word_1_644' title='bbox 1450 2453 1502 2487; x_wconf 91' lang='lat' dir='ltr'><strong>rei</strong></span> <span class='ocrx_word' id='word_1_645' title='bbox 1527 2451 1685 2495; x_wconf 81' lang='lat' dir='ltr'><strong>exempla</strong></span> <span class='ocrx_word' id='word_1_646' title='bbox 1712 2451 1816 2484; x_wconf 85' lang='lat' dir='ltr'><strong>etiam</strong></span> <span class='ocrx_word' id='word_1_647' title='bbox 1843 2458 1963 2485; x_wconf 87' lang='lat' dir='ltr'><strong>nostra</strong></span> <span class='ocrx_word' id='word_1_648' title='bbox 1988 2459 2083 2486; x_wconf 77' lang='lat' dir='ltr'><strong>aetas</strong></span> <span class='ocrx_word' id='word_1_649' title='bbox 2099 2455 2204 2489; x_wconf 87' lang='lat' dir='ltr'><strong>vidit.</strong></span> 
     </span>
     <span class='ocr_line' id='line_1_105' title="bbox 1207 2503 2204 2549; baseline -0.008 -7"><span class='ocrx_word' id='word_1_650' title='bbox 1207 2506 1317 2542; x_wconf 82' lang='lat' dir='ltr'><strong>Multi</strong></span> <span class='ocrx_word' id='word_1_651' title='bbox 1335 2506 1439 2539; x_wconf 90' lang='lat' dir='ltr'><strong>etiam</strong></span> <span class='ocrx_word' id='word_1_652' title='bbox 1465 2505 1589 2538; x_wconf 87' lang='lat' dir='ltr'><strong>dolore</strong></span> <span class='ocrx_word' id='word_1_653' title='bbox 1607 2503 1694 2536; x_wconf 89' lang='lat' dir='ltr'><strong>moti</strong></span> <span class='ocrx_word' id='word_1_654' title='bbox 1718 2510 1893 2549; x_wconf 87' lang='lat' dir='ltr'><strong>quaerunt</strong></span> <span class='ocrx_word' id='word_1_655' title='bbox 1912 2504 2066 2538; x_wconf 87' lang='lat' dir='ltr'><strong>remedia</strong></span> <span class='ocrx_word' id='word_1_656' title='bbox 2090 2507 2204 2540; x_wconf 89' lang='lat' dir='ltr'><strong>unde-</strong></span> 
     </span>
     <span class='ocr_line' id='line_1_106' title="bbox 1207 2555 2204 2604; baseline 0 -12"><span class='ocrx_word' id='word_1_657' title='bbox 1207 2570 1347 2604; x_wconf 87' lang='lat' dir='ltr'><strong>cunque</strong></span> <span class='ocrx_word' id='word_1_658' title='bbox 1370 2557 1446 2590; x_wconf 91' lang='lat' dir='ltr'><strong>sine</strong></span> <span class='ocrx_word' id='word_1_659' title='bbox 1468 2556 1613 2595; x_wconf 84' lang='lat' dir='ltr'><strong>ordine,</strong></span> <span class='ocrx_word' id='word_1_660' title='bbox 1641 2561 1674 2588; x_wconf 88' lang='lat' dir='ltr'><strong>et</strong></span> <span class='ocrx_word' id='word_1_661' title='bbox 1698 2555 1808 2588; x_wconf 86' lang='lat' dir='ltr'><strong>multa</strong></span> <span class='ocrx_word' id='word_1_662' title='bbox 1826 2562 1970 2589; x_wconf 88' lang='lat' dir='ltr'><strong>movent</strong></span> <span class='ocrx_word' id='word_1_663' title='bbox 1990 2567 2064 2589; x_wconf 90' lang='lat' dir='ltr'><strong>non</strong></span> <span class='ocrx_word' id='word_1_664' title='bbox 2082 2568 2204 2592; x_wconf 83' lang='lat' dir='ltr'><strong>neces-</strong></span> 
     </span>
    </p>
   </div>
   <div class='ocr_carea' id='block_1_49' title="bbox 1180 2602 2204 2654">
    <p class='ocr_par' dir='ltr' id='par_1_51' title="bbox 1180 2602 2204 2654">
     <span class='ocr_line' id='line_1_107' title="bbox 1180 2602 2204 2654; baseline 0 -11"><span class='ocrx_word' id='word_1_665' title='bbox 1180 2647 1181 2651; x_wconf 15' lang='lat'><em>*</em></span> <span class='ocrx_word' id='word_1_666' title='bbox 1207 2610 1316 2648; x_wconf 83' lang='lat' dir='ltr'><strong>saria,</strong></span> <span class='ocrx_word' id='word_1_667' title='bbox 1345 2615 1377 2642; x_wconf 88' lang='lat' dir='ltr'><strong>et</strong></span> <span class='ocrx_word' id='word_1_668' title='bbox 1394 2606 1459 2641; x_wconf 88' lang='lat' dir='ltr'><strong>hac</strong></span> <span class='ocrx_word' id='word_1_669' title='bbox 1475 2609 1544 2642; x_wconf 74' lang='grc' dir='ltr'><strong>πολ</strong></span> <span class='ocrx_word' id='word_1_670' title='bbox 1547 2602 1823 2654; x_wconf 72' lang='grc' dir='ltr'><em>υπραγιιοσύνῃ</em></span> <span class='ocrx_word' id='word_1_671' title='bbox 1842 2606 1910 2640; x_wconf 87' lang='lat' dir='ltr'><strong>sibi</strong></span> <span class='ocrx_word' id='word_1_672' title='bbox 1927 2607 2110 2642; x_wconf 83' lang='lat' dir='ltr'><strong>cumulant</strong></span> <span class='ocrx_word' id='word_1_673' title='bbox 2128 2621 2204 2643; x_wconf 90' lang='lat' dir='ltr'><strong>ma-</strong></span> 
     </span>
    </p>
   </div>
   <div class='ocr_carea' id='block_1_50' title="bbox 1207 2656 2205 2747">
    <p class='ocr_par' dir='ltr' id='par_1_52' title="bbox 1207 2656 2205 2747">
     <span class='ocr_line' id='line_1_108' title="bbox 1207 2656 2205 2706; baseline -0.001 -11"><span class='ocrx_word' id='word_1_674' title='bbox 1207 2663 1257 2702; x_wconf 83' lang='lat' dir='ltr'><strong>la,</strong></span> <span class='ocrx_word' id='word_1_675' title='bbox 1285 2667 1406 2694; x_wconf 87' lang='lat' dir='ltr'><strong>contra</strong></span> <span class='ocrx_word' id='word_1_676' title='bbox 1424 2660 1519 2704; x_wconf 79' lang='lat' dir='ltr'><strong>quod</strong></span> <span class='ocrx_word' id='word_1_677' title='bbox 1537 2658 1665 2692; x_wconf 88' lang='lat' dir='ltr'><strong>vitium</strong></span> <span class='ocrx_word' id='word_1_678' title='bbox 1688 2658 1836 2692; x_wconf 83' lang='lat' dir='ltr'><strong>dicitur:</strong></span> <span class='ocrx_word' id='word_1_679' title='bbox 1865 2656 1908 2692; x_wconf 91' lang='lat' dir='ltr'><strong>In</strong></span> <span class='ocrx_word' id='word_1_680' title='bbox 1932 2658 2074 2694; x_wconf 84' lang='lat' dir='ltr'><strong>silentio</strong></span> <span class='ocrx_word' id='word_1_681' title='bbox 2095 2667 2128 2695; x_wconf 90' lang='lat' dir='ltr'><strong>et</strong></span> <span class='ocrx_word' id='word_1_682' title='bbox 2145 2673 2205 2706; x_wconf 87' lang='lat' dir='ltr'><strong>spe</strong></span> 
     </span>
     <span class='ocr_line' id='line_1_109' title="bbox 1208 2711 1648 2747; baseline -0.002 0"><span class='ocrx_word' id='word_1_683' title='bbox 1208 2714 1274 2747; x_wconf 90' lang='lat' dir='ltr'><strong>erit</strong></span> <span class='ocrx_word' id='word_1_684' title='bbox 1290 2711 1465 2746; x_wconf 82' lang='lat' dir='ltr'><strong>fortitudo</strong></span> <span class='ocrx_word' id='word_1_685' title='bbox 1490 2718 1615 2746; x_wconf 84' lang='lat' dir='ltr'><strong>vestra.</strong></span> <span class='ocrx_word' id='word_1_686' title='bbox 1645 2722 1648 2725; x_wconf 90' lang='lat'>·</span> 
     </span>
    </p>
   </div>
   <div class='ocr_carea' id='block_1_51' title="bbox 1643 2757 1724 2795">
    <p class='ocr_par' dir='ltr' id='par_1_53' title="bbox 1643 2757 1724 2795">
     <span class='ocr_line' id='line_1_110' title="bbox 1643 2757 1724 2795; baseline 0 0"><span class='ocrx_word' id='word_1_687' title='bbox 1643 2757 1724 2795; x_wconf 76' lang='lat'><strong>71*</strong></span> 
     </span>
    </p>
   </div>
  </div>
 </body>
</html>
