2379 2948
129 106 203 143 229
699 112 701 114 '
729 106 792 143 111.

131 202 195 226 nes
219 191 411 229 stellarum.
466 192 722 230 venustissime
744 201 862 228 autem
886 193 1026 238 scripsit
1043 192 1127 228 Ma-

131 243 260 287 nilius,
288 256 378 288 pene
396 251 433 278 ut
450 245 486 278 in
507 245 648 289 Repub.
667 245 796 287 gradus
815 252 897 279 sunt
923 241 1125 284 hominum,

131 294 194 327 alii
215 301 299 328 sunt
322 294 486 336 Patricii,
521 296 580 327 alii
608 293 773 338 Equites,
805 294 865 327 alii
894 294 1047 335 Plebeii,
1075 296 1124 329 ita

132 344 249 378 stellas
273 346 359 378 alias
382 346 459 379 aliis
483 345 636 388 potentia
658 346 875 380 antecedere.
930 345 1062 379 Versus
1086 343 1124 379 hi

131 402 227 428 sunt:

183 465 284 506 thue
301 478 352 506 per
370 468 519 504 ingentem
535 463 670 504 Populus
689 466 864 496 describitur
880 467 995 504 urbem,

182 516 440 556 Praecipuumque
458 523 553 555 patres
570 519 716 555 retinent,
743 524 770 546 et
786 519 962 557 proximum
978 517 1123 559 Equester

183 566 270 597 Ordo
287 569 405 603 locum,
434 573 501 608 post
517 578 606 608 quem
621 568 784 598 succedunt
801 571 919 608 agmina
938 571 1044 608 plebis.

182 617 219 647 In
236 628 293 658 qua
310 620 419 656 vulgus
435 621 530 655 iners,
557 630 663 658 magna
679 627 707 648 et
723 622 786 648 sine
804 623 927 648 nomine
943 623 1028 650 turba
1045 629 1096 653 est.

181 667 232 697 Sic
247 675 351 696 natura
368 669 475 706 gradus
492 672 643 698 stellarum
659 671 813 708 condidit,
838 677 871 700 ut
887 673 945 700 sint

180 718 218 747 Et
234 730 391 757 procerum
411 721 522 749 similes
539 723 675 761 aliquae,
703 724 874 761 primasque
892 729 1043 763 sequatur,

179 767 370 808 Languidior
386 773 469 799 tenui
484 772 643 810 splendens
659 772 777 812 fulgore
793 780 917 801 caterva.

180 818 284 849 Sidera
298 831 366 849 nam
384 823 502 860 paribus
519 824 543 851 si
561 829 672 852 certent
691 826 792 852 omnia
810 825 954 861 flammis,

179 868 248 910 Ipse
266 882 336 901 suos
351 873 434 910 ignes
451 873 551 902 aether
566 876 691 902 tolerare
711 876 859 914 nequiret,

179 920 276 952 Totus
294 929 322 952 et
336 933 460 953 accensu
475 924 605 954 mundus
622 926 757 964 flagraret
776 924 927 965 Olymp0.

263 1047 323 1081 De
351 1046 497 1082 orbibus
526 1051 739 1083 errantium
767 1049 989 1083 Stellarum.

234 1121 309 1155 Sub
333 1135 373 1156 eo
397 1124 502 1164 orbe,
529 1124 585 1158 cui
615 1137 688 1157 non
716 1124 907 1158 errantium
939 1123 1118 1157 stellarum

129 1171 323 1207 multitudo
342 1174 448 1207 infixa
473 1181 541 1214 est,
568 1182 650 1207 sunt
669 1182 801 1218 septem
820 1175 941 1215 orbes,
969 1186 1120 1219 quorum

130 1221 260 1263 singuli
276 1234 383 1255 unam
401 1220 535 1257 vehunt
555 1236 595 1257 ex
611 1225 721 1258 stellis
734 1252 741 1265 ,
769 1237 858 1270 qnae
874 1232 1045 1258 vocantur
1063 1236 1118 1257 er-

132 1278 249 1305 rantes
261 1298 270 1312 ,
297 1284 357 1305 seu
373 1272 549 1309 Planetae.
593 1274 806 1320 Quanquam
825 1275 919 1308 enim
936 1276 1027 1317 leges
1044 1286 1122 1307 mo-

131 1328 230 1354 tuum
256 1323 469 1354 certissimae
496 1331 593 1361 suut,
626 1333 657 1354 et
688 1326 852 1359 mirando
884 1326 1030 1358 consilio
1053 1323 1120 1358 Dei

129 1371 333 1411 ordinatae,
361 1377 480 1403 tamen
504 1372 552 1404 sie
576 1373 822 1416 adpellantur,
858 1377 939 1417 quia
962 1376 1120 1414 singulae

130 1421 250 1454 stellae
274 1421 311 1453 in
335 1418 390 1454 his
415 1428 546 1465 septem
573 1423 720 1455 orbibus
745 1423 903 1456 diversos
920 1430 1035 1456 motus
1058 1420 1119 1455 ha-

130 1472 234 1512 bent,
263 1472 541 1514 congrediuntur
567 1480 600 1506 et
624 1485 746 1506 rursus
764 1474 950 1507 discedunt
975 1486 1014 1507 ex
1035 1485 1120 1507 con-

130 1522 308 1564 gressibus
337 1522 425 1555 aliae
452 1523 529 1556 aliis
561 1524 711 1567 longius.
766 1522 818 1558 Ac
844 1531 977 1558 ceterae
1001 1525 1120 1558 stellae

130 1583 187 1605 sex
211 1584 284 1606 non
310 1573 424 1607 solum
448 1573 484 1606 in
503 1574 763 1618 longitudinem
777 1602 786 1616 ‚
813 1576 872 1608 sed
890 1576 994 1609 etiam
1011 1576 1048 1608 in
1068 1576 1120 1608 la-

131 1623 320 1656 titudinem
340 1624 451 1658 aSole
469 1625 665 1661 discedunt.
702 1626 884 1659 Vocantur
899 1638 979 1669 ergo
999 1638 1120 1659 erran-

129 1680 200 1715 tes,
230 1680 374 1718 propter
395 1675 632 1711 diversitatem
659 1684 693 1710 et
719 1677 922 1711 varietatem
948 1685 1120 1718 motuum,

131 1723 238 1769 idque
254 1726 296 1758 de
314 1725 459 1758 nomine
477 1726 603 1760 dixisse
621 1728 703 1761 satis
721 1735 780 1763 est.

232 1800 289 1834 De
317 1800 442 1834 ordine
467 1802 608 1835 orbium
634 1803 807 1847 discrepat
830 1802 931 1837 Plato
955 1814 973 1836 a
1001 1802 1120 1836 Ptole-

130 1862 209 1884 meo
247 1857 281 1884 et
315 1853 495 1885 communi
527 1854 713 1889 sententia.

132 1901 303 1936 sententia
327 1901 450 1944 Luna,
487 1905 568 1948 quia
594 1911 627 1938 et
650 1903 743 1938 Solis
767 1911 992 1949 conspectum
1017 1904 1120 1937 nobis

131 1952 274 1994 adimit,
302 1959 335 1987 et
362 1953 600 1988 diversitatem
625 1962 784 1998 aspectus
805 1956 949 1999 cognitu
969 1956 1119 1988 manife-

132 2003 273 2037 stiorem
298 2001 415 2041 habet.

132 2054 233 2088 Plato
250 2053 387 2094 Solem,
415 2055 544 2089 deinfle
568 2068 672 2101 supra
696 2057 815 2091 Solem
833 2057 991 2102 proxime
1010 2057 1119 2090 collo-

133 2111 187 2138 cat
197 2103 380 2147 Venerem,
398 2117 503 2150 supra
519 2104 610 2141 hanc
625 2107 856 2148 Mercurium,
878 2108 1004 2141 deinde
1020 2106 1120 2141 Mar-

133 2162 222 2196 tem,
256 2155 393 2198 Iovem,
425 2157 631 2193 Saturnum.
683 2157 730 2193 Et
764 2159 908 2205 quidam
936 2158 1120 2202 adfingunt

134 2205 326 2248 rationem,
355 2208 438 2252 quia
463 2209 492 2242 si
510 2208 631 2243 Venus
653 2216 686 2244 et
703 2209 905 2244 Mercurius
925 2216 1039 2243 essent
1062 2209 1119 2242 in-

133 2257 186 2290 fra
201 2255 333 2297 Solem,
359 2259 555 2294 adimerent
572 2261 677 2295 etiam
697 2261 800 2294 nobis
816 2267 1041 2305 conspectum
1052 2259 1120 2294 So-

135 2307 199 2346 lis,
227 2307 317 2341 sicut
333 2307 432 2342 Luna
446 2336 455 2350 ,
477 2312 613 2355 quoties
632 2312 669 2344 in
694 2312 943 2346 coniunctione
959 2312 1118 2355 interpo-

134 2365 304 2393 nerentur
321 2359 414 2393 inter
422 2359 539 2394 Solem
559 2369 592 2396 et
609 2369 770 2397 nostrum
786 2363 912 2396 visum.
948 2361 1018 2396 Sed
1034 2359 1118 2395 haec

135 2409 341 2453 imaginatio
366 2410 468 2443 facile
487 2412 670 2447 refutatur.
724 2413 814 2446 Nam
838 2413 941 2448 Luna
965 2420 1016 2446 est
1039 2424 1119 2446 cor-

136 2471 201 2504 pus
226 2461 387 2501 densius,
414 2468 448 2494 et
468 2473 615 2505 opacum
637 2476 676 2497 ea
697 2471 814 2508 parte,
841 2476 931 2509 quae
950 2475 1024 2497 non
1053 2463 1118 2496 ob-

136 2521 236 2543 versa
258 2518 308 2545 est
332 2511 419 2545 Soli.
472 2510 611 2546 Adimit
642 2514 750 2556 igitur
773 2520 997 2559 conspectum
1013 2513 1117 2549 Solis.

137 2560 212 2594 Iam
233 2561 264 2594 si
279 2561 402 2596 Venus
425 2570 459 2597 et
474 2561 675 2597 Mercurius
700 2576 774 2597 non
797 2572 880 2600 sunt
902 2565 986 2599 talia
1011 2576 1119 2608 opaca

139 2623 307 2656 corpora,
340 2620 379 2647 ut
409 2626 483 2647 non
515 2624 587 2647 esse
614 2625 721 2658 opaca
751 2622 1025 2650 consentaneum
1056 2622 1120 2656 est,

139 2673 213 2696 non
228 2669 350 2707 tegunt
360 2663 490 2702 Solem.
527 2662 575 2699 Et
591 2664 723 2699 multae
738 2665 825 2699 aliae
842 2672 1044 2711 aspectuum
1059 2676 1120 2700 va-

475 2004 589 2050 Supra
614 2005 752 2040 Lunam
783 2007 941 2050 proxime
973 2006 1120 2039 collocat
1144 2034 1146 2039 .

844 104 1002 145 INITIA
1027 103 1321 144 DOCTRINAE
1347 105 1600 148 PHYSICAE.

775 1853 847 1887 Ima
877 1860 927 1887 est
960 1854 1120 1887 omnium
1145 1864 1147 1888 ἱ

2099 119 2174 155 230

1182 192 1323 226 rietates
1339 201 1486 237 possunt
1501 206 1574 230 esse
1590 207 1729 240 causae,
1755 210 1817 234 cur
1831 211 1905 234 non
1922 201 2007 236 fiant
2025 213 2087 246 per
2106 201 2170 238 hos

1181 243 1335 287 eclipses⁸
1354 257 1360 279 ι

1281 293 1486 328 Ptolemeus
1512 297 1561 330 ait
1580 300 1805 334 vetustiorem
1832 312 1903 335 esse
1927 303 2109 345 ordinem,
2136 312 2169 339 et

1177 344 1289 388 magis
1322 342 1529 390 physicum,
1563 348 1625 392 qui
1653 349 1771 384 Solem
1804 353 1841 385 in
1867 354 1984 386 medio
2009 355 2168 389 collocat.

1176 394 1295 440 thue
1319 402 1595 429 consentaneum
1613 405 1662 431 est
1680 411 1784 444 supra
1803 402 1922 436 Solem
1952 416 2023 438 esse
2043 404 2167 439 Satur-

1176 457 1285 487 num,
1319 444 1438 479 Iovem
1465 453 1498 480 et
1524 446 1696 489 Martem,
1731 452 1813 495 quia
1834 453 1987 496 longiori
2010 462 2166 499 tempore

1176 507 1279 529 suum
1303 507 1444 530 cursum
1469 497 1678 539 conficiunt,
1706 506 1738 533 et
1760 501 1899 544 longius
1918 516 1936 537 a
1953 504 2036 538 Sole
2053 507 2165 540 disce-

1176 548 1283 588 dunt,
1308 547 1356 581 ita
1372 547 1464 580 infra
1481 546 1601 581 Solem
1617 560 1689 581 esse
1710 550 1866 596 reliquos
1891 562 2164 590 consentaneum

1176 604 1244 638 est,
1266 609 1419 643 quorum
1437 598 1553 642 spacia
1571 599 1615 631 ad
1631 611 1772 633 cursum
1800 603 2057 639 conficiendum
2070 634 2078 646 ,
2105 614 2165 640 aut

1175 649 1334 693 aequalia
1353 655 1437 683 sunt
1453 649 1578 690 solari,
1607 656 1667 684 aut
1686 651 1860 687 breviora.

1276 706 1585 751 Regiomontanus
1601 715 1634 742 et
1648 707 1738 743 hanc
1756 711 1931 745 rationem
1949 712 2056 746 addit.
2085 713 2165 748 Non

1176 765 1451 792 consentaneum
1468 765 1530 799 est,
1554 759 1710 802 spacium
1728 761 1820 795 inter
1836 761 1956 796 Solem
1976 770 2008 797 et
2027 763 2164 797 Lunam

1175 808 1250 840 sine
1267 809 1376 841 stellis
1395 820 1486 850 esse,
1508 821 1587 842 cum
1606 810 1651 843 sit
1669 811 1782 844 maius
1798 824 1903 857 quam
1931 814 2085 857 spacium
2111 815 2167 847 in-

1175 865 1227 892 ter
1243 858 1381 892 Lunam
1399 865 1431 892 et
1448 866 1589 894 terram.
1625 859 1715 893 Nam
1730 861 1852 896 Lunae
1866 864 2032 898 distantia
2048 876 2066 897 a
2085 877 2167 898 cen-

1175 916 1228 942 tro
1244 910 1371 943 mundi
1389 910 1546 944 continet
1562 911 1862 946 semidiametrum
1881 921 1992 948 terrae
2008 914 2056 950 64
2080 916 2167 949 vici-

1174 960 1249 993 bus.
1306 959 1461 993 Minima
1481 960 1668 994 veroSolis
1685 963 1851 997 distantia
1866 976 1883 996 a
1902 972 2024 999 centro
2042 966 2167 1000 mundi

1175 1010 1332 1044 continet
1349 1011 1651 1044 semidiametrum
1670 1019 1782 1047 terrae
1798 1015 1896 1049 1070
1913 1016 2060 1050 vicibus.
2104 1016 2166 1049 In-

1175 1061 1363 1094 tervallum
1388 1061 1495 1104 igitur
1518 1063 1671 1096 duorum
1701 1064 1877 1098 luminum
1910 1067 2068 1101 continet
2091 1068 2166 1100 dia—

1174 1117 1324 1144 metrum
1360 1118 1470 1144 terrae
1495 1112 1592 1147 1006
1626 1112 1773 1147 vicibus.
1826 1115 1904 1149 Hoc
1927 1123 2065 1150 tantum
2087 1129 2166 1162 spa-

1175 1161 1266 1194 cium
1285 1162 1360 1194 sine
1377 1162 1486 1195 stellis
1507 1174 1579 1195 esse
1597 1174 1671 1196 non
1691 1171 1740 1197 est
1756 1173 2046 1202 consentaneum.

1277 1219 1475 1264 Sequamur
1507 1220 1614 1263 igitur
1641 1223 1912 1256 vetustissimam
1943 1232 1975 1258 et
2007 1237 2165 1259 commu—

1174 1281 1254 1302 nem
1272 1270 1494 1309 sententiam,
1522 1282 1610 1315 quae
1627 1272 1783 1306 medium
1805 1274 1920 1307 locum
1938 1274 2012 1308 Soli
2031 1276 2168 1317 tribuit,

1174 1321 1290 1365 sitque
1315 1318 1372 1352 hic
1400 1322 1504 1354 ordo:
1541 1320 1736 1364 Saturnus,
1767 1322 1920 1367 Iupiter,
1948 1324 2063 1367 Mars,
2091 1326 2166 1368 Sol,

1177 1370 1315 1411 Venus,
1344 1370 1564 1411 Mareotim,
1589 1371 1702 1407 Luna.

1275 1417 1496 1453 Adiiciemus
1521 1425 1637 1453 autem
1661 1433 1771 1465 pauca
1794 1423 1836 1456 de
1858 1423 2078 1467 singulorum
2103 1439 2166 1460 na—

1173 1475 1252 1502 tura
1278 1475 1310 1502 et
1335 1476 1453 1508 motu,
1489 1470 1548 1503 sed
1577 1471 1760 1506 ordiemur
1790 1485 1808 1506 a
1840 1474 2047 1510 luminibus.
2100 1477 2163 1511 Sol

1174 1520 1268 1553 enim
1300 1520 1450 1553 maxime
1484 1521 1641 1555 ostendit
1665 1523 1769 1557 nobis
1800 1531 1909 1558 metas
1937 1525 2100 1569 Zodiaci,
2133 1535 2165 1562 et

1174 1571 1273 1616 quasi
1290 1571 1361 1604 dux
1379 1577 1429 1605 est
1445 1569 1687 1607 Planetarum.

1576 1682 1636 1716 De
1664 1683 1762 1718 Sole.

1276 1753 1338 1787 Sol
1366 1760 1415 1787 est
1436 1753 1694 1789 lucidissimum
1713 1756 1750 1788 in
1777 1757 1872 1789 coelo
1898 1769 2041 1802 corpus,
2068 1760 2163 1804 quo'd

1174 1810 1273 1837 motu
1298 1805 1428 1838 diurno
1453 1805 1658 1838 discrimina
1682 1806 1787 1839 efficit
1811 1807 1883 1841 diei
1907 1815 1941 1841 et
1965 1810 2093 1850 noctis,
2130 1818 2163 1844 et

1174 1855 1319 1898 proprio
1337 1861 1447 1893 motu,
1475 1867 1544 1899 quo
1561 1854 1756 1889 Zodiacum
1776 1858 1882 1890 semel
1899 1866 2070 1902 peragrat,
2097 1873 2162 1893 an-

1173 1916 1259 1937 num
1296 1905 1412 1940 efficit.
1470 1903 1642 1939 Naturam
1674 1907 1748 1940 eius
1783 1919 1855 1940 esse
1888 1909 2092 1950 calefacere,
2130 1918 2162 1945 ct

1173 1955 1376 1998 languidius
1403 1955 1578 1989 desiccare
1607 1963 1753 1992 constat.
1804 1956 1940 2004 Estque
1967 1960 2062 1994 calor
2087 1973 2160 1994 non

1172 2012 1211 2040 ut
1235 2005 1362 2040 Martis
1386 2006 1575 2047 exitiosus,
1603 2008 1664 2041 sed
1686 2008 1812 2042 fovens
1838 2010 1957 2043 omnia
1983 2013 2160 2046 nascentia

1173 2063 1207 2090 et
1222 2057 1387 2098 viventia,
1414 2063 1453 2090 ut
1470 2058 1663 2102 quotannis
1682 2058 1719 2091 in
1733 2059 1976 2094 foecundanda
1993 2067 2094 2101 terra,
2121 2062 2159 2095 in

1172 2108 1358 2151 gignendis
1374 2114 1407 2141 et
1424 2108 1644 2141 maturandis
1657 2108 1819 2152 frugibus
1834 2111 2021 2144 cernimus.
2056 2111 2158 2145 Ideo-

1172 2170 1240 2204 que
1253 2158 1386 2191 dietum
1403 2163 1454 2191 est
1468 2169 1487 2191 a
1502 2156 1702 2198 ptolemeo,
1729 2158 1849 2193 Solem
1866 2172 1937 2194 esse
1952 2162 2084 2195 fontem
2103 2162 2156 2195 vi-

1171 2209 1251 2243 talis
1274 2209 1474 2253 potentiae,
1499 2208 1640 2243 Lunam
1662 2221 1746 2243 vero
1771 2211 1907 2244 sontem
1931 2223 2003 2244 esse
2028 2218 2156 2255 poten-

1171 2260 1239 2294 tiae
1255 2259 1444 2300 naturalis‚
1472 2260 1567 2304 quod
1586 2260 1624 2293 in
1642 2260 1746 2294 rebus
1768 2261 1990 2294 nascentibus
2007 2274 2046 2295 ex
2064 2269 2155 2297 terra

1170 2311 1280 2353 magis
1301 2310 1534 2354 conspicitur,
1561 2310 1612 2344 ibi
1632 2308 1816 2344 humorem
1835 2311 1881 2343 ali
1903 2323 1920 2344 a
1938 2311 2040 2346 Luna
2055 2313 2155 2346 vide-

1170 2373 1266 2402 mus,
1293 2360 1388 2395 Solis
1404 2367 1521 2394 autem
1535 2361 1670 2394 lumine
1686 2361 1847 2394 calefacta
1866 2361 2013 2403 semina,
2038 2363 2154 2397 effica-

1171 2412 1260 2446 ciam
1295 2412 1478 2455 concipere
1510 2411 1672 2455 rapiendi
1706 2410 1866 2445 alimenti
1898 2423 1936 2445 ex
1965 2419 2076 2454 terra,
2119 2421 2154 2448 et

1171 2462 1338 2507 gignendi
1354 2462 1479 2505 fruges.
1534 2460 1585 2494 lta
1600 2461 1639 2495 in
1656 2461 1891 2496 animantium
1910 2469 1943 2497 et
1965 2461 2153 2498 hominum

1171 2514 1378 2557 corporibus
1402 2510 1568 2545 humores
1591 2511 1700 2555 magis
1719 2511 1780 2546 alit
1804 2512 1916 2547 Luna.
1969 2513 2032 2548 Sol
2056 2515 2152 2549 iuvat

1169 2571 1305 2598 motum
1324 2570 1356 2596 et
1376 2573 1526 2595 sensum.

1273 2613 1365 2648 Sunt
1381 2618 1495 2645 autem
1511 2610 1604 2645 Solis
1619 2617 1736 2646 motus
1753 2613 1835 2650 duo.
1874 2614 1975 2650 Alter
1990 2616 2152 2657 diurnus,

1172 2676 1242 2710 quo
1266 2663 1420 2709 primum
1443 2662 1574 2696 mobile
1596 2663 1757 2751 quqt5idie
1777 2677 1894 2700 seeum
1916 2667 2037 2700 orbem
2057 2665 2151 2701 Solis

1724 2717 1742 2737 t
