2379 2948
177 121 246 156 Μ
408 110 611 149 semera
642 108 716 143 ΡΗ.
744 103 859 139 Meu.
888 102 953 138 Ao
979 99 1109 134 HIST.
1137 96 1279 134 PRor.
1309 96 1375 131 ET
1399 95 1593 132 PfflLos.
1623 94 1941 134 SPECTANTIA.

178 203 314 237 Deinde
340 206 469 245 quanta
494 196 695 230 oculorum,
731 195 862 233 quanta
893 186 1065 221 sermonis
1089 185 1160 219 uti-

181 257 257 287 litas
282 253 355 286 est'?

281 308 326 344 Et
345 310 379 341 in
399 306 452 339 liis
470 315 523 337 ars
544 299 785 335 testimonium
805 305 854 331 est
878 297 1032 335 illustre,
1060 307 1161 329 men-

182 373 249 396 tem
275 367 448 393 aeternam
473 351 728 385 fabricatricem
752 361 842 389 esse,
871 355 903 381 et
927 360 1006 381 cum
1030 346 1162 380 utilitas

182 411 360 445 manifesta
386 407 447 444 sit,
474 415 528 436 res
559 403 630 445 ipsa
662 400 821 445 loquitur
850 397 935 432 haec
964 408 1094 440 organa
1120 396 1162 429 ad

183 463 246 495 hos
264 470 346 492 usus
365 466 489 497 magno
509 452 655 486 consilio
673 451 814 484 condita
833 461 916 484 esse.

283 517 463 549 Praeterea
494 511 718 544 manifestum
752 515 820 548 est,
859 508 950 539 miro
980 505 1106 539 ordine
1132 510 1165 536 et

184 567 348 610 singulari
382 571 453 597 arte
486 562 581 605 gign'i
614 561 650 592 in
679 567 770 593 terra
796 560 910 601 fruges
939 564 971 590 et
991 557 1076 589 alias
1100 566 1165 594 reS‚

185 620 313 664 quibus
329 614 521 649 animantia
549 624 587 645 ac
614 610 798 654 praecipue
820 607 980 641 homines
998 605 1165 639 nutriun-

184 680 249 703 tur.
294 666 340 700 Et
361 667 395 698 in
413 671 506 697 tauta
523 662 688 694 varietate
705 658 891 692 herbarum
910 657 988 690 aliis
1005 657 1093 688 aliae
1113 655 1167 686 vi—

184 733 237 753 res
255 718 378 751 insitae
395 721 486 754 sunt,
505 720 544 745 ut
559 712 701 744 morbos
718 710 832 742 varios
848 708 1037 750 depellant.
1065 705 1167 738 Hanc

187 767 472 803 distributionem
488 762 741 807 proprietatum
758 760 795 792 in
812 759 972 800 frugibus
985 764 1018 790 et
1033 757 1071 789 in
1086 754 1168 788 her-

186 822 259 859 bis,
288 815 504 861 impossibile
523 819 573 845 est
589 823 669 844 casu
687 812 811 844 factam
834 821 917 842 esse.
971 806 1017 840 Et
1039 807 1068 839 si
1089 817 1170 863 cas-u

188 873 274 904 tales
293 866 520 912 proprietates
542 867 805 906 spargerentur,
833 871 905 891 non
925 863 1107 890 manerent
1123 868 1171 888 si-

188 922 287 953 miles
302 920 337 951 in
357 915 503 958 singulis
519 913 710 956 speciebus,
764 909 847 943 Ideo
867 920 1004 941 necesse
1021 914 1070 940 est
1087 918 1171 940 con-

189 972 296 1010 sulto,
323 975 356 1001 et
373 972 515 1010 propter
533 964 636 995 finem
654 962 701 995 ita
718 960 924 993 distributas
941 970 1024 992 esse.

290 1027 358 1060 Sed
385 1024 576 1056 dolendum
608 1026 676 1059 est,
709 1025 840 1051 tantam
874 1029 945 1050 esse
971 1016 1172 1049 coecitatem

190 1079 374 1112 hominnm
388 1102 396 1115 ,
422 1081 460 1107 ut
478 1083 555 1104 cnm
572 1069 756 1114 praecipua
776 1079 881 1111 opera
899 1068 935 1099 in
959 1073 1030 1100 tota
1048 1072 1173 1098 natura

192 1129 389 1163 clamitent,
427 1135 498 1155 esse
533 1126 686 1152 mentem
721 1125 899 1150 aeternam
936 1116 1176 1154 conditricem,

193 1191 279 1224 quae
305 1174 464 1209 consulto
495 1169 561 1204 hoc
586 1168 764 1213 opificium
789 1167 1026 1206 ordinaverit,
1060 1173 1176 1197 tamen

190 1226 430 1263 Democritus,
466 1220 641 1265 Epicurus
673 1225 706 1251 et
734 1218 837 1251 multi
861 1218 922 1250 alii
951 1217 1178 1252 contendant,

193 1278 307 1312 omnia
327 1285 471 1318 corpora
488 1283 568 1304 casu
585 1271 632 1304 ita
654 1269 802 1302 conflata
827 1279 899 1301 esse
930 1279 969 1300 ex
993 1266 1118 1299 atomis
1146 1271 1179 1296 et

193 1329 311 1362 omnia
330 1337 409 1359 casu
424 1323 520 1357 ferri.

294 1385 364 1418 Hic
380 1380 565 1415 horribilis
581 1380 680 1411 furor
695 1377 908 1410 execrandus
925 1381 990 1412 est,
1020 1380 1052 1406 et
1069 1385 1179 1416 oppo-

198 1437 314 1471 nenda
340 1430 574 1466 consideratio
597 1428 732 1462 ordinis
758 1427 795 1458 in
819 1433 889 1459 tota
914 1432 1057 1460 natura,
1084 1423 1181 1455 testi-

195 1490 302 1521 ficans
319 1496 389 1517 esse
408 1482 534 1516 Deum.

299 1542 362 1576 Est
381 1548 495 1573 autem
513 1538 662 1571 maxime
686 1535 908 1579 perspicuum
929 1531 1182 1569 testimonium,

198 1599 239 1629 de
263 1594 338 1628 Deo
368 1599 399 1624 et
426 1592 468 1622 de
484 1600 585 1622 causa
605 1587 722 1626 finali,
751 1586 843 1630 quod
862 1596 915 1617 res
933 1584 1002 1616 sint
1019 1583 1181 1615 conditae

198 1648 241 1679 ad
258 1651 368 1678 certos
385 1642 487 1678 fines,
515 1639 587 1682 ipsa
603 1648 701 1669 mens
716 1634 882 1668 hominis.
925 1633 1017 1666 Sunt
1034 1632 1127 1664 enim
1146 1631 1183 1662 in

198 1701 315 1729 mente
331 1691 486 1726 hominis
502 1688 651 1721 noticiae
667 1696 911 1723 numerorum,
932 1684 1015 1716 item
1032 1681 1184 1714 noticiae

200 1748 438 1780 discernentes
460 1738 606 1772 honesta
629 1744 663 1770 et
679 1736 795 1779 turpia
815 1741 956 1768 aeterno
977 1740 1086 1776 septo.
1140 1728 1186 1764 Et

199 1796 264 1830 hae
287 1796 381 1837 ipsae
405 1790 554 1824 noticiae
579 1794 751 1822 testantur
776 1797 847 1818 esse
863 1784 994 1823 Deum,
1023 1790 1055 1821 et
1079 1782 1184 1815 talem

200 1858 287 1886 esse,
315 1843 416 1888 quale
434 1847 483 1873 est
501 1840 623 1871 lumen
636 1835 783 1870 honesta
801 1834 1031 1879 praecipiens,
1058 1838 1091 1864 et
1108 1831 1188 1876 qui-

201 1898 279 1930 dem
295 1893 447 1926 iudicem
466 1901 546 1922 esse.
582 1887 665 1920 Ideo
685 1885 898 1919 conscientia
914 1884 1028 1917 saucia
1045 1883 1188 1915 damnat

202 1946 365 1980 scelerate
383 1943 491 1979 facta,
518 1945 551 1971 et
575 1937 749 1970 cruciatur
775 1936 976 1978 ingentibus
995 1932 1189 1972 doloribus,

202 1996 264 2042 qui
280 1993 384 2027 abiici
407 2002 479 2023 non
501 1993 666 2032 possunt,
694 1987 796 2019 etiam
816 1986 845 2018 si
862 1995 1030 2017 conemur
1048 1994 1104 2015 eos
1127 1982 1189 2014 ab-

204 2048 319 2079 iicere.
375 2040 440 2075 Est
457 2046 491 2073 et
516 2036 765 2071 inenarrabilis
783 2046 881 2068 amor
904 2040 1088 2079 parentum
1112 2043 1191 2074 erga

204 2104 315 2130 natos.

307 2143 403 2177 Haec
428 2151 507 2173 casu
536 2138 583 2171 ita
612 2137 688 2170 fieri
718 2136 753 2168 in
785 2133 971 2168 hominum
1000 2133 1191 2171 mentibus,

207 2204 268 2231 aut
289 2192 374 2227 oriri
397 2189 460 2223 bas
484 2188 632 2223 noticias
663 2199 681 2220 a
709 2193 834 2219 natura
864 2197 935 2218 non
963 2184 1193 2227 intelligente,

209 2242 428 2290 impossibile
451 2246 512 2274 est.

315 2302 433 2345 Quare
451 2297 553 2332 fateri
570 2306 709 2330 necesse
736 2302 802 2335 est,
833 2300 994 2327 naturam
1022 2298 1056 2325 et
1083 2297 1194 2324 ortam

212 2363 244 2388 et
264 2353 461 2387 ordinatam
478 2360 550 2382 esse
564 2359 582 2381 a
600 2352 716 2380 mente
726 2343 1012 2379 architectatrice.
1046 2340 1196 2386 Cunque

214 2405 375 2438 ordinata
392 2400 455 2439 sit,
482 2409 618 2432 necesse
636 2403 686 2430 est
702 2397 744 2430 ad
759 2396 844 2429 fines
862 2401 973 2428 certos
997 2392 1196 2426 ordinatam

214 2466 304 2490 esse,
334 2459 370 2484 ut
391 2450 451 2484 Sol
466 2449 650 2482 ordinatus
667 2454 736 2485 est,
763 2447 807 2480 ad
828 2445 988 2478 facienda
1012 2443 1197 2476 intervalla

214 2503 285 2538 diei
301 2509 333 2534 et
351 2500 463 2533 noctis
474 2526 483 2539 ,
508 2497 645 2543 hyemis
661 2504 694 2531 et
712 2496 860 2535 aestatis,
886 2502 926 2529 ut
942 2495 1020 2528 luce
1037 2500 1071 2527 et
1086 2493 1199 2526 calore

214 2563 343 2588 terram
361 2557 394 2583 et
409 2549 600 2582 animantia
614 2548 719 2582 faciat
734 2547 907 2582 foecunda
919 2572 928 2587 ‚
955 2545 1003 2578 sic
1019 2542 1200 2577 hominem

215 2603 419 2638 ordinatum
444 2609 515 2632 esse
546 2598 649 2631 etiam
683 2597 881 2631 communis
911 2606 1031 2630 sensus
1058 2593 1201 2633 iudicat,

216 2656 260 2689 ad
280 2651 446 2686 honestas
469 2648 623 2682 actiones
649 2654 683 2681 et
711 2649 755 2682 ad
778 2647 1081 2682 conservationem
1106 2656 1202 2679 com-

2112 99 2184 133 348

1208 183 1328 217 munis
1344 182 1526 216 societatis.
1560 181 1629 216 Sed
1646 181 1777 224 agnitio
1794 180 1871 223 Dei,
1897 194 1985 227 quae
2002 184 2186 217 nobiscum

1209 235 1376 275 nascitur,
1403 233 1553 277 amplius
1570 239 1702 273 monet,
1726 230 1888 265 homines
1906 233 2087 267 ordinatos
2106 245 2189 273 esse,

1209 292 1249 318 ut
1265 284 1339 317 Deo
1357 284 1536 324 obediant,
1560 290 1593 316 et
1608 294 1687 316 eum
1704 282 1739 314 in
1758 282 1937 315 communi
1955 284 2117 317 societate
2133 296 2189 317 ce-

1210 336 1364 375 lebrent,
1396 341 1568 368 testentur
1601 345 1672 366 esse
1707 333 1858 366 iudicem
1871 358 1881 372 ,
1919 332 2190 368 benefacientem

1211 386 1470 425 obedientibus,
1493 391 1526 417 et
1542 384 1745 428 punientem
1763 382 1892 417 atrocia
1910 382 2048 415 scelera.
2074 382 2192 425 Quare

1212 434 1279 469 hoc
1295 436 1427 469 dictum
1446 434 1645 469 Stoicorum
1662 434 1766 467 laude
1783 434 1928 476 dignum
1944 439 2008 466 est.

1213 487 1308 518 nasci
1326 484 1509 518 hominum
1528 496 1642 525 causa,
1659 485 1718 517 sed
1736 483 1897 518 homines
1913 489 2056 527 propter
2070 483 2194 523 Deum,

2060 430 2191 466 Omnia

1214 536 1250 570 id
1269 543 1330 575 est,
1359 542 1397 570 ut
1414 536 1457 569 sit
1473 536 1510 567 in
1529 533 1595 568 hoc
1612 535 1745 568 visibili
1762 535 1907 574 mundo,
1934 540 2058 566 natura
2079 534 2194 577 aliqua

1214 597 1405 628 agnoscens
1420 592 1454 618 et
1473 586 1653 618 celebrans
1669 586 1839 629 opificem.

1316 643 1396 676 Non
1424 643 1549 675 addam
1572 643 1674 685 plura
1698 651 1899 685 argumenta
1922 645 1965 677 ad
1988 644 2199 677 confirman-

1217 696 1295 727 dam
1320 691 1411 726 hanc
1435 693 1667 732 senteutiam,
1694 694 1790 736 quod
1815 701 1940 728 natura
1958 701 2036 738 agat
2059 699 2200 737 propter

1217 745 1342 784 finem,
1368 744 1403 776 id
1429 750 1497 784 est,
1524 743 1619 788 quod
1644 742 1801 785 singulae
1824 745 1952 788 species
1970 746 2041 778 sint
2057 744 2200 777 ordina-

1217 801 1272 828 tae
1301 796 1344 827 ad
1377 800 1510 828 certum
1540 793 1685 826 modum
1717 795 1951 836 generationis
1987 802 2020 828 et
2057 795 2101 828 ad
2127 804 2201 826 cer-

1218 852 1271 878 tos
1294 856 1388 879 usus.

1320 902 1472 944 Querela
1497 902 1613 946 potius
1638 902 1799 934 addenda
1818 909 1910 943 erat,
1935 909 1969 935 et
1989 902 2203 945 deploranda

1221 953 1368 987 coecitas
1386 953 1424 985 in
1440 952 1561 985 multis
1584 950 1713 992 atheis,
1740 953 1801 996 qui
1820 953 1986 986 dubitant
2000 953 2042 985 de
2066 950 2132 985 hoc
2147 964 2205 985 or·-

1222 1005 1303 1037 dine
1321 1010 1478 1043 naturae,
1506 1009 1539 1035 et
1554 1004 1595 1035 de
1611 1002 1745 1046 opifice.
1782 1003 1834 1036 Ac
1849 1015 1914 1036 nos
1929 1003 2086 1046 singulos
2101 1013 2207 1046 opor-

1222 1054 1290 1087 tuit
1307 1053 1474 1085 acerrime
1490 1053 1594 1085 nobis
1617 1053 1701 1095 ipsis
1717 1053 1837 1091 irasci,
1864 1054 1958 1098 quod
1977 1065 2055 1086 cum
2074 1059 2207 1085 mentes

1223 1110 1359 1137 nostras
1387 1103 1593 1146 aspicimus,
1629 1114 1703 1135 non
1724 1104 1829 1136 simul
1853 1103 2044 1146 cogitamus
2068 1104 2110 1136 de
2132 1102 2207 1134 Deo

1224 1154 1427 1193 conditore,
1452 1159 1485 1185 et
1507 1153 1549 1185 de
1575 1153 1711 1195 ingenti
1735 1165 1853 1186 amore
1878 1153 1989 1197 ipsius
2006 1165 2084 1196 erga
2102 1163 2209 1195 genus

1225 1202 1420 1237 humanum
1432 1230 1441 1243 ‚
1468 1214 1532 1235 nec
1546 1203 1682 1245 agimus
1700 1203 1730 1235 ei
1749 1203 1888 1246 gratias,

1328 1261 1428 1303 Quae
1453 1261 1653 1305 eloquentia
1677 1268 1790 1303 potest
1813 1258 1876 1293 has
1893 1272 1948 1293 res
1971 1260 2138 1293 maximas
2155 1272 2213 1293 ex-

1226 1312 1379 1356 ponere?
1429 1310 1525 1343 Deus
1550 1311 1704 1343 condens
1728 1309 1930 1351 hominem,
1962 1310 2152 1344 transfudit
2175 1312 2210 1342 in

1228 1375 1307 1395 eum
1332 1372 1410 1394 suas
1433 1362 1547 1400 dotes,
1575 1371 1664 1404 quae
1687 1360 1725 1391 in
1752 1361 1827 1403 ipso
1853 1367 1936 1393 sunt
1958 1371 2131 1400 summae,
2157 1372 2213 1393 sa—

1228 1411 1396 1456 pientiam
1430 1422 1546 1450 suam,
1585 1410 1716 1442 scilicet
1738 1410 1823 1453 legis
1847 1410 2027 1443 noticiam.
2075 1409 2214 1443 Deinde

1229 1463 1427 1495 libertatem
1470 1460 1663 1493 voluntatis
1707 1471 1745 1492 ac
1786 1460 1980 1500 iusticiam,
2028 1460 2141 1504 qualis
2176 1461 2215 1493 in

1232 1513 1307 1556 ipso
1334 1511 1413 1545 fuit.

1331 1561 1406 1594 Imo
1432 1560 1469 1592 in
1494 1571 1558 1592 nos
1580 1558 1683 1592 etiam
1709 1558 1883 1603 Spiritum
1909 1567 2066 1594 sanctum
2089 1572 2128 1594 ex
2153 1572 2215 1595 suo

1232 1617 1372 1656 pectore
1391 1610 1533 1649 effudit,
1558 1609 1710 1654 quierat
1727 1610 1930 1643 incendium
1954 1610 2082 1643 amoris
2104 1612 2217 1645 mutui

1234 1664 1270 1694 in
1298 1660 1372 1694 Deo
1398 1672 1476 1703 erga
1506 1671 1588 1700 nos,
1621 1666 1654 1693 et
1679 1660 1717 1692 in
1747 1659 1952 1694 hominibus
1983 1672 2063 1704 erga
2092 1660 2218 1701 Deum,

1234 1712 1439 1757 priusquam
1456 1716 1582 1744 natura
1598 1707 1786 1744 hominum
1801 1723 1819 1744 a
1838 1710 1914 1744 Deo
1930 1722 2049 1744 aversa
2066 1711 2145 1746 fuit.

1334 1769 1429 1803 Haec
1453 1775 1549 1802 tanta
1575 1770 1668 1802 dona
1694 1781 1773 1803 cum
1801 1769 1905 1802 nobis
1923 1770 2144 1809 attribuerit,
2168 1771 2219 1803 fa-

1234 1822 1301 1856 teri
1328 1831 1466 1853 necesse
1490 1826 1561 1859 est,
1588 1820 1683 1864 quod
1710 1831 1790 1852 vere
1814 1820 1935 1862 diligat
1963 1832 2071 1862 genus
2095 1818 2221 1854 huma—

1237 1883 1336 1905 num.
1391 1869 1526 1903 Pudeat
1552 1870 1660 1912 igitur
1684 1882 1749 1903 nos
1781 1870 2045 1912 ingratitudinis
2069 1877 2220 1911 nostrae,

1237 1923 1332 1967 quod
1358 1932 1430 1953 non
1455 1920 1569 1953 solum
1594 1931 1666 1952 non
1695 1920 1876 1962 diligimus
1901 1920 2134 1961 conditorem,
2160 1922 2222 1965 qui

1241 1980 1337 2007 tanta
1363 1971 1488 2003 decora
1512 1970 1616 2002 nobis
1636 1970 1801 2010 donavit,
1837 1970 1907 2002 imo
1933 1970 1994 2014 qui
2020 1982 2084 2004 nos
2110 1972 2222 2005 socios

1240 2034 1322 2057 suae
1339 2027 1484 2054 naturae
1498 2020 1598 2059 fecit,
1625 2020 1706 2052 dato
1722 2019 1857 2063 Spiritu
1875 2026 2013 2061 sancto,
2041 2021 2100 2053 sed
2119 2021 2221 2054 etiam

1239 2075 1396 2107 furenter
1421 2068 1536 2103 adhuc
1560 2069 1781 2110 dubitamus,
1806 2081 1850 2103 an
1871 2070 1915 2103 sit
1932 2069 2028 2104 Deus
2048 2071 2222 2115 conditor,

1241 2136 1285 2158 an
1300 2127 1397 2156 curet
1413 2118 1593 2161 homines,
1620 2131 1665 2153 an
1682 2126 1806 2153 natura
1824 2121 1984 2154 ordinata
2001 2122 2057 2155 sit.

1343 2179 1473 2213 Procul
1500 2179 1684 2212 eiiciantur
1707 2176 1773 2212 hae
1787 2179 2027 2213 dubitationes
2041 2192 2082 2213 ex
2097 2182 2224 2214 menti-

1244 2233 1327 2272 bus,
1355 2237 1387 2263 et
1411 2230 1569 2275 quotidie
1598 2230 1820 2262 invocatione
1844 2231 2104 2264 consideremus
2129 2231 2225 2264 ordi-

1247 2281 1382 2316 nemin
1405 2287 1551 2320 natura,
1579 2286 1611 2312 et
1627 2279 1693 2311 Dei
1716 2281 1808 2313 dona
1830 2281 1868 2313 iu
1892 2292 1956 2314 nos
1979 2282 2169 2321 transfusa,
2193 2288 2227 2313 et

1246 2343 1401 2366 amorem
1427 2331 1578 2374 patrium
1596 2341 1675 2372 erga
1693 2341 1776 2370 nos,
1803 2331 1916 2375 qualis
1938 2338 1989 2365 est
2011 2331 2047 2363 in
2071 2328 2226 2363 homini-

1247 2385 1312 2417 bus
1335 2392 1413 2424 erga
1430 2386 1539 2414 natos.
1591 2379 1658 2412 llis
1681 2381 2076 2414 commonefactionibus
2097 2381 2227 2414 confir-

1248 2443 1383 2466 memus
1399 2442 1497 2464 veras
1516 2430 1742 2473 cogitationes
1758 2432 1801 2464 de
1819 2430 2050 2475 providentia.

1349 2490 1488 2524 Deinde
1504 2490 1672 2523 addamus
1695 2497 1728 2523 et
1745 2489 2044 2523 evidentissimum
2067 2489 2156 2523 illud
2175 2496 2227 2524 te-

1250 2541 1456 2577 stimonium
1487 2540 1615 2573 amoris
1654 2552 1732 2584 erga
1762 2551 1845 2580 nos,
1878 2540 1972 2584 quod
2008 2540 2103 2573 misit
2132 2539 2227 2574 Deus

1249 2593 1372 2633 filium,
1399 2597 1433 2625 et
1447 2591 1583 2625 addidit
1598 2591 1808 2631 testimonia,
1831 2590 1925 2634 quod
1944 2591 2118 2624 revocavit
2132 2601 2229 2623 mor-

1251 2651 1329 2678 tuos
1345 2643 1384 2676 in
1400 2642 1519 2679 vitam,
1571 2640 1772 2685 Cogitemus
1794 2647 1829 2674 et
1846 2640 2094 2685 promissiones
2118 2640 2228 2674 tradi-
