2379 2948
217 132 263 168 55
494 125 701 164 SCRIPTA
730 127 803 162 ΡΠ.
828 123 942 160 MEL.
968 123 1035 160 AD
1061 124 1188 161 HlST.
1214 124 1356 162 PROF.
1382 123 1447 159 ET
1475 122 1664 159 PHILOS.
1686 122 2001 161 SPECTANTIA.
2181 124 2229 158 36

226 222 325 261 parte
354 214 458 248 villos
479 211 586 246 habet
612 213 793 255 obliqu05‚
827 209 885 254 qui
912 209 1099 243 retentioni
1129 220 1201 242 ser-

224 268 337 300 viunt.
389 263 553 298 Exterior
571 264 688 296 tunica
715 260 823 302 magis
851 266 900 292 est
926 271 1086 299 carnosa,
1114 271 1201 303 quae

227 317 331 351 villos
347 314 454 348 habet
473 321 707 350 transversos,
732 310 945 354 expulsionis
963 322 1061 342 causa
1083 310 1202 343 factos.

332 374 427 407 Situs
451 379 500 404 est
518 369 733 403 ventriculus
756 369 848 401 inter
874 380 956 411 epar
979 374 1010 400 et
1038 368 1204 411 splenem,

232 427 280 459 ita
296 424 388 457 utin
406 424 524 454 dextro
548 420 655 453 latere
690 430 772 462 epar
796 419 976 451 incumbat
999 418 1205 456 ventriculo,

233 482 267 508 et
285 485 362 506 eum
379 471 496 515 pinnis
517 470 587 503 suis
609 469 837 512 amplectatur
862 475 895 501 et
923 468 1110 502 calefaciat.
1166 466 1205 498 ln

234 525 374 558 sinistro
392 522 498 553 latere
515 520 613 564 splen
630 526 691 554 est.
719 518 769 551 Ac
785 519 870 551 situs
888 519 1070 556 admonet,
1098 529 1204 561 qnare

233 579 371 616 sumpto
391 571 466 604 cibo
485 570 594 614 prosit
620 570 745 602 cubare
773 569 809 600 in
833 569 954 600 dextro
978 569 1100 606 latere,
1128 579 1205 599 cum

234 623 327 657 enim
347 622 383 653 in
402 621 542 653 sinistro
563 620 607 653 sit
625 619 796 652 orificium
814 619 1016 650 adiunctum
1037 615 1207 660 oesopha-

235 685 296 716 go,
323 683 400 705 cum
426 671 462 702 in
481 682 518 702 ea
536 677 632 713 parte
654 669 837 708 cubamus,
865 680 964 699 ruere
988 668 1105 699 cibum
1130 678 1206 698 ver-

236 734 294 756 sus
312 721 484 754 orificium
500 720 687 758 sentimus,
715 719 808 762 quod
829 730 898 750 non
922 724 970 750 est
989 717 1086 750 utile.
1128 715 1207 749 Ma-

240 774 291 816 gis
307 771 409 804 etiam
426 770 536 803 calefit
552 770 683 801 fundus
707 768 911 806 ventriculi,
939 767 999 812 qui
1024 779 1155 810 pronus
1174 767 1208 798 in

238 827 397 856 dextrum
413 821 502 854 latus
518 820 678 858 flectitur,
705 830 783 851 cuin
802 828 840 851 ea
857 829 934 861 pars
953 818 1112 850 cubando
1131 829 1208 860 pre-

236 873 357 906 mitur.

341 929 673 973 Temperamentum
698 926 884 960 ventriculi
909 926 1074 968 frigidum
1097 933 1128 959 et
1144 927 1211 958 sic-

239 992 318 1014 cum
336 987 403 1020 est,
429 979 640 1013 conveniens
655 984 800 1010 naturae
820 988 1002 1016 nervosae,
1030 988 1134 1020 quani
1151 974 1211 1008 lia-

238 1033 317 1070 bet,
342 1030 496 1073 primum
520 1039 641 1061 sensus
663 1038 783 1066 causa,
810 1033 848 1058 ut
872 1027 975 1058 rebus
1001 1026 1214 1059 convenien-

240 1082 333 1114 tibus
358 1080 557 1118 adficiatur,
585 1085 616 1110 et
640 1089 693 1109 res
717 1088 789 1108 non
812 1077 1060 1109 convenientes
1078 1087 1213 1108 averse-

240 1138 308 1165 tur.
360 1129 516 1165 Deinde,
543 1135 581 1160 ut
604 1126 800 1169 adpetentia
818 1132 849 1157 et
867 1126 1015 1158 efficacia
1033 1126 1144 1160 maior
1162 1127 1214 1159 sit.

238 1180 420 1213 Praeterea
435 1185 474 1211 ut
491 1178 534 1210 sit
551 1178 691 1214 durior,
715 1188 758 1208 ne
782 1176 940 1208 ciborum
963 1176 1146 1219 asperitate
1163 1177 1214 1208 os-

239 1231 413 1263 sendatur.
438 1227 553 1260 Habet
571 1234 685 1260 autern
704 1233 736 1258 et
753 1226 911 1258 nativum
928 1226 1088 1258 calorem.
1126 1225 1213 1258 Nam

242 1287 275 1312 et
299 1279 449 1312 exterior
477 1278 595 1310 tunica
629 1276 776 1308 calidior
799 1281 865 1313 est,
893 1282 925 1307 et
949 1276 1059 1308 calefit
1084 1277 1213 1308 ventri-

241 1329 341 1362 culus
356 1341 374 1360 a
392 1328 516 1359 vicinis
534 1326 709 1361 membris,
737 1325 780 1356 ab
796 1324 924 1366 Epate,
952 1325 1099 1368 Splene,
1127 1325 1215 1359 (jor-

242 1380 304 1417 de,
327 1375 619 1419 Diapliragmate‚
646 1374 739 1418 quod
770 1375 913 1405 adsidue
940 1376 1106 1414 agitatur,
1134 1377 1214 1406 item

243 1430 287 1461 ab
303 1425 479 1465 Omento,
503 1430 679 1468 praeterea
709 1429 743 1456 et
765 1434 783 1455 a
801 1422 946 1466 spiritu,
973 1423 1032 1467 qui
1056 1425 1216 1467 copiosus

242 1479 280 1510 in
297 1476 530 1510 ventriculum
549 1474 765 1513 infunditur,
791 1479 972 1516 propterea
998 1475 1090 1517 quod
1117 1474 1215 1506 colli-

243 1535 341 1571 gatus
364 1533 414 1560 est
436 1525 561 1559 vicinis
576 1523 741 1557 membris
760 1534 821 1566 per
839 1534 941 1555 venas
958 1530 990 1556 et
1012 1524 1165 1556 arterias.

344 1593 485 1628 Utilitas
500 1592 646 1624 minime
661 1591 805 1623 obscura
823 1596 882 1623 est.
910 1589 1025 1622 Servit
1042 1591 1134 1622 enim
1154 1604 1217 1635 po-

243 1645 372 1679 tentiae
399 1642 600 1677 nutritivae.
644 1640 761 1683 Quare
779 1640 848 1671 vim
868 1640 1019 1672 nativam
1038 1638 1139 1673 habet
1156 1653 1216 1684 ap-

243 1694 386 1737 petendi
403 1693 491 1732 cibi,
518 1693 616 1725 cuius
640 1690 865 1734 appetitionis
887 1701 1006 1722 sensus
1032 1691 1120 1723 inest
1145 1692 1217 1723 ori-

244 1745 340 1783 ficio,
366 1744 404 1775 in
430 1743 522 1787 quod
553 1741 654 1774 multi
680 1740 779 1772 nervi
803 1751 820 1771 a
840 1740 979 1771 cerebro
1004 1740 1143 1772 demissi
1162 1741 1216 1773 in-

244 1802 420 1828 texuntur.
474 1792 565 1825 Cum
592 1791 698 1833 igitur
725 1787 889 1822 exhausta
915 1790 1072 1822 membra
1102 1792 1215 1823 nutri-

245 1851 402 1877 mentum
419 1843 637 1878 desiderant,
664 1847 696 1873 et
713 1837 886 1872 attrahere
904 1847 1077 1872 conantur
1093 1852 1132 1872 ex
1157 1854 1215 1873 ve-

246 1894 320 1933 nis,
346 1904 454 1925 venae
490 1904 528 1924 ex
563 1897 678 1934 epate,
713 1901 794 1932 epar
821 1900 860 1920 ex
883 1890 1097 1929 ventriculo,
1133 1903 1216 1923 ven—

245 1943 391 1976 triculus
406 1943 451 1974 ab
467 1941 616 1979 orificio,
643 1940 680 1972 fit
698 1939 893 1979 corrugatio
918 1939 952 1971 in
975 1940 1107 1973 orificio
1134 1953 1211 1984 pro.

245 2000 321 2036 pter
359 1992 552 2025 suctionem
586 2001 767 2021 venarum.
820 1988 859 2020 In
897 2000 934 2020 ea
973 1991 1216 2032 corrogatione

245 2049 387 2086 propter
402 2053 527 2074 nervos
541 2051 661 2072 sensus
686 2051 724 2071 ac
746 2037 847 2070 dolor
867 2039 1055 2077 excitatur,
1083 2041 1140 2083 qui
1168 2049 1216 2074 est

244 2094 350 2126 fames
362 2119 371 2132 ,
396 2099 430 2125 et
447 2091 561 2124 irritat
577 2090 704 2123 animal
721 2089 762 2120 ad
780 2089 1017 2131 quaerendum
1037 2089 1164 2122 cibum.

347 2158 461 2192 Aiunt
487 2163 601 2189 autem
620 2162 652 2188 et
675 2153 809 2186 irritari
834 2153 868 2185 in
895 2154 1026 2186 orificio
1051 2156 1216 2198 adpeten-

247 2210 330 2242 tiam
354 2204 584 2240 melancholia
608 2217 647 2237 eo
673 2204 798 2241 effusa,
826 2215 913 2246 quae
937 2211 985 2235 est
1013 2205 1109 2238 acris.
1170 2206 1213 2240 Et

247 2259 530 2292 existimaverunt
553 2255 680 2300 aliqui,
713 2254 994 2294 grandium-ulam
1029 2267 1150 2287 venam
1177 2270 1215 2289 vx

247 2310 365 2352 splene
383 2309 419 2340 in
434 2307 605 2340 orificium
624 2304 805 2337 ventriculi
824 2304 959 2335 obeam
981 2315 1115 2336 causam
1137 2319 1216 2348 por-

248 2359 332 2401 rigi,
359 2366 398 2391 ut
414 2368 536 2399 magna
554 2369 593 2388 eo
613 2354 709 2398 copia
731 2354 946 2386 insun‹t..mr.
998 2352 1064 2385 Sed
1083 2364 1213 2389 certum

248 2416 316 2447 est,
341 2419 482 2446 venam,
509 2417 596 2450 quae
615 2417 654 2436 ex
671 2405 788 2447 splene
809 2403 843 2434 in
865 2402 1095 2435 ventriculum
1115 2407 1215 2439 ‹luci-

248 2465 319 2497 tur‚
342 2470 420 2490 mox
440 2457 545 2488 inseri
563 2455 755 2487 ventriculo
775 2454 809 2485 in
829 2454 933 2485 latere
957 2453 1115 2493 sinistro,
1143 2469 1213 2488 non

247 2508 369 2552 procul
384 2520 401 2540 a
419 2507 539 2539 fundo.
592 2505 641 2537 Ac
659 2503 883 2536 necessariam
908 2514 978 2535 esse
1010 2503 1082 2535 eius
1106 2507 1212 2538 sabri-

247 2558 393 2590 cationis
410 2567 563 2593 causam,
590 2561 627 2586 nt
644 2553 862 2596 superfluitas
886 2566 924 2585 cx
945 2553 1064 2594 splene
1088 2554 1213 2588 eveha-

245 2616 312 2641 tur.
365 2607 505 2640 Utilitas
527 2617 608 2638 vero
625 2611 690 2641 est,
719 2611 755 2636 ut
770 2604 863 2636 iuvet
881 2603 1076 2635 ficnltatem
1095 2613 1210 2637 reten-

245 2659 349 2690 tivam
366 2658 401 2689 in
421 2657 502 2689 imo.
538 2654 640 2688 Parni
658 2661 771 2687 autem
790 2653 918 2686 surculi
933 2653 1087 2697 pilorum
1107 2660 1210 2689 inodo
1233 2658 1241 2688 l

1255 210 1356 243 etiam
1372 211 1415 243 ab
1432 208 1496 243 liae
1511 221 1598 243 vena
1615 216 1759 253 serpunt
1777 210 1819 242 ad
1839 209 2008 243 orificium
2030 209 2229 247 ventriculi,

1256 261 1317 292 ubi
1341 267 1613 293 consentaneum
1640 266 1710 298 est,
1736 266 1767 293 et
1791 257 1958 292 nonnihil
1974 260 2105 293 irritari
2123 261 2230 302 adpe-

1257 310 1400 343 tentiam
1418 310 1550 352 exiguis
1568 310 1691 343 rivulis
1711 316 1804 342 atrae
1821 309 1913 342 bilis.

1355 376 1444 410 Cum
1463 383 1576 408 autem
1591 377 1766 419 copiosior
1785 374 2017 408 melancholia
2041 377 2077 408 in
2097 377 2229 409 ventri-

1258 427 1374 459 culum
1408 433 1557 463 eructat,
1594 434 1633 460 ut
1663 424 1718 459 liic
1749 427 1901 460 vidimus
1931 427 2005 459 viro
2039 426 2230 460 clarissimo

1260 477 1412 519 Casparo
1439 477 1628 517 Crucigero
1659 483 1790 510 tantam
1826 477 1959 520 copiam
1995 477 2160 516 influere,
2193 483 2233 509 ut

1260 527 1370 558 virtus
1389 526 1571 559 ventriculi
1591 527 1728 569 penitus
1744 527 2013 568 extingueretur,
2043 527 2076 559 id
2093 538 2231 570 quoqne

1260 577 1297 608 sit
1316 588 1375 619 per
1394 588 1467 608 earn
1489 588 1628 615 vcnam,
1658 588 1760 620 quam
1787 577 1938 609 diximus
1963 577 2105 609 sinistro
2130 576 2231 610 lateri

1262 638 1332 658 non
1351 626 1472 669 procul
1491 638 1508 657 a
1524 626 1633 658 fundo
1649 626 1813 659 insertam
1837 638 1920 660 esse.

1375 691 1423 725 Ut
1443 698 1556 724 autem
1575 692 1660 724 alibi
1677 692 1712 724 in
1735 704 1859 734 genere
1884 693 2038 725 dicemus
2052 719 2060 732 ‚
2085 699 2236 736 quatuor

1263 753 1334 774 esse
1367 744 1604 774 membrorum
1646 743 1845 782 facultateS,
1879 741 2125 782 Atti-activam,
2163 741 2235 775 Re-

1265 792 1449 831 tentivai‘n,
1478 792 1726 830 Alterativam,
1754 800 1785 826 et
1802 791 2046 835 Expulsivarn:
2073 792 2118 824 ita
2138 798 2170 824 et
2191 793 2234 824 de

1265 842 1460 875 ventriculo
1488 842 1667 874 sciendum
1703 849 1769 880 est,
1797 843 1972 875 naturales
1996 842 2174 874 facultates
2199 842 2238 873 in

1265 905 1303 924 eo
1320 904 1404 932 esse,
1429 893 1498 924 vim
1514 890 1711 924 attrahendi
1730 893 1837 930 cibos,
1864 905 1902 925 ac
1918 892 2045 924 deinde
2063 892 2238 924 retinendi

1265 949 1297 974 et
1313 943 1502 982 alterandi,
1529 949 1563 975 et
1577 943 1663 975 facta
1682 943 1886 975 alteratione
1903 939 2151 975 transvehendi
2170 953 2237 975 nu—

1266 992 1489 1031 trimentum,
1525 999 1558 1025 et
1589 993 1785 1035 expellendi
1818 993 2003 1036 superflua.
2077 991 2238 1036 Suntque

1266 1048 1305 1074 ut
1321 1042 1410 1082 dixi,
1438 1043 1511 1074 villi
1530 1054 1589 1074 seu
1606 1042 1712 1075 fibrae
1729 1044 1770 1075 ad
1790 1041 2054 1082 attrahendum,
2081 1042 2237 1075 retinen-

1268 1093 1351 1125 dum
1382 1098 1413 1124 et
1443 1093 1686 1135 expellendum
1722 1094 1893 1127 conditae.
1954 1093 2005 1125 Ac
2037 1094 2106 1124 vim
2131 1099 2238 1125 attra-

1269 1140 1375 1174 hendi
1394 1142 1455 1174 etsi
1479 1149 1511 1174 et
1528 1142 1593 1174 alia
1616 1143 1711 1185 signa
1736 1145 1943 1182 ostendunt,
1976 1150 2089 1175 tamen
2114 1152 2147 1175 et
2172 1139 2239 1174 hoc

1268 1193 1401 1224 illustre
1420 1192 1589 1224 indicium
1607 1199 1674 1231 est,
1699 1193 1791 1236 quod
1811 1194 1845 1224 in
1864 1193 2015 1236 piscibus
2039 1193 2098 1236 qui
2126 1192 2240 1224 nomi-

1268 1249 1398 1275 nantur
1421 1239 1556 1285 χάνναι
1593 1253 1651 1274 seu
1679 1241 1833 1282 Hiatuli,
1865 1255 1942 1275 cum
1968 1242 2105 1274 avidius
2125 1253 2241 1284 perse-

1269 1299 1426 1336 quuntur
1451 1293 1632 1335 praedam,
1668 1292 1713 1326 ita
1744 1300 1902 1322 movetur
1930 1290 2143 1323 ventriculus
2165 1291 2239 1334 ipsa

1269 1342 1499 1384 appetitione,
1527 1350 1565 1372 ut
1590 1342 1625 1370 in
1649 1351 1686 1370 os
1703 1339 1870 1382 procidat.
1925 1338 2004 1381 Quo
2028 1341 2185 1384 exemplo
2207 1348 2240 1374 et

1269 1389 1453 1422 ventriculi
1480 1396 1602 1421 natura
1627 1396 1860 1428 monstratur,
1887 1396 1918 1422 et
1943 1390 2098 1431 pingitur
2125 1391 2239 1433 imago

1270 1438 1488 1472 helluonum.
1550 1438 1613 1470 Yis
1638 1446 1753 1471 autem
1781 1440 1951 1472 alterandi
1974 1440 2154 1483 praecipua
2181 1450 2241 1479 est,

1270 1502 1356 1534 quae
1374 1489 1489 1521 cibum
1507 1495 1617 1521 mutat
1640 1488 1675 1520 in
1694 1489 1877 1533 liquorem.
1931 1489 1967 1521 ld
1985 1490 2077 1521 enim
2098 1489 2241 1523 Graecis

1269 1539 1437 1582 significat
1456 1535 1583 1582 χόλος,
1617 1539 1675 1582 qui
1707 1539 1847 1583 quidem
1871 1539 1995 1571 similis
2018 1546 2068 1572 est
2093 1541 2240 1573 cremori

1270 1590 1443 1632 ptisanae,
1471 1596 1502 1621 et
1521 1586 1614 1620 hunc
1629 1590 1745 1632 coquit
1770 1589 1956 1631 tantisper,
1990 1591 2101 1622 donec
2126 1598 2239 1623 matu-

1269 1640 1350 1679 ruit,
1369 1646 1405 1671 ut
1422 1638 1611 1671 transmitti
1628 1640 1668 1670 ad
1690 1651 1771 1681 epar
1788 1640 1902 1682 possit.
1931 1639 2056 1683 Fitque
2073 1652 2108 1672 ea
2128 1641 2238 1674 coctio

1271 1690 1421 1733 primum
1441 1689 1472 1720 vi
1493 1689 1608 1721 nativa
1628 1689 1831 1728 ventriculi,
1860 1691 1952 1733 quod
1972 1702 2009 1721 ex
2028 1702 2066 1721 eo
2084 1691 2239 1733 adparet,

1269 1740 1349 1783 quia
1369 1745 1461 1770 totus
1484 1738 1700 1770 ventriculus
1723 1740 1812 1771 miro
1839 1740 1943 1771 modo
1968 1739 2172 1772 universum
2190 1740 2239 1775 ci-

1271 1791 1352 1821 bum
1371 1788 1592 1831 amplectitur
1609 1800 1646 1820 ac
1662 1789 1772 1828 fovet,
1797 1790 1893 1822 velut
1921 1789 2044 1821 matrix
2072 1796 2141 1823 tota
2166 1803 2241 1823 am-

1268 1839 1430 1882 plectitur
1446 1839 1589 1871 foetum.
1642 1837 1839 1871 Adiuvatur
1855 1845 1967 1871 autem
1988 1839 2096 1871 virtus
2114 1841 2241 1879 nativa,

1269 1896 1301 1922 et
1317 1890 1454 1922 fovetur
1469 1900 1509 1920 eo
1527 1887 1670 1930 spiritu,
1698 1900 1799 1931 quem
1827 1886 2005 1921 advehunt
2029 1890 2174 1922 arteriae
2203 1890 2239 1923 in

1270 1949 1394 1982 corpus
1432 1937 1615 1970 ventriculi
1655 1949 1803 1980 sparsae.
1881 1937 2018 1970 Deinde
2050 1945 2082 1971 et
2114 1940 2238 1978 calore,

1270 2000 1370 2031 quem
1405 1994 1531 2029 augent
1565 1987 1676 2019 vicina
1711 1989 1882 2026 membra,
1916 2000 2015 2031 epar,
2049 1989 2165 2031 splen,
2207 1998 2239 2023 et

1269 2036 1513 2081 diaphragma,
1556 2037 1701 2069 musculi
1734 2039 1932 2070 abdominis
1963 2045 1994 2071 et
2026 2039 2237 2073 lumborum.

1269 2088 1426 2132 Cumque
1458 2087 1627 2120 maturuit
1660 2085 1799 2131 cliylus,
1831 2089 1986 2131 aperitur
2011 2089 2169 2133 pylorus,
2205 2098 2239 2123 et

1269 2136 1383 2170 evehit
1401 2135 1539 2181 cliylum
1558 2138 1591 2168 in
1611 2139 1810 2170 duodenum
1840 2139 2053 2171 intestinum.
2104 2138 2242 2173 Deinde

1271 2189 1305 2220 in
1333 2188 1508 2226 ieiunum,
1549 2187 1596 2219 ibi
1622 2199 1728 2219 venae
1755 2189 1960 2220 mesaraicae
1985 2189 2124 2231 rapiunt
2148 2204 2238 2231 eum,

1269 2245 1301 2270 et
1319 2235 1549 2271 transvehunt
1567 2238 1606 2268 ad
1632 2249 1724 2280 epar.
1777 2237 2005 2281 Super-fluitas
2023 2250 2103 2271 vero
2123 2241 2238 2283 expel-

1268 2288 1352 2320 litur
1369 2288 1404 2319 in
1423 2300 1560 2319 coecum
1580 2288 1795 2321 intestinum.
1849 2287 1950 2320 Feces
1967 2288 2092 2321 deinde
2109 2290 2143 2321 iu
2162 2302 2237 2324 coe-

1269 2346 1339 2370 tera
1359 2338 1583 2370 deiicinntur.

1369 2403 1509 2436 Dictum
1527 2410 1575 2435 est
1593 2403 1744 2436 breviter
1760 2404 1803 2435 de
1825 2404 2018 2437 ventriculo
2035 2410 2067 2437 et
2086 2405 2159 2438 eius
2184 2408 2237 2439 of-

1267 2454 1361 2489 ficiis.
1422 2453 1628 2497 Priusquam
1662 2465 1742 2485 vero
1773 2455 1815 2486 ad
1851 2466 1932 2497 epar
1955 2454 2164 2496 accedimus,
2198 2458 2234 2490 in

1266 2516 1335 2548 qno
1352 2503 1480 2535 ‹lt-inde
1502 2504 1607 2535 altera
1628 2503 1663 2534 fit
1681 2504 1811 2541 coctio,
1837 2505 1932 2546 prius
1956 2505 2140 2538 recensebo
2164 2507 2234 2539 duo

1266 2561 1461 2593 tegumenta
1501 2553 1704 2592 ventriculi,
1740 2565 1867 2596 magno
1898 2554 2044 2586 consilio
2069 2566 2086 2586 a
2113 2563 2237 2589 natura

1265 2605 1423 2641 condita,
1448 2604 1489 2636 ad
1505 2602 1737 2635 muniendum
1761 2611 1915 2636 ventrem
1934 2610 1967 2638 et
1985 2603 2159 2641 intestina.

2338 1471 2342 1474 .
2331 1393 2341 1457 „³'W‘'
2330 1366 2333 1368 ·
