2379 2948
243 97 337 131 1295

239 181 427 224 gratiarum
451 179 635 212 actionem.
690 175 786 208 Haec
812 175 855 207 de
877 182 1082 217 argumento
1108 182 1141 207 et
1169 186 1226 207 ac—

240 231 522 265 commodatione
539 230 581 261 ad
601 239 684 268 nos,
712 226 865 260 breviter
881 226 1029 270 praefari
1048 226 1156 261 volui.

341 312 440 346 Nunc
460 311 636 344 psalmum
655 309 767 353 ipsum
787 307 982 343 audiamus.

562 452 767 486 Psalmus
793 449 900 484 CXI.

269 545 294 581 l.
321 547 475 579 Gratias
507 555 613 590 agyam
639 541 706 576 ribi
731 542 889 575 Domine
914 551 962 573 eoe
993 545 1068 574 toto
1102 538 1226 582 corde,

342 599 379 630 in
400 596 551 629 consilio
570 600 605 628 et
626 598 729 628 coetu
750 595 944 626 iustorum.

269 663 314 699 ll.
348 664 488 708 Magna
525 666 612 695 sunt
646 671 758 704 opera
793 660 967 699 Domini,
1018 656 1226 691 scrutanda

342 718 496 758 propter
514 714 638 746 omnia
660 709 930 745 desiderabilia
955 719 1033 742 sua.

269 779 333 816 Ill.
363 780 569 813 Gloriosum
593 783 628 812 et
654 775 891 823 Ἰιιιαξῃιὶβσιιηι
926 780 983 809 est
1012 787 1101 819 opus
1134 777 1228 817 eiuS,

344 836 379 864 et
401 833 552 863 iusticia
573 832 654 863 eius
674 828 784 861 dura!
805 829 841 860 in
858 831 1092 871 perpetuum.

271 897 331 932 lv,
360 898 582 930 Memoriam
602 893 698 939 fecit
719 893 945 927 mirabilium
963 904 1131 934 suorum,
1156 893 1228 925 cle-

344 959 449 981 mens
469 952 503 981 et
528 949 740 980 misericors
759 947 951 978 Dominus.

272 1015 314 1047 Υ.
345 1017 473 1047 Ε.ςσ(ιι)ι
496 1013 597 1046 ‹10th
623 1011 839 1045 timentibus
863 1022 918 1053 se,
947 1011 1088 1043 Memor
1112 1013 1168 1042 est
1192 1010 1230 1042 in

350 1070 544 1098 aeternum
563 1066 662 1108 pacti
681 1065 751 1096 sui.

271 1131 333 1166 VI.
372 1133 554 1165 Virtutem
578 1141 726 1174 operum
754 1140 901 1162 suorum
930 1128 1137 1161 annunciat
1166 1137 1231 1169 po-

343 1183 426 1227 11qu
454 1194 537 1225 suo,
582 1186 622 1214 ut
645 1181 706 1214 cle!
739 1181 814 1213 illis
830 1178 1107 1212 haereditatem.
1135 1179 1232 1210 Gen-
1258 1193 1259 1203 1

344 1236 450 1267 tium.

271 1300 354 1334 Vll.
382 1301 502 1343 Opera
520 1308 695 1331 ¹mimirum
718 1299 800 1330 eius
816 1299 957 1330 veritas
976 1300 1011 1328 e!
1036 1294 1231 1336 iudicium,

345 1349 455 1397 firma
476 1354 563 1382 sunt
583 1350 707 1381 omnia
730 1347 915 1381 mandata
933 1348 1028 1379 eius.

273 1416 374 1450 vul.
411 1418 510 1448 Ram
534 1419 618 1448 sunt
646 1416 682 1447 in
707 1414 874 1447 seculum
899 1414 1037 1455 seculi,
1072 1410 1167 1458 fiunt
1195 1415 1232 1444 et

347 1471 434 1501 sunt
454 1477 538 1499 vera
559 1471 592 1498 et
610 1469 728 1498 recta.

271 1534 333 1568 IX.
362 1532 642 1566 Redemtionem
672 1533 775 1564 misit
795 1530 925 1573 populo
951 1540 1036 1571 suo,
1073 1527 1233 1561 manda-

348 1587 400 1618 vit
418 1588 616 1616 aeternum
635 1593 715 1614 esse
729 1586 880 1624 pactum
899 1590 1021 1613 suum.
1050 1581 1230 1612 Sanctum
1259 1614 1261 1622 Α

349 1640 387 1668 et
404 1633 643 1667 ›netuendtcm
662 1643 793 1666 nomen
810 1633 903 1664 eius.

272 1702 315 1734 X.
342 1703 499 1735 Initium
528 1701 742 1743 sapientiae
776 1700 885 1731 timor
914 1693 1091 1736 Domini,
1124 1696 1235 1729 intel-

349 1755 469 1786 lectus
484 1751 594 1784 bonus
608 1748 776 1794 facienti
795 1750 881 1791 illa,
908 1749 993 1781 laus
1018 1748 1100 1780 eiu-s
1120 1746 1234 1780 durat

353 1807 390 1838 in
409 1808 637 1847 perpetuum.

350 1893 490 1926 Primus
507 1903 627 1924 versus
648 1897 697 1923 est
716 1889 911 1934 propositio
930 1887 1145 1932 principalis,
1171 1899 1233 1931 ago

249 1943 377 1988 gratias
395 1944 478 1977 Deo.
512 1942 555 1976 Et
575 1943 656 1987 quia
674 1941 832 1973 psalmus
851 1946 900 1972 est
925 1942 967 1971 ad
986 1950 1087 1971 usum
1116 1939 1233 1982 publi-

249 2007 328 2029 cum
351 1995 483 2034 factm,
511 1994 669 2025 additur:
698 1991 740 2023 In
764 1990 915 2023 concilio
941 1996 974 2022 et
999 1995 1098 2022 coetu
1123 1989 1234 2023 iusto-

249 2057 349 2085 rum,
378 2045 414 2077 id
439 2051 507 2083 est,
533 2044 571 2076 in
597 2041 765 2075 Ecclesia.
817 2040 975 2073 Primum
1001 2046 1116 2072 autem
1135 2042 1233 2074 docet

250 2108 315 2129 nos
339 2097 381 2128 de
406 2095 516 2134 veris,
545 2094 696 2137 propriis
712 2100 744 2126 et
762 2091 958 2135 praecipuis
975 2091 1126 2124 cultibus
1143 2091 1229 2125 San—

251 2155 408 2184 ctorum,
444 2146 595 2185 scilicet,
640 2146 682 2176 de
720 2143 941 2175 invocatione
978 2148 1010 2174 et
1043 2143 1233 2183 gratiarum

250 2198 398 2231 actione.
452 2196 571 2239 Quare
588 2202 707 2228 monet
725 2193 905 2233 Psalmus,
933 2192 1026 2225 utin
1053 2190 1107 2224 his
1131 2193 1235 2226 culti-

254 2250 317 2281 bus
343 2248 446 2280 fidem
474 2257 705 2280 exerceamus.
759 2244 817 2278 Sic
844 2245 937 2276 enim
962 2254 1041 2275 vere
1066 2243 1236 2277 tribuitur

252 2299 327 2332 Deo
356 2296 486 2337 honos,
514 2299 608 2343 quod
633 2308 703 2328 non
720 2296 764 2328 sit
779 2294 933 2334 ociosus,
960 2294 1054 2337 quod
1084 2294 1126 2326 sit
1154 2306 1236 2338 pro-

251 2350 383 2394 piciuS,
411 2350 505 2393 quod
532 2360 611 2381 vere
638 2347 800 2390 respiciat
824 2357 904 2383 nos,
933 2350 965 2377 et
982 2344 1066 2377 velit
1090 2357 1152 2378 nos
1178 2357 1236 2378 ex-

254 2400 375 2433 audire
400 2407 432 2432 et
458 2399 597 2439 iuvare,
632 2404 774 2441 propter
803 2396 1007 2440 promissam
1039 2395 1236 2429 misericor—

255 2451 358 2483 diam.
414 2450 466 2483 De
486 2449 540 2484 his
557 2449 710 2483 cultibus
727 2448 956 2480 concionatur
972 2452 1004 2478 et
1022 2445 1235 2480 Psalm.49.:

257 2499 385 2533 Invoca
413 2513 467 2533 me
495 2502 531 2533 in
550 2501 606 2533 die
627 2498 886 2536 tribulationis,
910 2504 943 2530 et
962 2497 1107 2538 eripiam
1126 2505 1176 2537 te,
1203 2505 1237 2531 et

257 2551 467 2594 glorificabis
484 2564 549 2584 me.
601 2549 647 2583 Et
664 2550 745 2595 quia
762 2550 803 2581 de
821 2549 869 2581 eis
885 2559 985 2591 saepe
1002 2547 1087 2580 alias
1102 2549 1235 2582 dictum

259 2608 326 2641 est,
359 2607 392 2634 et
418 2601 505 2634 infra
538 2602 687 2634 subinde
715 2600 903 2633 dicendum
931 2599 1015 2638 erit,
1051 2610 1145 2632 nunc
1177 2610 1236 2632 ero

257 2651 410 2685 brevior.
473 2651 628 2685 Tantum
656 2651 854 2684 monendus
879 2649 947 2683 fuit
982 2649 1110 2690 lector,
1143 2650 1237 2695 quod

834 89 958 125 PHIL.
986 88 1102 126 MEL.
1130 86 1335 124 SCRIPTA
1361 85 1661 123 EXEGETICA.

2169 88 2265 124 1296

1252 175 1254 219 J
1279 173 1436 206 Psalmus
1452 170 1611 205 hortetur
1628 178 1660 205 et
1680 182 1744 204 nos
1760 172 1802 204 ad
1818 169 1903 205 haec
1931 173 2116 218 praecipua
2139 185 2260 218 opera,

1280 223 1542 256 Invocationem
1560 230 1591 256 et
1608 222 1798 265 gratiarum
1817 223 2000 258 actionem.

1382 290 1564 330 Secundo,
1592 288 1683 322 Illud
1701 295 1751 323 est
1767 289 2020 331 dulcissimum,
2048 291 2140 334 quod
2162 290 2208 324 ait
2226 302 2261 323 se

1280 343 1316 374 in
1335 341 1484 375 concilio
1503 347 1535 374 et
1554 346 1654 373 coetu
1672 340 1862 380 iustorum,
1889 341 1924 373 id
1950 348 2017 379 est,
2045 341 2081 373 in
2106 339 2262 373 Ecclesia

1280 391 1341 425 has
1359 393 1480 425 laudes
1498 392 1693 425 decantare.
1748 390 1864 433 Quam
1881 391 1927 424 ob
1951 403 2090 425 causam
2109 388 2175 424 hoc
2201 391 2263 423 ad-

1280 443 1400 477 ditur?
1426 453 1547 475 causae
1569 448 1637 475 tres
1656 447 1748 475 sunt.

1382 500 1511 533 Prima.
1563 499 1605 533 In
1628 499 1727 532 omni
1749 499 1909 533 oratione
1937 500 2104 533 debemus
2126 499 2260 533 intueri

1282 551 1530 596 promissiones
1546 549 1721 583 Ecclesiae
1738 551 1842 583 factas
1861 557 1893 584 et
1912 548 1975 583 hae
1995 552 2062 583 fide
2083 551 2262 590 invocare,

1281 603 1374 647 quod
1394 608 1536 646 propter
1554 601 1630 632 illas
1649 601 1895 644 promissiones
1912 602 2150 635 exaudiamur.
2179 599 2263 633 Ideo

1282 665 1382 696 saepe
1408 652 1489 685 facit
1515 652 1730 684 mentionem
1754 650 1948 692 Ecclesiae,
1974 659 2012 685 ut
2036 651 2206 695 significet
2229 661 2265 683 se

1283 704 1348 737 niti
1373 702 1685 746 promissionibus,
1722 714 1810 746 quae
1840 704 1940 736 datae
1970 710 2052 736 sunt
2077 701 2266 742 Ecclesiae,

1283 754 1381 799 quasi
1405 754 1513 786 dicat:
1542 752 1583 785 In
1605 750 1762 785 Ecclesia
1789 752 1958 786 invocabo
1979 753 2112 791 Deum,
2141 752 2177 784 id
2206 758 2267 792 est,

1284 806 1376 838 inter
1395 816 1452 837 eos
1470 804 1660 843 invocabo,
1688 803 1816 846 quibus
1833 804 1978 838 tradidit
1996 803 2263 849 promissiones,

1284 862 1317 890 et
1336 853 1462 888 harum
1481 854 1608 887 fiducia
1627 854 1765 886 invoco.

1367 913 1504 947 Deinde
1514 912 1681 946 discernit
1691 909 1772 944 haec
1782 911 1948 956 particula
1962 912 2037 955 pios
2048 913 2092 946 ab
2101 912 2267 945 omnibus

1284 965 1396 1005 sectis,
1418 972 1451 998 et
1469 964 1657 1007 impiorum
1669 962 1827 996 cultuum
1841 969 1873 996 et
1890 963 2123 997 traditionum
2139 963 2267 996 inven-

1286 1017 1441 1056 toribus,
1468 1023 1500 1049 et
1525 1026 1589 1047 uos
1615 1019 1734 1046 monet
1762 1025 1805 1045 ne
1828 1014 2047 1046 discedamus
2069 1026 2087 1047 a
2103 1025 2185 1047 vera
2200 1013 2268 1048 Ec-

1285 1067 1407 1104 clesia,
1444 1077 1530 1098 neve
1554 1063 1711 1098 exaudiri
1736 1070 1897 1107 putemus
1921 1064 2065 1108 impios,
2091 1064 2153 1109 qui
2171 1071 2268 1098 extra

1287 1116 1477 1150 Ecclesiam
1502 1116 1677 1148 invocant.
1731 1114 1829 1148 Sicut
1846 1113 1985 1148 Psalmo
2003 1115 2266 1160 decimoquinto

1287 1168 1443 1213 inquuit:
1473 1165 1553 1199 Non
1572 1165 1738 1209 recipiam
1761 1177 1890 1198 nomen
1908 1177 2030 1198 eorum
2047 1177 2151 1210 super
2174 1164 2268 1198 labia

1287 1230 1372 1251 mea.
1425 1218 1523 1251 Haec
1549 1215 1777 1249 comminatio
1811 1213 1971 1249 hortetur
2003 1217 2046 1249 ad
2077 1227 2142 1249 nos
2165 1226 2268 1249 verae

1287 1267 1461 1302 Ecclesiae
1479 1267 1649 1300 unitatem
1673 1273 1705 1299 et
1727 1267 1949 1299 concordiam
1968 1267 2135 1300 tuendam
2159 1273 2191 1300 et
2212 1278 2268 1299 re-

1287 1320 1490 1357 tinendam,
1517 1324 1550 1351 et
1567 1319 1739 1350 deterreat
1756 1329 1839 1357 110⁵,
1865 1329 1910 1350 ne
1927 1317 2180 1360 coniungamus
2202 1327 2268 1350 nos

1289 1382 1365 1403 cum
1392 1369 1530 1412 impiis,
1557 1368 1618 1413 qni
1642 1367 1850 1400 traditiones
1872 1374 1930 1400 aut
1956 1368 2116 1410 dogmata
2146 1373 2268 1401 serunt

1288 1427 1408 1453 contra
1423 1419 1570 1451 verbum
1586 1417 1665 1452 Dei.
1718 1416 1807 1450 Nam
1824 1418 2002 1451 invocatio
2027 1418 2064 1450 in
2082 1417 2142 1451 tali
2167 1424 2268 1451 coetu

1289 1478 1338 1504 est
1356 1467 1590 1514 blasphemia,
1617 1468 1706 1500 sicut
1723 1467 1882 1500 Psalmus
1897 1468 2031 1512 inquit:
2055 1468 2135 1501 Fiat
2153 1468 2267 1501 oratio

1288 1522 1362 1554 eius
1377 1526 1569 1564 peccatum.
1624 1517 1728 1550 Tales
1744 1524 1825 1551 sunt
1841 1518 1954 1551 cultus
1977 1525 2009 1552 et
2025 1529 2146 1551 omnes
2168 1518 2272 1552 invo-

1289 1571 1441 1604 cationes
1459 1569 1618 1603 omnium
1631 1595 1640 1609 ,
1675 1570 1735 1612 qui
1755 1575 2015 1612 persequuntur
2025 1567 2270 1612 Evangelium.

1288 1620 1436 1664 Quoties
1451 1620 1560 1663 igitur
1577 1618 1708 1652 Psalmi
1727 1619 1850 1652 iubent
1866 1619 1903 1651 in
1920 1617 2076 1653 Ecclesia
2100 1619 2270 1660 invocari,

1288 1672 1341 1714 agi
1361 1672 1504 1714 gratias:
1533 1676 1679 1702 monent
1696 1681 1739 1702 ne
1757 1670 1988 1713 adiungamus
2004 1682 2068 1704 nos
2084 1670 2202 1714 impiis
2217 1682 2272 1703 se-

1260 1735 1262 1753 1
1289 1723 1372 1762 ctis,
1401 1729 1433 1755 et
1454 1720 1744 1765 persequentibus
1759 1721 1905 1753 verbum
1918 1719 2002 1761 Dei,
2030 1722 2090 1754 sed
2110 1727 2272 1754 tueamur

1288 1773 1460 1806 unitatem
1477 1783 1578 1804 verae
1591 1769 1765 1803 Ecclesiae
1783 1778 1815 1805 et
1833 1769 1923 1804 hanc
1937 1772 2095 1805 exaudiri
2113 1772 2273 1813 sciamus,

1289 1823 1440 1869 reliquas
1458 1834 1530 1855 esse
1547 1821 1759 1854 maledictas.

1391 1890 1511 1923 Tertia
1529 1901 1630 1923 causa
1647 1895 1715 1929 est,
1743 1901 1850 1934 quare
1867 1889 1977 1922 oratio
2003 1889 2125 1923 debeat
2150 1889 2187 1922 in
2203 1887 2273 1923 Ec-

1288 1941 1390 1975 clesia
1415 1941 1507 1983 fieri,
1535 1947 1573 1973 ut
1598 1940 1729 1973 scilicet
1744 1940 1847 1972 simul
1873 1940 1917 1972 sit
1937 1939 2128 1980 confessio,
2156 1947 2189 1974 et
2206 1938 2272 1974 hac

1290 1999 1406 2026 nostra
1424 1991 1639 2025 confessione
1656 1990 1742 2023 alios
1765 1989 2030 2030 confirmemus,
2057 1997 2116 2024 aut
2139 1991 2272 2025 invite-

1289 2054 1366 2076 mus
1389 2043 1431 2075 ad
1457 2042 1671 2075 credendum
1695 2048 1726 2074 et
1752 2041 2009 2080 invocandum,
2037 2040 2128 2075 sicut
2154 2041 2272 2086 inquit

1288 2092 1466 2127 Christus:
1490 2092 1620 2125 Luceat
1638 2092 1696 2125 lux
1714 2097 1824 2124 vestra
1845 2103 1962 2124 coram
1982 2088 2206 2130 bominibus,
2233 2099 2273 2126 ut

1289 2144 1483 2187 glorificent
1501 2150 1633 2186 patrem
1649 2148 1821 2182 vestrum,
1849 2142 1908 2186 qui
1924 2142 1960 2174 in
1978 2142 2083 2175 coelis
2099 2149 2158 2178 est.
2208 2140 2273 2177 Est

1261 2230 1263 2241 ἱ
1289 2195 1381 2227 enirn
1401 2192 1457 2227 bic
1475 2194 1589 2227 cultus
1604 2193 1828 2231 necessarius,
1845 2192 2003 2225 confiteri
2020 2199 2058 2226 ut
2075 2194 2273 2237 exemplum

1289 2252 1448 2279 nostrum
1467 2244 1546 2277 aliis
1563 2244 1682 2288 prosit.
1735 2241 1781 2276 Et
1798 2242 1928 2276 Paulus
1945 2244 2096 2276 secunda
2111 2241 2274 2278 Corinth.

1262 2323 1263 2327 ,
1291 2296 1423 2340 primo,
1441 2296 1536 2328 iubet
1553 2295 1681 2328 multos
1701 2306 1763 2337 pro
1781 2305 1815 2327 se
1833 2306 1952 2335 orare,
1972 2300 2002 2328 et
2027 2294 2156 2328 multos
2173 2306 2273 2338 agere

1262 2360 1263 2379 1
1290 2347 1434 2390 gratias,
1469 2353 1501 2378 et
1525 2352 1564 2379 ut
1589 2345 1697 2388 magis
1721 2345 1863 2378 credant
1880 2344 1955 2378 Deo
1980 2345 2114 2389 placere
2136 2353 2272 2379 nostras

1262 2390 1263 2430 J
1292 2408 1427 2441 preces,
1455 2403 1488 2430 et
1510 2403 1638 2429 crescat
1663 2396 1700 2428 in
1729 2395 1777 2428 eis
1799 2396 1902 2436 fides,
1929 2401 1962 2428 et
1988 2402 2027 2429 ut
2042 2394 2136 2429 Deus
2160 2395 2272 2438 magis

1290 2447 1516 2491 glorificetur.
1570 2446 1685 2480 Simul
1703 2446 1812 2490 igitur
1828 2446 2029 2490 complexus
2045 2452 2094 2478 est
2112 2445 2273 2480 Psalmus

1292 2499 1327 2531 in
1351 2496 1414 2530 hae
1439 2497 1630 2538 sententia,
1659 2497 1855 2530 doctrinam
1873 2497 1916 2530 de
1932 2496 2144 2539 gravissimis
2167 2496 2271 2530 locis:

1290 2548 1343 2582 De
1359 2548 1612 2592 promissione,
1631 2555 1670 2582 ut
1687 2548 1889 2581 invocantes
1907 2547 2108 2580 intueamur
2124 2547 2274 2590 promis-

1263 2604 1265 2638 }
1292 2600 1424 2633 sionem
1441 2598 1616 2632 Ecclesiae
1629 2600 1754 2632 factam
1766 2625 1775 2638 ‚
1803 2598 1929 2631 deinde
1946 2598 1989 2629 de
2004 2596 2172 2630 intuenda
2191 2598 2274 2631 uni-

1263 2644 1266 2691 ἰ
1292 2657 1360 2684 tate
1377 2648 1573 2690 Ecclesiae,
1607 2649 1729 2683 Tertio
1746 2650 1788 2682 de
1815 2649 1954 2693 publica
1970 2647 2207 2689 confessione,
2235 2656 2275 2683 ut
