2379 2948
226 119 318 152 1391

227 213 393 248 tanquam
418 199 560 246 propria
587 205 619 231 et
642 209 660 230 a
683 195 787 229 nobis
806 201 920 239 parta:
949 194 1008 227 sed
1024 200 1064 227 ut
1082 193 1123 226 iis
1138 199 1217 226 uta-

228 266 307 288 mur
330 262 497 297 tanquam
521 248 824 282 administratores
844 245 950 279 alieni
973 244 1154 284 beneficii,
1185 249 1217 276 et

227 304 494 339 meminerimus
509 298 595 334 haec
610 298 823 332 conserenda
840 308 912 329 esse
926 297 967 329 ad
982 295 1128 339 gloriam
1139 293 1218 334 Dei,

228 365 260 391 et
285 357 327 389 ad
352 354 540 388 utilitatem
566 350 744 395 publicam
762 361 800 381 ac
818 347 893 381 Deo
913 348 1129 380 reddendam
1146 356 1218 378 esse

229 408 401 441 rationem
420 410 559 437 nostrae
574 399 904 435 administrationis.

278 505 367 542 Non
384 502 520 539 mortui
536 500 747 537 laudabunt
764 506 794 535 te
811 499 973 534 Domine
985 527 993 540 ,
1021 503 1080 533 etc.

331 581 561 619 Memorabili
584 579 755 614 sententia
778 578 910 611 claudit
923 576 1123 612 Psalmum‚
1151 585 1220 619 qua
1246 590 1248 612 1

228 637 355 683 repetit
373 634 628 680 precationem,
656 642 744 675 quae
761 636 811 663 est
827 629 864 662 in
883 626 948 662 hoc
966 626 1104 660 Psalmo
1120 637 1222 669 prae-

229 690 349 734 cipua,
386 685 566 722 videlicet,
600 689 640 716 ut
663 680 759 715 Deus
784 680 964 719 exaudiat,
1001 678 1167 711 defendat
1188 682 1221 709 et

228 746 342 775 servet
362 737 532 782 populum
551 746 612 767 seu
629 731 840 771 Ecclesiam,
870 736 1011 774 propter
1029 740 1126 761 suam
1145 727 1220 771 glo-

229 793 316 826 riam
327 817 336 831 ,
363 795 402 823 ut
417 787 523 832 possit
541 784 690 824 laudari,
717 789 757 816 ut
774 787 993 826 praestentur
1008 780 1040 812 ei
1055 779 1130 811 veri
1145 778 1220 811 cul-

229 851 304 883 tus,
330 840 389 886 qni
415 844 499 872 sunt
521 834 698 868 invocatio
721 845 799 866 cum
825 832 912 873 fide,
940 843 1029 876 quae
1049 836 1143 863 certo
1162 841 1220 862 ex-

228 900 341 938 pectet
372 889 542 923 auxilium
571 892 606 918 et
629 884 895 923 liberationem,
932 882 1061 915 deinde
1088 881 1163 914 laus
1187 887 1221 914 et

229 944 420 989 gratiarum
448 938 537 972 actio
563 948 627 979 pro
652 935 742 968 datis
770 932 969 972 beneficiis,
1004 945 1068 977 pro
1092 932 1221 964 libera·
1247 929 1249 941 ;

465 989 604 1031 Allegat
631 998 712 1029 ergo
740 986 886 1018 eandem
914 995 1052 1018 causam
1079 983 1222 1027 petitio-
1247 1009 1249 1016 .

229 997 326 1029 tione
348 999 411 1026 etc.

229 1048 304 1085 nis,
340 1053 445 1089 quam
476 1051 579 1084 supra
611 1038 648 1070 in
671 1048 790 1070 versu:
824 1035 905 1069 Non
929 1035 1032 1068 nobis
1054 1033 1221 1074 Domine,

230 1099 287 1132 sed
301 1092 450 1130 Nomini
467 1098 527 1124 tuo
545 1091 585 1122 da
603 1088 751 1132 gloriam
770 1093 848 1127 etc„
872 1087 959 1131 petit
977 1086 1153 1126 exaudiri,
1182 1091 1221 1118 ut

231 1150 425 1182 innotescat
442 1149 474 1175 et
490 1141 687 1174 celebretur
703 1139 813 1182 gloria
823 1136 904 1178 Dei,
931 1149 1019 1183 quae
1039 1144 1098 1177 est,
1125 1136 1220 1181 quod

228 1201 329 1235 Deus
358 1194 519 1229 exaudiat
549 1189 692 1237 gratis,
726 1201 788 1234 per
813 1188 1114 1231 misericordiam,
1148 1199 1221 1220 non

230 1255 374 1295 propter
394 1252 550 1279 nostram
569 1242 792 1285 dignitatem:
822 1241 880 1273 sed
901 1240 1044 1273 adiuvet
1061 1246 1093 1272 et
1112 1239 1223 1271 salvet

232 1301 414 1343 indignos,
450 1307 523 1328 non
554 1293 639 1326 velit
661 1304 725 1326 nos
750 1291 863 1335 perire
890 1291 1026 1325 etiamsi
1051 1287 1222 1323 habemus

232 1358 423 1398 peccatum.
491 1345 574 1379 Ideo
606 1344 668 1378 ait:
712 1340 802 1377 Non
834 1341 972 1375 mortni
1001 1338 1223 1380 laudabunt,

231 1403 330 1450 quasi
349 1401 460 1436 dicat,
487 1396 525 1430 Si
543 1395 765 1429 sentiendum
782 1400 888 1434 esset,
916 1400 990 1426 tum
1006 1393 1147 1425 demum
1165 1392 1222 1424 in-

232 1453 432 1489 vocandum
459 1459 547 1487 esse,
583 1453 642 1479 aut
665 1445 890 1479 statuendum
917 1444 1011 1488 quod
1036 1442 1134 1476 Deus
1158 1453 1223 1474 nos

234 1503 415 1541 exaudiat,
443 1500 472 1533 si
489 1509 554 1531 nos
568 1494 777 1530 haberemus
795 1495 877 1527 satis
893 1494 1101 1527 meritorum
1114 1520 1122 1533 ,
1150 1504 1224 1526 non

233 1561 348 1602 posset
374 1549 545 1585 celebrari
571 1548 682 1591 gloria
707 1546 796 1584 Dei,
825 1557 913 1590 quae
938 1545 1015 1578 laus
1040 1556 1110 1577 non
1137 1550 1224 1577 esset

231 1602 514 1641 misericordiae,
550 1599 609 1632 sed
642 1603 781 1630 nostrae
810 1596 1005 1639 dignitatis:
1050 1595 1121 1628 imo
1151 1606 1223 1627 non

233 1663 349 1703 posset
367 1654 512 1688 existere
530 1651 633 1689 fides,
658 1654 717 1681 aut
733 1647 929 1687 invocatio,
957 1647 1014 1679 sed
1034 1645 1144 1678 animi
1161 1658 1224 1689 op-

234 1710 472 1754 primerentur
506 1700 731 1734 dubitatione
762 1705 793 1731 et
827 1697 1094 1741 desperatione,
1143 1697 1224 1741 quia

234 1769 371 1803 semper
387 1754 559 1789 habemus
576 1757 766 1796 peccatum.

337 1815 457 1859 Quare
474 1813 522 1845 ita
538 1811 764 1848 invocamus,
791 1820 864 1841 non
882 1814 1088 1852 quaerentes
1105 1813 1226 1840 nostra

236 1869 378 1907 merita,
407 1871 466 1898 aut
489 1861 714 1906 respicientes
737 1860 781 1892 ad
803 1858 982 1903 propriam
1001 1859 1226 1901 dignitatem:

238 1921 295 1954 sed
322 1916 536 1952 confidentes
561 1919 620 1946 tua
644 1910 904 1949 misericordia,
931 1910 1027 1954 quod
1047 1909 1153 1951 gratis
1172 1921 1225 1942 re-

239 1971 366 2015 cipias,
397 1965 578 2003 exaudias,
611 1962 741 2001 salves,
775 1961 869 1994 iuxta
894 1961 1164 2004 promissiones,
1196 1967 1228 1993 et

239 2024 317 2056 ideo
344 2019 497 2064 petimus
521 2025 586 2047 nos
612 2013 788 2052 exaudiri,
815 2019 854 2045 ut
875 2012 941 2045 tibi
961 2012 1138 2044 tribuatur
1153 2012 1227 2044 laus

238 2068 520 2108 misericordiae,
553 2071 586 2098 et
610 2064 805 2096 innotescat
832 2062 942 2105 gloria
971 2070 1041 2097 tua.
1094 2060 1228 2107 Estque

239 2121 442 2169 gravissima
476 2115 666 2155 sententia,
711 2125 799 2159 quae
832 2113 956 2156 allegat
985 2113 1060 2146 Deo
1090 2113 1228 2147 miseri-

240 2174 396 2209 cordiam
421 2177 453 2203 et
475 2167 688 2205 bonitatem,
716 2171 748 2197 et
776 2165 875 2197 (locet
892 2161 956 2196 hac
975 2164 1041 2196 fide
1059 2164 1229 2197 invocan-

241 2228 325 2260 dum
351 2234 441 2265 esse,
478 2227 508 2252 et
535 2216 782 2262 expectandam
807 2227 825 2248 a
848 2213 922 2247 Deo
948 2215 1113 2254 salntem,
1148 2215 1229 2260 qnia

241 2277 335 2311 Deus
366 2285 437 2307 non
470 2270 553 2303 velit
584 2279 648 2301 nos
676 2266 810 2311 perire,
847 2266 903 2298 sed
939 2266 1021 2299 velit
1052 2267 1230 2307 adiuvare,

243 2325 378 2362 etiamsi
394 2333 514 2358 sumus
533 2319 669 2362 indigni
688 2325 726 2351 ut
743 2317 850 2361 possit
868 2317 1014 2351 laudari.
1049 2324 1052 2325 ’

540 2447 736 2487 Psalmus
777 2443 932 2486 CXVI.

298 2527 323 2561 1.
359 2526 508 2566 Dilexi,
536 2520 630 2567 quod
647 2517 809 2554 eoecaezedit
828 2519 1011 2552 Dominus
1026 2528 1151 2551 vocem
1167 2515 1232 2550 de-
1258 2539 1260 2565 3

348 2577 603 2620 precationum
620 2581 805 2606 mearum.

348 2686 413 2721 bus
430 2683 559 2718 diebus
577 2686 668 2718 meis
687 2680 872 2717 invocabo.

808 108 934 143 PHIL.
973 105 1087 142 MEL.
1118 104 1328 141 SCRPITA
1356 102 1653 140 EXEGETICA.

2162 103 2259 141 1592

1322 190 1389 225 111.
1431 190 1771 226 Circumdederunt
1800 201 1859 225 me
1888 188 2005 235 funes
2030 194 2186 234 mortis,
2221 196 2259 225 et

1374 244 1580 289 angustiae
1603 240 1750 287 inferni
1774 244 1995 276 invenerunt
2018 254 2098 286 me,
2129 242 2259 277 Tribu-

1371 295 1553 328 Iationem
1570 298 1609 327 et
1623 304 1800 338 pavorem
1818 295 1956 328 inveni.

1323 361 1386 397 IV.
1427 364 1474 396 Et
1509 373 1642 396 nomen
1672 363 1827 396 Domini
1858 359 2056 404 invocabo,
2108 360 2260 396 obsecro

1374 415 1556 454 Domine,
1586 415 1690 458 eripe
1707 415 1877 448 animam
1895 423 2034 447 meam.

1324 481 1368 517 V.
1401 483 1622 516 Misericors
1648 482 1835 516 Dominus
1860 485 1899 515 et
1922 483 2065 524 iustus,
2098 485 2137 515 et
2159 481 2263 515 Deus

1375 538 1502 567 noster
1519 535 1736 567 miseretur.

1324 601 1389 636 vl.
1423 600 1594 635 Custodit
1610 602 1786 646 parvulos
1803 602 2008 643 Dominus,
2035 601 2264 634 Attenuatus

1375 663 1460 687 sum
1472 678 1482 695 ,
1509 657 1545 686 et
1561 653 1725 687 salvavit
1739 663 1811 686 me.

1325 721 1404 756 VH.
1440 724 1639 756 Revertere
1657 723 1785 756 anima
1803 733 1887 756 mea
1905 724 1944 756 in
1960 722 2126 766 requiem
2143 725 2264 762 tuam,

1378 775 1472 815 Quia
1492 774 1678 808 Dominus
1696 770 1883 818 benefecit
1900 771 1981 807 tibi.

1326 839 1425 873 vill.
1463 842 1559 882 Quia
1579 843 1756 885 eripuisti
1776 842 1946 875 animam
1962 850 2086 874 meam
2102 838 2148 873 de
2167 848 2265 872 mor-

1375 896 1431 934 te,
1459 893 1581 926 oculos
1606 903 1706 926 meos
1731 903 1753 926 a
1770 893 1962 932 lacrimis,
1989 890 2125 937 pedem
2141 899 2265 924 meum

1378 955 1401 977 a
1423 944 1546 988 lapsu.

1326 1009 1388 1043 IX.
1431 1008 1584 1043 Ambulo
1612 1020 1736 1043 coram
1764 1010 1922 1043 Domino
1947 1013 1987 1044 in
2007 1013 2115 1043 terra
2141 1010 2266 1042 viven-

1378 1062 1488 1095 tium.

1329 1163 1354 1197 I.
1392 1162 1506 1198 Credo
1518 1167 1721 1208 propterea
1736 1164 1881 1208 loquor,
1910 1165 1982 1210 Ego
1999 1167 2129 1197 autem
2144 1141 2267 1196 humi-

1378 1216 1498 1250 liatus
1512 1226 1595 1249 sum
1613 1213 1732 1248 valde.

1329 1281 1373 1314 Il.
1420 1284 1491 1328 Eyo
1519 1280 1602 1315 dioei
1626 1283 1665 1314 in
1688 1285 1989 1316 consternatione
2010 1292 2108 1316 mea:
2143 1283 2269 1315 Omnis

1378 1332 1484 1367 homo
1503 1332 1682 1367 mendax.

1330 1400 1394 1434 ΙΙΙ,
1435 1400 1532 1442 Quid
1554 1400 1710 1434 reddam
1726 1402 1908 1442 Domino,
1934 1412 1998 1445 pro
2021 1399 2190 1434 omnibus
2206 1399 2267 1434 be-

1380 1450 1529 1499 neficiis
1545 1463 1634 1498 crya
1654 1449 1739 1486 me?

1331 1519 1391 1552 lv.
1426 1520 1591 1553 Calicem
1611 1519 1822 1553 salutarem
1847 1521 2054 1563 accipiam,
2084 1523 2122 1552 et
2138 1529 2269 1553 nomen

1381 1572 1535 1605 Domini
1556 1569 1743 1604 invocabo.

1329 1639 1374 1674 V.
1411 1641 1505 1674 Vota
1531 1650 1617 1673 mea
1636 1640 1797 1673 Domino
1818 1637 1992 1681 reddam,
2023 1649 2150 1672 coram
2167 1641 2268 1673 omni

1380 1691 1511 1736 populo
1531 1693 1624 1725 eius.

1335 1759 1395 1792 w.
1432 1761 1609 1793 Preciosa
1629 1761 1668 1792 in
1687 1762 1884 1803 conspectu
1899 1759 2053 1792 Domini
2071 1760 2269 1793 morsSan-

1384 1815 1527 1845 ciorum
1547 1812 1640 1844 eius.

1334 1878 1413 1912 vn.
1452 1878 1607 1913 Obsecro
1627 1879 1811 1920 Domine,
1839 1880 1926 1922 quia
1950 1890 2012 1925 eyo
2037 1890 2120 1913 sum
2142 1890 2269 1913 servus

1382 1935 1489 1973 tuam,
1517 1932 1589 1976 Ego
1605 1941 1686 1963 sum
1701 1940 1830 1963 servus
1846 1934 1954 1973 tuus,
1980 1934 2017 1963 et
2032 1928 2135 1976 filius
2149 1932 2270 1965 ancil-

1381 1983 1442 2016 lae
1460 1986 1564 2021 tuae,
1596 1983 1656 2025 qui
1676 1980 1860 2025 dirumpis
1876 1982 2026 2014 vincula
2044 1992 2142 2015 mea.

1335 2050 1435 2083 Ylll.
1481 2047 1567 2083 Tibi
1603 2047 1826 2096 sacrificabo
1861 2047 2093 2096 sacrificium
2129 2049 2271 2092 laudis,

1384 2104 1430 2136 Et
1446 2112 1579 2135 nomen
1599 2098 1756 2135 Domini
1775 2099 1960 2135 invocabo.

1335 2169 1396 2203 lx.
1427 2171 1521 2203 Vota
1538 2180 1623 2203 mea
1641 2170 1800 2202 Domino
1818 2168 1998 2212 reddam,
2028 2181 2156 2204 coram
2171 2173 2270 2204 omni

1385 2222 1515 2266 populo
1534 2223 1627 2254 eius.

1335 2289 1378 2323 X.
1420 2292 1461 2323 ln
1490 2291 1604 2323 atriis
1629 2287 1758 2322 domus
1787 2289 1957 2331 Domini,
1996 2291 2041 2322 In
2066 2287 2186 2324 medio
2212 2291 2270 2322 tui

1386 2341 1600 2375 Ierusalem.

1461 2448 1706 2482 Enarratio
1743 2448 1906 2482 Psalmi
1942 2448 2090 2484 CXVI.

1388 2523 1452 2558 Est
1470 2532 1502 2557 et
1519 2521 1744 2557 hicPsalmus
1763 2525 1863 2558 valde
1880 2526 2092 2563 celebratus,
2119 2527 2199 2570 qnia
2217 2538 2271 2560 res

1259 2610 1260 2639 t
1286 2577 1440 2619 insignes
1464 2576 1639 2614 continet,
1669 2576 1944 2608 consolationem
1970 2577 2006 2608 in
2031 2589 2166 2610 summa
2192 2585 2270 2611 ten·

298 2636 341 2670 ll.
406 2637 469 2668 uia
488 2634 647 2667 inclinat
663 2641 789 2665 aurem
805 2640 913 2663 suam
931 2629 1037 2671 milei,
1064 2632 1099 2662 et
1113 2631 1234 2662 omni-
1259 2646 1260 2650 =

374 2637 400 2676 Q
1288 2685 1447 2712 aeternae
1473 2678 1595 2710 mortis
1619 2685 1650 2711 et
1674 2677 1744 2710 irae
1761 2677 1837 2712 Dei.

1287 2627 1437 2665 tatione,
1464 2626 1624 2659 videlicet
1648 2627 1758 2659 animi
1785 2627 1949 2660 luctantis
1974 2639 2051 2660 cum
2076 2629 2271 2661 terroribus

1893 2678 1980 2710 Item
2004 2681 2209 2713 mandatum
2230 2681 2272 2712 de
