2379 2948
247 120 320 154 607

250 202 264 235 l
334 199 504 244 significat
520 196 764 243 particularem
783 192 1040 230 affirmativam,

249 250 284 286 Ο
337 251 507 294 siguificat
528 247 771 292 particularem
792 243 1001 287 negativam.

349 300 465 335 Sumit
482 305 597 332 autem
617 297 741 329 modus
758 294 1033 340 appellationem
1050 305 1069 327 a
1086 292 1231 326 conclu—

250 352 366 390 sione,
400 349 531 382 dicitur
551 346 761 381 universalis
788 352 847 379 aut
870 345 1119 383 affirmativus,
1151 354 1231 377 cum

250 400 428 435 conclusio
446 406 496 434 est
511 397 721 433 universalis
737 403 797 431 aut
817 395 1039 432 affirmativa.

590 501 724 533 Recita
754 497 891 532 modos.

636 564 854 598 Barbara.

252 625 323 658 Bar
374 622 495 658 Omne
511 623 642 657 animal
659 630 710 657 est
729 621 923 657 substantia
935 647 946 663 ,

253 677 296 709 ba
374 673 504 708 Omnis
522 672 628 707 homo
649 681 698 708 est
715 674 868 713 animal,

253 738 291 759 ra
374 724 469 769 Ergo
484 725 599 758 omnis
617 722 723 758 homo
743 730 792 758 est
809 721 1016 757 substantia.

635 799 709 834 Cel
722 806 859 834 arent.

254 861 304 893 Ce
373 859 520 892 Nullum
537 859 669 891 animal
689 864 740 891 est
756 859 864 902 lapis,

253 910 286 942 la
373 907 504 942 Omnis
522 907 628 942 homo
646 915 694 942 est
711 909 859 948 animal,

254 966 332 993 rent
378 958 474 1003 Ergo
492 960 612 993 nullus
630 957 736 992 homo
755 965 805 992 est
822 957 921 1002 lapis.

679 1032 785 1065 Dari
797 1033 821 1068 i.

254 1095 312 1129 Da
380 1091 508 1127 Omnis
525 1091 709 1135 turpitudo
734 1098 784 1124 est
802 1090 985 1134 fugienda,

254 1146 286 1178 ri
379 1143 561 1185 Quaedam
581 1142 742 1185 voluptas
764 1147 814 1174 est
832 1141 965 1184 turpis,

254 1196 267 1228 i
378 1192 473 1237 Ergo
492 1193 663 1237 quaedam
682 1192 843 1236 voluptas
860 1191 1026 1235 fugienda
1041 1196 1104 1224 est.

672 1265 818 1300 Ferio.

256 1328 305 1361 Pe
383 1325 490 1361 Nulla
507 1325 562 1358 lex
578 1331 725 1358 naturae
741 1332 792 1359 est
806 1324 988 1358 mutabilis
1000 1350 1010 1365 ‚

256 1378 290 1411 ri
381 1377 453 1410 Lex
471 1373 666 1420 prohibens
683 1375 856 1409 adulteria
874 1381 925 1408 est
941 1375 995 1407 lex
1011 1379 1170 1416 naturae,

257 1440 279 1461 o
382 1426 477 1469 Ergo
502 1426 555 1458 lex
570 1423 764 1469 prohibens
779 1424 952 1459 adulteria
969 1436 1043 1457 non
1060 1430 1110 1457 est
1125 1429 1240 1458 muta-

462 1476 555 1509 bilis.

361 1534 525 1570 Recitavi
551 1534 647 1568 nuda
666 1540 702 1568 ⁴et
727 1546 798 1567 non
825 1533 963 1578 prolixa
984 1533 1161 1577 exempla,
1201 1538 1242 1566 ut

258 1586 397 1621 facilius
423 1584 579 1628 conspici
603 1585 759 1618 membra
782 1585 929 1628 possint.
990 1583 1099 1617 Vides
1124 1589 1241 1617 autem

259 1638 297 1670 in
313 1637 479 1671 omnibus
495 1635 662 1678 exemplis
679 1635 821 1678 procedi
836 1646 855 1667 a
876 1645 1026 1677 genere,
1054 1640 1087 1667 et
1112 1633 1149 1666 in
1172 1633 1241 1666 mi-

260 1699 347 1721 nore
365 1686 514 1730 speciem
533 1686 618 1729 poni
636 1685 807 1718 inclusam
825 1684 954 1728 generi.
1008 1682 1099 1718 Cum
1124 1690 1241 1718 autem

260 1738 299 1771 in
312 1736 504 1771 Oratorum
521 1736 681 1769 omnium
699 1735 836 1780 scriptis
853 1742 885 1769 et
901 1734 1143 1775 concionibus,
1170 1735 1241 1768 imo

260 1789 297 1821 in
324 1787 422 1821 omni
446 1798 607 1820 sermone
639 1786 851 1820 disertorum
878 1796 1017 1819 necesse
1045 1785 1088 1819 sit
1110 1786 1243 1819 multos

263 1838 484 1884 syllogismos
513 1848 602 1876 esse,
636 1837 933 1870 considerandum
962 1842 1030 1876 est,
1062 1847 1149 1881 quae
1172 1836 1243 1870 sint

262 1887 472 1933 principalia
488 1887 660 1927 membra,
688 1894 721 1920 et
737 1899 806 1932 quo
823 1887 948 1920 ordine
965 1886 1134 1920 collocata
1160 1887 1243 1923 sint.

263 1937 310 1973 Et
334 1938 416 1983 quia
442 1937 621 1980 popularis
644 1937 756 1970 oratio
786 1937 955 1970 maiorem
987 1948 1114 1970 sonum
1144 1938 1244 1971 addit

264 1988 491 2032 argumentis,
518 1988 697 2021 adduntur
713 1995 930 2028 ornamenta,
955 1999 1106 2032 quorum
1124 1993 1243 2021 tamen

264 2040 390 2072 modus
414 2036 542 2081 aliquis
565 2044 626 2072 est.
687 2036 836 2081 Excerpi
859 2045 974 2071 autem
998 2039 1112 2071 nudos
1136 2039 1245 2085 syllo-

264 2090 393 2133 gismos
408 2088 567 2132 prodest,
591 2093 629 2120 ut
647 2088 855 2131 principalia
874 2089 1050 2130 membra,
1078 2096 1244 2134 tanquam

265 2142 420 2174 detracto
439 2138 584 2178 vestitu,
606 2138 752 2182 propius
768 2137 875 2182 aspici
897 2138 1042 2181 possint.

478 2242 582 2281 Quae
610 2243 667 2274 est
693 2238 857 2274 secunda
880 2238 1025 2287 figura?

368 2304 530 2340 Secunda
547 2307 657 2350 figura
675 2314 724 2341 est
748 2307 827 2340 talis
850 2308 937 2340 ordo
964 2307 1247 2351 propositionum

266 2357 479 2402 syllogismi,
512 2364 552 2391 ut
583 2358 718 2391 medius
748 2358 920 2391 terminus
943 2358 987 2391 sit
1009 2358 1246 2402 praedicatum

267 2407 306 2439 in
322 2408 453 2440 maiore
471 2415 502 2441 et
521 2408 558 2440 in
583 2408 739 2448 minore,
765 2409 861 2442 unde
881 2409 1061 2442 conclusio
1087 2409 1247 2452 negativa

270 2458 462 2490 necessario
480 2458 650 2502 sequitur.
702 2457 767 2493 Est
781 2465 898 2492 autem
920 2466 1058 2493 tantum
1081 2460 1248 2493 adversa-

270 2506 422 2539 tivarum
456 2509 817 2551 argumentationum,
859 2510 944 2555 quia
979 2516 1029 2543 est
1063 2507 1247 2543 antithesis

271 2557 419 2589 duarum
442 2560 632 2600 specierum
645 2584 653 2597 ‚
681 2573 765 2605 quas
783 2558 965 2602 distrahit,
988 2560 1170 2594 nominato
1188 2571 1247 2603 ge-

271 2618 354 2639 nere
371 2606 511 2640 alterius
527 2610 579 2641 vel
598 2610 712 2654 aliqua
731 2611 953 2655 proprietate,
974 2611 1068 2644 unde
1084 2623 1145 2655 per
1162 2623 1246 2644 con-

270 2657 535 2701 trapositionem
552 2661 709 2704 sequitur
725 2662 903 2695 conclusio
921 2661 1094 2705 negativa:

485 110 694 150 SCRIPTA
721 109 796 145 PII.
823 106 939 143 MEL.
965 106 1032 143 AD
1059 106 1186 145 HIST.
1213 104 1356 143 PROF.
1382 103 1448 141 ET
1474 103 1666 144 PHILOS.
1693 107 2012 147 SPECTANTIA.

2187 111 2260 148 608

1433 188 1563 224 Omnis
1578 191 1676 225 stella
1694 199 1744 226 est
1762 200 1969 237 perpetuum
1984 206 2111 240 corpus
2122 221 2132 236 ‚

1433 239 1528 283 Ergo
1546 243 1640 287 quod
1659 254 1732 275 non
1750 251 1800 277 est
1818 251 2026 287 perpetuum
2051 255 2197 290 corpuS‚
2224 252 2263 280 ut

1486 290 1631 326 Cometa
1650 305 1723 326 non
1743 300 1793 327 est
1812 294 1924 329 stella.

1382 348 1487 384 Valet
1527 352 1779 397 consequentia
1811 364 1874 397 per
1908 352 2263 396 contrapositionem:

1282 399 1436 435 Remoto
1451 412 1588 444 genere,
1615 409 1815 436 removetur
1829 402 1972 448 species.
2006 401 2103 436 Haec
2118 404 2266 438 demon-

1285 451 1406 485 stratio
1425 452 1505 485 fons
1521 459 1571 486 est
1590 450 1694 487 huius
1712 454 1860 497 figurae,
1888 460 1921 487 et
1938 465 2001 486 cur
2018 453 2131 487 valeat
2146 465 2267 487 conse-

1285 502 1449 546 quentia,
1474 503 1656 547 perspicue
1674 505 1841 538 ostendit.
1893 502 1987 537 Hinc
2006 503 2110 537 etiam
2129 504 2267 547 regulae

1286 552 1469 586 oriuntur:
1492 552 1533 585 ln
1549 551 1615 586 hae
1632 554 1743 597 figura
1759 562 1894 589 tantum
1910 554 1984 587 fieri
2003 554 2183 597 negativos
2199 554 2269 600 syl-

1286 602 1470 645 logismos,
1503 610 1536 636 et
1558 604 1727 638 maiorem
1752 612 1913 651 oportere
1929 605 2164 639 universalem
2187 616 2271 646 esse,

1288 659 1325 685 ut
1342 664 1448 697 supra
1467 653 1601 686 dictum
1621 661 1682 690 est.

1404 755 1497 795 Quot
1521 758 1611 789 sunt
1637 753 1740 790 modi
1765 755 1959 791 secundae
1984 753 2160 803 fiyzerae?

1687 822 1866 866 Quatuor:

1406 877 1550 920 Cesare,
1576 877 1793 923 Camestres,
1820 881 1983 924 Festino,
2008 881 2156 918 Baroc0.

1694 954 1722 989 C
1732 968 1749 988 e
1758 967 1773 989 s
1784 968 1801 990 a
1814 969 1830 990 r
1842 968 1870 993 e.

1291 1008 1357 1045 Ces
1410 1010 1518 1045 Nulla
1536 1012 1634 1046 stella
1653 1015 1892 1054 consumitur,

1291 1073 1310 1094 a
1408 1059 1546 1096 Omnes
1580 1061 1746 1098 Cometae
1789 1066 1913 1110 exiguo
1954 1071 2112 1110 tempore
2146 1075 2274 1099 consu-

1498 1120 1664 1153 muntur,

1292 1173 1329 1195 re
1407 1160 1501 1207 Ergo
1517 1164 1637 1198 nullus
1654 1163 1799 1199 Cometa
1817 1171 1867 1199 est
1886 1165 1997 1201 stella.

1660 1238 1925 1276 Camestres.

1294 1296 1382 1330 Cam
1416 1295 1504 1331 Cum
1524 1311 1647 1332 omnes
1661 1300 1782 1333 stellae
1797 1307 1880 1334 sunt
1898 1309 2043 1343 corpora
2061 1303 2240 1342 perpetua,

1290 1358 1328 1380 es
1411 1346 1539 1382 Nullae
1564 1350 1787 1383 traiectiones
1807 1361 1868 1383 seu
1894 1346 2104 1386 ὃιάττοντες
2131 1348 2169 1381 in
2198 1355 2277 1383 aere

1494 1406 1577 1433 sunt
1599 1411 1746 1443 corpora
1763 1405 1929 1443 perpetua
1941 1426 1950 1440 ‚

1290 1453 1363 1481 tres
1414 1446 1510 1492 Ergo
1526 1450 1645 1484 nullae
1663 1450 1885 1484 traiectiones
1902 1456 1986 1484 sunt
2003 1448 2135 1483 stellae.

1681 1522 1886 1559 Festino.

1293 1579 1360 1615 Fes
1418 1579 1526 1614 Nulla
1549 1586 1677 1615 natura
1696 1582 1922 1617 elementaris
1945 1579 2051 1616 habet
2075 1580 2197 1616 insitas
2212 1593 2279 1616 no-

1501 1631 1620 1672 ticias‚

1294 1681 1323 1716 ti
1419 1680 1524 1715 Mens
1559 1680 1713 1716 humana
1746 1680 1853 1717 habet
1879 1683 2004 1718 insitas
2031 1682 2179 1717 noticias
2205 1694 2278 1717 non

1498 1733 1640 1766 aliunde
1659 1740 1815 1777 acceptas
1824 1759 1833 1773 ‚

1293 1795 1342 1816 no
1417 1781 1512 1827 Ergo
1531 1795 1629 1816 mens
1646 1781 1801 1818 humana
1818 1796 1891 1818 non
1910 1791 1960 1819 est
1977 1785 2129 1819 conflata
2151 1796 2192 1818 ex
2213 1795 2277 1818 na·

1501 1841 1579 1868 tura
1599 1834 1816 1871 elementari.

1691 1908 1722 1943 Β
1732 1922 1750 1943 a
1762 1921 1779 1942 r
1788 1922 1808 1943 o
1820 1923 1836 1944 c
1848 1923 1880 1944 ο.

1295 1968 1348 2003 Ba
1416 1968 1540 2005 Omne
1566 1969 1796 2012 corruptibile
1822 1976 1872 2003 est
1899 1969 2132 2013 compositum
2160 1975 2210 2003 est
2238 1981 2277 2003 ex

1501 2019 1683 2052 elementis
1695 2046 1704 2059 ‚

1295 2081 1359 2105 roc
1425 2068 1529 2103 Mens
1555 2067 1709 2102 humana
1737 2081 1810 2102 non
1842 2075 1894 2103 est
1920 2069 2112 2115 composita
2140 2081 2180 2102 ex
2208 2069 2278 2103 ele-

1501 2120 1648 2159 mentis,

1298 2185 1320 2207 o
1423 2168 1518 2214 Ergo
1535 2182 1634 2203 mens
1652 2167 1807 2204 humana
1825 2177 1965 2204 nonest
1980 2170 2233 2215 corruptibilis.

1400 2229 1476 2264 Hos
1491 2230 1578 2263 duos
1597 2229 1817 2274 syllogismos
1837 2229 1984 2263 recitant
1999 2228 2100 2264 Plato
2117 2230 2156 2262 in
2165 2227 2279 2262 Phae-

1296 2282 1415 2319 adone,
1443 2288 1476 2314 et
1492 2278 1615 2314 Cicero
1638 2280 1675 2312 in
1697 2281 1811 2324 prima
1828 2279 2051 2321 Tusculana,
2077 2281 2121 2314 ad
2148 2279 2278 2314 confir-

1301 2333 1466 2365 mandam
1491 2331 1789 2365 immortalitatem
1815 2331 1952 2364 animae
1973 2328 2168 2368 humanae,
2196 2329 2277 2374 quia

1301 2395 1373 2416 non
1398 2381 1547 2415 conflata
1569 2382 1611 2414 sit
1635 2393 1674 2414 ex
1697 2382 1840 2415 materia
1857 2381 2078 2421 elementari,
2111 2380 2206 2424 quod
2227 2387 2277 2413 te·-

1300 2439 1411 2467 statur
1435 2429 1519 2465 haec
1543 2432 1691 2475 insignis
1721 2432 1935 2476 proprietas,
1967 2431 2049 2475 quia
2080 2430 2117 2462 in
2152 2437 2279 2464 natura

1300 2483 1427 2517 mentis
1445 2483 1595 2516 noticiae
1612 2490 1714 2524 sunt,
1737 2495 1811 2516 non
1828 2482 1971 2515 aliunde
1990 2487 2162 2524 acceptae.

1300 2558 1352 2592 Ba
1429 2555 1559 2592 Omnis
1576 2564 1703 2598 coetus,
1731 2558 1791 2602 qui
1808 2562 1856 2589 est
1865 2554 2021 2589 Ecclesia
2037 2553 2123 2596 Dei,
2146 2554 2279 2598 ample-

1506 2609 1610 2642 ctitur
1638 2608 1746 2642 libros
1771 2604 2001 2651 Propheticos
2035 2612 2067 2639 et
2095 2605 2279 2650 Apostoli-

1508 2671 1583 2699 cos,
