2379 2948
236 103 278 137 11
469 98 678 134 SCRtPTt
704 97 776 130 ru.
805 95 918 130 MEL.
948 93 1015 128 AD
1043 92 1168 129 IIIST.
1196 92 1340 132 PROF.
1364 92 1430 129 ET
1457 93 1650 131 PHILOS.
1677 95 1998 138 SPECTANTlAi
2188 100 2233 136 12

337 182 456 214 attera
480 180 592 213 media
614 179 752 211 leonina
771 183 913 209 vocatur
931 171 1084 220 θιχιιική,
1113 175 1209 209 cuius

236 234 332 266 sedes
351 239 397 264 est
417 243 487 264 cor,
515 231 568 263 cui
585 228 743 262 attribuit
761 227 925 259 virtutem
942 226 1082 259 vitalem
1101 232 1133 258 et
1150 227 1210 258 ad-

235 284 356 319 sectus,
384 281 564 316 laeticiam,
588 291 698 322 spem,
727 276 918 313 tristiciam,
942 283 1084 316 metum,
1111 276 1209 315 iram,

237 333 377 368 odium,
403 330 693 367 misericordiam,
721 333 752 359 ct
770 333 930 369 cognatos
947 327 1109 358 adfectus.
1162 325 1209 358 Et

238 385 280 415 dc
297 382 349 415 liis
368 381 503 414 duobus
520 379 682 421 gradibus
693 376 848 410 Galenus
864 377 1032 416 adfirmat,
1057 373 1116 409 has
1132 376 1209 408 an?-

237 444 310 465 mfis
328 443 398 463 esse
417 431 487 473 ipsa
504 434 770 471 temperamenta
798 427 905 470 epatis
928 434 958 459 et
978 426 1102 458 cordis.
1151 426 1209 458 Sic

238 483 331 516 enim
360 480 488 523 inquit:
525 476 671 522 ἐδείχθη
697 475 768 524 γὰρ
797 476 1006 519 ἒζιιῇιςιοιῖθεν
1037 473 1058 519 ἡ
1092 473 1209 519 θνητὴ

239 529 355 575 tergis,
390 531 516 572 κρᾶσις
546 524 655 567 οὖσα,
690 529 756 560 τοῦ
787 524 971 570 aninmo-c,
1009 523 1027 570 ἦ
1050 526 1118 568 μὲν
1144 521 1211 558 οὖν

238 584 300 625 τῆς
315 577 468 623 καρδίας
482 580 624 622 κρᾶσις,
651 575 692 611 τὸ
708 574 901 620 ι’)ιχιιοειιῖἒς
917 574 990 610 ἐστὶ
1004 577 1064 619 τῇ,-
1082 577 1211 621 ψυχῆς,

239 629 257 674 'i
276 628 313 663 δὲ
331 631 396 663 τοῦ
415 628 548 673 ἥπατος
568 627 604 661 τὸ
623 625 900 672 ἕπιθιχιιητικὸν.

339 695 460 728 Tertia
484 695 600 727 anima
622 701 671 727 est
694 692 714 738 ἢ
737 691 903 740 pultum)
927 705 987 726 sen
1010 690 1211 739 λογιστική,

239 757 343 791 quam
359 746 407 778 ait
425 756 495 778 esse
514 745 548 777 in
573 745 701 788 capite,
725 745 847 777 eteius
865 744 975 776 officia
995 755 1082 781 esse,
1110 743 1211 774 intel-

238 797 435 832 lectionem‚
463 795 676 834 memoriam,
700 794 1018 831 raciocinationem‚
1045 793 1211 825 iudicium

239 854 272 879 et
289 846 509 889 suppeditare
525 846 594 876 vim
612 845 786 882 sensibus,
810 851 841 877 et
863 856 978 886 regere
997 843 1212 876 voluntarios
1253 838 1263 845 i

238 903 363 929 motus.
416 894 482 927 llic
499 907 580 928 vero
598 895 754 934 dubitat,
780 906 825 926 an
846 892 928 926 haec
947 894 1061 926 anima
1081 894 1124 926 sit
1142 893 1213 936 ipse

240 946 381 989 spiritus
406 945 583 985 animalis,
618 957 677 977 seu
700 951 1032 988 temperamentum,
1065 956 1110 976 an
1132 955 1212 976 vero

239 996 374 1028 accedat
394 1002 514 1028 natura
534 996 748 1038 incorporea.

342 1051 475 1086 Eodem
499 1055 602 1085 modo
623 1053 827 1086 Aristoteles
852 1053 887 1084 in
916 1053 1066 1086 secundo
1087 1053 1129 1084 de
1155 1063 1213 1093 ge-

240 1104 423 1137 neratione
457 1103 694 1146 Animalium‚
736 1110 895 1136 numerat
936 1111 1002 1134 tres
1030 1102 1214 1145 potentias.

240 1153 318 1197 Ipse
344 1154 437 1185 enim
461 1165 543 1185 usus
567 1160 615 1185 est
637 1153 779 1185 nomine
812 1148 1013 1195 δυνάμεως.
1066 1150 1112 1184 Et
1136 1151 1216 1183 infi-

239 1215 333 1236 mam
351 1200 512 1246 ‹td-raim
525 1203 682 1235 nominat
699 1200 911 1246 θρεπτικὴν,
928 1203 1070 1235 alteram
1083 1201 1216 1245 αἴσθῃ-

239 1251 352 1297 τικὴια
407 1251 452 1286 Et
477 1251 537 1285 has
558 1253 640 1285 dicit
671 1265 744 1284 non
773 1253 914 1285 aliunde
945 1253 1124 1292 accedere,
1156 1252 1216 1284 sed

239 1304 333 1336 nasci
351 1303 387 1334 in
405 1303 625 1346 corporibus,
653 1309 685 1335 et
710 1303 805 1346 prius
822 1303 973 1335 animam
991 1303 1216 1345 vegetativam

241 1365 313 1386 esse
337 1352 374 1386 in
400 1354 513 1392 foetu,
541 1365 642 1397 quam
667 1353 882 1388 sentientem,
934 1352 984 1385 De
1009 1353 1110 1386 tertia
1135 1364 1216 1384 vero

240 1403 354 1435 addit:
394 1402 495 1434 Mens
515 1404 585 1435 sola
604 1403 814 1436 extrinsecus
839 1404 987 1443 accedit,
1015 1415 1122 1447 eaque
1145 1403 1217 1435 sola

240 1453 361 1486 divina
379 1459 437 1492 est,
465 1451 554 1485 nibil
575 1453 665 1485 enim
686 1465 763 1486 cum
784 1454 858 1486 eius
875 1454 1009 1487 actione
1025 1453 1218 1486 communi-

241 1509 295 1536 cat
312 1503 401 1536 actio
421 1503 621 1546 corporalis.
670 1501 841 1537 Λιίπεπιι
860 1501 897 1537 (Ῡέ
914 1502 979 1537 τὸν
998 1506 1087 1537 rosv
1101 1500 1218 1547 μόνον

240 1550 417 1597 θύραῖὴψ
434 1552 620 1588 ἐπεισιέναι
644 1552 703 1586 καὶ
721 1555 825 1587 θεῖον
842 1551 931 1587 eirca
947 1553 1083 1597 μόνον,
1111 1551 1219 1587 οὐδὲν

239 1601 312 1649 γὰρ
350 1601 465 1637 αὐτοῦ
506 1606 548 1647 τῇ
591 1602 771 1650 ἐιέρ;ἰι’ᾳ,
823 1606 991 1638 κοινωνεῖ
1033 1602 1219 1648 σωματικὴ

241 1652 412 1699 ἐνέργεια.

343 1710 470 1744 Adhuc
494 1712 716 1745 mediocriter
735 1720 931 1755 congruunt
948 1713 1037 1746 dicta
1064 1711 1221 1757 philoso-

242 1760 344 1805 phica
375 1763 416 1793 de
441 1760 567 1793 Anima
599 1763 788 1804 vegetativa
814 1771 845 1796 et
869 1764 1043 1798 sensitiva.
1104 1763 1153 1796 Ac
1178 1765 1220 1796 de

244 1811 298 1844 liis
316 1813 450 1844 duabus
472 1812 694 1844 facultatibus
712 1813 814 1845 etiam
834 1814 868 1845 in
885 1812 1038 1846 Ecclesia
1057 1826 1135 1846 vere
1152 1814 1221 1846 dici

242 1862 400 1900 videtur,
425 1873 495 1893 esse
511 1873 565 1893 eas
580 1863 635 1893 vet
653 1869 933 1906 temperamenta.
961 1865 1015 1896 vel
1034 1861 1219 1907 δυνάμεις,

242 1918 449 1954 propagatas
477 1923 515 1943 ex
541 1919 663 1943 natura
689 1924 873 1955 corporea,
902 1914 1062 1947 videlicet
1087 1926 1126 1946 ex
1159 1926 1221 1946 na-

243 1967 320 1994 tura
338 1962 520 1994 seminum.
549 1961 591 1993 Ut
611 1962 702 1993 enim
723 1963 758 1994 in
776 1963 903 2006 plantis·
922 1971 1130 2006 propagatur
1145 1965 1221 1996 ani-

243 2023 316 2051 ma,
345 2023 403 2043 seu
423 2011 473 2043 xis
496 2011 672 2043 seminalis
691 2025 767 2044 cum
798 2014 946 2050 semine,
973 2020 1006 2046 et
1028 2014 1127 2046 bovis
1143 2015 1221 2046 ani-

243 2073 298 2094 ma
324 2061 436 2093 oritur
460 2073 499 2093 ex
518 2061 552 2092 vi
575 2062 732 2101 seminis,
759 2063 806 2095 sic
823 2063 1005 2095 deAnima
1031 2064 1221 2106 vegetatis-a

245 2118 277 2144 et
295 2111 457 2143 sensitiva
487 2111 522 2142 in
547 2108 689 2143 homine
716 2113 781 2145 dici
809 2120 930 2155 potest.
985 2112 1100 2146 Homo
1127 2114 1219 2146 enim

245 2173 316 2194 non
333 2168 471 2204 generat
490 2161 734 2204 imperfectius,
753 2175 855 2207 quam
874 2164 1012 2207 plantae
1027 2170 1085 2197 ant
1104 2164 1220 2199 boves.

346 2225 512 2258 Moretur
535 2225 600 2259 hoc
630 2236 833 2271 argumento
858 2237 890 2263 et
916 2227 1044 2262 Occam
1073 2231 1222 2272 scriptor

247 2275 425 2317 Anglicus‚
453 2284 491 2308 ut
508 2278 610 2317 dicat,
635 2279 670 2310 in
689 2276 830 2311 homine
848 2281 932 2312 duas
953 2292 1023 2311 esse
1041 2281 1221 2313 distinctas

246 2326 398 2365 animas,
425 2325 650 2360 Racionalem
671 2336 702 2361 et
719 2329 946 2369 Sentientem,
974 2331 1053 2374 qnia
1074 2331 1221 2363 manife-

246 2382 338 2408 stum
362 2382 427 2413 est,
461 2378 594 2409 animae
619 2379 800 2413 sentientis
823 2381 938 2413 nullas
960 2392 1030 2412 esse
1056 2381 1220 2420 actiones,

245 2425 313 2457 nisi
345 2426 533 2467 organicas.
587 2427 703 2469 Quare
728 2437 998 2463 consentaneum
1030 2438 1099 2470 est,
1134 2432 1220 2463 oriri

246 2487 320 2507 eam
347 2487 363 2507 a
389 2476 538 2516 semine,
574 2484 603 2509 et
628 2490 698 2511 esse
722 2481 774 2512 vel
806 2488 1138 2524 temperamentum,
1166 2481 1219 2513 vel
1246 2492 1247 2496 ¹

245 2521 408 2568 δύναμιν
433 2526 468 2557 in
494 2539 648 2569 corpore.
702 2530 809 2563 Addit
829 2538 859 2563 et
877 2529 942 2563 lioc
959 2538 1218 2574 argumentum:
1245 2497 1248 2563 i

245 2574 420 2608 Contrarii
448 2584 528 2609 sunt
557 2578 729 2620 appetitus
761 2581 944 2614 ras-ionalis
977 2588 1008 2614 et
1039 2581 1218 2615 sensualis.

247 2624 421 2659 Videntur
440 2626 544 2669 igitur
561 2634 591 2660 et
609 2629 819 2664 substantiae
836 2632 1018 2666 distinctae
1037 2644 1117 2673 esse,
1137 2632 1218 2677 quia

1262 176 1298 208 in
1312 188 1380 209 una
1399 183 1431 211 et
1450 177 1568 210 eadem
1581 204 1590 218 ‚
1615 189 1652 211 ac
1669 177 1880 212 indivisibili
1898 189 2021 215 natura
2041 191 2235 227 pugnantes

1262 227 1491 270 appetitiones
1506 228 1675 261 collocare
1695 229 1833 262 videtur
1849 230 2052 266 absurdum.

1365 276 1465 309 Item:
1493 278 1801 312 Naturalissimum
1816 286 1866 313 est
1882 281 2079 316 viventibus
2095 284 2235 327 gignere

1263 326 1357 359 aliud
1378 327 1502 361 simile.
1537 327 1660 370 Gignit
1676 330 1782 372 igitur
1799 336 1832 363 et
1847 327 1952 363 homo
1973 328 2148 366 hominem
2167 336 2236 367 sal-

1263 383 1329 408 tem
1346 378 1536 409 secundum
1555 379 1660 410 vitam
1679 380 1894 420 sentientem,
1911 381 1939 413 si
1958 393 2029 414 non
2046 385 2236 417 secundum

1264 426 1412 458 animam
1431 428 1645 460 rationalem.
1697 427 1743 462 Et
1762 427 1823 462 has
1845 428 1990 464 Animas
2008 433 2238 474 vegetativam

1264 482 1296 508 et
1320 477 1524 509 sentientem
1549 489 1619 510 esse
1643 490 1682 510 ex
1700 478 1880 521 Traduce,
1907 482 1942 514 id
1960 488 2026 522 est,
2054 494 2093 514 ex
2112 490 2236 517 natura

1264 526 1404 559 seminis
1420 527 1597 560 fatendum
1613 535 1673 562 est.

1366 575 1467 609 Nunc
1501 577 1607 610 recito
1637 578 1835 612 Aristotelis
1862 580 2119 622 definitionem,
2150 594 2238 628 quae

1266 637 1336 657 non
1360 633 1406 659 est
1424 627 1567 660 obscura
1579 654 1586 667 ,
1614 628 1656 660 iis
1673 629 1732 672 qni
1752 628 1948 663 Aristotelis
1970 643 2165 665 sermonem
2182 633 2238 665 in-

1267 676 1437 717 telligunt.
1480 677 1545 709 Sed
1566 689 1654 710 nova
1672 685 1706 711 et
1720 680 1900 722 peregrina
1918 681 2056 715 videtur
2073 682 2239 726 ignoran-

1267 726 1358 760 tibus
1375 726 1636 760 Aristotelicum
1654 739 1859 762 sermonem.

1540 834 1728 882 Definitio
1752 839 1973 873 Aristotelis.

1368 901 1495 936 Anima
1512 910 1559 936 est
1577 901 1791 936 Endelechia
1808 904 1920 947 prima
1937 906 2092 949 corporis
2107 903 2241 951 physici

1267 954 1440 996 organici,
1469 954 1621 997 potentia
1637 954 1743 987 vitam
1761 951 1932 988 habentis.

1635 1061 1877 1093 Declaratio.

1370 1123 1472 1158 Unde
1496 1122 1580 1157 haec
1605 1137 1693 1158 nova
1716 1127 1903 1170 appellatio
1933 1134 1982 1161 est
2006 1125 2244 1161 Endelerbia‘?

1271 1173 1327 1208 An
1344 1174 1544 1219 praestigias
1560 1175 1713 1209 offundit
1729 1177 1934 1209 Aristoteles
1953 1175 2155 1211 hominibus
2180 1177 2243 1211 hac

1269 1238 1362 1259 nova
1380 1237 1478 1266 voce,
1504 1232 1543 1258 ut
1561 1226 1661 1258 multi
1680 1227 1986 1259 existimaverunt?

1369 1274 1592 1319 Respondeo.
1645 1275 1712 1308 Hic
1730 1277 1882 1320 primum
1906 1287 2042 1308 necesse
2059 1283 2108 1310 est
2131 1278 2245 1310 redire

1271 1327 1312 1359 ad
1331 1323 1496 1370 physicen
1514 1326 1721 1358 Aristotelis.
1773 1326 1980 1359 Aristoteles
1999 1327 2148 1370 partitur
2164 1327 2247 1360 uni-

1271 1376 1451 1408 versaliter
1477 1376 1687 1409 substantias
1719 1388 1902 1420 corporeas
1934 1377 1969 1408 in
2001 1377 2181 1410 materiam
2213 1384 2247 1410 et

1271 1428 1430 1459 formam.
1483 1425 1554 1458 Nec
1579 1425 1744 1469 intelligit
1772 1427 1940 1467 formam,
1969 1424 2034 1459 hoc
2059 1427 2182 1465 modo,
2207 1434 2248 1460 ut

1273 1477 1371 1509 multi
1390 1476 1581 1515 somniant,
1603 1476 1705 1508 aliam
1722 1477 1912 1517 materiam,
1939 1477 1994 1509 vel
2012 1477 2107 1509 aliud
2124 1489 2248 1520 corpus

1273 1527 1309 1559 in
1327 1527 1469 1559 materia
1487 1527 1540 1558 vel
1558 1538 1702 1570 corpore
1721 1527 1904 1564 crassiore,
1933 1528 1989 1559 sed
2014 1527 2121 1570 ipsam
2142 1528 2188 1560 rei
2209 1539 2248 1560 ex

1274 1577 1566 1615 aedificationem,
1591 1584 1627 1610 ut
1645 1577 1690 1609 ita
1709 1578 1834 1611 dicam.
1865 1576 1909 1610 Ut
1926 1578 2166 1617 cnmleonem,
2189 1584 2249 1611 aut

1274 1628 1397 1660 bovem
1416 1633 1595 1667 monstrat,
1626 1627 1711 1661 dicit
1726 1633 1857 1672 partem
1874 1639 1945 1660 esse
1961 1639 2085 1671 corpus
2100 1639 2160 1660 seu
2176 1639 2250 1661 ma-

1274 1677 1412 1715 teriam,
1439 1677 1532 1709 aliud
1549 1677 1715 1720 quiddam
1734 1689 1804 1710 esse
1828 1678 1975 1709 formam
1988 1705 1996 1717 ‚
2020 1678 2180 1711 videlicet
2195 1678 2251 1710 vi-

1274 1735 1343 1760 tam
1377 1739 1437 1759 sen
1468 1727 1691 1769 agitationem
1722 1728 1986 1761 substantialem
2019 1728 2148 1767 teonis,
2190 1735 2250 1761 aut

1274 1777 1394 1815 bovis,
1422 1789 1489 1821 qua
1513 1777 1580 1809 iam
1600 1778 1653 1809 leo
1678 1785 1728 1811 est
1753 1778 1850 1816 talis,
1877 1784 1936 1811 aut
1960 1790 2026 1822 qua
2046 1778 2108 1810 bos
2132 1783 2182 1811 est
2197 1783 2250 1810 ta-

1275 1828 1327 1863 tis.
1378 1826 1450 1859 ‘Nec
1479 1827 1554 1859 vult
1589 1827 1685 1859 illam
1725 1828 1948 1871 agitationem
1987 1827 2250 1861 substantialem

1274 1877 1403 1916 leonis,
1439 1877 1541 1909 aliam
1566 1878 1745 1910 materiam
1772 1890 1853 1912 esse.
1907 1877 1974 1910 Sed
1997 1878 2123 1920 cogitat
2146 1878 2249 1910 talem

1275 1940 1346 1961 esse
1362 1934 1520 1960 naturam
1532 1953 1540 1967 ,
1568 1934 1605 1960 ut
1622 1928 1714 1960 aliud
1734 1928 1776 1960 sit
1794 1928 1935 1960 materia
1947 1952 1955 1965 ,
1983 1934 2015 1960 et
2032 1928 2127 1961 aliud
2143 1929 2250 1970 agita-

1275 1979 1334 2011 tio.
1389 1977 1507 2019 Quare
1526 1983 1557 2009 et
1576 1977 1823 2011 accidentalem
1845 1985 1979 2011 motum
2002 1979 2162 2012 nominat
2176 1976 2252 2011 En-

1275 2025 1477 2065 delechiam,
1504 2034 1542 2060 ut
1561 2040 1638 2060 cum
1655 2029 1772 2060 navim
1789 2035 1986 2062 currentem
2004 2029 2105 2061 video
2118 2055 2127 2069 ,
2155 2029 2251 2061 aliud

1276 2090 1346 2111 esse
1383 2077 1494 2119 cogito
1522 2078 1702 2111 materiam
1735 2079 1852 2119 navis,
1885 2079 1980 2111 aliud
2005 2085 2156 2118 motum,
2188 2090 2252 2111 nec

1274 2130 1365 2171 fingo
1389 2134 1522 2160 motum
1542 2140 1613 2160 esse
1636 2129 1739 2161 aliam
1758 2129 1948 2163 materiam.
2001 2127 2058 2162 Sic
2074 2135 2106 2162 et
2121 2129 2163 2161 de
2180 2129 2253 2161 vita

1275 2178 1443 2222 loquitur,
1471 2189 1574 2222 quam
1596 2178 1666 2221 ipse
1681 2179 1829 2222 primam
1848 2186 1881 2212 et
1897 2178 2160 2211 substantialem
2179 2179 2252 2222 agi-

1275 2229 1440 2262 tationem
1460 2228 1625 2271 intelligit
1644 2235 1675 2262 et
1694 2230 1864 2264 nominat.
1916 2227 2010 2261 Haec
2027 2227 2252 2262 Aristotelica

1275 2280 1302 2310 si
1322 2279 1398 2323 quis
1417 2279 1597 2322 perspicit,
1627 2279 1729 2312 etiam
1755 2277 1812 2311 bic
1830 2278 2020 2321 intelliget,
2048 2291 2118 2323 quo
2135 2279 2249 2313 consi-

1274 2330 1321 2361 lio
1340 2329 1504 2362 Animam
1531 2329 1621 2361 dicat
1644 2341 1714 2362 esse
1736 2327 2005 2369 Endelechiam,
2032 2329 2067 2361 id
2086 2336 2150 2368 est,
2177 2329 2247 2371 agi-

1275 2379 1441 2413 tationem
1454 2406 1461 2417 ,
1489 2390 1549 2410 seu
1569 2386 1700 2418 actum,
1727 2385 1763 2411 ut
1783 2387 1914 2413 veteres
1934 2384 2124 2413 verterunt·

1377 2428 1475 2462 vidit
1497 2427 1702 2462 Aristoteles
1732 2429 1819 2462 alios
1848 2430 2030 2475 loquentes
2052 2429 2094 2460 de
2120 2428 2250 2469 anima,

1274 2491 1438 2524 quaerere
1456 2479 1635 2512 materiam
1648 2506 1655 2518 ,
1682 2486 1719 2512 ut
1738 2480 1881 2522 plurimi
1899 2479 2060 2511 dixerunt
2083 2489 2154 2511 esse
2177 2480 2249 2523 spi-

1272 2531 1380 2563 ritum
1407 2529 1558 2561 vitalem.
1615 2528 1690 2572 Ipse
1716 2530 1840 2571 cogitat
1867 2531 1902 2561 id
1927 2540 2052 2571 corpus
2070 2529 2248 2562 materiam

1273 2592 1355 2615 csse.
1408 2579 1525 2612 Potest
1538 2585 1651 2611 autem
1672 2591 1790 2612 rursus
1807 2579 1939 2623 quaeri,
1966 2590 2026 2611 cur
2042 2575 2125 2612 haec
2142 2585 2250 2612 mate-

1273 2631 1323 2664 ria
1345 2630 1475 2664 srilicet
1492 2629 1645 2674 Spiritus
1668 2630 1780 2663 vitalis
1799 2629 1910 2663 vivit?
1962 2628 2129 2672 Sanguis,
2155 2629 2248 2663 unde
