<?xml version="1.0" encoding="UTF-8"?>
<!DOCTYPE html PUBLIC "-//W3C//DTD XHTML 1.0 Transitional//EN"
    "http://www.w3.org/TR/xhtml1/DTD/xhtml1-transitional.dtd">
<html xmlns="http://www.w3.org/1999/xhtml" xml:lang="en" lang="en">
 <head>
  <title>
</title>
<meta http-equiv="Content-Type" content="text/html;charset=utf-8" />
  <meta name='ocr-system' content='tesseract 3.04.00' />
  <meta name='ocr-capabilities' content='ocr_page ocr_carea ocr_par ocr_line ocrx_word'/>
</head>
<body>
  <div class='ocr_page' id='page_1' title='image "./operaquaesupersu13melauoft_0667.png"; bbox 0 0 2379 2948; ppageno 0'>
   <div class='ocr_carea' id='block_1_1' title="bbox 135 101 814 230">
    <p class='ocr_par' dir='ltr' id='par_1_1' title="bbox 135 101 814 230">
     <span class='ocr_line' id='line_1_1' title="bbox 135 101 232 136; baseline -0.01 0"><span class='ocrx_word' id='word_1_1' title='bbox 135 101 232 136; x_wconf 79' lang='lat'><strong>1313</strong></span> 
     </span>
     <span class='ocr_line' id='line_1_2' title="bbox 444 188 814 230; baseline 0.005 -2"><span class='ocrx_word' id='word_1_2' title='bbox 444 188 640 229; x_wconf 82' lang='lat' dir='ltr'><strong><em>Psalmus</em></strong></span> <span class='ocrx_word' id='word_1_3' title='bbox 682 188 814 230; x_wconf 84' lang='lat' dir='ltr'>CXII.</span> 
     </span>
    </p>
   </div>
   <div class='ocr_carea' id='block_1_2' title="bbox 182 259 1123 348">
    <p class='ocr_par' dir='ltr' id='par_1_2' title="bbox 182 259 1123 348">
     <span class='ocr_line' id='line_1_3' title="bbox 182 259 1123 308; baseline 0.002 -14"><span class='ocrx_word' id='word_1_4' title='bbox 182 259 209 295; x_wconf 95' lang='grc' dir='ltr'><strong><em>Ι.</em></strong></span> <span class='ocrx_word' id='word_1_5' title='bbox 251 263 399 296; x_wconf 77' lang='lat' dir='ltr'><strong><em>Beatus</em></strong></span> <span class='ocrx_word' id='word_1_6' title='bbox 440 265 517 305; x_wconf 79' lang='lat' dir='ltr'><strong><em>vir,</em></strong></span> <span class='ocrx_word' id='word_1_7' title='bbox 562 266 626 308; x_wconf 77' lang='lat' dir='ltr'><strong><em>qui</em></strong></span> <span class='ocrx_word' id='word_1_8' title='bbox 668 265 774 297; x_wconf 64' lang='lat' dir='ltr'><strong><em>timet&gt;</em></strong></span> <span class='ocrx_word' id='word_1_9' title='bbox 816 264 1041 305; x_wconf 70' lang='lat' dir='ltr'><strong><em>Dominum,</em></strong></span> <span class='ocrx_word' id='word_1_10' title='bbox 1085 267 1123 296; x_wconf 85' lang='lat' dir='ltr'><strong><em>et</em></strong></span> 
     </span>
     <span class='ocr_line' id='line_1_4' title="bbox 231 313 895 348; baseline 0.003 -2"><span class='ocrx_word' id='word_1_11' title='bbox 231 313 429 347; x_wconf 80' lang='lat' dir='ltr'><strong><em>mandatis</em></strong></span> <span class='ocrx_word' id='word_1_12' title='bbox 446 316 525 348; x_wconf 76' lang='lat' dir='ltr'><strong><em>eius</em></strong></span> <span class='ocrx_word' id='word_1_13' title='bbox 542 314 650 348; x_wconf 79' lang='lat' dir='ltr'><strong><em>valde</em></strong></span> <span class='ocrx_word' id='word_1_14' title='bbox 671 314 895 348; x_wconf 80' lang='lat' dir='ltr'><strong><em>delectatur.</em></strong></span> 
     </span>
    </p>
   </div>
   <div class='ocr_carea' id='block_1_3' title="bbox 180 378 1120 468">
    <p class='ocr_par' dir='ltr' id='par_1_3' title="bbox 180 378 1120 468">
     <span class='ocr_line' id='line_1_5' title="bbox 180 378 1120 424; baseline 0.003 -12"><span class='ocrx_word' id='word_1_15' title='bbox 180 378 225 413; x_wconf 91' lang='lat'><strong><em>11.</em></strong></span> <span class='ocrx_word' id='word_1_16' title='bbox 262 383 400 415; x_wconf 81' lang='lat' dir='ltr'><strong><em>Potens</em></strong></span> <span class='ocrx_word' id='word_1_17' title='bbox 424 385 462 416; x_wconf 79' lang='lat' dir='ltr'><strong><em>in</em></strong></span> <span class='ocrx_word' id='word_1_18' title='bbox 485 387 589 415; x_wconf 77' lang='lat' dir='ltr'><strong><em>terra</em></strong></span> <span class='ocrx_word' id='word_1_19' title='bbox 614 385 683 416; x_wconf 80' lang='lat' dir='ltr'><strong><em>erit</em></strong></span> <span class='ocrx_word' id='word_1_20' title='bbox 703 393 830 416; x_wconf 78' lang='lat' dir='ltr'><strong><em>semen</em></strong></span> <span class='ocrx_word' id='word_1_21' title='bbox 847 384 953 424; x_wconf 79' lang='lat' dir='ltr'><strong><em>eius,</em></strong></span> <span class='ocrx_word' id='word_1_22' title='bbox 983 384 1120 416; x_wconf 83' lang='lat' dir='ltr'><strong><em>Generi</em></strong></span> 
     </span>
     <span class='ocr_line' id='line_1_6' title="bbox 228 432 686 468; baseline 0.007 -4"><span class='ocrx_word' id='word_1_23' title='bbox 228 436 412 467; x_wconf 77' lang='lat' dir='ltr'><strong><em>rectorum</em></strong></span> <span class='ocrx_word' id='word_1_24' title='bbox 432 432 686 468; x_wconf 74' lang='lat' dir='ltr'><strong><em>benedicetur.</em></strong></span> 
     </span>
    </p>
   </div>
   <div class='ocr_carea' id='block_1_4' title="bbox 177 495 244 530">
    <p class='ocr_par' dir='ltr' id='par_1_4' title="bbox 177 495 244 530">
     <span class='ocr_line' id='line_1_7' title="bbox 177 495 244 530; baseline 0.015 -1"><span class='ocrx_word' id='word_1_25' title='bbox 177 495 244 530; x_wconf 85' lang='lat'><em>111.</em></span> 
     </span>
    </p>
   </div>
   <div class='ocr_carea' id='block_1_5' title="bbox 227 551 820 585">
    <p class='ocr_par' dir='ltr' id='par_1_5' title="bbox 227 551 820 585">
     <span class='ocr_line' id='line_1_8' title="bbox 227 551 820 585; baseline 0.005 -3"><span class='ocrx_word' id='word_1_26' title='bbox 227 551 288 583; x_wconf 83' lang='lat' dir='ltr'><strong><em>cia</em></strong></span> <span class='ocrx_word' id='word_1_27' title='bbox 309 553 389 584; x_wconf 82' lang='lat' dir='ltr'><strong><em>eius</em></strong></span> <span class='ocrx_word' id='word_1_28' title='bbox 405 555 537 584; x_wconf 80' lang='lat' dir='ltr'><strong><em>manet</em></strong></span> <span class='ocrx_word' id='word_1_29' title='bbox 555 561 593 584; x_wconf 81' lang='grc' dir='ltr'><strong><em>ιη</em></strong></span> <span class='ocrx_word' id='word_1_30' title='bbox 612 555 820 585; x_wconf 75' lang='lat' dir='ltr'><strong><em>aeternum.</em></strong></span> 
     </span>
    </p>
   </div>
   <div class='ocr_carea' id='block_1_6' title="bbox 223 669 871 712">
    <p class='ocr_par' dir='ltr' id='par_1_6' title="bbox 223 669 871 712">
     <span class='ocr_line' id='line_1_9' title="bbox 223 669 871 712; baseline 0.002 -9"><span class='ocrx_word' id='word_1_31' title='bbox 223 669 433 712; x_wconf 67' lang='lat' dir='ltr'><strong><em>seriem-de,</em></strong></span> <span class='ocrx_word' id='word_1_32' title='bbox 462 672 683 704; x_wconf 68' lang='lat' dir='ltr'><strong><em>miseratore</em></strong></span> <span class='ocrx_word' id='word_1_33' title='bbox 703 675 737 704; x_wconf 89' lang='lat' dir='ltr'><strong><em>et</em></strong></span> <span class='ocrx_word' id='word_1_34' title='bbox 760 674 871 706; x_wconf 80' lang='lat' dir='ltr'><strong><em>iusto.</em></strong></span> 
     </span>
    </p>
   </div>
   <div class='ocr_carea' id='block_1_7' title="bbox 173 736 1113 836">
    <p class='ocr_par' dir='ltr' id='par_1_7' title="bbox 173 736 1113 836">
     <span class='ocr_line' id='line_1_10' title="bbox 173 736 1113 783; baseline 0.003 -15"><span class='ocrx_word' id='word_1_35' title='bbox 173 736 216 772; x_wconf 63' lang='lat' dir='ltr'><strong><em>Y.</em></strong></span> <span class='ocrx_word' id='word_1_36' title='bbox 253 739 355 771; x_wconf 85' lang='lat' dir='ltr'><strong><em>Bene</em></strong></span> <span class='ocrx_word' id='word_1_37' title='bbox 379 739 479 780; x_wconf 82' lang='lat' dir='ltr'><strong><em>viro,</em></strong></span> <span class='ocrx_word' id='word_1_38' title='bbox 507 740 568 783; x_wconf 80' lang='grc' dir='ltr'><strong><em>(μα’</em></strong></span> <span class='ocrx_word' id='word_1_39' title='bbox 594 741 799 772; x_wconf 76' lang='lat' dir='ltr'><strong><em>miseretur</em></strong></span> <span class='ocrx_word' id='word_1_40' title='bbox 824 743 859 771; x_wconf 88' lang='lat' dir='ltr'><strong><em>et</em></strong></span> <span class='ocrx_word' id='word_1_41' title='bbox 887 743 1011 771; x_wconf 80' lang='lat' dir='ltr'><strong><em>mutuo</em></strong></span> <span class='ocrx_word' id='word_1_42' title='bbox 1032 737 1113 780; x_wconf 79' lang='lat' dir='ltr'><strong><em>dat,</em></strong></span> 
     </span>
     <span class='ocr_line' id='line_1_11' title="bbox 222 787 916 836; baseline 0 -14"><span class='ocrx_word' id='word_1_43' title='bbox 222 792 255 822; x_wconf 86' lang='lat' dir='ltr'><strong><em>et</em></strong></span> <span class='ocrx_word' id='word_1_44' title='bbox 276 787 523 823; x_wconf 68' lang='lat' dir='ltr'><em>administrat</em></span> <span class='ocrx_word' id='word_1_45' title='bbox 542 792 700 836; x_wconf 72' lang='lat' dir='ltr'><strong><em>neyocia</em></strong></span> <span class='ocrx_word' id='word_1_46' title='bbox 719 800 787 823; x_wconf 79' lang='lat' dir='ltr'><strong><em>sua</em></strong></span> <span class='ocrx_word' id='word_1_47' title='bbox 805 792 916 823; x_wconf 79' lang='lat' dir='ltr'><strong><em>iuste.</em></strong></span> 
     </span>
    </p>
   </div>
   <div class='ocr_carea' id='block_1_8' title="bbox 171 853 1111 943">
    <p class='ocr_par' dir='ltr' id='par_1_8' title="bbox 171 853 1111 943">
     <span class='ocr_line' id='line_1_12' title="bbox 171 853 1111 899; baseline 0.003 -11"><span class='ocrx_word' id='word_1_48' title='bbox 171 853 234 889; x_wconf 60' lang='lat' dir='ltr'><strong><em>Vl.</em></strong></span> <span class='ocrx_word' id='word_1_49' title='bbox 278 857 371 896; x_wconf 76' lang='lat' dir='ltr'><strong><em>Quia</em></strong></span> <span class='ocrx_word' id='word_1_50' title='bbox 404 858 442 890; x_wconf 80' lang='lat' dir='ltr'><strong><em>in</em></strong></span> <span class='ocrx_word' id='word_1_51' title='bbox 478 861 675 891; x_wconf 71' lang='lat' dir='ltr'><strong><em>aeternum</em></strong></span> <span class='ocrx_word' id='word_1_52' title='bbox 710 868 782 890; x_wconf 77' lang='lat' dir='ltr'><strong><em>uon</em></strong></span> <span class='ocrx_word' id='word_1_53' title='bbox 811 857 1111 899; x_wconf 41' lang='lat' dir='ltr'><strong><em>covmnrovebitzw,</em></strong></span> 
     </span>
     <span class='ocr_line' id='line_1_13' title="bbox 221 909 881 943; baseline 0.003 -3"><span class='ocrx_word' id='word_1_54' title='bbox 221 909 265 941; x_wconf 83' lang='lat' dir='ltr'><strong><em>In</em></strong></span> <span class='ocrx_word' id='word_1_55' title='bbox 282 910 456 942; x_wconf 83' lang='lat' dir='ltr'><strong><em>memoria</em></strong></span> <span class='ocrx_word' id='word_1_56' title='bbox 476 913 636 943; x_wconf 79' lang='lat' dir='ltr'><strong><em>aeterna</em></strong></span> <span class='ocrx_word' id='word_1_57' title='bbox 656 910 728 942; x_wconf 86' lang='lat' dir='ltr'><strong><em>erit</em></strong></span> <span class='ocrx_word' id='word_1_58' title='bbox 749 910 881 942; x_wconf 79' lang='lat' dir='ltr'><strong><em>iustus.</em></strong></span> 
     </span>
    </p>
   </div>
   <div class='ocr_carea' id='block_1_9' title="bbox 170 973 1109 1074">
    <p class='ocr_par' dir='ltr' id='par_1_9' title="bbox 170 973 1109 1074">
     <span class='ocr_line' id='line_1_14' title="bbox 170 973 1109 1018; baseline 0.003 -12"><span class='ocrx_word' id='word_1_59' title='bbox 170 973 249 1008; x_wconf 61' lang='lat' dir='ltr'><strong><em>VII.</em></strong></span> <span class='ocrx_word' id='word_1_60' title='bbox 277 976 310 1009; x_wconf 80' lang='lat' dir='ltr'><em>A</em></span> <span class='ocrx_word' id='word_1_61' title='bbox 328 977 465 1009; x_wconf 77' lang='lat' dir='ltr'><strong><em>nuncio</em></strong></span> <span class='ocrx_word' id='word_1_62' title='bbox 481 976 579 1009; x_wconf 64' lang='lat' dir='ltr'><strong><em>mido</em></strong></span> <span class='ocrx_word' id='word_1_63' title='bbox 597 987 666 1010; x_wconf 82' lang='lat' dir='ltr'><strong><em>non</em></strong></span> <span class='ocrx_word' id='word_1_64' title='bbox 687 974 846 1018; x_wconf 83' lang='lat' dir='ltr'><strong><em>timebit,</em></strong></span> <span class='ocrx_word' id='word_1_65' title='bbox 874 977 1037 1009; x_wconf 81' lang='lat' dir='ltr'><strong><em>Firmum</em></strong></span> <span class='ocrx_word' id='word_1_66' title='bbox 1055 981 1109 1009; x_wconf 80' lang='lat' dir='ltr'><strong><em>est</em></strong></span> 
     </span>
     <span class='ocr_line' id='line_1_15' title="bbox 219 1025 916 1074; baseline 0.001 -14"><span class='ocrx_word' id='word_1_67' title='bbox 219 1037 280 1060; x_wconf 87' lang='lat' dir='ltr'><strong><em>cor</em></strong></span> <span class='ocrx_word' id='word_1_68' title='bbox 297 1028 378 1060; x_wconf 80' lang='lat' dir='ltr'><strong><em>eius</em></strong></span> <span class='ocrx_word' id='word_1_69' title='bbox 397 1026 447 1060; x_wconf 80' lang='lat' dir='ltr'><strong><em>ad</em></strong></span> <span class='ocrx_word' id='word_1_70' title='bbox 466 1025 727 1074; x_wconf 76' lang='lat' dir='ltr'><strong><em>confidendum</em></strong></span> <span class='ocrx_word' id='word_1_71' title='bbox 746 1028 916 1062; x_wconf 75' lang='lat' dir='ltr'><strong><em>Domino.</em></strong></span> 
     </span>
    </p>
   </div>
   <div class='ocr_carea' id='block_1_10' title="bbox 168 1094 1110 1193">
    <p class='ocr_par' dir='ltr' id='par_1_10' title="bbox 168 1094 1110 1193">
     <span class='ocr_line' id='line_1_16' title="bbox 168 1094 1110 1138; baseline 0.003 -11"><span class='ocrx_word' id='word_1_72' title='bbox 168 1094 266 1128; x_wconf 79' lang='lat' dir='ltr'><strong>VIII.</strong></span> <span class='ocrx_word' id='word_1_73' title='bbox 303 1098 478 1130; x_wconf 80' lang='lat' dir='ltr'><strong><em>Erectum</em></strong></span> <span class='ocrx_word' id='word_1_74' title='bbox 499 1101 554 1130; x_wconf 78' lang='lat' dir='ltr'><strong><em>est</em></strong></span> <span class='ocrx_word' id='word_1_75' title='bbox 575 1107 636 1130; x_wconf 84' lang='lat' dir='ltr'><strong><em>cor</em></strong></span> <span class='ocrx_word' id='word_1_76' title='bbox 652 1099 745 1138; x_wconf 74' lang='lat' dir='ltr'><strong><em>eius,</em></strong></span> <span class='ocrx_word' id='word_1_77' title='bbox 775 1108 847 1130; x_wconf 77' lang='lat' dir='ltr'><strong><em>non</em></strong></span> <span class='ocrx_word' id='word_1_78' title='bbox 865 1101 1020 1136; x_wconf 82' lang='lat' dir='ltr'><strong><em>metuet,</em></strong></span> <span class='ocrx_word' id='word_1_79' title='bbox 1048 1097 1110 1130; x_wconf 76' lang='lat' dir='ltr'><strong><em>clo-</em></strong></span> 
     </span>
     <span class='ocr_line' id='line_1_17' title="bbox 220 1147 837 1193; baseline 0 -13"><span class='ocrx_word' id='word_1_80' title='bbox 220 1159 288 1181; x_wconf 76' lang='lat' dir='ltr'><strong><em>nec</em></strong></span> <span class='ocrx_word' id='word_1_81' title='bbox 305 1147 484 1193; x_wconf 75' lang='lat' dir='ltr'><strong><em>yaudebit</em></strong></span> <span class='ocrx_word' id='word_1_82' title='bbox 503 1148 548 1182; x_wconf 75' lang='lat' dir='ltr'><strong><em>cle</em></strong></span> <span class='ocrx_word' id='word_1_83' title='bbox 567 1150 729 1181; x_wconf 78' lang='lat' dir='ltr'><strong><em>inimicis</em></strong></span> <span class='ocrx_word' id='word_1_84' title='bbox 745 1149 837 1181; x_wconf 76' lang='lat' dir='ltr'><strong><em>suis.</em></strong></span> 
     </span>
    </p>
   </div>
   <div class='ocr_carea' id='block_1_11' title="bbox 166 1215 1136 1301">
    <p class='ocr_par' dir='ltr' id='par_1_11' title="bbox 166 1215 1136 1301">
     <span class='ocr_line' id='line_1_18' title="bbox 166 1215 1136 1262; baseline 0.001 -13"><span class='ocrx_word' id='word_1_85' title='bbox 166 1215 227 1250; x_wconf 75' lang='lat' dir='ltr'><strong><em>lx.</em></strong></span> <span class='ocrx_word' id='word_1_86' title='bbox 272 1217 487 1260; x_wconf 78' lang='lat' dir='ltr'><strong><em>Dispersit,</em></strong></span> <span class='ocrx_word' id='word_1_87' title='bbox 524 1215 630 1249; x_wconf 79' lang='lat' dir='ltr'><strong><em>dedit</em></strong></span> <span class='ocrx_word' id='word_1_88' title='bbox 663 1215 916 1260; x_wconf 71' lang='lat' dir='ltr'><strong><em>pauperibus,</em></strong></span> <span class='ocrx_word' id='word_1_89' title='bbox 952 1218 1136 1262; x_wconf 36' lang='lat' dir='ltr'><strong><em>iusticia,</em></strong></span> 
     </span>
     <span class='ocr_line' id='line_1_19' title="bbox 685 1267 1136 1301; baseline 0.002 -1"><span class='ocrx_word' id='word_1_90' title='bbox 685 1269 803 1301; x_wconf 81' lang='lat' dir='ltr'><strong><em>Cornu</em></strong></span> <span class='ocrx_word' id='word_1_91' title='bbox 822 1270 902 1301; x_wconf 78' lang='lat' dir='ltr'><strong><em>eius</em></strong></span> <span class='ocrx_word' id='word_1_92' title='bbox 921 1267 1109 1301; x_wconf 62' lang='lat' dir='ltr'><strong><em>eoeallabi-</em></strong></span> <span class='ocrx_word' id='word_1_93' title='bbox 1134 1267 1136 1295; x_wconf 65' lang='lat'><strong><em>!&#39;</em></strong></span> 
     </span>
    </p>
   </div>
   <div class='ocr_carea' id='block_1_12' title="bbox 217 1271 629 1365">
    <p class='ocr_par' dir='ltr' id='par_1_12' title="bbox 217 1271 629 1365">
     <span class='ocr_line' id='line_1_20' title="bbox 217 1271 629 1311; baseline -0.002 -10"><span class='ocrx_word' id='word_1_94' title='bbox 217 1271 299 1302; x_wconf 80' lang='lat' dir='ltr'><strong><em>eius</em></strong></span> <span class='ocrx_word' id='word_1_95' title='bbox 321 1272 450 1302; x_wconf 37' lang='lat' dir='ltr'><strong><em>&#39;manet‘</em></strong></span> <span class='ocrx_word' id='word_1_96' title='bbox 470 1278 629 1311; x_wconf 78' lang='lat' dir='ltr'><strong><em>semper.</em></strong></span> 
     </span>
     <span class='ocr_line' id='line_1_21' title="bbox 219 1321 487 1365; baseline 0 -13"><span class='ocrx_word' id='word_1_97' title='bbox 219 1324 282 1353; x_wconf 79' lang='lat' dir='ltr'><strong><em>tur</em></strong></span> <span class='ocrx_word' id='word_1_98' title='bbox 299 1321 336 1352; x_wconf 84' lang='lat' dir='ltr'><strong><em>in</em></strong></span> <span class='ocrx_word' id='word_1_99' title='bbox 350 1321 487 1365; x_wconf 66' lang='lat' dir='ltr'><strong><em>gloria.</em></strong></span> 
     </span>
    </p>
   </div>
   <div class='ocr_carea' id='block_1_13' title="bbox 163 1384 2154 1470">
    <p class='ocr_par' dir='ltr' id='par_1_13' title="bbox 163 1384 2154 1470">
     <span class='ocr_line' id='line_1_22' title="bbox 163 1384 2143 1470; baseline 0.001 -51"><span class='ocrx_word' id='word_1_100' title='bbox 163 1386 207 1421; x_wconf 78' lang='lat' dir='ltr'><strong><em>X.</em></strong></span> <span class='ocrx_word' id='word_1_101' title='bbox 240 1389 383 1431; x_wconf 77' lang='lat' dir='ltr'><strong><em>Impius</em></strong></span> <span class='ocrx_word' id='word_1_102' title='bbox 397 1385 536 1421; x_wconf 75' lang='lat' dir='ltr'><strong><em>videbit</em></strong></span> <span class='ocrx_word' id='word_1_103' title='bbox 553 1390 588 1418; x_wconf 87' lang='lat' dir='ltr'><strong><em>et</em></strong></span> <span class='ocrx_word' id='word_1_104' title='bbox 608 1388 805 1427; x_wconf 75' lang='lat' dir='ltr'><strong><em>irascetur,</em></strong></span> <span class='ocrx_word' id='word_1_105' title='bbox 835 1384 1012 1419; x_wconf 78' lang='lat' dir='ltr'><strong><em>(lentibus</em></strong></span> <span class='ocrx_word' id='word_1_106' title='bbox 1028 1388 1106 1418; x_wconf 73' lang='lat' dir='ltr'><strong><em>suis</em></strong></span> <span class='ocrx_word' id='word_1_107' title='bbox 1132 1401 1134 1440; x_wconf 43' lang='grc' dir='ltr'><em>ζ</em></span> <span class='ocrx_word' id='word_1_108' title='bbox 1159 1427 1265 1458; x_wconf 65' lang='lat' dir='ltr'><strong><em>opem</em></strong></span> <span class='ocrx_word' id='word_1_109' title='bbox 1292 1430 1365 1450; x_wconf 66' lang='lat' dir='ltr'><strong><em>non</em></strong></span> <span class='ocrx_word' id='word_1_110' title='bbox 1394 1426 1538 1462; x_wconf 58' lang='lat' dir='ltr'><strong><em>propter</em></strong></span> <span class='ocrx_word' id='word_1_111' title='bbox 1567 1422 1745 1464; x_wconf 62' lang='lat' dir='ltr'><strong><em>propriam</em></strong></span> <span class='ocrx_word' id='word_1_112' title='bbox 1771 1423 1977 1458; x_wconf 52' lang='lat' dir='ltr'><strong>dionitmem</strong></span> <span class='ocrx_word' id='word_1_113' title='bbox 2006 1427 2143 1470; x_wconf 60' lang='lat' dir='ltr'><strong><em>placere</em></strong></span> 
     </span>
     <span class='ocr_line' id='line_1_23' title="bbox 1810 1448 2154 1470; baseline 0.003 -1"><span class='ocrx_word' id='word_1_114' title='bbox 1810 1448 1827 1465; x_wconf 68' lang='grc' dir='ltr'><strong><em>ἶ)</em></strong></span> <span class='ocrx_word' id='word_1_115' title='bbox 2145 1458 2154 1470; x_wconf 69' lang='lat'>²</span> 
     </span>
    </p>
   </div>
   <div class='ocr_carea' id='block_1_14' title="bbox 212 1435 1104 1482">
    <p class='ocr_par' dir='ltr' id='par_1_14' title="bbox 212 1435 1104 1482">
     <span class='ocr_line' id='line_1_24' title="bbox 212 1435 1104 1482; baseline -0.002 -10"><span class='ocrx_word' id='word_1_116' title='bbox 212 1435 373 1482; x_wconf 79' lang='lat' dir='ltr'><strong><em>frendet</em></strong></span> <span class='ocrx_word' id='word_1_117' title='bbox 395 1443 431 1471; x_wconf 89' lang='lat' dir='ltr'><strong><em>et</em></strong></span> <span class='ocrx_word' id='word_1_118' title='bbox 456 1437 633 1471; x_wconf 72' lang='lat' dir='ltr'><strong><em>tabescet.</em></strong></span> <span class='ocrx_word' id='word_1_119' title='bbox 702 1435 946 1470; x_wconf 66' lang='grc' dir='ltr'><strong><em>Ιὶιέἱιῖονὶιιηιι</em></strong></span> <span class='ocrx_word' id='word_1_120' title='bbox 974 1439 1104 1480; x_wconf 71' lang='lat' dir='ltr'><strong><em>implo-</em></strong></span> 
     </span>
    </p>
   </div>
   <div class='ocr_carea' id='block_1_15' title="bbox 214 1488 949 1627">
    <p class='ocr_par' dir='ltr' id='par_1_15' title="bbox 214 1488 949 1627">
     <span class='ocr_line' id='line_1_25' title="bbox 214 1488 464 1534; baseline -0.004 -11"><span class='ocrx_word' id='word_1_121' title='bbox 214 1501 297 1523; x_wconf 81' lang='lat' dir='ltr'><strong><em>rum</em></strong></span> <span class='ocrx_word' id='word_1_122' title='bbox 316 1488 464 1534; x_wconf 75' lang='lat' dir='ltr'><strong><em>peribit.</em></strong></span> 
     </span>
     <span class='ocr_line' id='line_1_26' title="bbox 256 1580 949 1627; baseline -0.006 -10"><span class='ocrx_word' id='word_1_123' title='bbox 256 1581 583 1627; x_wconf 80' lang='lat' dir='ltr'><strong><em>Argumentum</em></strong></span> <span class='ocrx_word' id='word_1_124' title='bbox 620 1581 787 1615; x_wconf 81' lang='lat' dir='ltr'>Psalmi</span> <span class='ocrx_word' id='word_1_125' title='bbox 821 1580 949 1614; x_wconf 83' lang='lat' dir='ltr'><strong>CXII.</strong></span> 
     </span>
    </p>
   </div>
   <div class='ocr_carea' id='block_1_16' title="bbox 110 1658 1102 1755">
    <p class='ocr_par' dir='ltr' id='par_1_16' title="bbox 110 1658 1102 1755">
     <span class='ocr_line' id='line_1_27' title="bbox 214 1658 1102 1702; baseline -0.002 -10"><span class='ocrx_word' id='word_1_126' title='bbox 214 1658 282 1693; x_wconf 89' lang='lat' dir='ltr'><strong><em>Hic</em></strong></span> <span class='ocrx_word' id='word_1_127' title='bbox 300 1659 462 1694; x_wconf 86' lang='lat' dir='ltr'><strong><em>Psalmus</em></strong></span> <span class='ocrx_word' id='word_1_128' title='bbox 487 1666 536 1692; x_wconf 83' lang='lat' dir='ltr'><strong><em>est</em></strong></span> <span class='ocrx_word' id='word_1_129' title='bbox 561 1671 599 1691; x_wconf 79' lang='lat' dir='ltr'><strong><em>ex</em></strong></span> <span class='ocrx_word' id='word_1_130' title='bbox 620 1670 659 1691; x_wconf 88' lang='lat' dir='ltr'><strong><em>eo</em></strong></span> <span class='ocrx_word' id='word_1_131' title='bbox 677 1669 819 1700; x_wconf 81' lang='lat' dir='ltr'><strong><em>genere,</em></strong></span> <span class='ocrx_word' id='word_1_132' title='bbox 847 1659 941 1702; x_wconf 85' lang='lat' dir='ltr'><strong><em>quod</em></strong></span> <span class='ocrx_word' id='word_1_133' title='bbox 961 1659 1102 1690; x_wconf 75' lang='lat' dir='ltr'><strong><em>vocavi-</em></strong></span> 
     </span>
     <span class='ocr_line' id='line_1_28' title="bbox 110 1707 1101 1755; baseline -0.001 -12"><span class='ocrx_word' id='word_1_134' title='bbox 110 1722 187 1743; x_wconf 88' lang='lat' dir='ltr'><strong><em>mus</em></strong></span> <span class='ocrx_word' id='word_1_135' title='bbox 212 1709 387 1755; x_wconf 71' lang='grc' dir='ltr'><strong><em>νομικὸν,</em></strong></span> <span class='ocrx_word' id='word_1_136' title='bbox 424 1712 458 1744; x_wconf 89' lang='lat' dir='ltr'><strong><em>id</em></strong></span> <span class='ocrx_word' id='word_1_137' title='bbox 486 1718 553 1750; x_wconf 85' lang='lat' dir='ltr'><strong><em>est,</em></strong></span> <span class='ocrx_word' id='word_1_138' title='bbox 581 1709 779 1742; x_wconf 70' lang='lat' dir='ltr'><strong><em>doctrinam</em></strong></span> <span class='ocrx_word' id='word_1_139' title='bbox 806 1708 900 1751; x_wconf 83' lang='lat' dir='ltr'><strong><em>legis.</em></strong></span> <span class='ocrx_word' id='word_1_140' title='bbox 965 1707 1101 1752; x_wconf 83' lang='lat' dir='ltr'><strong><em>Propo-</em></strong></span> 
     </span>
    </p>
   </div>
   <div class='ocr_carea' id='block_1_17' title="bbox 110 1759 1128 1807">
    <p class='ocr_par' dir='ltr' id='par_1_17' title="bbox 110 1759 1128 1807">
     <span class='ocr_line' id='line_1_29' title="bbox 110 1759 1128 1807; baseline -0.002 -13"><span class='ocrx_word' id='word_1_141' title='bbox 110 1762 163 1795; x_wconf 89' lang='lat' dir='ltr'><strong><em>nit</em></strong></span> <span class='ocrx_word' id='word_1_142' title='bbox 188 1763 281 1795; x_wconf 89' lang='lat' dir='ltr'><strong><em>enim</em></strong></span> <span class='ocrx_word' id='word_1_143' title='bbox 306 1769 486 1807; x_wconf 86' lang='lat' dir='ltr'><strong><em>praecepta</em></strong></span> <span class='ocrx_word' id='word_1_144' title='bbox 513 1763 555 1794; x_wconf 92' lang='lat' dir='ltr'><strong><em>de</em></strong></span> <span class='ocrx_word' id='word_1_145' title='bbox 577 1761 643 1792; x_wconf 83' lang='lat' dir='ltr'><strong><em>fide</em></strong></span> <span class='ocrx_word' id='word_1_146' title='bbox 669 1767 702 1793; x_wconf 84' lang='lat' dir='ltr'><strong><em>et</em></strong></span> <span class='ocrx_word' id='word_1_147' title='bbox 724 1760 827 1792; x_wconf 91' lang='lat' dir='ltr'><strong><em>bonis</em></strong></span> <span class='ocrx_word' id='word_1_148' title='bbox 851 1759 1033 1803; x_wconf 87' lang='lat' dir='ltr'><strong><em>operibus,</em></strong></span> <span class='ocrx_word' id='word_1_149' title='bbox 1069 1767 1100 1794; x_wconf 84' lang='lat' dir='ltr'><strong><em>et</em></strong></span> <span class='ocrx_word' id='word_1_150' title='bbox 1126 1781 1128 1792; x_wconf 44' lang='lat'><em>7</em></span> 
     </span>
    </p>
   </div>
   <div class='ocr_carea' id='block_1_18' title="bbox 564 1808 1569 1892">
    <p class='ocr_par' dir='ltr' id='par_1_18' title="bbox 564 1808 1569 1892">
     <span class='ocr_line' id='line_1_30' title="bbox 564 1808 1128 1856; baseline -0.002 -11"><span class='ocrx_word' id='word_1_151' title='bbox 564 1811 638 1845; x_wconf 80' lang='lat' dir='ltr'><strong><em>Nec</em></strong></span> <span class='ocrx_word' id='word_1_152' title='bbox 662 1818 711 1843; x_wconf 89' lang='lat' dir='ltr'><strong><em>est</em></strong></span> <span class='ocrx_word' id='word_1_153' title='bbox 734 1811 904 1843; x_wconf 89' lang='lat' dir='ltr'><strong><em>obscurus</em></strong></span> <span class='ocrx_word' id='word_1_154' title='bbox 932 1808 1003 1851; x_wconf 81' lang='lat' dir='ltr'><strong><em>liis,</em></strong></span> <span class='ocrx_word' id='word_1_155' title='bbox 1038 1812 1099 1856; x_wconf 89' lang='lat' dir='ltr'><strong><em>qui</em></strong></span> <span class='ocrx_word' id='word_1_156' title='bbox 1125 1841 1128 1849; x_wconf 95' lang='grc'><em>,</em></span> 
     </span>
     <span class='ocr_line' id='line_1_31' title="bbox 1125 1848 1569 1892; baseline 0.009 -13"><span class='ocrx_word' id='word_1_157' title='bbox 1125 1859 1127 1865; x_wconf 92' lang='grc'><strong><em>·</em></strong></span> <span class='ocrx_word' id='word_1_158' title='bbox 1155 1848 1253 1881; x_wconf 87' lang='lat' dir='ltr'><strong><em>nulla</em></strong></span> <span class='ocrx_word' id='word_1_159' title='bbox 1274 1856 1323 1882; x_wconf 86' lang='lat' dir='ltr'><strong><em>est</em></strong></span> <span class='ocrx_word' id='word_1_160' title='bbox 1342 1851 1569 1892; x_wconf 84' lang='lat' dir='ltr'><strong><em>poenitentia.</em></strong></span> 
     </span>
    </p>
   </div>
   <div class='ocr_carea' id='block_1_19' title="bbox 109 1813 1098 1906">
    <p class='ocr_par' dir='ltr' id='par_1_19' title="bbox 109 1813 1098 1906">
     <span class='ocr_line' id='line_1_32' title="bbox 109 1813 496 1857; baseline 0.005 -12"><span class='ocrx_word' id='word_1_161' title='bbox 109 1813 207 1846; x_wconf 90' lang='lat' dir='ltr'><strong><em>addit</em></strong></span> <span class='ocrx_word' id='word_1_162' title='bbox 234 1814 496 1857; x_wconf 78' lang='lat' dir='ltr'><strong><em>promissiones,</em></strong></span> 
     </span>
     <span class='ocr_line' id='line_1_33' title="bbox 109 1861 1098 1906; baseline -0.002 -10"><span class='ocrx_word' id='word_1_163' title='bbox 109 1864 334 1898; x_wconf 79' lang='lat' dir='ltr'><strong><em>mediocriter</em></strong></span> <span class='ocrx_word' id='word_1_164' title='bbox 358 1865 394 1897; x_wconf 91' lang='lat' dir='ltr'><strong><em>in</em></strong></span> <span class='ocrx_word' id='word_1_165' title='bbox 418 1864 578 1897; x_wconf 90' lang='lat' dir='ltr'><strong><em>doctrina</em></strong></span> <span class='ocrx_word' id='word_1_166' title='bbox 604 1863 661 1906; x_wconf 89' lang='lat' dir='ltr'><strong><em>pia</em></strong></span> <span class='ocrx_word' id='word_1_167' title='bbox 686 1862 835 1895; x_wconf 89' lang='lat' dir='ltr'><strong><em>instituti</em></strong></span> <span class='ocrx_word' id='word_1_168' title='bbox 862 1869 953 1895; x_wconf 85' lang='lat' dir='ltr'><strong><em>sunt.</em></strong></span> <span class='ocrx_word' id='word_1_169' title='bbox 1009 1861 1098 1895; x_wconf 80' lang='lat' dir='ltr'><strong><em>Nam</em></strong></span> 
     </span>
    </p>
   </div>
   <div class='ocr_carea' id='block_1_20' title="bbox 110 1913 1097 1960">
    <p class='ocr_par' dir='ltr' id='par_1_20' title="bbox 110 1913 1097 1960">
     <span class='ocr_line' id='line_1_34' title="bbox 110 1913 1097 1960; baseline -0.002 -12"><span class='ocrx_word' id='word_1_170' title='bbox 110 1913 353 1959; x_wconf 67' lang='lat' dir='ltr'><strong><em>praecepta&#39;de</em></strong></span> <span class='ocrx_word' id='word_1_171' title='bbox 372 1916 536 1960; x_wconf 86' lang='lat' dir='ltr'><strong><em>operibus</em></strong></span> <span class='ocrx_word' id='word_1_172' title='bbox 552 1914 690 1947; x_wconf 87' lang='lat' dir='ltr'><strong><em>facilius</em></strong></span> <span class='ocrx_word' id='word_1_173' title='bbox 706 1913 965 1955; x_wconf 79' lang='lat' dir='ltr'><strong><em>intelliguntur,</em></strong></span> <span class='ocrx_word' id='word_1_174' title='bbox 993 1925 1097 1958; x_wconf 88' lang='lat' dir='ltr'><strong><em>quam</em></strong></span> 
     </span>
    </p>
   </div>
   <div class='ocr_carea' id='block_1_21' title="bbox 108 2014 1098 2112">
    <p class='ocr_par' dir='ltr' id='par_1_21' title="bbox 108 2014 1098 2112">
     <span class='ocr_line' id='line_1_35' title="bbox 108 2014 853 2051; baseline -0.001 -1"><span class='ocrx_word' id='word_1_175' title='bbox 108 2015 172 2050; x_wconf 86' lang='lat' dir='ltr'><strong><em>Est</em></strong></span> <span class='ocrx_word' id='word_1_176' title='bbox 193 2024 308 2050; x_wconf 84' lang='lat' dir='ltr'><strong><em>autem</em></strong></span> <span class='ocrx_word' id='word_1_177' title='bbox 334 2019 526 2051; x_wconf 62' lang='lat' dir='ltr'><strong><em>admosk-im</em></strong></span> <span class='ocrx_word' id='word_1_178' title='bbox 552 2016 665 2048; x_wconf 88' lang='lat' dir='ltr'><strong><em>dulcis</em></strong></span> <span class='ocrx_word' id='word_1_179' title='bbox 682 2014 853 2049; x_wconf 85' lang='lat' dir='ltr'><strong><em>Psalmns.</em></strong></span> 
     </span>
     <span class='ocr_line' id='line_1_36' title="bbox 109 2063 1098 2112; baseline -0.001 -12"><span class='ocrx_word' id='word_1_180' title='bbox 109 2068 343 2102; x_wconf 87' lang='lat' dir='ltr'><strong><em>concionatur</em></strong></span> <span class='ocrx_word' id='word_1_181' title='bbox 366 2065 614 2112; x_wconf 83' lang='lat' dir='ltr'><strong><em>philosophico</em></strong></span> <span class='ocrx_word' id='word_1_182' title='bbox 638 2072 697 2099; x_wconf 85' lang='lat' dir='ltr'><strong><em>aut</em></strong></span> <span class='ocrx_word' id='word_1_183' title='bbox 719 2063 916 2110; x_wconf 87' lang='lat' dir='ltr'><strong><em>pharisaico</em></strong></span> <span class='ocrx_word' id='word_1_184' title='bbox 942 2078 1038 2099; x_wconf 86' lang='lat' dir='ltr'><strong><em>more</em></strong></span> <span class='ocrx_word' id='word_1_185' title='bbox 1056 2067 1098 2099; x_wconf 88' lang='lat' dir='ltr'><strong><em>de</em></strong></span> 
     </span>
    </p>
   </div>
   <div class='ocr_carea' id='block_1_22' title="bbox 110 2117 1126 2163">
    <p class='ocr_par' dir='ltr' id='par_1_22' title="bbox 110 2117 1126 2163">
     <span class='ocr_line' id='line_1_37' title="bbox 110 2117 1126 2163; baseline -0.001 -12"><span class='ocrx_word' id='word_1_186' title='bbox 110 2119 288 2163; x_wconf 85' lang='lat' dir='ltr'><strong><em>operibus,</em></strong></span> <span class='ocrx_word' id='word_1_187' title='bbox 316 2119 390 2152; x_wconf 88' lang='lat' dir='ltr'><strong><em>sine</em></strong></span> <span class='ocrx_word' id='word_1_188' title='bbox 407 2120 484 2159; x_wconf 82' lang='lat' dir='ltr'><strong><em>fide,</em></strong></span> <span class='ocrx_word' id='word_1_189' title='bbox 511 2119 569 2153; x_wconf 89' lang='lat' dir='ltr'><strong><em>sed</em></strong></span> <span class='ocrx_word' id='word_1_190' title='bbox 589 2117 798 2150; x_wconf 88' lang='lat' dir='ltr'><strong><em>nominatim</em></strong></span> <span class='ocrx_word' id='word_1_191' title='bbox 816 2117 961 2161; x_wconf 85' lang='lat' dir='ltr'><strong><em>requirit</em></strong></span> <span class='ocrx_word' id='word_1_192' title='bbox 981 2117 1097 2151; x_wconf 78' lang='lat' dir='ltr'><strong><em>fidem.</em></strong></span> <span class='ocrx_word' id='word_1_193' title='bbox 1124 2151 1126 2160; x_wconf 54' lang='grc'>,</span> 
     </span>
    </p>
   </div>
   <div class='ocr_carea' id='block_1_23' title="bbox 109 2166 1098 2265">
    <p class='ocr_par' dir='ltr' id='par_1_23' title="bbox 109 2166 1098 2265">
     <span class='ocr_line' id='line_1_38' title="bbox 109 2166 1098 2214; baseline 0 -12"><span class='ocrx_word' id='word_1_194' title='bbox 109 2169 291 2204; x_wconf 88' lang='lat' dir='ltr'><strong><em>Praeterea</em></strong></span> <span class='ocrx_word' id='word_1_195' title='bbox 318 2171 496 2204; x_wconf 81' lang='lat' dir='ltr'><strong><em>intertexit</em></strong></span> <span class='ocrx_word' id='word_1_196' title='bbox 520 2169 791 2214; x_wconf 84' lang='lat' dir='ltr'><strong><em>promissiones,</em></strong></span> <span class='ocrx_word' id='word_1_197' title='bbox 826 2168 863 2200; x_wconf 89' lang='lat' dir='ltr'><strong><em>in</em></strong></span> <span class='ocrx_word' id='word_1_198' title='bbox 887 2166 940 2201; x_wconf 84' lang='lat' dir='ltr'><strong><em>bis</em></strong></span> <span class='ocrx_word' id='word_1_199' title='bbox 967 2180 1098 2212; x_wconf 85' lang='lat' dir='ltr'><strong><em>propo-</em></strong></span> 
     </span>
     <span class='ocr_line' id='line_1_39' title="bbox 109 2219 1098 2265; baseline 0.001 -12"><span class='ocrx_word' id='word_1_200' title='bbox 109 2221 161 2254; x_wconf 80' lang='lat' dir='ltr'><strong><em>nit</em></strong></span> <span class='ocrx_word' id='word_1_201' title='bbox 185 2221 444 2255; x_wconf 73' lang='lat' dir='ltr'><strong><em>consolationes</em></strong></span> <span class='ocrx_word' id='word_1_202' title='bbox 469 2221 552 2265; x_wconf 90' lang='lat' dir='ltr'><strong><em>piis,</em></strong></span> <span class='ocrx_word' id='word_1_203' title='bbox 596 2226 717 2253; x_wconf 87' lang='lat' dir='ltr'><strong><em>contra</em></strong></span> <span class='ocrx_word' id='word_1_204' title='bbox 745 2219 948 2252; x_wconf 81' lang='lat' dir='ltr'><strong><em>scandalum</em></strong></span> <span class='ocrx_word' id='word_1_205' title='bbox 974 2220 1098 2254; x_wconf 85' lang='lat' dir='ltr'><strong><em>crucis.</em></strong></span> 
     </span>
    </p>
   </div>
   <div class='ocr_carea' id='block_1_24' title="bbox 109 2269 1097 2367">
    <p class='ocr_par' dir='ltr' id='par_1_24' title="bbox 109 2269 1097 2367">
     <span class='ocr_line' id='line_1_40' title="bbox 109 2269 1097 2311; baseline -0.002 -6"><span class='ocrx_word' id='word_1_206' title='bbox 109 2271 216 2305; x_wconf 81' lang='lat' dir='ltr'><strong><em>Multi</em></strong></span> <span class='ocrx_word' id='word_1_207' title='bbox 243 2273 344 2305; x_wconf 83' lang='lat' dir='ltr'><strong><em>fracti</em></strong></span> <span class='ocrx_word' id='word_1_208' title='bbox 370 2272 632 2306; x_wconf 82' lang='lat' dir='ltr'><strong><em>adflictionibus</em></strong></span> <span class='ocrx_word' id='word_1_209' title='bbox 655 2271 822 2303; x_wconf 86' lang='lat' dir='ltr'><strong><em>deficiunt</em></strong></span> <span class='ocrx_word' id='word_1_210' title='bbox 838 2283 854 2303; x_wconf 86' lang='lat' dir='ltr'><strong><em>a</em></strong></span> <span class='ocrx_word' id='word_1_211' title='bbox 873 2269 967 2311; x_wconf 91' lang='lat' dir='ltr'><strong><em>Deo,</em></strong></span> <span class='ocrx_word' id='word_1_212' title='bbox 995 2271 1097 2304; x_wconf 88' lang='lat' dir='ltr'><strong><em>multi</em></strong></span> 
     </span>
     <span class='ocr_line' id='line_1_41' title="bbox 109 2320 1097 2367; baseline -0.002 -11"><span class='ocrx_word' id='word_1_213' title='bbox 109 2331 252 2367; x_wconf 86' lang='lat' dir='ltr'><strong><em>propter</em></strong></span> <span class='ocrx_word' id='word_1_214' title='bbox 270 2323 546 2367; x_wconf 69' lang='lat' dir='ltr'><strong><em>persecutionem</em></strong></span> <span class='ocrx_word' id='word_1_215' title='bbox 563 2322 703 2366; x_wconf 79' lang='lat' dir='ltr'><strong><em>fugiunt</em></strong></span> <span class='ocrx_word' id='word_1_216' title='bbox 719 2328 778 2354; x_wconf 89' lang='lat' dir='ltr'><strong><em>aut</em></strong></span> <span class='ocrx_word' id='word_1_217' title='bbox 797 2322 966 2355; x_wconf 85' lang='lat' dir='ltr'><strong><em>abiiciunt</em></strong></span> <span class='ocrx_word' id='word_1_218' title='bbox 979 2320 1097 2354; x_wconf 74' lang='lat' dir='ltr'><strong><em>Evan-</em></strong></span> 
     </span>
    </p>
   </div>
   <div class='ocr_carea' id='block_1_25' title="bbox 109 2372 1126 2422">
    <p class='ocr_par' dir='ltr' id='par_1_25' title="bbox 109 2372 1126 2422">
     <span class='ocr_line' id='line_1_42' title="bbox 109 2372 1126 2422; baseline -0.002 -15"><span class='ocrx_word' id='word_1_219' title='bbox 109 2374 250 2417; x_wconf 70' lang='lat' dir='ltr'><strong><em>geliutn.</em></strong></span> <span class='ocrx_word' id='word_1_220' title='bbox 282 2373 460 2408; x_wconf 81' lang='lat' dir='ltr'><strong><em>Adversus</em></strong></span> <span class='ocrx_word' id='word_1_221' title='bbox 472 2372 1098 2408; x_wconf 87' lang='lat' dir='ltr'><strong><em>huiusmoditentationesmuniendi</em></strong></span> <span class='ocrx_word' id='word_1_222' title='bbox 1124 2399 1126 2422; x_wconf 51' lang='lat'><em>=</em></span> 
     </span>
    </p>
   </div>
   <div class='ocr_carea' id='block_1_26' title="bbox 107 2422 1099 2768">
    <p class='ocr_par' dir='ltr' id='par_1_26' title="bbox 107 2422 1098 2571">
     <span class='ocr_line' id='line_1_43' title="bbox 107 2422 1098 2469; baseline -0.001 -12"><span class='ocrx_word' id='word_1_223' title='bbox 107 2432 188 2458; x_wconf 87' lang='lat' dir='ltr'><strong><em>suut</em></strong></span> <span class='ocrx_word' id='word_1_224' title='bbox 227 2426 335 2458; x_wconf 87' lang='lat' dir='ltr'><strong><em>animi</em></strong></span> <span class='ocrx_word' id='word_1_225' title='bbox 368 2426 499 2459; x_wconf 86' lang='lat' dir='ltr'><strong><em>talibus</em></strong></span> <span class='ocrx_word' id='word_1_226' title='bbox 531 2424 847 2469; x_wconf 85' lang='lat' dir='ltr'><strong><em>promissionibus,</em></strong></span> <span class='ocrx_word' id='word_1_227' title='bbox 889 2424 1008 2469; x_wconf 84' lang='lat' dir='ltr'><strong><em>quales</em></strong></span> <span class='ocrx_word' id='word_1_228' title='bbox 1041 2422 1098 2457; x_wconf 90' lang='lat' dir='ltr'><strong><em>hic</em></strong></span> 
     </span>
     <span class='ocr_line' id='line_1_44' title="bbox 108 2475 1098 2519; baseline -0.001 -10"><span class='ocrx_word' id='word_1_229' title='bbox 108 2477 322 2516; x_wconf 84' lang='lat' dir='ltr'><strong><em>traduntur,</em></strong></span> <span class='ocrx_word' id='word_1_230' title='bbox 358 2484 389 2510; x_wconf 88' lang='lat' dir='ltr'><strong><em>et</em></strong></span> <span class='ocrx_word' id='word_1_231' title='bbox 413 2483 462 2510; x_wconf 87' lang='lat' dir='ltr'><strong><em>est</em></strong></span> <span class='ocrx_word' id='word_1_232' title='bbox 490 2476 703 2519; x_wconf 85' lang='lat' dir='ltr'><strong><em>expectanda</em></strong></span> <span class='ocrx_word' id='word_1_233' title='bbox 729 2475 890 2508; x_wconf 86' lang='lat' dir='ltr'><strong><em>liberatio</em></strong></span> <span class='ocrx_word' id='word_1_234' title='bbox 917 2476 1011 2508; x_wconf 89' lang='lat' dir='ltr'><strong><em>iuxta</em></strong></span> <span class='ocrx_word' id='word_1_235' title='bbox 1036 2488 1098 2508; x_wconf 78' lang='lat' dir='ltr'><strong><em>vo-</em></strong></span> 
     </span>
     <span class='ocr_line' id='line_1_45' title="bbox 109 2526 735 2571; baseline 0 -11"><span class='ocrx_word' id='word_1_236' title='bbox 109 2527 278 2562; x_wconf 83' lang='lat' dir='ltr'><strong><em>luntatem</em></strong></span> <span class='ocrx_word' id='word_1_237' title='bbox 299 2526 383 2567; x_wconf 81' lang='lat' dir='ltr'><strong><em>Dei,</em></strong></span> <span class='ocrx_word' id='word_1_238' title='bbox 413 2535 451 2561; x_wconf 85' lang='lat' dir='ltr'><strong><em>ut</em></strong></span> <span class='ocrx_word' id='word_1_239' title='bbox 471 2533 589 2571; x_wconf 87' lang='lat' dir='ltr'><strong><em>postea</em></strong></span> <span class='ocrx_word' id='word_1_240' title='bbox 610 2526 735 2560; x_wconf 83' lang='lat' dir='ltr'><strong><em>dicam.</em></strong></span> 
     </span>
    </p>

    <p class='ocr_par' dir='ltr' id='par_1_27' title="bbox 108 2577 1099 2724">
     <span class='ocr_line' id='line_1_46' title="bbox 210 2577 1098 2624; baseline -0.003 -11"><span class='ocrx_word' id='word_1_241' title='bbox 210 2579 278 2613; x_wconf 79' lang='lat' dir='ltr'><strong><em>Sed</em></strong></span> <span class='ocrx_word' id='word_1_242' title='bbox 303 2580 384 2624; x_wconf 86' lang='lat' dir='ltr'><strong><em>quia</em></strong></span> <span class='ocrx_word' id='word_1_243' title='bbox 402 2579 563 2612; x_wconf 87' lang='lat' dir='ltr'><strong><em>Psalmus</em></strong></span> <span class='ocrx_word' id='word_1_244' title='bbox 586 2577 815 2611; x_wconf 87' lang='lat' dir='ltr'><strong><em>concionatur</em></strong></span> <span class='ocrx_word' id='word_1_245' title='bbox 833 2578 874 2610; x_wconf 88' lang='lat' dir='ltr'><strong><em>de</em></strong></span> <span class='ocrx_word' id='word_1_246' title='bbox 893 2577 995 2610; x_wconf 87' lang='lat' dir='ltr'><strong><em>bonis</em></strong></span> <span class='ocrx_word' id='word_1_247' title='bbox 1016 2590 1098 2622; x_wconf 87' lang='lat' dir='ltr'><strong><em>ope-</em></strong></span> 
     </span>
     <span class='ocr_line' id='line_1_47' title="bbox 109 2628 1098 2675; baseline -0.001 -13"><span class='ocrx_word' id='word_1_248' title='bbox 109 2630 226 2669; x_wconf 80' lang='lat' dir='ltr'><strong><em>ribus,</em></strong></span> <span class='ocrx_word' id='word_1_249' title='bbox 254 2631 408 2675; x_wconf 87' lang='lat' dir='ltr'><strong><em>primum</em></strong></span> <span class='ocrx_word' id='word_1_250' title='bbox 434 2629 492 2664; x_wconf 84' lang='lat' dir='ltr'><strong><em>hic</em></strong></span> <span class='ocrx_word' id='word_1_251' title='bbox 516 2629 714 2662; x_wconf 88' lang='lat' dir='ltr'><strong><em>monendus</em></strong></span> <span class='ocrx_word' id='word_1_252' title='bbox 740 2634 789 2661; x_wconf 85' lang='lat' dir='ltr'><strong><em>est</em></strong></span> <span class='ocrx_word' id='word_1_253' title='bbox 813 2628 940 2669; x_wconf 88' lang='lat' dir='ltr'><strong><em>lector,</em></strong></span> <span class='ocrx_word' id='word_1_254' title='bbox 967 2630 1009 2661; x_wconf 90' lang='lat' dir='ltr'><strong><em>de</em></strong></span> <span class='ocrx_word' id='word_1_255' title='bbox 1035 2630 1098 2661; x_wconf 92' lang='lat' dir='ltr'><strong><em>do-</em></strong></span> 
     </span>
     <span class='ocr_line' id='line_1_48' title="bbox 108 2679 1099 2724; baseline -0.001 -10"><span class='ocrx_word' id='word_1_256' title='bbox 108 2681 221 2715; x_wconf 86' lang='lat' dir='ltr'><strong><em>ctrina</em></strong></span> <span class='ocrx_word' id='word_1_257' title='bbox 255 2682 355 2723; x_wconf 72' lang='lat' dir='ltr'><strong><em>fidei,</em></strong></span> <span class='ocrx_word' id='word_1_258' title='bbox 391 2689 440 2716; x_wconf 85' lang='lat' dir='ltr'><strong><em>est</em></strong></span> <span class='ocrx_word' id='word_1_259' title='bbox 469 2680 573 2714; x_wconf 88' lang='lat' dir='ltr'><strong><em>etiam</em></strong></span> <span class='ocrx_word' id='word_1_260' title='bbox 599 2679 797 2713; x_wconf 87' lang='lat' dir='ltr'><strong><em>monendus</em></strong></span> <span class='ocrx_word' id='word_1_261' title='bbox 821 2680 998 2723; x_wconf 87' lang='lat' dir='ltr'><strong><em>quomodo</em></strong></span> <span class='ocrx_word' id='word_1_262' title='bbox 1023 2680 1099 2724; x_wconf 89' lang='lat' dir='ltr'><strong><em>pla-</em></strong></span> 
     </span>
    </p>

    <p class='ocr_par' dir='ltr' id='par_1_28' title="bbox 162 2731 690 2768">
     <span class='ocr_line' id='line_1_49' title="bbox 162 2731 690 2768; baseline -0.002 -5"><span class='ocrx_word' id='word_1_263' title='bbox 162 2733 340 2767; x_wconf 68' lang='lat' dir='ltr'><strong><em>MELAx&#39;rn.</em></strong></span> <span class='ocrx_word' id='word_1_264' title='bbox 361 2737 464 2768; x_wconf 64' lang='lat' dir='ltr'><strong><em>Oriza.</em></strong></span> <span class='ocrx_word' id='word_1_265' title='bbox 494 2734 578 2766; x_wconf 76' lang='lat' dir='ltr'><strong><em>VoL.</em></strong></span> <span class='ocrx_word' id='word_1_266' title='bbox 598 2731 690 2764; x_wconf 83' lang='lat' dir='ltr'><strong>XIII.</strong></span> 
     </span>
    </p>
   </div>
   <div class='ocr_carea' id='block_1_27' title="bbox 730 101 1577 140">
    <p class='ocr_par' dir='ltr' id='par_1_29' title="bbox 730 101 1577 140">
     <span class='ocr_line' id='line_1_50' title="bbox 730 101 1577 140; baseline 0.002 -3"><span class='ocrx_word' id='word_1_267' title='bbox 730 103 790 140; x_wconf 73' lang='lat' dir='ltr'><strong><em>lx.</em></strong></span> <span class='ocrx_word' id='word_1_268' title='bbox 845 101 1207 139; x_wconf 71' lang='lat' dir='ltr'>COMMENTARH</span> <span class='ocrx_word' id='word_1_269' title='bbox 1250 101 1296 136; x_wconf 85' lang='lat' dir='ltr'><strong><em>IN</em></strong></span> <span class='ocrx_word' id='word_1_270' title='bbox 1335 103 1577 140; x_wconf 70' lang='lat' dir='ltr'>PSALMOS.</span> 
     </span>
    </p>
   </div>
   <div class='ocr_carea' id='block_1_28' title="bbox 282 496 2164 602">
    <p class='ocr_par' dir='ltr' id='par_1_30' title="bbox 282 496 2164 602">
     <span class='ocr_line' id='line_1_51' title="bbox 282 496 1145 543; baseline 0.002 -12"><span class='ocrx_word' id='word_1_271' title='bbox 282 499 375 542; x_wconf 80' lang='lat' dir='ltr'><strong><em>Opes</em></strong></span> <span class='ocrx_word' id='word_1_272' title='bbox 399 503 437 533; x_wconf 80' lang='lat' dir='ltr'><strong><em>et</em></strong></span> <span class='ocrx_word' id='word_1_273' title='bbox 461 496 622 533; x_wconf 75' lang='lat' dir='ltr'><strong><em>divitiae</em></strong></span> <span class='ocrx_word' id='word_1_274' title='bbox 640 502 678 534; x_wconf 78' lang='lat' dir='ltr'><strong><em>in</em></strong></span> <span class='ocrx_word' id='word_1_275' title='bbox 697 499 802 533; x_wconf 84' lang='lat' dir='ltr'><strong><em>domo</em></strong></span> <span class='ocrx_word' id='word_1_276' title='bbox 820 502 921 543; x_wconf 79' lang='lat' dir='ltr'><strong><em>eius,</em></strong></span> <span class='ocrx_word' id='word_1_277' title='bbox 950 504 984 533; x_wconf 82' lang='lat' dir='ltr'><strong><em>et</em></strong></span> <span class='ocrx_word' id='word_1_278' title='bbox 1005 501 1118 533; x_wconf 76' lang='lat' dir='ltr'><strong><em>iusti-</em></strong></span> <span class='ocrx_word' id='word_1_279' title='bbox 1143 534 1145 542; x_wconf 25' lang='grc' dir='ltr'>ἵ</span> 
     </span>
     <span class='ocr_line' id='line_1_52' title="bbox 1143 544 2164 602; baseline 0.017 -27"><span class='ocrx_word' id='word_1_280' title='bbox 1143 545 1145 556; x_wconf 78' lang='lat'>‘</span> <span class='ocrx_word' id='word_1_281' title='bbox 1171 545 1277 586; x_wconf 83' lang='lat' dir='ltr'><strong><em>gratis</em></strong></span> <span class='ocrx_word' id='word_1_282' title='bbox 1302 544 1453 588; x_wconf 76' lang='lat' dir='ltr'><strong><em>ignosci,</em></strong></span> <span class='ocrx_word' id='word_1_283' title='bbox 1495 559 1560 580; x_wconf 90' lang='lat' dir='ltr'><strong><em>nos</em></strong></span> <span class='ocrx_word' id='word_1_284' title='bbox 1584 550 1762 591; x_wconf 83' lang='lat' dir='ltr'><strong><em>exaudiri,</em></strong></span> <span class='ocrx_word' id='word_1_285' title='bbox 1805 559 1837 585; x_wconf 87' lang='lat' dir='ltr'><strong><em>et</em></strong></span> <span class='ocrx_word' id='word_1_286' title='bbox 1860 558 1992 588; x_wconf 87' lang='lat' dir='ltr'><strong><em>servari</em></strong></span> <span class='ocrx_word' id='word_1_287' title='bbox 2021 565 2164 602; x_wconf 83' lang='lat' dir='ltr'><strong><em>propter</em></strong></span> 
     </span>
    </p>
   </div>
   <div class='ocr_carea' id='block_1_29' title="bbox 175 593 1364 662">
    <p class='ocr_par' dir='ltr' id='par_1_31' title="bbox 175 593 1364 662">
     <span class='ocr_line' id='line_1_53' title="bbox 175 593 1364 662; baseline 0.003 -12"><span class='ocrx_word' id='word_1_288' title='bbox 175 615 237 652; x_wconf 73' lang='lat' dir='ltr'><strong><em>IV.</em></strong></span> <span class='ocrx_word' id='word_1_289' title='bbox 277 620 405 652; x_wconf 82' lang='lat' dir='ltr'><strong><em>Oritur</em></strong></span> <span class='ocrx_word' id='word_1_290' title='bbox 429 621 467 652; x_wconf 83' lang='lat' dir='ltr'><strong><em>in</em></strong></span> <span class='ocrx_word' id='word_1_291' title='bbox 493 618 656 653; x_wconf 77' lang='lat' dir='ltr'><strong><em>tenebris</em></strong></span> <span class='ocrx_word' id='word_1_292' title='bbox 681 620 806 653; x_wconf 79' lang='lat' dir='ltr'><strong><em>lumen</em></strong></span> <span class='ocrx_word' id='word_1_293' title='bbox 833 621 970 662; x_wconf 72' lang='lat' dir='ltr'><strong><em>rectis,</em></strong></span> <span class='ocrx_word' id='word_1_294' title='bbox 1000 630 1022 652; x_wconf 84' lang='lat' dir='ltr'><strong><em>a</em></strong></span> <span class='ocrx_word' id='word_1_295' title='bbox 1045 621 1116 653; x_wconf 82' lang='lat' dir='ltr'><strong><em>mi-</em></strong></span> <span class='ocrx_word' id='word_1_296' title='bbox 1142 628 1143 632; x_wconf 76' lang='grc'>’</span> <span class='ocrx_word' id='word_1_297' title='bbox 1170 593 1364 647; x_wconf 65' lang='lat' dir='ltr'><strong><em>Chmsmm&#39;</em></strong></span> 
     </span>
    </p>
   </div>
   <div class='ocr_carea' id='block_1_30' title="bbox 1140 756 1750 797">
    <p class='ocr_par' dir='ltr' id='par_1_32' title="bbox 1140 756 1750 797">
     <span class='ocr_line' id='line_1_54' title="bbox 1140 756 1750 797; baseline 0.013 -12"><span class='ocrx_word' id='word_1_298' title='bbox 1140 775 1141 779; x_wconf 64' lang='lat'><strong><em>,</em></strong></span> <span class='ocrx_word' id='word_1_299' title='bbox 1169 766 1274 797; x_wconf 87' lang='lat' dir='ltr'><strong><em>opera</em></strong></span> <span class='ocrx_word' id='word_1_300' title='bbox 1301 767 1319 787; x_wconf 88' lang='lat' dir='ltr'><strong><em>a</em></strong></span> <span class='ocrx_word' id='word_1_301' title='bbox 1345 756 1420 789; x_wconf 88' lang='lat' dir='ltr'><strong><em>Deo</em></strong></span> <span class='ocrx_word' id='word_1_302' title='bbox 1445 758 1549 790; x_wconf 91' lang='lat' dir='ltr'><strong><em>nobis</em></strong></span> <span class='ocrx_word' id='word_1_303' title='bbox 1574 760 1750 794; x_wconf 83' lang='lat' dir='ltr'><strong><em>mandata.</em></strong></span> 
     </span>
    </p>
   </div>
   <div class='ocr_carea' id='block_1_31' title="bbox 1137 1006 1836 1049">
    <p class='ocr_par' dir='ltr' id='par_1_33' title="bbox 1137 1006 1836 1049">
     <span class='ocr_line' id='line_1_55' title="bbox 1137 1006 1836 1049; baseline 0.011 -9"><span class='ocrx_word' id='word_1_304' title='bbox 1137 1028 1138 1031; x_wconf 65' lang='lat'><em>=</em></span> <span class='ocrx_word' id='word_1_305' title='bbox 1166 1007 1207 1041; x_wconf 89' lang='lat' dir='ltr'><strong><em>In</em></strong></span> <span class='ocrx_word' id='word_1_306' title='bbox 1225 1006 1290 1042; x_wconf 89' lang='lat' dir='ltr'><strong><em>hac</em></strong></span> <span class='ocrx_word' id='word_1_307' title='bbox 1309 1010 1377 1043; x_wconf 83' lang='lat' dir='ltr'><strong><em>fide</em></strong></span> <span class='ocrx_word' id='word_1_308' title='bbox 1396 1012 1471 1044; x_wconf 88' lang='lat' dir='ltr'><strong><em>vult</em></strong></span> <span class='ocrx_word' id='word_1_309' title='bbox 1489 1024 1552 1045; x_wconf 90' lang='lat' dir='ltr'><strong><em>nos</em></strong></span> <span class='ocrx_word' id='word_1_310' title='bbox 1568 1011 1663 1047; x_wconf 86' lang='lat' dir='ltr'><strong><em>Deus</em></strong></span> <span class='ocrx_word' id='word_1_311' title='bbox 1683 1014 1836 1049; x_wconf 81' lang='lat' dir='ltr'><strong><em>obedire.</em></strong></span> 
     </span>
    </p>
   </div>
   <div class='ocr_carea' id='block_1_32' title="bbox 1124 557 1145 2309">
    <p class='ocr_par' dir='ltr' id='par_1_34' title="bbox 1124 557 1145 2309">
     <span class='ocr_line' id='line_1_56' title="bbox 1124 557 1145 2309; baseline 0 0"><span class='ocrx_word' id='word_1_312' title='bbox 1124 557 1145 2309; x_wconf 95' lang='lat' dir='ltr'><strong><em> </em></strong></span> 
     </span>
    </p>
   </div>
   <div class='ocr_carea' id='block_1_33' title="bbox 1124 557 1145 2560">
    <p class='ocr_par' dir='ltr' id='par_1_35' title="bbox 1124 557 1145 2560">
     <span class='ocr_line' id='line_1_57' title="bbox 1124 557 1145 2560; baseline 0 0"><span class='ocrx_word' id='word_1_313' title='bbox 1124 557 1145 2560; x_wconf 95' lang='lat' dir='ltr'><strong><em> </em></strong></span> 
     </span>
    </p>
   </div>
   <div class='ocr_carea' id='block_1_34' title="bbox 2074 118 2168 152">
    <p class='ocr_par' dir='ltr' id='par_1_36' title="bbox 2074 118 2168 152">
     <span class='ocr_line' id='line_1_58' title="bbox 2074 118 2168 152; baseline 0.021 -2"><span class='ocrx_word' id='word_1_314' title='bbox 2074 118 2168 152; x_wconf 80' lang='lat'>1314</span> 
     </span>
    </p>
   </div>
   <div class='ocr_carea' id='block_1_35' title="bbox 1150 188 2166 295">
    <p class='ocr_par' dir='ltr' id='par_1_37' title="bbox 1150 188 2166 295">
     <span class='ocr_line' id='line_1_59' title="bbox 1150 188 2166 239; baseline 0.017 -20"><span class='ocrx_word' id='word_1_315' title='bbox 1150 188 1153 236; x_wconf 65' lang='lat' dir='ltr'><strong><em>j</em></strong></span> <span class='ocrx_word' id='word_1_316' title='bbox 1179 194 1282 221; x_wconf 86' lang='lat' dir='ltr'><strong><em>ceant</em></strong></span> <span class='ocrx_word' id='word_1_317' title='bbox 1306 188 1399 222; x_wconf 87' lang='lat' dir='ltr'><strong><em>bona</em></strong></span> <span class='ocrx_word' id='word_1_318' title='bbox 1425 202 1548 234; x_wconf 87' lang='lat' dir='ltr'><strong><em>opera,</em></strong></span> <span class='ocrx_word' id='word_1_319' title='bbox 1576 204 1652 225; x_wconf 91' lang='lat' dir='ltr'><strong><em>cum</em></strong></span> <span class='ocrx_word' id='word_1_320' title='bbox 1677 199 1793 227; x_wconf 86' lang='lat' dir='ltr'><strong><em>tamen</em></strong></span> <span class='ocrx_word' id='word_1_321' title='bbox 1818 196 1885 239; x_wconf 81' lang='lat' dir='ltr'><strong><em>legi</em></strong></span> <span class='ocrx_word' id='word_1_322' title='bbox 1907 210 2010 232; x_wconf 89' lang='lat' dir='ltr'><strong><em>nemo</em></strong></span> <span class='ocrx_word' id='word_1_323' title='bbox 2032 203 2166 235; x_wconf 86' lang='lat' dir='ltr'><strong><em>satisfa-</em></strong></span> 
     </span>
     <span class='ocr_line' id='line_1_60' title="bbox 1150 237 2166 295; baseline 0.017 -25"><span class='ocrx_word' id='word_1_324' title='bbox 1150 238 1151 247; x_wconf 64' lang='lat'>¹</span> <span class='ocrx_word' id='word_1_325' title='bbox 1178 238 1257 274; x_wconf 88' lang='lat' dir='ltr'><strong><em>ciat.</em></strong></span> <span class='ocrx_word' id='word_1_326' title='bbox 1310 237 1471 274; x_wconf 88' lang='lat' dir='ltr'><strong><em>Primum</em></strong></span> <span class='ocrx_word' id='word_1_327' title='bbox 1504 253 1585 285; x_wconf 85' lang='lat' dir='ltr'><strong><em>ergo</em></strong></span> <span class='ocrx_word' id='word_1_328' title='bbox 1616 243 1798 279; x_wconf 83' lang='lat' dir='ltr'><strong><em>sciendum</em></strong></span> <span class='ocrx_word' id='word_1_329' title='bbox 1831 255 1900 289; x_wconf 87' lang='lat' dir='ltr'><strong><em>est,</em></strong></span> <span class='ocrx_word' id='word_1_330' title='bbox 1935 252 2028 295; x_wconf 91' lang='lat' dir='ltr'><strong><em>quod</em></strong></span> <span class='ocrx_word' id='word_1_331' title='bbox 2061 255 2166 295; x_wconf 85' lang='lat' dir='ltr'><strong><em>gratis</em></strong></span> 
     </span>
    </p>
   </div>
   <div class='ocr_carea' id='block_1_36' title="bbox 1177 289 2165 343">
    <p class='ocr_par' dir='ltr' id='par_1_38' title="bbox 1177 289 2165 343">
     <span class='ocr_line' id='line_1_61' title="bbox 1177 289 2165 343; baseline 0.016 -22"><span class='ocrx_word' id='word_1_332' title='bbox 1177 289 1244 322; x_wconf 85' lang='lat' dir='ltr'><strong><em>fide</em></strong></span> <span class='ocrx_word' id='word_1_333' title='bbox 1268 298 1412 333; x_wconf 88' lang='lat' dir='ltr'><strong><em>propter</em></strong></span> <span class='ocrx_word' id='word_1_334' title='bbox 1429 290 1607 326; x_wconf 79' lang='lat' dir='ltr'><strong><em>Christum</em></strong></span> <span class='ocrx_word' id='word_1_335' title='bbox 1634 307 1891 341; x_wconf 81' lang='lat' dir='ltr'><strong><em>consequamur</em></strong></span> <span class='ocrx_word' id='word_1_336' title='bbox 1913 301 2165 343; x_wconf 79' lang='lat' dir='ltr'><strong><em>remissionem,</em></strong></span> 
     </span>
    </p>
   </div>
   <div class='ocr_carea' id='block_1_37' title="bbox 1147 341 2165 396">
    <p class='ocr_par' dir='ltr' id='par_1_39' title="bbox 1147 341 2165 396">
     <span class='ocr_line' id='line_1_62' title="bbox 1147 341 2165 396; baseline 0.016 -24"><span class='ocrx_word' id='word_1_337' title='bbox 1147 341 1149 365; x_wconf 71' lang='grc' dir='ltr'><strong>ἲ</strong></span> <span class='ocrx_word' id='word_1_338' title='bbox 1176 348 1209 374; x_wconf 86' lang='lat' dir='ltr'><strong><em>et</em></strong></span> <span class='ocrx_word' id='word_1_339' title='bbox 1228 347 1432 384; x_wconf 85' lang='lat' dir='ltr'><strong><em>reputemur</em></strong></span> <span class='ocrx_word' id='word_1_340' title='bbox 1448 343 1550 384; x_wconf 82' lang='lat' dir='ltr'><strong><em>iusti,</em></strong></span> <span class='ocrx_word' id='word_1_341' title='bbox 1581 356 1652 377; x_wconf 92' lang='lat' dir='ltr'><strong><em>non</em></strong></span> <span class='ocrx_word' id='word_1_342' title='bbox 1671 355 1813 390; x_wconf 87' lang='lat' dir='ltr'><strong><em>propter</em></strong></span> <span class='ocrx_word' id='word_1_343' title='bbox 1828 357 1946 384; x_wconf 87' lang='lat' dir='ltr'><strong><em>nostra</em></strong></span> <span class='ocrx_word' id='word_1_344' title='bbox 1964 364 2080 396; x_wconf 85' lang='lat' dir='ltr'><strong><em>opera,</em></strong></span> <span class='ocrx_word' id='word_1_345' title='bbox 2106 363 2165 388; x_wconf 88' lang='lat' dir='ltr'><strong><em>aut</em></strong></span> 
     </span>
    </p>
   </div>
   <div class='ocr_carea' id='block_1_38' title="bbox 1174 392 2164 446">
    <p class='ocr_par' dir='ltr' id='par_1_40' title="bbox 1174 392 2164 446">
     <span class='ocr_line' id='line_1_63' title="bbox 1174 392 2164 446; baseline 0.016 -23"><span class='ocrx_word' id='word_1_346' title='bbox 1174 399 1311 434; x_wconf 72' lang='lat' dir='ltr'><strong><em>nostras</em></strong></span> <span class='ocrx_word' id='word_1_347' title='bbox 1339 392 1496 426; x_wconf 81' lang='lat' dir='ltr'><strong><em>virtutes.</em></strong></span> <span class='ocrx_word' id='word_1_348' title='bbox 1559 394 1644 429; x_wconf 89' lang='lat' dir='ltr'><strong><em>Sine</em></strong></span> <span class='ocrx_word' id='word_1_349' title='bbox 1670 394 1733 430; x_wconf 85' lang='lat' dir='ltr'><strong><em>hac</em></strong></span> <span class='ocrx_word' id='word_1_350' title='bbox 1758 399 1824 432; x_wconf 82' lang='lat' dir='ltr'><strong><em>fide</em></strong></span> <span class='ocrx_word' id='word_1_351' title='bbox 1848 413 1921 434; x_wconf 88' lang='lat' dir='ltr'><strong><em>non</em></strong></span> <span class='ocrx_word' id='word_1_352' title='bbox 1946 403 2056 446; x_wconf 87' lang='lat' dir='ltr'><strong><em>placet</em></strong></span> <span class='ocrx_word' id='word_1_353' title='bbox 2080 406 2164 438; x_wconf 87' lang='lat' dir='ltr'><strong><em>obe-</em></strong></span> 
     </span>
    </p>
   </div>
   <div class='ocr_carea' id='block_1_39' title="bbox 1145 442 2164 501">
    <p class='ocr_par' dir='ltr' id='par_1_41' title="bbox 1145 442 2164 501">
     <span class='ocr_line' id='line_1_64' title="bbox 1145 442 2164 501; baseline 0.016 -28"><span class='ocrx_word' id='word_1_354' title='bbox 1145 443 1147 459; x_wconf 64' lang='lat'><em>*</em></span> <span class='ocrx_word' id='word_1_355' title='bbox 1174 443 1318 478; x_wconf 87' lang='lat' dir='ltr'><strong><em>dientia.</em></strong></span> <span class='ocrx_word' id='word_1_356' title='bbox 1357 442 1441 476; x_wconf 87' lang='lat' dir='ltr'><strong><em>Ideo</em></strong></span> <span class='ocrx_word' id='word_1_357' title='bbox 1461 456 1599 479; x_wconf 88' lang='lat' dir='ltr'><strong><em>necesse</em></strong></span> <span class='ocrx_word' id='word_1_358' title='bbox 1617 454 1665 480; x_wconf 88' lang='lat' dir='ltr'><strong><em>est</em></strong></span> <span class='ocrx_word' id='word_1_359' title='bbox 1686 455 1804 482; x_wconf 88' lang='lat' dir='ltr'><strong><em>tenere</em></strong></span> <span class='ocrx_word' id='word_1_360' title='bbox 1822 449 1911 485; x_wconf 90' lang='lat' dir='ltr'><strong><em>hanc</em></strong></span> <span class='ocrx_word' id='word_1_361' title='bbox 1930 453 2047 493; x_wconf 86' lang='lat' dir='ltr'><strong><em>fidem,</em></strong></span> <span class='ocrx_word' id='word_1_362' title='bbox 2076 469 2164 501; x_wconf 82' lang='lat' dir='ltr'><strong><em>quae</em></strong></span> 
     </span>
    </p>
   </div>
   <div class='ocr_carea' id='block_1_40' title="bbox 1173 491 2164 542">
    <p class='ocr_par' dir='ltr' id='par_1_42' title="bbox 1173 491 2164 542">
     <span class='ocr_line' id='line_1_65' title="bbox 1173 491 2164 542; baseline 0.017 -18"><span class='ocrx_word' id='word_1_363' title='bbox 1173 491 1408 537; x_wconf 84' lang='lat' dir='ltr'><strong><em>apprehendit</em></strong></span> <span class='ocrx_word' id='word_1_364' title='bbox 1440 496 1718 531; x_wconf 85' lang='lat' dir='ltr'><strong><em>misericordiam</em></strong></span> <span class='ocrx_word' id='word_1_365' title='bbox 1742 499 1830 542; x_wconf 84' lang='lat' dir='ltr'><strong><em>Dei,</em></strong></span> <span class='ocrx_word' id='word_1_366' title='bbox 1874 510 1906 537; x_wconf 87' lang='lat' dir='ltr'><strong><em>et</em></strong></span> <span class='ocrx_word' id='word_1_367' title='bbox 1928 506 2038 539; x_wconf 89' lang='lat' dir='ltr'><strong><em>credit</em></strong></span> <span class='ocrx_word' id='word_1_368' title='bbox 2061 508 2164 540; x_wconf 88' lang='lat' dir='ltr'><strong><em>nobis</em></strong></span> 
     </span>
    </p>
   </div>
   <div class='ocr_carea' id='block_1_41' title="bbox 1166 651 2162 909">
    <p class='ocr_par' dir='ltr' id='par_1_43' title="bbox 1166 651 2162 909">
     <span class='ocr_line' id='line_1_66' title="bbox 1273 651 2162 709; baseline 0.018 -24"><span class='ocrx_word' id='word_1_369' title='bbox 1273 651 1362 686; x_wconf 86' lang='lat' dir='ltr'><strong><em>Cum</em></strong></span> <span class='ocrx_word' id='word_1_370' title='bbox 1398 652 1462 687; x_wconf 85' lang='lat' dir='ltr'><strong><em>hac</em></strong></span> <span class='ocrx_word' id='word_1_371' title='bbox 1494 655 1561 688; x_wconf 82' lang='lat' dir='ltr'><strong><em>fide</em></strong></span> <span class='ocrx_word' id='word_1_372' title='bbox 1585 658 1689 690; x_wconf 89' lang='lat' dir='ltr'><strong><em>corda</em></strong></span> <span class='ocrx_word' id='word_1_373' title='bbox 1716 658 1784 692; x_wconf 90' lang='lat' dir='ltr'><strong><em>iam</em></strong></span> <span class='ocrx_word' id='word_1_374' title='bbox 1811 671 2006 703; x_wconf 85' lang='lat' dir='ltr'><strong><em>agnoscunt</em></strong></span> <span class='ocrx_word' id='word_1_375' title='bbox 2033 666 2162 709; x_wconf 89' lang='lat' dir='ltr'><strong><em>Deum,</em></strong></span> 
     </span>
     <span class='ocr_line' id='line_1_67' title="bbox 1170 704 2160 752; baseline 0.016 -17"><span class='ocrx_word' id='word_1_376' title='bbox 1170 704 1269 748; x_wconf 83' lang='lat' dir='ltr'><strong><em>sequi</em></strong></span> <span class='ocrx_word' id='word_1_377' title='bbox 1303 705 1407 738; x_wconf 89' lang='lat' dir='ltr'><strong><em>etiam</em></strong></span> <span class='ocrx_word' id='word_1_378' title='bbox 1443 718 1581 739; x_wconf 85' lang='lat' dir='ltr'><strong><em>necesse</em></strong></span> <span class='ocrx_word' id='word_1_379' title='bbox 1618 716 1667 741; x_wconf 90' lang='lat' dir='ltr'><strong><em>est</em></strong></span> <span class='ocrx_word' id='word_1_380' title='bbox 1699 710 1936 745; x_wconf 77' lang='lat' dir='ltr'><strong><em>obedientiam</em></strong></span> <span class='ocrx_word' id='word_1_381' title='bbox 1975 726 2034 748; x_wconf 89' lang='lat' dir='ltr'><strong><em>seu</em></strong></span> <span class='ocrx_word' id='word_1_382' title='bbox 2068 718 2160 752; x_wconf 86' lang='lat' dir='ltr'><strong><em>bona</em></strong></span> 
     </span>
     <span class='ocr_line' id='line_1_68' title="bbox 1818 759 2159 801; baseline 0.021 -7"><span class='ocrx_word' id='word_1_383' title='bbox 1818 759 1863 795; x_wconf 88' lang='lat' dir='ltr'><strong><em>Et</em></strong></span> <span class='ocrx_word' id='word_1_384' title='bbox 1891 760 1948 796; x_wconf 90' lang='lat' dir='ltr'><strong><em>hic</em></strong></span> <span class='ocrx_word' id='word_1_385' title='bbox 1977 766 2159 801; x_wconf 86' lang='lat' dir='ltr'><strong><em>sciendum</em></strong></span> 
     </span>
     <span class='ocr_line' id='line_1_69' title="bbox 1169 802 2159 863; baseline 0.016 -26"><span class='ocrx_word' id='word_1_386' title='bbox 1169 811 1238 845; x_wconf 89' lang='lat' dir='ltr'><strong><em>est,</em></strong></span> <span class='ocrx_word' id='word_1_387' title='bbox 1267 802 1357 839; x_wconf 82' lang='lat' dir='ltr'><strong><em>hauc</em></strong></span> <span class='ocrx_word' id='word_1_388' title='bbox 1382 808 1621 842; x_wconf 70' lang='lat' dir='ltr'><strong><em>obedientiam</em></strong></span> <span class='ocrx_word' id='word_1_389' title='bbox 1646 810 1798 853; x_wconf 86' lang='lat' dir='ltr'><strong><em>placere,</em></strong></span> <span class='ocrx_word' id='word_1_390' title='bbox 1826 825 1898 846; x_wconf 91' lang='lat' dir='ltr'><strong><em>non</em></strong></span> <span class='ocrx_word' id='word_1_391' title='bbox 1918 824 2061 860; x_wconf 85' lang='lat' dir='ltr'><strong><em>propter</em></strong></span> <span class='ocrx_word' id='word_1_392' title='bbox 2079 831 2159 863; x_wconf 88' lang='lat' dir='ltr'><strong><em>pro-</em></strong></span> 
     </span>
     <span class='ocr_line' id='line_1_70' title="bbox 1166 855 2158 909; baseline 0.015 -22"><span class='ocrx_word' id='word_1_393' title='bbox 1166 855 1279 899; x_wconf 89' lang='lat' dir='ltr'><strong><em>priam</em></strong></span> <span class='ocrx_word' id='word_1_394' title='bbox 1298 858 1568 900; x_wconf 78' lang='lat' dir='ltr'><strong><em>perfectionem,</em></strong></span> <span class='ocrx_word' id='word_1_395' title='bbox 1594 872 1667 901; x_wconf 90' lang='lat' dir='ltr'><strong><em>non</em></strong></span> <span class='ocrx_word' id='word_1_396' title='bbox 1685 869 1831 909; x_wconf 86' lang='lat' dir='ltr'><strong><em>propter</em></strong></span> <span class='ocrx_word' id='word_1_397' title='bbox 1847 865 2071 907; x_wconf 80' lang='lat' dir='ltr'><strong><em>dignitatem,</em></strong></span> <span class='ocrx_word' id='word_1_398' title='bbox 2100 872 2158 902; x_wconf 74' lang='lat' dir='ltr'><strong><em>sed</em></strong></span> 
     </span>
    </p>
   </div>
   <div class='ocr_carea' id='block_1_42' title="bbox 1138 906 2159 960">
    <p class='ocr_par' dir='ltr' id='par_1_44' title="bbox 1138 906 2159 960">
     <span class='ocr_line' id='line_1_71' title="bbox 1138 906 2159 960; baseline 0.016 -22"><span class='ocrx_word' id='word_1_399' title='bbox 1138 947 1139 950; x_wconf 11' lang='grc' dir='ltr'><strong>Ἴ</strong></span> <span class='ocrx_word' id='word_1_400' title='bbox 1166 913 1311 950; x_wconf 88' lang='lat' dir='ltr'><strong><em>propter</em></strong></span> <span class='ocrx_word' id='word_1_401' title='bbox 1344 906 1544 951; x_wconf 82' lang='lat' dir='ltr'><strong><em>Christum,</em></strong></span> <span class='ocrx_word' id='word_1_402' title='bbox 1580 911 1662 956; x_wconf 87' lang='lat' dir='ltr'><strong><em>quia</em></strong></span> <span class='ocrx_word' id='word_1_403' title='bbox 1694 925 1815 946; x_wconf 88' lang='lat' dir='ltr'><strong><em>sumus</em></strong></span> <span class='ocrx_word' id='word_1_404' title='bbox 1847 918 2085 960; x_wconf 86' lang='lat' dir='ltr'><strong><em>reconciliati,</em></strong></span> <span class='ocrx_word' id='word_1_405' title='bbox 2128 929 2159 955; x_wconf 87' lang='lat' dir='ltr'><strong><em>et</em></strong></span> 
     </span>
    </p>
   </div>
   <div class='ocr_carea' id='block_1_43' title="bbox 1161 958 2158 1418">
    <p class='ocr_par' dir='ltr' id='par_1_45' title="bbox 1161 958 2158 1418">
     <span class='ocr_line' id='line_1_72' title="bbox 1165 958 2158 1007; baseline 0.016 -18"><span class='ocrx_word' id='word_1_406' title='bbox 1165 958 1341 992; x_wconf 91' lang='lat' dir='ltr'><strong><em>credimus</em></strong></span> <span class='ocrx_word' id='word_1_407' title='bbox 1372 961 1475 993; x_wconf 82' lang='lat' dir='ltr'><strong><em>nobis</em></strong></span> <span class='ocrx_word' id='word_1_408' title='bbox 1499 962 1694 995; x_wconf 88' lang='lat' dir='ltr'><strong><em>condonari</em></strong></span> <span class='ocrx_word' id='word_1_409' title='bbox 1723 963 1963 1000; x_wconf 81' lang='lat' dir='ltr'><strong><em>infirmitatem</em></strong></span> <span class='ocrx_word' id='word_1_410' title='bbox 1990 978 2158 1007; x_wconf 87' lang='lat' dir='ltr'><strong><em>nostram.</em></strong></span> 
     </span>
     <span class='ocr_line' id='line_1_73' title="bbox 1890 1015 2157 1066; baseline 0.015 -16"><span class='ocrx_word' id='word_1_411' title='bbox 1890 1015 1938 1051; x_wconf 85' lang='lat' dir='ltr'><strong><em>Et</em></strong></span> <span class='ocrx_word' id='word_1_412' title='bbox 1955 1016 2012 1052; x_wconf 82' lang='lat' dir='ltr'><strong><em>hic</em></strong></span> <span class='ocrx_word' id='word_1_413' title='bbox 2029 1023 2157 1066; x_wconf 85' lang='lat' dir='ltr'><strong><em>ampli-</em></strong></span> 
     </span>
     <span class='ocr_line' id='line_1_74' title="bbox 1164 1060 2158 1114; baseline 0.014 -22"><span class='ocrx_word' id='word_1_414' title='bbox 1164 1060 1251 1093; x_wconf 84' lang='lat' dir='ltr'><strong><em>tudo</em></strong></span> <span class='ocrx_word' id='word_1_415' title='bbox 1269 1061 1532 1095; x_wconf 87' lang='lat' dir='ltr'><strong><em>misericordiae</em></strong></span> <span class='ocrx_word' id='word_1_416' title='bbox 1548 1065 1696 1097; x_wconf 84' lang='lat' dir='ltr'><strong><em>maxime</em></strong></span> <span class='ocrx_word' id='word_1_417' title='bbox 1709 1065 1856 1100; x_wconf 83' lang='lat' dir='ltr'><strong><em>illustris</em></strong></span> <span class='ocrx_word' id='word_1_418' title='bbox 1869 1075 1929 1109; x_wconf 88' lang='lat' dir='ltr'><strong><em>est,</em></strong></span> <span class='ocrx_word' id='word_1_419' title='bbox 1958 1073 2051 1114; x_wconf 89' lang='lat' dir='ltr'><strong><em>quod</em></strong></span> <span class='ocrx_word' id='word_1_420' title='bbox 2064 1072 2158 1106; x_wconf 70' lang='lat' dir='ltr'><strong><em>Deus</em></strong></span> 
     </span>
     <span class='ocr_line' id='line_1_75' title="bbox 1164 1108 2156 1168; baseline 0.013 -25"><span class='ocrx_word' id='word_1_421' title='bbox 1164 1108 1255 1144; x_wconf 89' lang='lat' dir='ltr'><strong><em>hanc</em></strong></span> <span class='ocrx_word' id='word_1_422' title='bbox 1282 1112 1454 1146; x_wconf 88' lang='lat' dir='ltr'><strong><em>incoatam</em></strong></span> <span class='ocrx_word' id='word_1_423' title='bbox 1480 1121 1512 1148; x_wconf 88' lang='lat' dir='ltr'><strong><em>et</em></strong></span> <span class='ocrx_word' id='word_1_424' title='bbox 1537 1116 1812 1149; x_wconf 84' lang='lat' dir='ltr'><strong><em>contaminatam</em></strong></span> <span class='ocrx_word' id='word_1_425' title='bbox 1836 1119 2074 1155; x_wconf 82' lang='lat' dir='ltr'><strong><em>obedientiam</em></strong></span> <span class='ocrx_word' id='word_1_426' title='bbox 2094 1137 2156 1168; x_wconf 86' lang='lat' dir='ltr'><strong><em>ap—</em></strong></span> 
     </span>
     <span class='ocr_line' id='line_1_76' title="bbox 1164 1163 2156 1215; baseline 0.014 -21"><span class='ocrx_word' id='word_1_427' title='bbox 1164 1163 1308 1205; x_wconf 81' lang='lat' dir='ltr'><strong><em>probat,</em></strong></span> <span class='ocrx_word' id='word_1_428' title='bbox 1337 1171 1369 1197; x_wconf 90' lang='lat' dir='ltr'><strong><em>et</em></strong></span> <span class='ocrx_word' id='word_1_429' title='bbox 1386 1172 1489 1198; x_wconf 87' lang='lat' dir='ltr'><strong><em>ornat</em></strong></span> <span class='ocrx_word' id='word_1_430' title='bbox 1509 1166 1711 1208; x_wconf 83' lang='lat' dir='ltr'><strong><em>ingentibus</em></strong></span> <span class='ocrx_word' id='word_1_431' title='bbox 1729 1169 1894 1211; x_wconf 89' lang='lat' dir='ltr'><strong><em>praemiis</em></strong></span> <span class='ocrx_word' id='word_1_432' title='bbox 1911 1174 2156 1215; x_wconf 77' lang='lat' dir='ltr'><strong><em>corporalibus</em></strong></span> 
     </span>
     <span class='ocr_line' id='line_1_77' title="bbox 1163 1213 2155 1266; baseline 0.014 -21"><span class='ocrx_word' id='word_1_433' title='bbox 1163 1219 1196 1246; x_wconf 86' lang='lat' dir='ltr'><strong><em>et</em></strong></span> <span class='ocrx_word' id='word_1_434' title='bbox 1221 1213 1485 1257; x_wconf 83' lang='lat' dir='ltr'><strong><em>spiritualibus,</em></strong></span> <span class='ocrx_word' id='word_1_435' title='bbox 1513 1223 1547 1249; x_wconf 88' lang='lat' dir='ltr'><strong><em>et</em></strong></span> <span class='ocrx_word' id='word_1_436' title='bbox 1572 1229 1636 1250; x_wconf 91' lang='lat' dir='ltr'><strong><em>nos</em></strong></span> <span class='ocrx_word' id='word_1_437' title='bbox 1658 1219 1803 1252; x_wconf 84' lang='lat' dir='ltr'><strong><em>adiuvat</em></strong></span> <span class='ocrx_word' id='word_1_438' title='bbox 1820 1220 1901 1254; x_wconf 86' lang='lat' dir='ltr'><strong><em>dato</em></strong></span> <span class='ocrx_word' id='word_1_439' title='bbox 1921 1221 2058 1266; x_wconf 85' lang='lat' dir='ltr'><strong><em>Spiritu</em></strong></span> <span class='ocrx_word' id='word_1_440' title='bbox 2075 1237 2155 1259; x_wconf 88' lang='lat' dir='ltr'><strong><em>san-</em></strong></span> 
     </span>
     <span class='ocr_line' id='line_1_78' title="bbox 1162 1266 2155 1309; baseline 0.008 -13"><span class='ocrx_word' id='word_1_441' title='bbox 1162 1271 1236 1305; x_wconf 74' lang='lat' dir='ltr'><strong><em>cte,</em></strong></span> <span class='ocrx_word' id='word_1_442' title='bbox 1263 1271 1300 1298; x_wconf 84' lang='lat' dir='ltr'><strong><em>ut</em></strong></span> <span class='ocrx_word' id='word_1_443' title='bbox 1317 1273 1447 1300; x_wconf 87' lang='lat' dir='ltr'><strong><em>crescat</em></strong></span> <span class='ocrx_word' id='word_1_444' title='bbox 1465 1267 1500 1299; x_wconf 91' lang='lat' dir='ltr'><strong><em>iu</em></strong></span> <span class='ocrx_word' id='word_1_445' title='bbox 1520 1268 1622 1301; x_wconf 87' lang='lat' dir='ltr'><strong><em>nobis</em></strong></span> <span class='ocrx_word' id='word_1_446' title='bbox 1640 1266 1723 1302; x_wconf 83' lang='lat' dir='ltr'><strong><em>hacc</em></strong></span> <span class='ocrx_word' id='word_1_447' title='bbox 1740 1271 1952 1308; x_wconf 88' lang='lat' dir='ltr'><strong><em>obedientia.</em></strong></span> <span class='ocrx_word' id='word_1_448' title='bbox 2008 1273 2155 1309; x_wconf 62' lang='lat' dir='ltr'><strong><em>Utrum-</em></strong></span> 
     </span>
     <span class='ocr_line' id='line_1_79' title="bbox 1161 1316 2155 1368; baseline 0.015 -22"><span class='ocrx_word' id='word_1_449' title='bbox 1161 1327 1229 1358; x_wconf 88' lang='lat' dir='ltr'><strong><em>quc</em></strong></span> <span class='ocrx_word' id='word_1_450' title='bbox 1245 1316 1338 1349; x_wconf 88' lang='lat' dir='ltr'><strong><em>enim</em></strong></span> <span class='ocrx_word' id='word_1_451' title='bbox 1356 1320 1509 1361; x_wconf 86' lang='lat' dir='ltr'><strong><em>proponi</em></strong></span> <span class='ocrx_word' id='word_1_452' title='bbox 1527 1319 1750 1354; x_wconf 87' lang='lat' dir='ltr'><strong><em>conscientiis</em></strong></span> <span class='ocrx_word' id='word_1_453' title='bbox 1766 1321 1887 1363; x_wconf 83' lang='lat' dir='ltr'><strong><em>dehet,</em></strong></span> <span class='ocrx_word' id='word_1_454' title='bbox 1915 1323 2088 1368; x_wconf 78' lang='lat' dir='ltr'><strong><em>videlicet,</em></strong></span> <span class='ocrx_word' id='word_1_455' title='bbox 2116 1335 2155 1362; x_wconf 91' lang='lat' dir='ltr'><strong><em>ut</em></strong></span> 
     </span>
     <span class='ocr_line' id='line_1_80' title="bbox 1162 1364 2155 1418; baseline 0.014 -21"><span class='ocrx_word' id='word_1_456' title='bbox 1162 1364 1289 1399; x_wconf 80' lang='lat' dir='ltr'><strong><em>Timor</em></strong></span> <span class='ocrx_word' id='word_1_457' title='bbox 1321 1368 1461 1409; x_wconf 82' lang='lat' dir='ltr'><strong><em>existat,</em></strong></span> <span class='ocrx_word' id='word_1_458' title='bbox 1498 1369 1647 1403; x_wconf 86' lang='lat' dir='ltr'><strong><em>sciamus</em></strong></span> <span class='ocrx_word' id='word_1_459' title='bbox 1679 1383 1743 1404; x_wconf 88' lang='lat' dir='ltr'><strong><em>nos</em></strong></span> <span class='ocrx_word' id='word_1_460' title='bbox 1775 1369 1904 1406; x_wconf 87' lang='lat' dir='ltr'><strong><em>habere</em></strong></span> <span class='ocrx_word' id='word_1_461' title='bbox 1930 1384 2086 1418; x_wconf 82' lang='lat' dir='ltr'><strong><em>peccata,</em></strong></span> <span class='ocrx_word' id='word_1_462' title='bbox 2122 1386 2155 1412; x_wconf 88' lang='lat' dir='ltr'><strong><em>et</em></strong></span> 
     </span>
    </p>
   </div>
   <div class='ocr_carea' id='block_1_44' title="bbox 1157 1466 2152 1616">
    <p class='ocr_par' dir='ltr' id='par_1_46' title="bbox 1157 1466 2152 1616">
     <span class='ocr_line' id='line_1_81' title="bbox 1159 1466 2152 1521; baseline 0.014 -23"><span class='ocrx_word' id='word_1_463' title='bbox 1159 1466 1289 1499; x_wconf 78' lang='lat' dir='ltr'><strong><em>deinde</em></strong></span> <span class='ocrx_word' id='word_1_464' title='bbox 1314 1481 1435 1502; x_wconf 89' lang='lat' dir='ltr'><strong><em>rursus</em></strong></span> <span class='ocrx_word' id='word_1_465' title='bbox 1454 1476 1637 1503; x_wconf 85' lang='lat' dir='ltr'><strong><em>teneamus</em></strong></span> <span class='ocrx_word' id='word_1_466' title='bbox 1656 1473 1955 1517; x_wconf 81' lang='lat' dir='ltr'><strong><em>consolationem,</em></strong></span> <span class='ocrx_word' id='word_1_467' title='bbox 1983 1480 2077 1521; x_wconf 91' lang='lat' dir='ltr'><strong><em>quod</em></strong></span> <span class='ocrx_word' id='word_1_468' title='bbox 2097 1493 2152 1512; x_wconf 85' lang='lat' dir='ltr'><strong><em>re-</em></strong></span> 
     </span>
     <span class='ocr_line' id='line_1_82' title="bbox 1158 1518 2150 1572; baseline 0.015 -23"><span class='ocrx_word' id='word_1_469' title='bbox 1158 1518 1274 1561; x_wconf 83' lang='lat' dir='ltr'><strong><em>quirat</em></strong></span> <span class='ocrx_word' id='word_1_470' title='bbox 1290 1518 1386 1552; x_wconf 92' lang='lat' dir='ltr'><strong><em>Deus</em></strong></span> <span class='ocrx_word' id='word_1_471' title='bbox 1413 1521 1671 1563; x_wconf 86' lang='lat' dir='ltr'><strong><em>obedientiam,</em></strong></span> <span class='ocrx_word' id='word_1_472' title='bbox 1699 1530 1733 1557; x_wconf 88' lang='lat' dir='ltr'><strong><em>et</em></strong></span> <span class='ocrx_word' id='word_1_473' title='bbox 1756 1526 1852 1569; x_wconf 89' lang='lat' dir='ltr'><strong><em>quod</em></strong></span> <span class='ocrx_word' id='word_1_474' title='bbox 1877 1526 1936 1559; x_wconf 87' lang='lat' dir='ltr'><strong><em>illa</em></strong></span> <span class='ocrx_word' id='word_1_475' title='bbox 1962 1528 2096 1572; x_wconf 85' lang='lat' dir='ltr'><strong><em>placeat</em></strong></span> <span class='ocrx_word' id='word_1_476' title='bbox 2116 1532 2150 1564; x_wconf 89' lang='lat' dir='ltr'><strong><em>in</em></strong></span> 
     </span>
     <span class='ocr_line' id='line_1_83' title="bbox 1157 1570 1771 1616; baseline 0.015 -16"><span class='ocrx_word' id='word_1_477' title='bbox 1157 1570 1393 1604; x_wconf 86' lang='lat' dir='ltr'><strong><em>reconciliatis</em></strong></span> <span class='ocrx_word' id='word_1_478' title='bbox 1412 1579 1557 1616; x_wconf 89' lang='lat' dir='ltr'><strong><em>propter</em></strong></span> <span class='ocrx_word' id='word_1_479' title='bbox 1576 1571 1771 1609; x_wconf 87' lang='lat' dir='ltr'><strong><em>Christum.</em></strong></span> 
     </span>
    </p>
   </div>
   <div class='ocr_carea' id='block_1_45' title="bbox 1156 1628 2152 1714">
    <p class='ocr_par' dir='ltr' id='par_1_47' title="bbox 1156 1628 2152 1714">
     <span class='ocr_line' id='line_1_84' title="bbox 1259 1628 2152 1685; baseline 0.017 -24"><span class='ocrx_word' id='word_1_480' title='bbox 1259 1628 1305 1662; x_wconf 86' lang='lat' dir='ltr'><strong><em>Et</em></strong></span> <span class='ocrx_word' id='word_1_481' title='bbox 1330 1642 1395 1663; x_wconf 92' lang='lat' dir='ltr'><strong><em>nos</em></strong></span> <span class='ocrx_word' id='word_1_482' title='bbox 1420 1628 1485 1663; x_wconf 84' lang='lat' dir='ltr'><strong><em>hae</em></strong></span> <span class='ocrx_word' id='word_1_483' title='bbox 1508 1643 1632 1664; x_wconf 82' lang='lat' dir='ltr'><strong><em>causae</em></strong></span> <span class='ocrx_word' id='word_1_484' title='bbox 1657 1632 1810 1668; x_wconf 87' lang='lat' dir='ltr'><strong><em>invitent</em></strong></span> <span class='ocrx_word' id='word_1_485' title='bbox 1835 1637 1877 1669; x_wconf 86' lang='lat' dir='ltr'><strong><em>ad</em></strong></span> <span class='ocrx_word' id='word_1_486' title='bbox 1897 1637 1985 1672; x_wconf 87' lang='lat' dir='ltr'><strong><em>bene</em></strong></span> <span class='ocrx_word' id='word_1_487' title='bbox 2002 1653 2152 1685; x_wconf 79' lang='lat' dir='ltr'><strong><em>operan-</em></strong></span> 
     </span>
     <span class='ocr_line' id='line_1_85' title="bbox 1156 1678 1253 1714; baseline 0.031 -3"><span class='ocrx_word' id='word_1_488' title='bbox 1156 1678 1253 1714; x_wconf 86' lang='lat' dir='ltr'><strong><em>dum.</em></strong></span> 
     </span>
    </p>
   </div>
   <div class='ocr_carea' id='block_1_46' title="bbox 1258 1737 2149 1850">
    <p class='ocr_par' dir='ltr' id='par_1_48' title="bbox 1258 1737 2149 1850">
     <span class='ocr_line' id='line_1_86' title="bbox 1259 1737 2148 1792; baseline 0.017 -22"><span class='ocrx_word' id='word_1_489' title='bbox 1259 1737 1377 1771; x_wconf 88' lang='lat' dir='ltr'><strong><em>Prima</em></strong></span> <span class='ocrx_word' id='word_1_490' title='bbox 1389 1767 1397 1780; x_wconf 86' lang='lat'><strong><em>,</em></strong></span> <span class='ocrx_word' id='word_1_491' title='bbox 1426 1739 1638 1783; x_wconf 78' lang='lat' dir='ltr'><strong><em>Necessitas,</em></strong></span> <span class='ocrx_word' id='word_1_492' title='bbox 1665 1744 1746 1788; x_wconf 85' lang='lat' dir='ltr'><strong><em>quia</em></strong></span> <span class='ocrx_word' id='word_1_493' title='bbox 1765 1742 1860 1779; x_wconf 86' lang='lat' dir='ltr'><strong><em>Deus</em></strong></span> <span class='ocrx_word' id='word_1_494' title='bbox 1877 1743 1968 1780; x_wconf 87' lang='lat' dir='ltr'><strong><em>hanc</em></strong></span> <span class='ocrx_word' id='word_1_495' title='bbox 1985 1752 2148 1792; x_wconf 83' lang='lat' dir='ltr'><strong><em>postulat.</em></strong></span> 
     </span>
     <span class='ocr_line' id='line_1_87' title="bbox 1258 1796 2149 1850; baseline 0.013 -19"><span class='ocrx_word' id='word_1_496' title='bbox 1258 1796 1440 1839; x_wconf 85' lang='lat' dir='ltr'><strong><em>Secunda,</em></strong></span> <span class='ocrx_word' id='word_1_497' title='bbox 1469 1800 1551 1842; x_wconf 85' lang='lat' dir='ltr'><strong><em>quia</em></strong></span> <span class='ocrx_word' id='word_1_498' title='bbox 1571 1801 1654 1834; x_wconf 86' lang='lat' dir='ltr'><strong><em>fides</em></strong></span> <span class='ocrx_word' id='word_1_499' title='bbox 1673 1803 1819 1837; x_wconf 75' lang='lat' dir='ltr'><strong><em>existere</em></strong></span> <span class='ocrx_word' id='word_1_500' title='bbox 1837 1817 1909 1838; x_wconf 92' lang='lat' dir='ltr'><strong><em>non</em></strong></span> <span class='ocrx_word' id='word_1_501' title='bbox 1930 1814 2060 1850; x_wconf 88' lang='lat' dir='ltr'><strong><em>potest,</em></strong></span> <span class='ocrx_word' id='word_1_502' title='bbox 2089 1811 2149 1843; x_wconf 86' lang='lat' dir='ltr'><strong><em>ubi</em></strong></span> 
     </span>
    </p>
   </div>
   <div class='ocr_carea' id='block_1_47' title="bbox 1260 1907 2149 1955">
    <p class='ocr_par' dir='ltr' id='par_1_49' title="bbox 1260 1907 2149 1955">
     <span class='ocr_line' id='line_1_88' title="bbox 1260 1907 2149 1955; baseline 0.016 -16"><span class='ocrx_word' id='word_1_503' title='bbox 1260 1907 1402 1951; x_wconf 86' lang='lat' dir='ltr'><strong><em>Tertia,</em></strong></span> <span class='ocrx_word' id='word_1_504' title='bbox 1432 1909 1513 1954; x_wconf 89' lang='lat' dir='ltr'><strong><em>quia</em></strong></span> <span class='ocrx_word' id='word_1_505' title='bbox 1538 1910 1621 1943; x_wconf 79' lang='lat' dir='ltr'><strong><em>fides</em></strong></span> <span class='ocrx_word' id='word_1_506' title='bbox 1647 1912 1881 1955; x_wconf 83' lang='lat' dir='ltr'><strong><em>extinguitur,</em></strong></span> <span class='ocrx_word' id='word_1_507' title='bbox 1909 1917 1936 1948; x_wconf 94' lang='lat' dir='ltr'><strong><em>si</em></strong></span> <span class='ocrx_word' id='word_1_508' title='bbox 1962 1929 2033 1951; x_wconf 88' lang='lat' dir='ltr'><strong><em>non</em></strong></span> <span class='ocrx_word' id='word_1_509' title='bbox 2053 1932 2149 1953; x_wconf 75' lang='lat' dir='ltr'><strong><em>exer-</em></strong></span> 
     </span>
    </p>
   </div>
   <div class='ocr_carea' id='block_1_48' title="bbox 109 1960 2149 2014">
    <p class='ocr_par' dir='ltr' id='par_1_50' title="bbox 109 1960 2149 2014">
     <span class='ocr_line' id='line_1_89' title="bbox 109 1960 2149 2014; baseline 0.003 -16"><span class='ocrx_word' id='word_1_510' title='bbox 109 1964 331 2010; x_wconf 85' lang='lat' dir='ltr'><strong><em>prophetiae:</em></strong></span> <span class='ocrx_word' id='word_1_511' title='bbox 370 1973 429 2000; x_wconf 87' lang='lat' dir='ltr'><strong><em>aut</em></strong></span> <span class='ocrx_word' id='word_1_512' title='bbox 458 1966 677 2011; x_wconf 85' lang='lat' dir='ltr'><strong><em>reliquorum</em></strong></span> <span class='ocrx_word' id='word_1_513' title='bbox 709 1976 875 2007; x_wconf 85' lang='lat' dir='ltr'><strong><em>generum</em></strong></span> <span class='ocrx_word' id='word_1_514' title='bbox 900 1964 1098 1999; x_wconf 81' lang='lat' dir='ltr'><strong><em>conciones,</em></strong></span> <span class='ocrx_word' id='word_1_515' title='bbox 1125 1971 1126 1991; x_wconf 63' lang='lat'><em>³</em></span> <span class='ocrx_word' id='word_1_516' title='bbox 1154 1966 1291 1999; x_wconf 60' lang='grc' dir='ltr'>θθᾶῐΠΓ,</span> <span class='ocrx_word' id='word_1_517' title='bbox 1328 1960 1417 1992; x_wconf 86' lang='lat' dir='ltr'><strong><em>sicut</em></strong></span> <span class='ocrx_word' id='word_1_518' title='bbox 1448 1961 1617 2004; x_wconf 84' lang='lat' dir='ltr'><strong><em>scriptum</em></strong></span> <span class='ocrx_word' id='word_1_519' title='bbox 1644 1970 1709 1996; x_wconf 84' lang='lat' dir='ltr'><strong><em>est:</em></strong></span> <span class='ocrx_word' id='word_1_520' title='bbox 1752 1964 1908 2008; x_wconf 87' lang='lat' dir='ltr'><strong><em>Spiritus</em></strong></span> <span class='ocrx_word' id='word_1_521' title='bbox 1933 1971 2149 2014; x_wconf 82' lang='lat' dir='ltr'><strong><em>concupiscit</em></strong></span> 
     </span>
    </p>
   </div>
   <div class='ocr_carea' id='block_1_49' title="bbox 907 2014 1126 2048">
    <p class='ocr_par' dir='ltr' id='par_1_51' title="bbox 907 2014 1126 2048">
     <span class='ocr_line' id='line_1_90' title="bbox 907 2014 1126 2048; baseline 0.005 -1"><span class='ocrx_word' id='word_1_522' title='bbox 907 2014 986 2048; x_wconf 87' lang='lat' dir='ltr'><strong><em>Non</em></strong></span> <span class='ocrx_word' id='word_1_523' title='bbox 1004 2016 1096 2048; x_wconf 87' lang='lat' dir='ltr'><strong><em>enim</em></strong></span> <span class='ocrx_word' id='word_1_524' title='bbox 1125 2035 1126 2039; x_wconf 68' lang='lat'><em>=</em></span> 
     </span>
    </p>
   </div>
   <div class='ocr_carea' id='block_1_50' title="bbox 1153 2010 2150 2248">
    <p class='ocr_par' dir='ltr' id='par_1_52' title="bbox 1153 2010 2150 2248">
     <span class='ocr_line' id='line_1_91' title="bbox 1154 2010 2150 2061; baseline 0.014 -20"><span class='ocrx_word' id='word_1_525' title='bbox 1154 2010 1321 2042; x_wconf 81' lang='lat' dir='ltr'><strong><em>adversus</em></strong></span> <span class='ocrx_word' id='word_1_526' title='bbox 1337 2022 1490 2046; x_wconf 86' lang='lat' dir='ltr'><strong><em>carnem.</em></strong></span> <span class='ocrx_word' id='word_1_527' title='bbox 1545 2011 1634 2045; x_wconf 79' lang='lat' dir='ltr'><strong><em>Nam</em></strong></span> <span class='ocrx_word' id='word_1_528' title='bbox 1651 2014 1712 2047; x_wconf 89' lang='lat' dir='ltr'><strong><em>ubi</em></strong></span> <span class='ocrx_word' id='word_1_529' title='bbox 1731 2023 1779 2048; x_wconf 89' lang='lat' dir='ltr'><strong><em>est</em></strong></span> <span class='ocrx_word' id='word_1_530' title='bbox 1795 2029 1874 2049; x_wconf 87' lang='lat' dir='ltr'><strong><em>vera</em></strong></span> <span class='ocrx_word' id='word_1_531' title='bbox 1893 2020 2026 2061; x_wconf 83' lang='lat' dir='ltr'><strong><em>agnitio</em></strong></span> <span class='ocrx_word' id='word_1_532' title='bbox 2045 2022 2150 2055; x_wconf 87' lang='lat' dir='ltr'><strong><em>mise-</em></strong></span> 
     </span>
     <span class='ocr_line' id='line_1_92' title="bbox 1153 2060 2148 2108; baseline 0.015 -17"><span class='ocrx_word' id='word_1_533' title='bbox 1153 2060 1327 2093; x_wconf 82' lang='lat' dir='ltr'><strong><em>ricordiae</em></strong></span> <span class='ocrx_word' id='word_1_534' title='bbox 1349 2060 1434 2100; x_wconf 84' lang='lat' dir='ltr'><strong><em>Dei,</em></strong></span> <span class='ocrx_word' id='word_1_535' title='bbox 1470 2063 1639 2107; x_wconf 84' lang='lat' dir='ltr'><strong><em>impellit,</em></strong></span> <span class='ocrx_word' id='word_1_536' title='bbox 1674 2072 1711 2098; x_wconf 93' lang='lat' dir='ltr'><strong><em>ut</em></strong></span> <span class='ocrx_word' id='word_1_537' title='bbox 1744 2066 1965 2108; x_wconf 78' lang='lat' dir='ltr'><strong><em>invocemus,</em></strong></span> <span class='ocrx_word' id='word_1_538' title='bbox 2001 2078 2033 2104; x_wconf 88' lang='lat' dir='ltr'><strong><em>et</em></strong></span> <span class='ocrx_word' id='word_1_539' title='bbox 2065 2074 2148 2106; x_wconf 89' lang='lat' dir='ltr'><strong><em>obe-</em></strong></span> 
     </span>
     <span class='ocr_line' id='line_1_93' title="bbox 1154 2111 2148 2160; baseline 0.013 -16"><span class='ocrx_word' id='word_1_540' title='bbox 1154 2111 1311 2152; x_wconf 88' lang='lat' dir='ltr'><strong><em>diamus,</em></strong></span> <span class='ocrx_word' id='word_1_541' title='bbox 1336 2119 1373 2146; x_wconf 89' lang='lat' dir='ltr'><strong><em>ut</em></strong></span> <span class='ocrx_word' id='word_1_542' title='bbox 1402 2115 1591 2156; x_wconf 82' lang='lat' dir='ltr'><strong><em>gubernari</em></strong></span> <span class='ocrx_word' id='word_1_543' title='bbox 1617 2128 1682 2148; x_wconf 88' lang='lat' dir='ltr'><strong><em>nos</em></strong></span> <span class='ocrx_word' id='word_1_544' title='bbox 1707 2124 1875 2160; x_wconf 87' lang='lat' dir='ltr'><strong><em>petamus.</em></strong></span> <span class='ocrx_word' id='word_1_545' title='bbox 1931 2120 2000 2154; x_wconf 81' lang='lat' dir='ltr'><strong><em>Ubi</em></strong></span> <span class='ocrx_word' id='word_1_546' title='bbox 2019 2123 2148 2159; x_wconf 85' lang='lat' dir='ltr'><strong><em>desinit</em></strong></span> 
     </span>
     <span class='ocr_line' id='line_1_94' title="bbox 1153 2163 2148 2246; baseline 0.015 -52"><span class='ocrx_word' id='word_1_547' title='bbox 1153 2163 1349 2246; x_wconf 56' lang='grc' dir='ltr'><strong><em>ἰωνοσειὲῐο,</em></strong></span> <span class='ocrx_word' id='word_1_548' title='bbox 1378 2166 1522 2209; x_wconf 87' lang='lat' dir='ltr'><strong><em>quaein</em></strong></span> <span class='ocrx_word' id='word_1_549' title='bbox 1540 2167 1708 2209; x_wconf 87' lang='lat' dir='ltr'><strong><em>operibus</em></strong></span> <span class='ocrx_word' id='word_1_550' title='bbox 1726 2180 1760 2201; x_wconf 88' lang='lat' dir='ltr'><strong><em>se</em></strong></span> <span class='ocrx_word' id='word_1_551' title='bbox 1777 2171 1903 2212; x_wconf 77' lang='lat' dir='ltr'><strong><em>exerit,</em></strong></span> <span class='ocrx_word' id='word_1_552' title='bbox 1932 2172 2148 2216; x_wconf 70' lang='lat' dir='ltr'><strong><em>extinguitur</em></strong></span> 
     </span>
     <span class='ocr_line' id='line_1_95' title="bbox 1154 2214 1371 2248; baseline 0.009 -2"><span class='ocrx_word' id='word_1_553' title='bbox 1154 2214 1257 2247; x_wconf 85' lang='lat' dir='ltr'><strong><em>etiam</em></strong></span> <span class='ocrx_word' id='word_1_554' title='bbox 1300 2215 1371 2248; x_wconf 86' lang='lat' dir='ltr'><strong><em>des.</em></strong></span> 
     </span>
    </p>
   </div>
   <div class='ocr_carea' id='block_1_51' title="bbox 1258 2274 2147 2322">
    <p class='ocr_par' dir='ltr' id='par_1_53' title="bbox 1258 2274 2147 2322">
     <span class='ocr_line' id='line_1_96' title="bbox 1258 2274 2147 2322; baseline 0.015 -17"><span class='ocrx_word' id='word_1_555' title='bbox 1258 2274 1412 2317; x_wconf 85' lang='lat' dir='ltr'><strong><em>Quarto,</em></strong></span> <span class='ocrx_word' id='word_1_556' title='bbox 1448 2275 1599 2309; x_wconf 85' lang='lat' dir='ltr'><strong><em>invitent</em></strong></span> <span class='ocrx_word' id='word_1_557' title='bbox 1628 2289 1691 2310; x_wconf 91' lang='lat' dir='ltr'><strong><em>nos</em></strong></span> <span class='ocrx_word' id='word_1_558' title='bbox 1722 2280 1972 2322; x_wconf 88' lang='lat' dir='ltr'><strong><em>promissiones</em></strong></span> <span class='ocrx_word' id='word_1_559' title='bbox 1998 2290 2029 2316; x_wconf 89' lang='lat' dir='ltr'><strong><em>et</em></strong></span> <span class='ocrx_word' id='word_1_560' title='bbox 2052 2296 2147 2318; x_wconf 89' lang='lat' dir='ltr'><strong><em>com-</em></strong></span> 
     </span>
    </p>
   </div>
   <div class='ocr_carea' id='block_1_52' title="bbox 1124 2325 2145 2374">
    <p class='ocr_par' dir='ltr' id='par_1_54' title="bbox 1124 2325 2145 2374">
     <span class='ocr_line' id='line_1_97' title="bbox 1124 2325 2145 2374; baseline 0.013 -18"><span class='ocrx_word' id='word_1_561' title='bbox 1124 2329 1126 2353; x_wconf 75' lang='grc' dir='ltr'>ἱ</span> <span class='ocrx_word' id='word_1_562' title='bbox 1152 2325 1384 2364; x_wconf 84' lang='lat' dir='ltr'><strong><em>minationes‚</em></strong></span> <span class='ocrx_word' id='word_1_563' title='bbox 1414 2326 1496 2370; x_wconf 86' lang='lat' dir='ltr'><strong><em>quia</em></strong></span> <span class='ocrx_word' id='word_1_564' title='bbox 1513 2326 1609 2360; x_wconf 89' lang='lat' dir='ltr'><strong><em>Deus</em></strong></span> <span class='ocrx_word' id='word_1_565' title='bbox 1635 2330 1810 2371; x_wconf 87' lang='lat' dir='ltr'><strong><em>promittit</em></strong></span> <span class='ocrx_word' id='word_1_566' title='bbox 1834 2343 1897 2374; x_wconf 90' lang='lat' dir='ltr'><strong><em>pro</em></strong></span> <span class='ocrx_word' id='word_1_567' title='bbox 1922 2340 2040 2367; x_wconf 86' lang='lat' dir='ltr'><strong><em>nostra</em></strong></span> <span class='ocrx_word' id='word_1_568' title='bbox 2060 2336 2145 2369; x_wconf 90' lang='lat' dir='ltr'><strong><em>obe-</em></strong></span> 
     </span>
    </p>
   </div>
   <div class='ocr_carea' id='block_1_53' title="bbox 1152 2376 2144 2733">
    <p class='ocr_par' dir='ltr' id='par_1_55' title="bbox 1152 2376 2144 2733">
     <span class='ocr_line' id='line_1_98' title="bbox 1153 2376 2144 2422; baseline 0.011 -13"><span class='ocrx_word' id='word_1_569' title='bbox 1153 2376 1306 2416; x_wconf 85' lang='lat' dir='ltr'><strong><em>dientia,</em></strong></span> <span class='ocrx_word' id='word_1_570' title='bbox 1334 2377 1549 2410; x_wconf 83' lang='lat' dir='ltr'><strong><em>incrementa</em></strong></span> <span class='ocrx_word' id='word_1_571' title='bbox 1574 2379 1810 2422; x_wconf 88' lang='lat' dir='ltr'><strong><em>spiritualium</em></strong></span> <span class='ocrx_word' id='word_1_572' title='bbox 1832 2382 2006 2416; x_wconf 89' lang='lat' dir='ltr'><strong><em>donorum</em></strong></span> <span class='ocrx_word' id='word_1_573' title='bbox 2025 2385 2060 2418; x_wconf 93' lang='lat' dir='ltr'><strong><em>in</em></strong></span> <span class='ocrx_word' id='word_1_574' title='bbox 2080 2383 2144 2420; x_wconf 88' lang='lat' dir='ltr'><strong><em>hac</em></strong></span> 
     </span>
     <span class='ocr_line' id='line_1_99' title="bbox 1153 2427 2144 2478; baseline 0.013 -19"><span class='ocrx_word' id='word_1_575' title='bbox 1153 2427 1241 2467; x_wconf 86' lang='lat' dir='ltr'><strong><em>vita,</em></strong></span> <span class='ocrx_word' id='word_1_576' title='bbox 1276 2427 1359 2460; x_wconf 85' lang='lat' dir='ltr'><strong><em>item</em></strong></span> <span class='ocrx_word' id='word_1_577' title='bbox 1390 2427 1500 2460; x_wconf 80' lang='lat' dir='ltr'><strong><em>inulta</em></strong></span> <span class='ocrx_word' id='word_1_578' title='bbox 1524 2431 1721 2473; x_wconf 86' lang='lat' dir='ltr'><strong><em>corporalia</em></strong></span> <span class='ocrx_word' id='word_1_579' title='bbox 1748 2432 1931 2466; x_wconf 84' lang='lat' dir='ltr'><strong><em>beneficia:</em></strong></span> <span class='ocrx_word' id='word_1_580' title='bbox 1969 2437 2144 2478; x_wconf 85' lang='lat' dir='ltr'><strong><em>promittit</em></strong></span> 
     </span>
     <span class='ocr_line' id='line_1_100' title="bbox 1153 2476 2140 2533; baseline 0.015 -26"><span class='ocrx_word' id='word_1_581' title='bbox 1153 2485 1187 2511; x_wconf 85' lang='lat' dir='ltr'><strong><em>et</em></strong></span> <span class='ocrx_word' id='word_1_582' title='bbox 1220 2484 1297 2521; x_wconf 86' lang='lat' dir='ltr'><strong><em>post</em></strong></span> <span class='ocrx_word' id='word_1_583' title='bbox 1325 2478 1416 2511; x_wconf 84' lang='lat' dir='ltr'><strong><em>hanc</em></strong></span> <span class='ocrx_word' id='word_1_584' title='bbox 1443 2478 1550 2512; x_wconf 80' lang='lat' dir='ltr'><strong><em>vitam</em></strong></span> <span class='ocrx_word' id='word_1_585' title='bbox 1577 2476 1747 2523; x_wconf 78' lang='lat' dir='ltr'><strong><em>praemia,</em></strong></span> <span class='ocrx_word' id='word_1_586' title='bbox 1782 2483 1871 2516; x_wconf 90' lang='lat' dir='ltr'><strong><em>sicut</em></strong></span> <span class='ocrx_word' id='word_1_587' title='bbox 1896 2485 1943 2517; x_wconf 89' lang='lat' dir='ltr'><strong><em>ait</em></strong></span> <span class='ocrx_word' id='word_1_588' title='bbox 1966 2483 2140 2533; x_wconf 87' lang='lat' dir='ltr'><strong><em>Christus,</em></strong></span> 
     </span>
     <span class='ocr_line' id='line_1_101' title="bbox 1153 2527 2140 2573; baseline 0.012 -12"><span class='ocrx_word' id='word_1_589' title='bbox 1153 2527 1297 2562; x_wconf 83' lang='lat' dir='ltr'><strong><em>habenti</em></strong></span> <span class='ocrx_word' id='word_1_590' title='bbox 1315 2529 1467 2562; x_wconf 82' lang='lat' dir='ltr'><strong><em>dabitur.</em></strong></span> <span class='ocrx_word' id='word_1_591' title='bbox 1496 2529 1593 2571; x_wconf 85' lang='lat' dir='ltr'><strong><em>Item,</em></strong></span> <span class='ocrx_word' id='word_1_592' title='bbox 1613 2532 1690 2564; x_wconf 83' lang='lat' dir='ltr'><strong><em>date</em></strong></span> <span class='ocrx_word' id='word_1_593' title='bbox 1707 2540 1736 2565; x_wconf 79' lang='lat' dir='ltr'><strong><em>et</em></strong></span> <span class='ocrx_word' id='word_1_594' title='bbox 1754 2534 1897 2567; x_wconf 88' lang='lat' dir='ltr'><strong><em>dabitur</em></strong></span> <span class='ocrx_word' id='word_1_595' title='bbox 1914 2536 2024 2571; x_wconf 75' lang='lat' dir='ltr'><strong><em>vobis.</em></strong></span> <span class='ocrx_word' id='word_1_596' title='bbox 2055 2538 2140 2573; x_wconf 87' lang='lat' dir='ltr'><strong><em>Item</em></strong></span> 
     </span>
     <span class='ocr_line' id='line_1_102' title="bbox 1152 2578 2141 2625; baseline 0.012 -13"><span class='ocrx_word' id='word_1_597' title='bbox 1152 2579 1304 2619; x_wconf 79' lang='lat' dir='ltr'><strong><em>Paulus,</em></strong></span> <span class='ocrx_word' id='word_1_598' title='bbox 1332 2581 1440 2624; x_wconf 82' lang='lat' dir='ltr'><strong><em>pietas</em></strong></span> <span class='ocrx_word' id='word_1_599' title='bbox 1457 2578 1561 2613; x_wconf 83' lang='lat' dir='ltr'><strong><em>babet</em></strong></span> <span class='ocrx_word' id='word_1_600' title='bbox 1581 2583 1830 2624; x_wconf 83' lang='lat' dir='ltr'><strong><em>promissiones</em></strong></span> <span class='ocrx_word' id='word_1_601' title='bbox 1847 2586 1985 2620; x_wconf 79' lang='lat' dir='ltr'><strong><em>suturae</em></strong></span> <span class='ocrx_word' id='word_1_602' title='bbox 2003 2589 2092 2622; x_wconf 74' lang='lat' dir='ltr'><strong><em>vitae</em></strong></span> <span class='ocrx_word' id='word_1_603' title='bbox 2109 2598 2141 2625; x_wconf 88' lang='lat' dir='ltr'><strong><em>et</em></strong></span> 
     </span>
     <span class='ocr_line' id='line_1_103' title="bbox 1153 2628 2139 2679; baseline 0.01 -15"><span class='ocrx_word' id='word_1_604' title='bbox 1153 2628 1258 2664; x_wconf 89' lang='lat' dir='ltr'><strong><em>huius</em></strong></span> <span class='ocrx_word' id='word_1_605' title='bbox 1284 2631 1384 2664; x_wconf 81' lang='lat' dir='ltr'><strong><em>vitae.</em></strong></span> <span class='ocrx_word' id='word_1_606' title='bbox 1440 2630 1497 2664; x_wconf 87' lang='lat' dir='ltr'><strong><em>Sic</em></strong></span> <span class='ocrx_word' id='word_1_607' title='bbox 1522 2632 1714 2676; x_wconf 82' lang='lat' dir='ltr'><strong><em>Sareptana</em></strong></span> <span class='ocrx_word' id='word_1_608' title='bbox 1738 2637 1889 2670; x_wconf 73' lang='lat' dir='ltr'><strong><em>exercuit</em></strong></span> <span class='ocrx_word' id='word_1_609' title='bbox 1915 2638 2035 2679; x_wconf 87' lang='lat' dir='ltr'><strong><em>fidem,</em></strong></span> <span class='ocrx_word' id='word_1_610' title='bbox 2063 2654 2139 2674; x_wconf 88' lang='lat' dir='ltr'><strong><em>cum</em></strong></span> 
     </span>
     <span class='ocr_line' id='line_1_104' title="bbox 1154 2682 2139 2733; baseline 0.012 -19"><span class='ocrx_word' id='word_1_611' title='bbox 1154 2682 1310 2726; x_wconf 87' lang='lat' dir='ltr'><strong><em>primum</em></strong></span> <span class='ocrx_word' id='word_1_612' title='bbox 1341 2682 1587 2727; x_wconf 86' lang='lat' dir='ltr'><strong><em>obtemperans</em></strong></span> <span class='ocrx_word' id='word_1_613' title='bbox 1616 2685 1693 2718; x_wconf 80' lang='lat' dir='ltr'><strong><em>voci</em></strong></span> <span class='ocrx_word' id='word_1_614' title='bbox 1718 2684 1935 2731; x_wconf 85' lang='lat' dir='ltr'><strong><em>Prophetae,</em></strong></span> <span class='ocrx_word' id='word_1_615' title='bbox 1970 2691 2066 2725; x_wconf 83' lang='lat' dir='ltr'><strong><em>daret</em></strong></span> <span class='ocrx_word' id='word_1_616' title='bbox 2096 2693 2139 2733; x_wconf 91' lang='lat' dir='ltr'><strong><em>ei,</em></strong></span> 
     </span>
    </p>
   </div>
   <div class='ocr_carea' id='block_1_54' title="bbox 1581 2734 1629 2768">
    <p class='ocr_par' dir='ltr' id='par_1_56' title="bbox 1581 2734 1629 2768">
     <span class='ocr_line' id='line_1_105' title="bbox 1581 2734 1629 2768; baseline -0.021 0"><span class='ocrx_word' id='word_1_617' title='bbox 1581 2734 1629 2768; x_wconf 81' lang='lat'><strong><em>83</em></strong></span> 
     </span>
    </p>
   </div>
  </div>
 </body>
</html>
