2379 2948
170 76 267 112 1153

165 164 213 197 ita
231 162 424 196 sentiemus
451 173 515 196 nos
540 173 620 195 vere
639 161 809 196 vivificari
834 170 866 197 et
883 163 1008 198 iuvari.

764 75 827 114 IX.
882 74 1246 113 COMMENTARII
1283 76 1334 111 IN
1369 75 1611 116 PSALMOS.

1062 161 1158 197 Haec
1181 161 1186 200 Ῐ

2109 89 2206 126 1154

1313 161 1438 205 Qualis
1466 165 1531 198 erit
1549 163 1606 199 hic
1624 167 1770 201 coetus?
1803 165 1972 216 Populus
1989 175 2072 207 tuus
2089 187 2200 222 spon-

164 213 328 247 exercitia
356 215 464 257 magis
489 214 668 247 illustrant
700 215 889 247 conciones
920 211 1157 261 propheticas,
1181 201 1184 235 l
1208 216 1403 246 lanearum
1421 213 1669 256 oblationum,
1699 219 1732 251 id
1758 227 1826 258 est,
1854 219 2000 256 habebis
2026 228 2196 269 populum

163 260 269 309 ‹juam
289 264 384 308 longi
402 265 658 298 commentarii.
714 263 782 298 Sed
811 272 927 298 tamen
955 265 1156 298 iunioribus
1178 284 1182 322 ι
1208 277 1280 298 non
1297 272 1456 298 coactum
1474 267 1601 309 gladio,
1628 271 1685 301 sed
1706 272 1813 305 verbo
1833 273 2031 315 collectum,
2055 284 2084 309 et
2105 278 2196 311 laeto

162 323 371 358 argumenta
389 323 422 350 et
438 314 583 360 phrasin
600 315 758 348 indicare
775 316 862 349 utile
884 323 944 351 est.

999 315 1155 348 Orditur

1206 316 1310 348 corde
1327 317 1596 360 amplectentem
1608 317 1842 363 Evangelium
1861 330 1893 357 et
1912 332 1943 357 te
1962 335 2086 370 sponte
2103 330 2193 361 cele-

162 374 279 399 autem
311 367 516 410 gravissime
548 377 565 398 a
595 366 859 410 propositione,
899 378 967 412 qua
999 368 1152 400 ostendit
1205 367 1380 401 brantem.
1434 366 1613 402 Discernit
1634 371 1740 413 igitur
1757 371 1949 408 Ecclesiam
1972 377 2016 409 ab
2036 377 2194 423 imperiis

161 418 257 450 unde
278 418 318 451 sit
342 416 398 450 bic
418 430 477 450 rex
496 424 529 450 et
549 414 614 449 hoe
634 427 795 459 regnum.

262 467 380 501 Dixit
399 466 606 504 Dominus,
629 467 664 499 id
683 474 751 504 est,
778 467 873 501 Deus
896 467 1070 501 immensa
1097 479 1150 501 sa—

161 520 293 564 pientia
314 521 491 552 decretum
508 518 607 556 fecit,
636 525 668 550 et
686 518 720 550 id
741 519 859 560 generi
881 516 1037 553 humano
1057 526 1149 562 pate-

160 572 241 604 fecit
261 578 291 604 ct
309 569 564 615 promulgavit,
593 575 625 602 et
641 569 757 602 sanxit
775 576 812 603 ut
828 569 872 602 sit
889 577 1003 603 ratum
1027 578 1059 604 et
1084 571 1149 603 im-

160 629 316 663 motum,
352 621 439 654 sicut
465 632 546 653 mox
576 620 692 653 addit:
730 620 865 654 Iuravit
889 620 995 653 Deus.
1032 620 1077 655 Et
1103 621 1150 654 sic

160 673 294 716 colligit
317 671 383 705 sibi
408 679 585 704 aeternam
605 670 798 704 Ecclesiam
825 672 945 705 dicens
966 672 1001 704 in
1024 684 1149 715 genere

159 721 316 756 humano
333 720 422 755 hanc
440 722 709 767 promissionem
728 725 770 756 de
781 722 885 763 Filio,
904 721 966 756 hac
976 736 1060 756 voce
1076 724 1147 757 dis—

159 775 272 808 cernit
294 773 483 807 Ecclesiam
502 786 519 806 a
536 774 710 817 gentibus.

259 822 427 857 Domino
452 835 540 859 meo.
583 824 650 858 Hic
678 824 840 859 nominat
870 837 984 869 regem
1010 827 1054 859 de
1079 839 1147 871 quo

157 877 336 910 decretum
363 887 511 920 sequens
537 877 665 909 factum
691 883 758 910 est.
788 877 1007 919 intelligatur
1029 885 1146 911 autem

157 926 355 967 Dominus,
389 927 484 959 solus
517 925 574 960 hic
592 927 740 960 Messias
768 929 828 973 qui
863 935 914 961 est
942 928 1054 962 Filius
1069 926 1146 967 Dei,

157 978 356 1011 aboliturus
377 986 555 1021 peccatum
574 986 606 1012 et
624 986 785 1019 mortem,
810 986 841 1012 et
860 980 1065 1013 redditurus
1083 992 1147 1013 no—

157 1029 212 1062 bis
229 1029 402 1062 iusticiam
424 1037 455 1063 et
472 1029 579 1062 vitam
597 1036 786 1065 aeternam.
842 1029 909 1062 Hic
932 1037 981 1064 est
1001 1031 1147 1064 Davidis

156 1078 350 1118 Dominus,
390 1080 525 1113 etiamsi
559 1092 599 1113 ex
637 1081 711 1114 eius
745 1082 944 1123 posteritate
975 1088 1146 1119 nascetur,

157 1133 215 1164 sed
237 1132 300 1164 scit
319 1129 432 1163 David
461 1143 541 1164 eum
561 1143 632 1164 esse
650 1131 783 1166 Filium
802 1130 864 1164 Dei
883 1139 1084 1173 aeternum,
1114 1141 1143 1166 et

158 1183 227 1215 iam
259 1193 330 1214 esse
360 1184 539 1215 custodem
566 1181 762 1221 Ecclesiae,
798 1184 886 1215 sicut
911 1183 984 1225 ipse
1013 1184 1144 1228 inquit:

156 1233 358 1278 Antequam
370 1231 551 1267 Abraham
567 1240 671 1267 natus
687 1241 755 1275 est,
783 1246 844 1277 ego
862 1246 951 1268 sum.
991 1233 1037 1267 Et
1050 1235 1145 1267 Psal-

155 1296 214 1317 mo
225 1283 300 1318 71.:
321 1282 415 1318 Ante
426 1285 534 1317 solem
547 1291 596 1318 est
606 1285 764 1327 genitum
777 1297 907 1317 nomen
920 1285 1004 1320 eius.
1030 1284 1078 1319 Et
1090 1284 1145 1318 hic

156 1336 230 1377 ipse
250 1334 397 1368 Messias
415 1342 534 1378 postca
551 1343 654 1369 natus
671 1348 711 1368 ex
727 1336 882 1378 virgine,
910 1342 959 1369 est
969 1335 1145 1369 Dominus

154 1384 322 1427 Davidis,
349 1392 382 1419 et
407 1386 489 1430 quia
514 1393 640 1420 natura
667 1385 763 1420 Deus
787 1393 855 1427 est,
891 1393 924 1420 et
948 1387 1029 1431 quia
1060 1385 1144 1421 haec

154 1448 303 1482 persona
337 1437 486 1470 exaltata
522 1444 572 1470 est
606 1449 711 1482 supra
740 1449 863 1471 omnes
891 1444 1086 1479 creaturas,
1113 1446 1141 1471 et

154 1495 299 1533 propter
320 1499 395 1520 eam
420 1499 484 1521 nos
503 1488 715 1532 recipimur,
737 1495 771 1522 et
795 1495 940 1533 propter
965 1500 1040 1522 eam
1064 1490 1144 1523 red—

153 1540 290 1573 duntur
315 1538 420 1571 nobis
437 1539 574 1573 iusticia
592 1547 624 1573 et
644 1540 713 1574 vita
729 1546 882 1573 aeterna.

256 1589 427 1634 Sequitur
442 1591 621 1624 decretum
639 1591 682 1623 de
700 1602 826 1633 regno:
856 1587 948 1623 Sede
965 1603 988 1624 a
1003 1588 1144 1625 dextris

155 1640 264 1681 meis,
299 1641 335 1673 id
361 1647 430 1681 est,
466 1648 611 1684 regnato
643 1654 781 1675 mecum
816 1641 938 1674 divina
973 1643 1143 1686 potentia.

152 1692 222 1726 Hic
240 1692 389 1725 affirmat
406 1703 553 1735 regnum
572 1691 722 1726 Messiae
741 1705 814 1725 non
830 1693 905 1725 fore
924 1693 1141 1727 mundanam

153 1744 332 1788 politiam,
366 1744 425 1776 sed
462 1743 581 1776 divina
615 1743 770 1787 potentia
803 1744 1035 1777 liberaturum
1071 1756 1142 1778 esse

153 1793 347 1828 Ecclesiam
375 1806 392 1827 a
410 1794 558 1828 summis
577 1794 698 1836 malis,
726 1807 744 1827 a
770 1801 908 1838 peccato
932 1801 965 1828 et
990 1807 1008 1828 a
1030 1802 1142 1829 morte

152 1853 315 1886 aeterna,
343 1847 437 1890 quod
455 1845 553 1878 nulla
573 1853 731 1879 creatura
747 1846 858 1879 facere
876 1853 999 1890 potest.

256 1895 384 1929 Donec
399 1908 537 1943 ponam
563 1895 731 1930 inimicos
751 1900 832 1930 tuos
857 1895 1060 1930 scabellum
1080 1908 1140 1944 pe-

153 1945 240 1981 dum
258 1952 420 1988 tuorum,
448 1948 482 1981 id
506 1955 573 1982 est:
608 1955 647 1982 ut
670 1949 736 1982 tibi
760 1948 945 1981 subiiciam
969 1949 1142 1990 diabolos,

154 2007 186 2032 et
203 2011 324 2032 omnes
343 1996 458 2032 hostes
478 2006 567 2040 tuos,
597 2005 629 2033 et
650 2000 740 2032 mala
757 2012 775 2033 a
795 1999 938 2033 diabolo
955 2006 1042 2041 orta,
1062 2012 1140 2044 pec-

154 2057 238 2090 cata,
260 2057 427 2091 mortem,
452 2057 484 2084 et
502 2050 643 2084 inferos.
678 2049 774 2084 Haec
793 2051 912 2083 omnia
929 2051 1068 2084 domari
1087 2052 1141 2084 di-

156 2101 236 2134 vina
255 2101 409 2144 potentia
426 2101 595 2142 affirmat,
623 2102 805 2147 inquiens:
835 2100 887 2136 Ut
907 2113 1056 2147 ponam.

261 2149 421 2197 Vir-gam
445 2151 589 2186 virtutis
613 2156 696 2186 tuae
723 2153 854 2186 emittet
877 2151 1068 2187 Dominus
1097 2164 1143 2187 ea·

1167 2203 1168 2206 ¹
1195 2202 1317 2237 Esaias
1332 2204 1464 2248 inquit:
1495 2202 1585 2238 Ecce
1602 2205 1700 2247 virgo
1727 2212 1775 2238 est
1793 2206 1951 2249 gravida.

156 2201 277 2244 Zion,
302 2203 337 2235 id
355 2210 422 2244 est,
446 2211 621 2247 sceptrum
640 2204 737 2248 regni
764 2205 816 2239 tui
842 2205 1081 2251 conspicietur
1106 2205 1140 2237 in

154 2254 263 2294 Zion,
297 2254 347 2287 ibi
370 2262 533 2289 cernetur
563 2256 673 2289 oculis
695 2254 881 2289 hominum
923 2263 954 2289 et
979 2256 1143 2290 audietur

154 2304 212 2339 hic
237 2317 315 2342 rex,
352 2312 385 2338 et
410 2305 493 2338 inde
517 2313 710 2350 sceptrum,
739 2308 773 2340 id
801 2314 868 2346 est,
905 2305 1139 2350 Evangelium

1204 417 1406 458 mundanis,
1433 424 1465 451 et
1484 426 1661 453 externam
1680 424 1882 458 servitutem
1904 438 1921 459 a
1941 427 2094 462 cultibus
2113 443 2192 464 cor-

1204 468 1257 501 dis
1274 468 1425 501 accensis
1442 482 1525 502 voce
1546 469 1727 515 Evangelii
1746 481 1775 507 et
1795 487 1811 507 a
1833 475 1968 520 Spiritu
1989 487 2119 515 sancto,

1307 517 1355 551 In
1374 517 1432 552 die
1450 519 1595 554 virtutis
1612 526 1714 564 tuae,
1743 525 1777 557 id
1805 533 1875 570 est,
1904 534 2062 572 tempore
2079 532 2191 566 victo-

1201 570 1273 603 riae
1302 577 1398 611 tuae,
1427 571 1480 604 vel
1510 573 1605 615 regni
1632 575 1700 614 tui,
1728 575 1761 607 id
1788 583 1857 617 est,
1884 579 1965 622 quia
1988 581 2054 614 eris
2079 583 2191 617 victor

1200 622 1377 654 sustinens
1399 634 1550 666 poenam
1578 636 1640 667 pro
1663 636 1787 667 genere
1816 625 1989 670 humano,
2019 638 2051 665 et
2085 644 2188 678 supe-

1201 672 1294 705 rabis
1312 680 1470 706 mortem.
1525 673 1575 706 Ac
1594 675 1764 709 tribuitur
1783 678 1845 710 tibi
1871 676 2067 715 haereditas
2083 683 2188 727 inge-

1201 735 1283 756 nere
1302 721 1477 765 humano,
1504 732 1541 758 ut
1559 723 1686 759 habeas
1704 726 1913 770 Ecclesiam,
1942 744 2030 775 quae
2045 743 2190 779 propter

1199 781 1250 815 te,
1276 781 1333 808 tua
1354 775 1517 816 victoria,
1545 783 1577 810 et
1601 783 1633 810 te
1659 785 1820 812 servante
1839 780 1904 814 erit
1921 782 2027 817 salva.

1303 823 1351 858 In
1370 823 1564 871 splendore
1584 832 1731 867 sancto,
1761 830 1793 861 id
1817 837 1883 871 est,
1911 831 1947 864 in
1974 835 2100 868 vestitu
2128 848 2188 871 seu

1199 883 1327 910 ornatu
1352 884 1491 917 sancto,
1529 878 1564 911 id
1591 886 1657 920 est,
1694 878 1750 912 liic
1785 882 1936 925 populus
1968 885 2089 920 offeret
2120 888 2187 921 tihi

1199 934 1408 971 spontaneas
1426 929 1625 962 oblationes
1649 930 1685 963 in
1710 932 1835 965 vestitu
1855 935 2071 970 sacerdotali.
2128 938 2189 972 Pi-

1199 985 1295 1011 ctura
1321 986 1371 1013 est
1396 981 1523 1012 summi
1549 982 1677 1024 gradus
1703 982 1795 1015 inter
1824 981 2005 1026 homines,
2033 995 2068 1020 ut
2093 1000 2189 1022 sum-

1197 1041 1274 1062 mus
1300 1032 1462 1064 sacerdos
1486 1039 1633 1066 ornatus
1665 1033 1731 1066 fuit
1758 1034 1929 1077 singulari
1964 1044 1995 1070 et
2024 1039 2187 1073 mirando

1199 1081 1315 1121 modo,
1343 1081 1388 1115 ita
1409 1082 1520 1125 pingit
1537 1081 1632 1116 hunc
1648 1085 1818 1128 populum
1840 1086 1874 1118 in
1894 1084 1959 1120 hoc
1973 1099 2109 1123 summo
2129 1104 2188 1125 or-

1198 1138 1294 1171 natu,
1321 1132 1521 1174 significans
1538 1135 1646 1166 solam
1660 1133 1850 1168 Ecclesiam
1872 1149 1944 1170 esse
1964 1141 2187 1185 praecipuam

1197 1190 1330 1226 partem
1348 1184 1484 1226 generis
1500 1185 1669 1226 humani,
1698 1192 1730 1219 et
1747 1199 1826 1220 vere
1846 1189 2019 1229 peculium
2040 1191 2128 1233 Dei,
2157 1201 2189 1228 et

1197 1235 1392 1268 sacerdotes
1405 1262 1414 1275 ,
1441 1235 1530 1270 sicut
1546 1234 1667 1269 Esaias
1684 1237 1815 1282 iuquit:
1852 1238 1922 1271 Vos
1942 1248 2056 1274 autem
2075 1254 2189 1278 sacer-

1196 1285 1294 1317 dotes·
1326 1285 1472 1318 Domini
1509 1288 1734 1322 vocabimini.
1788 1288 2039 1334 principaliter
2071 1302 2188 1329 autem

1197 1333 1254 1368 hic
1273 1343 1420 1369 ornatus
1438 1338 1608 1379 significat
1628 1339 1863 1372 ministerium
1875 1341 2080 1386 Evangelii,
2104 1358 2190 1379 con-

1196 1386 1405 1428 sessionem,
1442 1388 1692 1429 afflictionem,
1724 1401 1762 1422 ac
1788 1391 1916 1423 deinde
1948 1395 2066 1427 omnia
2094 1397 2188 1431 dona

1197 1435 1351 1481 Spiritus
1374 1439 1484 1471 sancti
1510 1445 1544 1472 et
1560 1439 1761 1473 testimonia
1781 1439 1977 1485 Evangelii,
2033 1444 2077 1479 Ut
2093 1446 2186 1481 Pau-

1197 1487 1252 1520 lus
1281 1488 1530 1523 circumferens
1561 1488 1817 1534 Evangelium,
1857 1494 2015 1528 obiectus
2056 1497 2188 1539 bestiis,

1196 1538 1384 1579 liberatus,
1412 1541 1621 1575 resuscitans
1639 1549 1814 1584 mortuos,
1849 1551 1896 1578 est
1916 1545 1994 1578 talis
2018 1552 2190 1591 sacerdos,

1196 1590 1255 1623 illa
1274 1602 1377 1624 aurea
1400 1589 1585 1637 chlamyde
1609 1600 1766 1627 ornatus.
1819 1593 2091 1632 Meminerimus
2120 1601 2188 1643 igi-

1196 1647 1255 1674 tur
1275 1638 1333 1674 hic
1348 1641 1536 1685 significari
1554 1655 1655 1676 veros
1673 1645 1787 1678 cultus
1798 1644 1861 1678 Dei
1883 1647 1943 1691 qui
1961 1656 2043 1682 sunt
2062 1650 2097 1682 in
2113 1653 2187 1686 sola

1196 1692 1376 1730 Ecclesia,
1405 1693 1536 1727 scilicet
1558 1694 1794 1728 ministerium
1819 1693 2026 1741 Evangelii,
2050 1703 2188 1736 confes-

1195 1743 1352 1784 sionem,
1395 1744 1622 1786 afflictiones,
1665 1746 1945 1789 invocationem,
1995 1752 2187 1791 gratiarum

1196 1794 1390 1835 actionem,
1427 1803 1459 1828 et
1485 1803 1619 1829 caetera
1644 1798 1737 1830 dona
1762 1796 1916 1842 Spiritus
1938 1802 2047 1834 sancti
2075 1811 2106 1837 et
2136 1811 2187 1838 te-

1194 1845 1361 1880 stimonia
1377 1843 1574 1889 Evangelii.

1298 1894 1367 1929 Ex
1391 1901 1490 1930 utero
1513 1908 1621 1930 mane
1645 1897 1738 1931 venit
1764 1897 1835 1932 tihi
1859 1912 1917 1933 ros
1936 1904 2187 1947 generationis

1196 1951 1290 1981 tuae.
1343 1946 1451 1981 Redit
1469 1949 1509 1981 ad
1538 1961 1708 1992 personae
1730 1951 2024 1996 descriptionem,
2061 1955 2187 1999 Quan-

1196 2011 1301 2044 quam
1327 2010 1398 2031 non
1426 1997 1648 2043 reprehendo
1673 2001 1823 2034 aliorum
1843 2002 2188 2050 interpretationem,

1196 2057 1313 2084 tamen
1348 2050 1429 2095 quia
1463 2062 1620 2095 expresse
1652 2050 1691 2084 fit
1724 2053 1855 2086 mentio
1879 2055 1989 2096 uteri,
2025 2058 2187 2093 existimo

1195 2101 1367 2135 Davidem
1385 2101 1513 2135 intueri
1532 2102 1785 2146 promissiones
1800 2104 1944 2147 priores,
1965 2106 2090 2140 Semen
2106 2121 2187 2143 mu-

1196 2152 1292 2186 lieris
1325 2153 1546 2187 conculcabit
1579 2160 1681 2196 caput
1707 2156 1887 2198 serpentis.
1941 2156 2038 2191 Sicut
2069 2167 2186 2202 postea

2005 2208 2127 2254 ltaque
2153 2219 2186 2246 et

1196 2253 1290 2288 hunc
1311 2255 1522 2289 versiculum
1542 2255 1756 2299 interpretor
1772 2257 1813 2289 de
1838 2258 2021 2292 nativitate
2048 2274 2086 2293 ex
2113 2263 2186 2295 vir-

1195 2307 1294 2349 gine,
1329 2306 1445 2340 veniet
1468 2319 1507 2339 ex
1531 2313 1631 2339 utero
1659 2306 1825 2347 Messias,
1860 2309 2022 2343 videlicet
2047 2323 2086 2344 ex
2114 2314 2186 2346 vir..

1166 2342 1168 2352 Α

154 2357 313 2391 mittetur
331 2356 373 2389 ad
402 2368 523 2389 omnes
541 2365 671 2400 gentes,
725 2357 782 2392 Fit
809 2359 876 2392 loci
900 2359 1034 2392 mentio
1060 2358 1140 2403 quia
1166 2357 1169 2390 l
1196 2358 1296 2400 gine,
1324 2358 1382 2390 sed
1410 2358 1447 2391 in
1474 2358 1532 2390 illa
1550 2358 1595 2391 ita
1624 2357 1862 2401 concipietur,
1891 2366 1929 2393 ut
1954 2372 2011 2394 ros
2039 2366 2185 2399 matuti-

153 2407 249 2441 Deus
276 2407 388 2440 voluit
412 2415 506 2441 certo
532 2408 612 2440 seiri
636 2409 753 2443 locum
780 2417 812 2444 et
836 2417 992 2453 tempus,
1020 2410 1083 2442 ubi
1112 2416 1141 2442 et
1167 2401 1170 2459 l
1195 2421 1281 2448 nus,
1309 2409 1345 2441 id
1369 2415 1437 2449 est,
1465 2421 1537 2441 non
1561 2414 1724 2440 nascetur
1746 2421 1786 2441 ex
1813 2409 1908 2442 virili
1933 2412 2084 2454 semine,
2122 2418 2181 2449 sed

153 2460 297 2504 quando
325 2457 489 2491 Messiam
514 2459 686 2493 missurus
709 2468 806 2495 esset.
859 2461 927 2496 Sed
954 2461 1057 2506 quale
1085 2473 1141 2493 re·
1167 2461 1170 2512 Ῑ
1194 2467 1234 2494 ut
1259 2471 1316 2493 ros
1341 2460 1499 2492 coelestis
1524 2459 1636 2492 Filius
1654 2457 1718 2491 Dei
1741 2460 1783 2492 de
1809 2461 1905 2493 coelo
1924 2463 2048 2496 missus
2067 2468 2187 2499 conci-

151 2521 262 2552 gnum
285 2510 369 2549 erit,
399 2521 521 2542 omnes
548 2521 592 2542 ne
615 2507 711 2544 hunc
729 2512 915 2545 dominum
942 2518 1145 2545 reverenter
1167 2516 1169 2552 't
1197 2512 1312 2555 pietur
1334 2510 1371 2542 in
1396 2517 1496 2543 utero
1517 2509 1674 2552 virginis,
1729 2511 1780 2543 Ac
1807 2512 2009 2546 dulcissima
2034 2515 2187 2560 imagine

153 2561 352 2605 excipient?
405 2560 656 2606 Nequaquam,
693 2563 751 2595 sed
778 2562 870 2595 inter
892 2563 1054 2596 inimicos
1080 2564 1145 2596 do-
1168 2557 1170 2561 ⁵
1196 2563 1287 2595 roris
1314 2561 1522 2602 significavit
1554 2561 1651 2593 illam
1685 2561 1882 2594 mirandam
1919 2568 2185 2609 conceptionem

153 2612 367 2653 minabitur,
400 2612 503 2645 multi
531 2612 833 2656 adversabuntur,
857 2615 914 2646 sed
941 2621 1059 2648 tamen
1081 2612 1144 2648 ha·
1199 2621 1233 2647 et
1269 2612 1530 2654 copulationem
1569 2611 1712 2643 divinae
1750 2620 1782 2645 et
1818 2610 1993 2648 humanae
2029 2627 2185 2653 naturae.

153 2663 251 2697 bebit
269 2670 407 2696 coetum
424 2663 578 2707 aliquem
598 2664 914 2708 obtemperantem.
1169 2694 1170 2697 ,
1197 2663 1379 2698 praedicat
1405 2662 1513 2706 igitur
1543 2660 1608 2695 hoc
1641 2662 1852 2697 immensum
1877 2666 2084 2703 beneficium
2111 2670 2186 2710 Dei,

206 2716 380 2747 Memmi.
404 2716 506 2748 Orsa.
531 2716 612 2746 VOL.
631 2716 723 2749 XIII.
1623 2712 1671 2747 73
