2379 2948
173 100 268 136 1141
777 102 839 138 IX.
893 101 1260 139 COMMENTARII
1289 103 1339 139 IN
1365 103 1607 142 PSALMOS.
2116 114 2214 150 1142

170 186 241 221 Sed
264 192 303 220 nt
324 198 462 231 semper
484 187 588 221 etiam
613 188 651 221 in
674 186 739 222 hac
763 189 832 223 vita
854 196 1033 222 remaneat
1050 190 1087 221 in
1106 201 1163 233 ge-

171 249 255 270 nere
286 235 443 271 humano
476 239 594 284 aliqua
622 251 701 273 vera
726 239 792 273 Dei
817 238 991 281 Ecclesia,
1027 241 1163 274 etiamsi

170 289 276 323 multi
302 289 584 333 interficiuntur,
612 297 729 324 tamen
753 298 872 324 coetus
893 291 1023 336 aliquis
1047 303 1164 324 serva-

170 346 230 374 tur
259 340 357 374 velut
388 341 577 381 exercitus,
610 341 647 373 in
679 354 749 386 quo
775 342 811 374 in
838 338 903 374 hac
926 343 1068 375 mortali
1091 343 1162 376 vita

170 390 302 424 multae
326 398 521 424 cernuntur
536 392 708 435 gloriosae
726 392 969 433 liberationes,
997 400 1036 426 ut
1055 391 1161 427 Israel

170 442 343 475 liberatur
367 443 482 476 deleto
499 440 695 476 Pharaonis
722 443 894 487 exercitu,
922 443 1007 477 Saul
1024 445 1162 478 tollitur

170 505 188 526 e
221 493 356 534 medio,
388 506 427 526 ac
456 500 573 537 postea
599 492 713 526 David
739 495 782 527 ad
809 506 955 537 regnum
983 492 1160 533 evehitur:

170 544 347 577 tolluntur
364 557 381 577 e
396 544 513 577 medio
530 542 780 586 Maximianus,
808 544 1063 587 Diocletianus,
1090 547 1157 592 Ly-

168 595 294 636 cinius,
321 601 354 628 et
371 594 625 640 aliquantisper
641 604 808 639 regnante
819 595 1066 638 Constantino,
1093 597 1161 631 Ec-

170 646 296 679 clesiae
312 645 604 691 tranquillitatem
621 644 768 688 habent,
796 655 963 693 tanquam
981 649 1054 682 dies
1071 648 1159 682 Hal-

168 697 325 742 cyonioS.

274 747 313 780 ln
339 746 393 781 his
417 755 532 781 autem
552 749 720 793 exemplis
738 748 897 783 iusticiae
915 748 980 783 Dei
997 762 1076 783 cum
1093 748 1160 783 ho—

169 805 236 832 stes
262 798 455 840 tolluntur,
494 799 598 842 signa:
613 807 864 844 proponuntur
887 802 997 834 futuri
1021 802 1159 835 iudicii:

166 857 206 883 ut
229 847 425 883 Pharaonis
456 850 620 884 interitus
651 854 810 885 nondum
841 859 890 886 est
915 853 1101 896 praecipua
1127 861 1159 887 et

167 900 324 945 aequalis
347 913 458 945 poena
483 901 691 945 impietatis,
717 904 776 936 sed
801 904 1092 937 commonefactio
1109 911 1159 938 est

166 952 210 984 de
246 951 439 985 universali
473 952 624 994 iudicio,
667 960 700 987 et
732 955 775 987 de
807 954 858 987 ira
890 953 955 987 Dei
992 956 1158 989 adversus

166 1014 289 1036 omnes
316 1001 493 1037 Pharaoni
518 1004 661 1039 similes,
730 1004 869 1039 Interea
894 1012 1010 1039 autem
1036 1018 1158 1040 causae

165 1054 287 1087 finales
318 1061 419 1095 sunt,
455 1067 518 1088 cur
541 1055 653 1100 aliqui
676 1057 818 1101 tyranni
845 1068 862 1089 e
888 1058 1002 1090 medio
1028 1058 1157 1090 tollan—

165 1111 243 1145 tur,
278 1117 321 1138 ne
348 1105 509 1139 funditus
532 1103 688 1139 Ecclesia
720 1107 897 1149 deleatur,
931 1108 1015 1141 item
1046 1116 1085 1142 ut
1108 1109 1155 1152 pii

166 1156 365 1189 confirmati
396 1154 452 1189 his
482 1157 776 1199 liberationibus,
809 1166 998 1201 agnoscant
1026 1170 1061 1192 se
1083 1158 1157 1192 Deo

167 1218 270 1240 curae
293 1219 382 1248 esse,
411 1220 446 1241 se
469 1208 627 1241 exaudiri
652 1215 685 1242 et
709 1210 828 1253 puniri
853 1210 997 1253 impios,
1026 1223 1063 1243 ac
1082 1209 1156 1243 Deo

166 1258 306 1291 laudem
340 1259 497 1292 iusticiae
528 1260 698 1293 tribuant,
764 1259 847 1293 ldeo
876 1261 912 1292 in
944 1261 1012 1293 fine
1043 1262 1157 1294 addit:

165 1307 219 1340 Et
245 1306 334 1341 dice!
358 1306 488 1352 homo,
518 1309 640 1356 ulique
664 1310 876 1357 estsruclus
895 1310 1009 1353 iusto,
1037 1311 1158 1358 ulique

165 1364 215 1392 est
232 1357 337 1393 Deus
357 1357 470 1393 iudex
488 1358 526 1392 in
542 1364 652 1395 terra,

293 1488 636 1534 Argumentum
678 1499 731 1522 ac
766 1488 1028 1533 dispositio

505 1555 663 1595 Psalmi
704 1555 727 1595 I
730 1555 824 1596 11X.

218 1640 330 1682 Eripe
359 1648 416 1670 me
439 1636 484 1670 de
514 1638 681 1670 inimicis
706 1639 802 1670 meis
826 1634 936 1671 Deus
958 1649 1088 1680 7118115,
1123 1642 1160 1672 et

219 1688 265 1723 ab
284 1687 562 1734 insurgentibus
581 1691 619 1722 in
640 1699 698 1721 me
717 1687 835 1721 libera
855 1699 926 1722 «me.

269 1763 346 1798 Etsi
365 1764 502 1809 aliquid
522 1764 703 1808 disputant
721 1775 793 1795 non
812 1775 949 1808 semper
967 1777 1160 1808 congruere
1186 1802 1187 1809 ἵ

167 1816 290 1851 11111105
314 1827 393 1848 811111
412 1814 634 1848 Psalmorum
660 1815 894 1857 argumentis,
921 1822 960 1849 ut
983 1813 1040 1848 1118
1060 1815 1160 1849 Psal-
1186 1811 1187 1818 ¹

1186 1860 1188 1889 ἶ
1216 1863 1266 1896 813
1295 1869 1407 1906 potest
1431 1863 1535 1896 etiam
1560 1864 1597 1896 in
1623 1862 1777 1898 Ethnico
1802 1878 1891 1907 esse,
1925 1874 1964 1901 nt
1989 1866 2208 1914 Papinianus

168 1918 419 1957 concionatur,
452 1929 557 1962 qnam
589 1918 631 1949 de
660 1916 808 1950 Davidis
836 1915 998 1950 historia:
1044 1925 1160 1951 tamen
1187 1931 1188 1939 ¹

167 1879 245 1900 mus
277 1868 319 1899 de
353 1866 479 1899 ultimo
508 1865 719 1899 Iudaeorum
753 1866 857 1898 exilio
883 1867 993 1908 magis
1020 1868 1160 1911 proprie

166 1966 258 2002 mihi
282 1980 354 2001 non
380 1968 542 2012 displicet
559 1967 737 2001 Psalmum
762 1968 865 2001 etiam
886 1969 927 2000 ad
944 1969 1086 2001 titulum
1105 1981 1160 2002 ac-

168 2020 394 2054 commodari.
467 2019 582 2053 Simul
612 2019 707 2052 enim
743 2025 776 2052 et
807 2020 962 2052 narratio
993 2018 1161 2053 historiae

169 2082 241 2104 esse
261 2077 394 2114 potest,
422 2077 453 2104 et
470 2077 574 2116 typus
592 2082 631 2103 ac
647 2070 854 2103 vaticinium
872 2071 1046 2104 defutura
1065 2071 1161 2104 Mes-

169 2122 240 2155 siae
272 2121 453 2165 passione,
484 2129 517 2155 et
544 2134 655 2165 poena
684 2120 915 2162 Iudaeorum,
952 2122 1032 2167 quia
1060 2121 1161 2165 Abel,
1188 2163 1189 2166 Ἰ

170 2172 283 2213 15338,
324 2170 450 2215 Ioseph
478 2179 510 2206 et
539 2173 709 2206 similium
744 2173 972 2211 afflictiones,
1016 2174 1162 2207 fuerunt

169 2223 246 2269 typi
267 2223 440 2267 passionis
457 2222 539 2256 Filii
556 2222 640 2264 Dei,
667 2230 699 2257 et
720 2221 759 2256 111
784 2224 1030 2267 intelligebant
1046 2224 1161 2258 Deum

170 2275 261 2308 velle
277 2272 472 2307 Ecclesiam
493 2275 686 2308 subiectam
711 2286 782 2308 esse
805 2276 916 2308 cruci:
943 2283 976 2309 et
998 2276 1073 2309 fore
1096 2276 1162 2308 ali-

169 2338 275 2371 quam
293 2325 562 2358 similitudinem
579 2326 700 2368 capitis
714 2333 747 2360 et
763 2327 1032 2371 praecipuorum
1049 2339 1162 2360 mem·
1188 2342 1190 2351 <

169 2378 336 2416 brorum,
371 2376 534 2410 videlicet
557 2376 639 2409 Filii
667 2376 751 2418 Dei,
789 2385 821 2411 et
848 2390 1068 2411 summorum
1095 2377 1162 2411 Pa-

170 2435 285 2467 trum,
328 2424 604 2470 Prophetarum,
647 2426 901 2471 Apostolorum
934 2437 967 2463 et
998 2429 1163 2469 aliorum,
1217 2434 1266 2467 tio
1289 2446 1362 2467 non
1385 2442 1523 2468 tantum
1549 2445 1690 2472 causae,
1718 2434 1773 2467 vel
1798 2434 2032 2468 conscientiae
2049 2436 2086 2468 in
2106 2437 2208 2470 certis

172 2490 324 2524 quorum
343 2478 539 2511 constantia
558 2478 595 2511 in
613 2480 831 2513 confessione
846 2481 954 2514 folsss.

275 2530 531 2563 Accommodat
546 2536 660 2562 31118111
677 2530 800 2564 titulus
814 2529 909 2565 hunc
922 2531 1101 2565 Psalmum
1120 2533 1163 2565 ad

172 2581 419 2614 liberationem
453 2579 620 2619 Davidis,
664 2593 753 2625 quae
790 2582 956 2616 recitatur
992 2584 1029 2616 in
1062 2584 1192 2616 libris2

176 2633 208 2667 1-.
219 2631 314 2666 Sam.
337 2631 392 2666 19.
410 2632 471 2665 ubi
488 2632 656 2675 scriptum
675 2638 742 2673 est,
771 2633 901 2666 milites
919 2646 936 2667 3
956 2633 1061 2668 Saule
1080 2635 1164 2669 mis-

175 2695 230 2717 sos
254 2695 326 2716 esse
343 2684 384 2717 ad
403 2684 546 2716 domum
566 2682 732 2723 Davidis,
760 2691 798 2717 ut
818 2684 899 2717 inde
916 2697 995 2718 eum
1013 2687 1054 2719 ad
1073 2686 1164 2720 Sau-

1233 202 1287 223 em
1318 190 1553 231 adducerent,
1589 195 1646 227 sed
1679 195 1854 229 monitum
1880 194 2053 231 Davidem
2085 212 2104 233 a
2136 202 2207 235 filia

1218 240 1354 281 Saulis,
1381 242 1558 276 abdidisse
1582 256 1616 277 se
1634 246 1671 278 in
1689 246 1840 280 latebras
1856 247 2062 293 priusquam
2078 252 2207 286 milites

1217 292 1391 325 redirent:
1428 305 1467 326 38
1492 300 1563 327 tota
1589 295 1649 328 illa
1673 294 1817 331 historia
1843 298 1980 332 illustre
2006 303 2207 345 exemplum

1217 343 1391 383 continet,
1419 346 1512 388 quod
1529 346 1629 380 docet
1646 358 1747 391 saepe
1763 349 1935 383 divinitus
1948 351 2035 394 tegi,
2063 353 2206 387 defendi

1217 402 1249 427 et
1269 394 1401 426 servari
1423 392 1584 428 homines
1600 397 1636 429 in
1655 400 1818 432 extremis
1836 401 2019 443 periculis,
2047 415 2127 436 curn
2144 405 2205 437 de—

1217 451 1300 478 sunt
1317 442 1471 478 humana
1489 448 1661 489 praesidia
1677 456 1709 482 et
1726 450 1867 486 auxilia,

1319 505 1499 538 Discenda
1534 514 1584 540 est
1608 507 1716 550 igitur
1738 506 1824 542 haec
1848 510 1923 553 ipsa
1945 509 2091 546 historia
2116 513 2206 548 sicut

1216 555 1375 589 doctrina
1391 556 1677 600 promissionum,
1701 565 1733 592 et
1747 560 1958 603 cogitatione
1970 560 2076 597 huius
2089 576 2206 597 exem-

1216 606 1265 649 pli
1290 607 1531 640 confirmanda
1558 615 1609 642 est
1632 610 1734 650 fides,
1760 617 1792 643 et
1815 611 1992 646 invocatio
2009 615 2205 657 excitanda,

1214 657 1311 690 utin
1339 659 1504 701 periculis
1527 660 1776 702 confessionis,
1805 668 1837 694 et
1862 662 1947 696 alias
1967 671 2146 707 petamus,
2174 673 2207 700 et

1215 720 1394 752 speremus
1428 710 1668 743 defensionem
1701 719 1734 745 et
1766 713 1957 754 auxilium,
1989 715 2095 748 etiam
2127 729 2204 750 cum

1215 771 1336 792 sumus
1356 760 1514 794 destituti
1533 773 1549 794 a
1565 762 1678 795 causis
1696 763 1868 797 secundis.
1916 764 1972 797 Ad
1990 762 2085 798 hunc
2102 778 2205 800 usum

1201 810 1253 854 Ain
1284 811 1509 845 invocatione
1540 819 1572 845 et
1603 810 1660 846 1118
1683 813 1844 847 Ρ531111115
1877 821 1909 848 81
1935 815 1996 848 3111
2020 817 2205 861 compositi

1214 869 1314 902 sunt,
1343 875 1493 907 quorum
1520 865 1692 897 sententia
1719 866 1786 899 crit
1810 866 2012 910 perspicua,
2040 880 2119 901 cum
2139 869 2206 901 fide

1214 919 1242 945 et
1262 924 1322 956 spe
1339 913 1503 947 similiter
1518 915 1689 948 auxilium
1705 917 1975 961 expectabimus.

1314 971 1379 1006 Est
1405 980 1521 1007 autem
1543 971 1600 1006 1118
1622 973 1801 1015 Psalmus‚
1827 982 1867 1009 ut
1890 976 1994 1010 multi
2019 977 2080 1010 alii
2107 978 2206 1012 simi-

1213 1023 1280 1063 les,
1307 1024 1462 1067 precatio
1482 1031 1513 1057 et
1534 1025 1725 1067 gratiarum
1744 1026 1846 1060 actio.

1316 1082 1450 1117 Inserta
1482 1091 1531 1116 est
1559 1091 1676 1117 autem
1702 1085 1877 1127 narratio,
1914 1086 1952 1118 in
1976 1099 2044 1132 qua
2070 1096 2208 1123 accusat

1214 1134 1379 1167 iniustam
1406 1135 1648 1168 crudelitatem
1671 1136 1920 1178 inimicorum,
1946 1144 1981 1171 et
2005 1138 2154 1173 affirmat
2172 1153 2207 1174 se

1213 1185 1436 1218 innocentem
1456 1198 1539 1218 esse.

1315 1244 1383 1277 Hic
1407 1246 1594 1288 repetenda
1622 1253 1671 1279 est
1694 1246 1869 1291 quaestio,
1897 1248 1940 1280 de
1961 1260 2028 1293 qua
2047 1260 2150 1293 supra
2169 1250 2205 1283 in

1213 1295 1353 1327 Psalmo
1380 1296 1527 1339 septimo
1552 1297 1685 1329 dictum
1710 1304 1778 1338 est,
1811 1298 1874 1331 ubi
1900 1299 2003 1332 etiam
2030 1301 2207 1343 praedicat

1213 1345 1326 1379 David
1347 1358 1443 1379 suam
1465 1347 1723 1388 innocentiam,
1751 1360 1831 1382 cum
1850 1360 1954 1382 nemo
1972 1349 2017 1383 sit
2033 1350 2108 1383 sine
2125 1364 2207 1395 pec-

1214 1404 1309 1437 cato,
1337 1409 1381 1429 an
1408 1398 1451 1430 sit
1473 1399 1644 1431 utendum
1665 1396 1730 1430 1138
1749 1400 2084 1434 commemoratione
2102 1402 2208 1436 inno-

1215 1448 1368 1487 centiae,
1396 1460 1473 1481 cum
1495 1449 1637 1493 quidem
1656 1449 1744 1482 alibi
1763 1450 1857 1483 dicat
1875 1450 1947 1494 ipse
1964 1449 2097 1485 David:
2126 1452 2207 1486 Non

1215 1499 1323 1531 intres
1349 1498 1385 1530 in
1405 1499 1576 1532 iudicium
1594 1512 1672 1532 cum
1690 1511 1791 1533 servo
1807 1506 1887 1542 tuo,
1915 1501 1997 1547 quia
2016 1514 2089 1536 non
2106 1504 2209 1538 iusti-

1214 1549 1377 1583 ficabitur
1390 1562 1505 1583 coram
1525 1557 1558 1584 te
1576 1551 1692 1584 omnis
1711 1551 1845 1586 vivens.

1318 1608 1446 1642 Facilis
1476 1616 1509 1642 et
1542 1610 1645 1653 plana
1679 1611 1863 1654 explicatio
1894 1619 1959 1646 est:
1992 1612 2134 1661 Duplex
2159 1621 2209 1648 est

1216 1659 1371 1699 iusticia,
1405 1660 1472 1692 alia
1503 1661 1617 1693 bonae
1645 1661 1898 1703 conscientiae,
1934 1664 2002 1697 alia
2027 1676 2208 1708 personae.

1219 1710 1359 1743 iusticia
1383 1711 1498 1743 honae
1522 1711 1757 1745 conscientiae
1775 1720 1824 1746 est
1842 1711 1970 1747 babere
1987 1716 2207 1758 propositum

1215 1768 1306 1795 recte
1331 1761 1503 1802 faciendi,
1531 1770 1563 1795 et
1589 1763 1675 1795 scire
1699 1775 1837 1796 causam
1857 1777 1963 1809 quarn
1984 1767 2208 1800 defendimus

1216 1824 1352 1849 veram,
1382 1812 1508 1844 iustam
1536 1820 1566 1845 et
1595 1814 1824 1847 necessariam
1849 1827 1935 1850 esse.
1989 1816 2087 1850 Talis
2106 1817 2207 1850 iusti-

1215 1914 1341 1947 nolens
1365 1926 1526 1947 excusare
1550 1916 1778 1958 parricidium
1797 1917 2018 1960 imperatoris
2035 1918 2208 1959 Bassiani,

1216 1966 1345 1998 bonam
1379 1965 1629 1999 conscientiam
1667 1964 1810 2006 habuit,
1846 1980 1885 2000 38
1918 1969 2062 2012 gloriari
2094 1971 2209 2013 potuit

1216 2028 1250 2049 se
1274 2016 1404 2048 iniuste
1427 2017 1469 2049 ab
1493 2017 1704 2060 imperatore
1728 2018 1890 2052 interfici.
1959 2019 2010 2053 lta
2035 2027 2067 2054 et
2089 2019 2205 2054 David

1217 2066 1367 2100 babebat
1391 2067 1566 2100 iusticiam
1592 2069 1704 2101 bonae
1726 2070 1983 2114 conscientiae>
2012 2072 2131 2105 omnia
2155 2072 2207 2105 fa-

1216 2119 1329 2151 ciebat
1360 2118 1472 2151 fidelis
1503 2119 1656 2152 ministri
1687 2120 1822 2161 officia,
1856 2133 1919 2154 nec
1941 2119 2126 2165 appetebat
2151 2134 2207 2155 re-

1217 2181 1344 2212 gnum,
1370 2181 1434 2202 nec
1456 2170 1637 2203 offendere
1659 2178 1719 2204 aut
1742 2171 1878 2204 laedere
1897 2183 2011 2215 regem
2028 2173 2065 2204 in
2080 2173 2151 2206 ulla
2170 2186 2207 2207 re

1217 2221 1398 2264 cupiebat,
1435 2222 1493 2254 sed
1524 2233 1581 2254 rex
1610 2222 1775 2254 invidens
1800 2222 1932 2265 gloriae
1955 2223 2081 2266 ipsius,
2116 2230 2147 2257 et
2173 2236 2208 2257 se

1217 2272 1398 2305 obscurari
1422 2273 1563 2313 dolens,
1591 2273 1712 2305 oderat
1737 2285 1836 2311 eum,
1864 2280 1897 2307 et
1915 2285 1932 2306 e
1949 2274 2066 2307 medio
2083 2274 2207 2308 tollere

1217 2323 1422 2356 conabatur.

1320 2381 1399 2416 Alia
1424 2390 1474 2417 est
1496 2383 1631 2416 iusticia
1658 2395 1845 2426 personae,
1872 2383 1906 2416 id
1933 2390 2002 2425 est,
2030 2386 2208 2429 approba-

1217 2484 1335 2526 factis,
1363 2487 1421 2518 sed
1449 2486 1556 2519 totius
1581 2496 1749 2528 personae
1774 2497 1890 2518 coram
1911 2484 2006 2527 Deo,
2032 2499 2121 2531 quae
2145 2488 2207 2521 etsi

1219 2547 1357 2569 causam
1390 2537 1540 2576 bonam,
1575 2542 1634 2569 aut
1658 2536 1908 2569 conscientiam
1933 2537 2063 2570 bonam
2090 2535 2209 2579 habet,

1218 2595 1335 2621 tamen
1367 2585 1471 2620 habet
1494 2587 1560 2620 alia
1588 2587 1672 2619 vitia
1698 2593 1759 2620 aut
1783 2594 1938 2631 peccata:
1980 2595 2019 2622 ut
2042 2587 2208 2633 Papinia-

1191 2677 1193 2681 ,
1219 2649 1285 2671 nus
1310 2636 1417 2671 habet
1442 2650 1580 2671 causam
1606 2638 1756 2679 1111113111,
1785 2646 1901 2672 tamen
1929 2639 2067 2682 ignorat
2086 2653 2208 2673 verum

1220 2689 1346 2724 Deum.
1399 2689 1479 2722 Non
1505 2689 1614 2729 igitur
1637 2702 1784 2734 persona
1808 2690 1896 2724 iusta
1921 2697 1969 2724 est
1988 2703 2103 2724 coram
2122 2691 2209 2727 Deo.

1513 2738 1595 2775 72*
