2379 2948
207 87 302 124 1155

204 173 298 218 quod
313 172 387 217 ipse
403 171 517 206 Filius
526 170 592 204 Dei
605 195 613 207 ,
642 170 703 214 qui
722 175 773 203 est
790 176 972 203 coaeterna
996 170 1111 213 imago
1128 181 1189 214 pa-

203 224 283 264 tris,
311 223 482 256 immenso
503 232 621 255 amore
639 221 751 254 nostri
770 221 951 255 descendit
967 222 1008 254 ad
1034 233 1098 254 nos
1123 221 1190 253 mi-

203 274 379 308 sem-imos.
433 273 548 305 Huius
572 271 701 305 amoris
726 271 971 313 magnitudine
996 272 1190 305 excitentur

203 326 286 358 fides
307 331 337 357 et
355 324 549 362 invocatio,
577 329 609 355 et
623 322 865 365 confugiamus
883 323 925 355 ad
946 320 1040 355 hunc
1058 321 1189 354 Filium

204 376 427 408 liberatorem
451 373 747 417 omnipotentem,
770 373 859 406 sicut
883 373 957 416 ipse
981 373 1082 406 dicit:
1120 371 1189 404 Ve-

204 426 276 458 nite
293 426 334 457 ad
354 437 409 457 me
427 435 548 457 omnes
567 424 627 469 qui
645 424 816 457 laboratis
833 430 866 457 et
881 424 1016 457 onerati
1034 424 1126 464 estis,
1155 429 1188 455 et

205 487 266 519 ego
284 475 436 508 reficiam
457 487 530 507 vos.

279 523 426 558 Iuravit
437 523 638 563 Dominus,
657 528 687 557 el
705 536 778 558 non
793 523 988 571 poenitebit
1007 535 1099 557 eum:
1128 521 1188 556 Τιι

205 587 238 609 es
259 574 427 609 sacerdos
445 575 484 608 in
503 579 686 608 aeternum
703 573 899 609 secundum
916 573 1076 609 ordinem
1087 572 1189 608 Mel-

204 623 404 662 clu'zedech.
443 625 603 660 Observa
630 627 791 660 ordinem
821 626 1053 669 narrationis,
1088 633 1188 658 antea

206 678 293 712 dixit
314 679 356 711 de
372 689 479 721 regno
491 705 499 718 ‚
527 676 694 711 Messiam
712 678 833 710 divina
852 678 1008 722 potentia
1024 683 1188 720 regnatu-

205 740 284 762 rum
311 740 401 768 esse,
429 729 518 762 dixit
541 729 603 761 ubi
630 728 862 771 patefacturus
886 728 926 761 sit
952 727 1051 760 initia
1076 727 1187 770 regni,

206 779 337 813 scilicet
363 780 400 811 in
429 779 531 812 Zion.
585 778 688 812 Nunc
713 779 812 811 addit
827 780 869 811 de
891 778 1101 811 sacerdotio:
1130 777 1188 810 Tu

206 841 241 862 es
258 831 420 863 sacerdos
443 836 506 863 etc.
561 829 629 863 Sed
656 829 794 862 orditur
817 840 835 862 a
853 830 1071 869 iuramento,
1100 829 1189 861 sicut

207 891 311 923 supra
336 892 477 913 exorsus
502 887 551 914 est
577 881 620 912 ab
645 880 920 919 asseveratione,
948 879 1047 913 Dixit
1062 878 1188 912 Domi-

206 941 288 963 nus:
327 930 374 964 ita
400 928 456 963 hic
482 931 607 974 repetit
631 930 922 963 asseverationem
946 931 1067 963 addito
1092 930 1188 963 iura-

206 986 343 1021 mento,
372 979 505 1015 Iuravit
531 980 723 1021 Dominus,
750 992 814 1013 nec
838 993 926 1025 opus
944 988 993 1014 est
1010 973 1115 1024 lon'ga
1134 980 1189 1012 in-

206 1032 476 1075 terpretatione,
513 1032 621 1064 simus
645 1029 721 1064 Deo
747 1031 878 1064 dicenti
908 1038 941 1065 et
968 1031 1188 1076 promittenti

205 1082 420 1115 credendum
446 1093 538 1122 esse,
576 1082 712 1114 etiamsi
743 1093 815 1114 non
842 1083 983 1116 adderet
1008 1083 1189 1115 iuramen—

204 1138 278 1165 tum
291 1159 299 1172 ,
325 1133 384 1165 sed
402 1139 441 1166 ut
457 1132 655 1165 infirmitati
671 1139 810 1165 nostrae
828 1135 1029 1173 medeatur,
1056 1140 1089 1166 et
1113 1145 1188 1166 ma-

205 1182 256 1225 gis
285 1182 413 1215 eximat
442 1183 700 1217 dubitationem
732 1183 831 1217 addit
864 1184 1117 1223 iuramentum,
1150 1190 1189 1217 ut

204 1233 395 1266 certissime
411 1240 601 1268 statuamus
612 1233 861 1278 promissiones
876 1235 979 1268 nobis
994 1241 1086 1268 ratas
1105 1246 1188 1273 esse,

205 1295 285 1316 vere
317 1295 396 1317 eum
425 1284 515 1317 velle
545 1296 610 1317 nos
633 1284 778 1318 miseros
800 1286 974 1329 recipere,
1010 1285 1187 1319 remittere

204 1334 309 1367 nobis
333 1341 492 1378 peccata,
520 1335 667 1368 reddere
691 1335 865 1369 iusticiam
889 1343 922 1370 et
946 1337 1053 1369 vitam
1075 1344 1187 1370 aeter—

206 1396 309 1425 nam,
336 1385 425 1418 sicut
448 1386 533 1418 alibi
550 1386 735 1429 repetitum
760 1393 810 1420 est
827 1387 1092 1420 iusiurandum:
1122 1386 1187 1418 vi-

205 1447 249 1468 vo
267 1446 349 1479 ego,
377 1435 462 1469 dicit
481 1434 677 1476 Dominus,
703 1437 786 1469 nolo
812 1445 960 1471 mortem
985 1437 1188 1481 peccatoris,

206 1487 266 1518 sed
287 1492 327 1519 ut
345 1493 568 1520 convertatur
591 1493 623 1520 et
638 1487 746 1521 vivat.
799 1487 896 1521 Haec
912 1487 1109 1521 iuramenta
1125 1500 1187 1531 op-

205 1547 376 1579 ponamus
402 1537 606 1570 falsissimae
632 1538 793 1582 opinioni
819 1536 1092 1577 monachorum,
1126 1539 1187 1583 qui

207 1587 329 1619 iubent
363 1587 405 1619 de
427 1588 632 1621 remissione
658 1595 880 1632 peccatorum
914 1590 1094 1629 dubitare,
1130 1589 1188 1621 in-

205 1644 367 1670 tueamur
390 1638 425 1670 in
451 1635 536 1670 haec
568 1638 787 1676 iuramenta,
823 1646 856 1672 et
887 1639 1038 1672 sciamus
1068 1646 1186 1672 nostra

205 1699 306 1721 causa
324 1688 415 1722 edita
434 1699 524 1729 esse,
558 1687 639 1722 Non
663 1689 878 1723 somniemus
901 1690 1006 1723 aliam
1032 1701 1104 1723 esse
1125 1703 1188 1722 vo-

204 1738 451 1772 luntatemDei
467 1739 731 1773 dissentientem
749 1741 792 1773 ab
809 1738 874 1773 hac
890 1741 1039 1774 revelata
1056 1741 1092 1773 in
1104 1753 1187 1785 pro-

204 1789 448 1830 missionibus,
474 1797 507 1823 et
525 1797 714 1823 statuamus
730 1791 981 1834 promissiones
1003 1798 1042 1825 ut
1061 1798 1187 1825 sonant

204 1840 419 1873 universales
436 1851 524 1879 esse,
553 1848 586 1874 et
602 1841 793 1880 luctemur,
821 1848 861 1875 ut
885 1854 1004 1875 earum
1021 1854 1105 1875 voce
1122 1854 1186 1875 nos

205 1896 456 1928 sustentemus,
490 1903 725 1934 repugnemus
757 1893 988 1933 dubitationi,
1024 1900 1056 1927 et
1091 1901 1186 1937 peta-

204 1952 282 1973 mus
307 1952 371 1973 nos
397 1941 511 1974 iuvari
529 1941 663 1985 Spiritu
687 1950 828 1984 sancto,
858 1944 946 1977 sicut
970 1944 1029 1976 ille
1054 1944 1184 1989 inquit:

203 1988 318 2024 Credo
334 1989 507 2034 Domine,
535 2005 636 2034 opem
652 1994 703 2026 fer
719 1994 934 2028 diffidentiae
952 2007 1059 2029 meae.

305 2038 364 2073 Tu
383 2053 418 2074 es
435 2040 615 2076 sacerdos.
651 2042 827 2078 Discernit
844 2046 1077 2079 sacerdotium
1089 2045 1185 2079 Mes-

203 2091 273 2124 siae
289 2104 307 2125 a
324 2093 519 2126 sacerdotio
538 2093 695 2127 Levitico
715 2095 851 2128 duabus
869 2096 1096 2137 differentiis,
1127 2109 1184 2129 ae-

201 2142 382 2183 ternitate,
415 2150 448 2176 et
473 2143 668 2177 ministerio
687 2143 961 2181 Melchizedecb.
1013 2146 1185 2180 Sacerdo-

202 2193 292 2226 tium
317 2193 513 2227 Leviticum
545 2202 617 2229 erat
642 2196 815 2241 typicum,
844 2204 878 2230 et
893 2198 1087 2231 desiturum
1105 2211 1183 2231 cum

201 2244 324 2287 politia
350 2243 488 2290 Moysi,
528 2253 714 2291 postquam
740 2246 886 2280 Messias
912 2248 948 2279 in
974 2246 1038 2281 hae
1061 2249 1183 2292 politia

202 2292 378 2327 exhibitus
402 2303 506 2336 esset,
540 2304 571 2330 et
594 2298 802 2331 sacrificium
827 2299 1009 2342 proprium
1034 2300 1183 2332 obtulis-

202 2352 262 2380 set.
319 2344 400 2378 Ideo
429 2347 523 2379 enim
548 2355 618 2382 tota
645 2347 728 2382 haec
756 2349 878 2393 politia
897 2350 1084 2383 constituta
1103 2351 1183 2391 fuit,

201 2402 239 2428 ut
258 2403 343 2429 esset
359 2403 450 2430 certa
467 2399 580 2439 natio,
608 2406 640 2433 et
665 2400 762 2433 locus
787 2407 920 2441 certus,
948 2401 1011 2433 ubi
1035 2400 1182 2434 Messias

201 2447 459 2490 conspiceretur
480 2456 513 2482 et
528 2450 688 2491 doceret,
714 2458 747 2484 et
771 2452 971 2485 testimonia
991 2453 1033 2484 de
1050 2452 1182 2485 doctri-

200 2506 245 2526 na
270 2498 397 2530 ederet.
459 2497 510 2532 Ac
538 2502 771 2535 sacerdotium
795 2501 945 2535 Messiae
972 2509 1179 2546 perpetuum

199 2552 268 2584 est,
302 2553 339 2579 ut
364 2555 478 2589 postea
503 2551 654 2585 dicetur:
691 2552 789 2596 prius
814 2553 907 2585 enim
933 2555 1178 2597 exponendum

794 82 920 120 PHIL.
948 81 1064 119 MEL.
1088 81 1298 119 SCRIPTA
1325 80 1626 118 EXEGETICA.

2128 85 2226 122 1156

1241 169 1341 203 nitur
1376 169 1471 202 enim
1506 166 1592 202 haec
1627 168 1798 214 particula
1832 171 2026 205 sacerdotio
2053 171 2225 213 Levitico,

1242 220 1342 265 quasi
1360 221 1468 254 dicat:
1497 219 1644 254 Messias
1660 220 1727 254 erit
1742 221 1901 254 sacerdos
1925 232 1997 253 non
2014 221 2051 254 in
2066 222 2225 256 ministe—

1241 271 1294 305 rio
1312 271 1485 310 Levitico,
1514 272 1573 304 sed
1592 271 1670 304 talis
1688 270 1801 316 qualis
1819 271 1885 304 fuit
1904 269 2181 308 Melchizedech.

1341 321 1500 355 Primum
1527 329 1643 356 autem
1668 321 1892 356 considerent
1923 321 2080 356 iuniores
2112 321 2224 357 histo-

1241 372 1329 406 riam
1355 373 1393 405 in
1418 372 1562 418 Moyse,
1589 373 1652 406 ubi
1679 372 1845 407 scribitur
1870 370 2135 406 Melchizedech
2169 386 2225 407 re-

1240 434 1361 466 gnasse
1391 424 1428 456 in
1455 423 1591 465 Salem,
1625 431 1658 459 et
1678 423 1897 456 benedixisse
1923 421 2099 458 Abrahae.
2161 421 2225 459 Est

1241 481 1356 508 autem
1383 474 1579 507 communis
1603 474 1776 508 sententia
1803 474 2004 518 vetustatis,
2033 472 2226 508 Melchize-

1241 523 1330 557 decb
1354 525 1461 558 fuisse
1495 525 1606 559 filium
1631 522 1755 558 Nohae
1782 523 1883 565 Sem,
1917 524 2000 569 quia
2021 531 2106 558 tunc
2127 525 2226 566 vixit,

1242 582 1274 608 et
1294 575 1361 608 fuit
1379 575 1586 619 praecipuus
1605 577 1727 609 doctor
1743 575 1782 608 in
1792 572 1969 613 Ecclesia,
1998 575 2094 609 testis
2112 582 2145 609 et
2163 588 2225 609 cu-

1241 633 1312 660 stos
1336 626 1516 659 doctrinae
1542 633 1703 670 patrum,
1730 626 1813 671 quia
1838 632 1920 659 ante
1939 626 2115 659 diluvium
2140 626 2226 660 vixit

1241 689 1352 710 annos
1376 676 1437 718 98,
1460 683 1493 710 et
1515 677 1650 710 audivit
1677 677 1806 709 multos
1831 677 2146 720 praestantissimos
2170 677 2225 709 vi-

1241 739 1316 767 ros,
1344 734 1377 761 et
1394 728 1521 761 deinde
1537 733 1710 771 superstes
1736 727 1802 761 fuit
1826 727 1894 771 ipsi
1910 724 2093 768 Abrahae,
2122 727 2226 760 annis

1241 777 1302 814 35.
1355 779 1427 812 Hic
1451 790 1530 811 cum
1556 785 1643 812 esset
1671 783 1787 811 custos
1808 790 1911 811 verae
1928 778 2132 819 doctrinae,
2159 775 2224 811 ha—

1242 829 1319 862 buit
1335 827 1528 862 Ecclesiam
1545 830 1649 862 etiam
1668 840 1758 875 quae
1782 840 1861 861 eum
1875 829 2057 870 audiebat,
2083 829 2148 862 etsi
2170 829 2226 861 vi-

1242 880 1294 913 dit
1309 880 1439 913 interea
1458 891 1600 923 magnas
1611 879 1855 923 dissipationes
1871 886 1903 913 et
1917 880 2129 913 calamitates
2148 886 2227 923 post

1241 931 1436 971 diluvium,
1457 931 1599 974 linguae
1614 930 1846 973 mutationes,
1873 941 2005 963 novum
2024 930 2226 974 imperium,

1242 988 1274 1015 et
1289 982 1382 1014 idola
1400 980 1615 1027 Babylonis,
1643 980 1837 1014 horrendas
1861 980 2029 1014 libidines
2049 987 2081 1014 et
2098 980 2225 1014 interi-

1242 1039 1315 1065 tum
1341 1031 1599 1072 Sodomorum,
1635 1040 1667 1066 et
1691 1032 1759 1065 alia
1783 1031 1893 1064 multa
1920 1043 2009 1076 quae
2039 1043 2113 1064 non
2143 1037 2225 1065 sunt

1242 1083 1388 1127 scripta,
1417 1084 1475 1116 sed
1504 1083 1652 1126 cogitate
1669 1089 1821 1128 quantus
1837 1082 1941 1115 dolor
1963 1082 2001 1114 in
2023 1082 2100 1115 viro
2125 1088 2223 1115 tanto

1240 1134 1347 1166 suerit
1363 1134 1485 1167 audire
1496 1134 1610 1167 cultus
1625 1134 1803 1167 idolorum
1820 1133 1856 1165 in
1867 1131 2062 1178 Babylone,
2079 1140 2112 1166 et
2126 1132 2223 1166 alibi.

1243 1184 1329 1217 Item
1356 1185 1394 1217 in
1419 1185 1549 1217 vicinia
1573 1197 1660 1228 pene
1685 1190 1914 1231 spectatorem
1941 1195 2013 1216 esse
2035 1183 2226 1226 flagitiosa-

1241 1247 1319 1268 rum
1340 1235 1555 1279 libidinum,
1583 1233 1754 1270 habitavit
1777 1234 1870 1267 enim
1891 1246 1964 1268 non
1983 1234 2106 1279 procul
2123 1246 2141 1267 a
2158 1232 2226 1267 So-

1240 1286 1354 1319 domis
1375 1286 1412 1319 in
1429 1286 1557 1320 Salem.

1341 1335 1418 1370 Etsi
1442 1343 1559 1370 autern
1578 1337 1649 1370 duo
1674 1337 1804 1381 oppida
1827 1336 1973 1370 fuerunt
1996 1335 2142 1369 nomine
2159 1333 2224 1367 Sa-

1240 1388 1325 1420 lem:
1361 1388 1511 1420 alterum
1544 1388 1639 1432 quod
1671 1394 1789 1431 postea
1815 1387 1947 1420 dictum
1976 1393 2026 1420 est
2052 1384 2224 1418 Hierusa-

1240 1438 1322 1478 lem,
1348 1438 1452 1471 situm
1469 1438 1568 1472 eunti
1587 1449 1706 1471 versus
1725 1448 1896 1478 occasum,
1922 1448 1940 1469 a
1958 1437 2048 1469 mari
2063 1442 2224 1478 mortuo3

1240 1489 1388 1522 alterum
1421 1489 1527 1522 situm
1557 1500 1676 1521 versus
1699 1487 1932 1532 Aquilonem,
1976 1487 2071 1531 quod
2100 1493 2134 1520 et
2166 1485 2224 1520 Si-

1240 1537 1340 1572 chem
1371 1539 1594 1577 nominatur,
1635 1551 1708 1571 non
1734 1539 1857 1581 procul
1886 1551 1905 1572 a
1929 1535 2071 1570 Bethel:
2107 1544 2224 1571 tamen

1240 1596 1514 1622 consentaneum
1543 1596 1593 1621 est
1626 1588 1706 1622 Sem
1738 1586 1912 1623 habitasse
1945 1589 1983 1621 in
2014 1600 2056 1621 eo
2081 1587 2224 1631 oppido,

1239 1640 1334 1685 quod
1361 1646 1477 1683 postea
1506 1639 1639 1672 dictum
1661 1646 1711 1673 est
1736 1637 1978 1679 Hierusalem,
2003 1639 2098 1684 quod
2115 1638 2223 1672 dista-

1240 1692 1297 1724 bat
1312 1703 1330 1723 a
1347 1690 1511 1724 Sodomis
1529 1690 1666 1724 circiter
1681 1702 1739 1724 sex
1755 1697 1874 1724 nostra
1891 1690 2056 1723 milliaria
2068 1716 2076 1731 ,
2105 1696 2138 1723 et
2155 1688 2224 1722 fuit

1239 1749 1323 1775 tunc
1340 1741 1477 1774 vicinus
1494 1740 1750 1786 Hierosolymis
1767 1739 1969 1782 Abraham,
1997 1738 2160 1774 habitans
2184 1739 2223 1772 in

1239 1791 1403 1825 Mambre
1429 1804 1517 1837 quae
1544 1799 1594 1825 est
1619 1791 1786 1833 Hebron,
1816 1805 1855 1825 ac
1880 1793 1992 1825 filium
2016 1798 2136 1840 postea
2159 1791 2222 1824 ad-

1238 1843 1336 1876 duxit
1353 1843 1578 1876 mactandum
1595 1842 1632 1875 in
1651 1849 1806 1876 montem
1824 1843 1960 1884 Moria,
1981 1843 2041 1887 qui
2059 1848 2109 1875 est
2126 1842 2221 1875 locus

1239 1906 1308 1939 quo
1334 1892 1494 1928 Christus
1518 1894 1703 1927 crucifixus
1726 1900 1786 1929 est.
1839 1893 1934 1928 Haec
1958 1891 2125 1927 historica
2145 1903 2221 1924 me-

1238 1944 1380 1978 minisse
1396 1945 1482 1978 utile
1499 1951 1558 1979 est.

1339 1995 1490 2029 Dolores
1507 1995 1612 2029 etiam
1628 1992 1735 2028 huius
1752 1995 1819 2028 viri
1839 1994 1920 2028 Sem
1944 1994 2220 2032 consideremus,

1238 2046 1298 2091 qui
1323 2053 1394 2079 tam
1410 2046 1537 2080 multas
1560 2057 1703 2089 magnas
1719 2046 1931 2079 calamitates
1958 2045 2068 2085 vidit,
2094 2044 2220 2077 interi-

1238 2105 1310 2131 tum
1330 2097 1438 2131 totius
1455 2096 1590 2139 generis
1606 2094 1751 2130 humani
1767 2095 1804 2128 in
1818 2096 1954 2129 diluvio
1966 2123 1975 2136 ,
2002 2102 2120 2140 postea
2148 2095 2220 2128 lin-

1237 2160 1323 2191 guae
1339 2148 1550 2181 mutationes
1575 2159 1663 2192 quae
1678 2147 1790 2180 varias
1807 2147 2003 2187 doctrinas,
2031 2146 2219 2190 religiones

1237 2207 1270 2232 et
1302 2199 1572 2241 gubernationes
1600 2205 1826 2242 pepererunt,
1863 2198 1954 2232 vidit
1986 2197 2086 2231 initia
2119 2196 2219 2240 regni

1236 2248 1468 2294 Babylonici‚
1503 2249 1596 2293 quod
1631 2249 1767 2292 magnis
1797 2249 1961 2281 caedibus
1988 2248 2217 2282 constitutum

1237 2307 1304 2340 est,
1331 2300 1507 2333 idolorum
1525 2299 1657 2332 cultum
1669 2324 1678 2338 ‚
1704 2299 1875 2332 libidines
1892 2307 1924 2333 et
1941 2311 2071 2343 poenas
2086 2299 2217 2331 floren·

1236 2351 1448 2384 tissimarum
1476 2350 1632 2383 urbium.
1657 2385 1661 2389 ,
1699 2349 1795 2383 Haec
1832 2351 1943 2384 tristia
1976 2350 2131 2393 exempla
2160 2349 2216 2380 in-

1236 2409 1372 2435 tuentes
1389 2401 1580 2444 cogitemus
1599 2401 1685 2434 iram
1703 2400 1788 2441 Dei,
1815 2408 1848 2434 et
1868 2402 2050 2434 flectamur
2072 2400 2114 2432 ad
2132 2410 2217 2442 poe-

1235 2453 1418 2486 nitentiam
1430 2479 1439 2492 ,
1465 2458 1496 2485 et
1514 2452 1668 2485 modeste
1684 2452 1872 2485 toleremus
1890 2452 2045 2484 miserias
2067 2457 2216 2487 nostras,

1234 2510 1267 2537 et
1284 2511 1441 2547 petamus
1457 2503 1724 2545 mitigationem,
1752 2503 1841 2536 sicut
1862 2515 1928 2535 vox
1943 2502 2062 2535 divina
2080 2500 2214 2534 docuit:

1234 2552 1345 2587 Orate
1370 2560 1408 2586 ut
1428 2554 1569 2597 possitis
1606 2554 1757 2596 effugere
1793 2560 1958 2586 venturas
1991 2551 2215 2585 calamitates.

199 2601 266 2636 est,
300 2597 384 2640 quid
413 2599 456 2631 sit
486 2598 551 2634 hac
580 2603 780 2636 differentia
809 2604 1062 2650 significatum,
1100 2616 1178 2636 cum
1231 2603 1315 2637 Dixi
1333 2605 1428 2649 quiS‚
1456 2611 1488 2638 et
1510 2604 1573 2638 ubi
1597 2605 1704 2638 fuerit
1720 2599 2001 2643 Melchizedech‚
2028 2601 2097 2635 iam
2119 2602 2214 2635 dice-

198 2645 261 2679 ait:
297 2646 497 2682 Secundum
524 2654 687 2686 ordinem
713 2651 990 2688 Melchizedech.

1053 2652 1179 2699 Oppo-
1203 2644 1207 2697 l
1231 2667 1308 2689 mus
1325 2656 1366 2688 de
1384 2655 1591 2690 sacerdotio.
