2379 2948
213 122 260 156 43

217 215 295 239 cum
314 202 483 246 sanguiue
503 202 538 233 in
558 199 750 232 nutritione
776 193 974 237 vehuntur,
1007 200 1123 227 tamen
1153 200 1191 226 ut

217 266 328 288 massa
354 252 541 286 nutritioni
575 250 747 285 destinata
778 246 822 279 sit
849 245 991 289 purior,
1025 245 1123 287 prius
1157 244 1192 275 iu

220 312 318 348 epate
353 305 389 336 fit
420 300 619 345 segregatio.
695 297 786 329 Sunt
815 295 909 328 euim
934 302 966 328 et
987 301 1080 327 atrae
1101 294 1193 326 bilis.

221 354 302 388 Ideo
328 354 442 385 vicina
467 362 543 383 vasa
567 347 704 381 condita
735 353 834 383 sunt,
869 346 975 390 litque
999 344 1194 388 purificatio

221 403 400 447 sauguinis
418 403 452 434 in
479 400 590 433 media
608 404 705 442 parte
724 396 846 440 epatis,

570 506 700 539 Vesica
740 504 859 541 Follisu

529 575 654 615 κύστις
686 573 894 621 χοληδόχος.

329 648 371 682 In
388 647 504 680 medio
522 652 619 689 epate
637 651 686 677 est
698 643 874 676 folliculus
887 640 1104 684 longiusculo
1115 649 1200 683 pyro

225 700 369 739 similis,
396 698 456 742 qui
481 696 561 735 Pel,
598 695 633 727 id
666 700 733 733 est,
767 693 892 725 flavam
926 692 1031 723 bilem
1064 689 1201 731 excipit.

225 751 362 785 Tunica
380 755 428 780 est
447 758 516 779 una
532 744 756 779 firmiuscula,
776 740 909 775 liabens
925 740 1078 784 triplices
1089 740 1202 771 fibras.

225 801 307 835 Duo
327 805 441 832 autem
457 796 544 829 rami
569 806 628 827 seu
653 793 789 826 canales
814 792 1046 836 porriguntur
1070 802 1086 822 a
1112 789 1201 821 collo

228 849 335 884 huius
353 846 520 885 folliculi,
548 854 697 888 quorum
724 843 811 875 alter
834 853 970 875 sursum
996 840 1136 873 ducitur
1160 839 1201 870 ad

229 899 386 934 surculos
406 908 512 928 venae
536 900 673 938 portae,
700 893 762 925 ubi
779 900 811 925 et
830 892 902 936 ipse
924 892 959 923 in
980 890 1110 923 multos
1129 901 1204 921 sur-

229 951 325 983 culos
341 947 532 991 spargitur,
561 951 593 977 et
617 941 735 976 haurit
756 943 880 975 flavam
898 942 1004 974 bilem
1023 941 1059 972 in
1083 939 1205 984 purifi-

230 1000 367 1033 catione
392 995 582 1038 sanguinis.

332 1047 431 1081 Alter
447 1048 609 1078 deorsum
625 1042 776 1080 ducitur,
803 1052 840 1073 ac
859 1040 1024 1073 inseritur
1040 1039 1205 1072 intestino

231 1099 418 1134 duodeno,
448 1107 519 1127 non
539 1093 659 1136 procul
683 1093 727 1124 ab
752 1091 854 1123 initio
876 1090 1006 1127 ieiuni,
1034 1097 1072 1122 ut
1098 1089 1206 1121 bilem

233 1161 272 1182 eo
290 1144 456 1181 advehat,
486 1144 659 1187 pellenteu
680 1141 954 1180 nutrimentum,
981 1146 1015 1173 et
1039 1140 1206 1172 fluentem

232 1205 349 1242 postea
367 1197 402 1228 iu
422 1191 546 1232 κόλον,
574 1199 612 1225 ut
630 1191 734 1235 pellat
757 1196 994 1229 excrementa,
1021 1196 1054 1223 et
1076 1190 1208 1222 abster-

236 1255 294 1291 gat
320 1246 494 1279 intestina.

335 1296 475 1330 [tilitas
494 1291 599 1326 huius
616 1290 855 1324 fabricationis
878 1290 913 1322 in
939 1295 1125 1332 conspectu
1147 1293 1208 1320 est.

233 1347 377 1381 Necesse
394 1352 441 1377 est
461 1344 495 1374 in
514 1340 754 1384 purificatione
772 1340 952 1382 sanguinis
971 1340 1089 1382 aliquo
1115 1338 1207 1370 deri-

234 1396 309 1429 vari
326 1395 451 1426 flavam
469 1393 574 1425 bilem
592 1389 834 1432 copiosiorem.
889 1387 972 1420 Frat
997 1389 1103 1429 igitur
1122 1397 1208 1428 opus

235 1443 470 1488 receptaculo,
497 1442 532 1473 in
553 1452 621 1485 quo
640 1439 721 1471 bilis
747 1438 847 1471 etiam
868 1437 1024 1470 calefacit
1049 1448 1148 1480 epar,
1177 1441 1209 1468 et

237 1493 530 1540 putrefactionem
562 1486 735 1534 prohibet.
800 1487 937 1520 Deinde
969 1487 1066 1530 pellit
1095 1486 1209 1519 nutri-

236 1551 393 1578 mentum
411 1544 447 1575 in
465 1542 639 1578 duodeno,
668 1546 699 1572 et
716 1538 815 1582 pellit
830 1544 1057 1577 excrementa,
1082 1542 1115 1569 et
1131 1536 1210 1568 abs-

238 1595 342 1638 tergit
367 1594 485 1626 sordes
517 1592 553 1623 iu
580 1589 724 1623 coeteris
745 1588 930 1621 intestinis,
990 1585 1036 1620 Et
1060 1586 1212 1620 ostendit

239 1643 471 1689 experientia,
505 1647 632 1686 quauta
658 1639 701 1671 sit
726 1638 909 1670 necessitas
932 1634 1037 1669 huius
1061 1636 1212 1669 fabrica—

238 1695 355 1730 tioniS.
408 1692 494 1725 Nam
511 1703 587 1724 cum
613 1690 844 1722 obstruuntur
860 1685 896 1719 hi
916 1687 1070 1725 canales,
1097 1685 1213 1727 magni

239 1744 356 1778 morbi
374 1748 586 1786 sequuntur,
616 1739 796 1778 letericus,
823 1737 1054 1769 inflammatio
1081 1734 1215 1779 Epatis,

244 1794 421 1841 HydropS.

342 1842 468 1876 Tradit
486 1840 643 1873 Galenus
659 1840 760 1872 etiam
782 1839 825 1871 ab
843 1838 952 1871 altero
972 1849 1070 1870 ramo
1087 1847 1215 1880 propa—

242 1895 358 1938 ginem
376 1893 412 1924 in
424 1890 655 1923 ventriculum
673 1889 888 1932 paucissimis
899 1888 1107 1932 quibusdam
1125 1885 1216 1923 duci,

243 1952 277 1978 et
295 1942 348 1976 his
366 1948 507 1986 propter
524 1940 628 1971 bilem
649 1939 790 1981 largiter
807 1939 1013 1971 influentem
1030 1937 1066 1969 in
1084 1936 1217 1969 ventri-

243 1995 360 2027 culum
378 1991 473 2024 nasci
491 1990 525 2021 in
545 2001 583 2021 eo
603 1989 745 2022 multam
764 1988 939 2031 prasinam
955 1987 1074 2026 bilem,
1102 1993 1135 2019 et
1152 1986 1217 2017 im-

244 2043 355 2088 pediri
373 2041 586 2078 coctionem,
615 2047 646 2072 et
662 2039 815 2071 accidere
841 2038 979 2070 crebros
1007 2036 1158 2069 vomitus
1187 2042 1219 2068 et

245 2090 440 2139 sitpoqt'm‘.
494 2089 562 2121 Sed
583 2087 664 2121 haec
681 2100 757 2121 rara
777 2088 932 2131 exempla
949 2087 1083 2121 omitto.

343 2141 519 2184 Regulare
553 2145 601 2171 est
626 2150 697 2171 non
724 2138 803 2170 duci
828 2149 963 2170 ramum
990 2148 1029 2169 ex
1060 2135 1218 2168 folliculo

244 2194 334 2227 fellis
352 2194 387 2224 in
404 2189 650 2227 ventriculum,
666 2188 746 2232 quia
763 2188 848 2220 flava
866 2187 947 2220 bilis
966 2199 1043 2219 cum
1060 2187 1104 2219 sit
1120 2186 1219 2223 acris,

244 2244 387 2276 mordax
417 2248 449 2274 et
474 2239 694 2282 dissipatrix,
728 2238 882 2270 turbaret
916 2237 1121 2271 coctionem.
1174 2236 1220 2268 At

245 2291 441 2326 ventriculo
458 2290 572 2334 quiete
591 2300 677 2331 opus
692 2293 740 2320 est
757 2289 796 2320 ad
809 2288 997 2319 fovendum
1017 2293 1048 2319 et
1066 2297 1220 2330 coquen-

246 2345 329 2376 dum
346 2339 500 2386 cliylum.
554 2338 636 2372 Ideo
655 2338 829 2380 sapienter
845 2337 935 2370 cavit
960 2334 1219 2368 architectatrix

247 2400 389 2431 natura,
415 2403 458 2422 ne
477 2402 514 2422 ex
534 2389 690 2421 folliculo
709 2387 798 2420 fellis
822 2398 958 2419 ramum
982 2387 1019 2417 iu
1043 2385 1219 2418 ventricu-

247 2444 320 2475 lum
346 2443 497 2474 duceret.
551 2438 619 2472 Sed
642 2438 798 2470 nascitur
820 2437 997 2469 interdum
1024 2436 1061 2467 in
1087 2435 1220 2468 ventri-

247 2493 324 2526 culo
342 2490 481 2536 prasina
498 2488 578 2521 bilis
600 2500 638 2520 ex
656 2489 776 2520 adusta
797 2487 922 2531 pituita
947 2493 979 2518 et
996 2485 1220 2529 superfluita-

246 2543 339 2576 tibus
355 2540 451 2579 aliis,
480 2549 567 2583 quae
584 2550 654 2570 non
673 2537 797 2570 adfluit
813 2550 851 2570 ex
870 2537 960 2577 selle,
985 2547 1072 2580 quae
1092 2542 1140 2569 est
1158 2536 1220 2566 ad-

247 2593 392 2625 modum
426 2589 550 2622 iufesta
583 2587 797 2627 ventriculo,
834 2594 866 2620 et
892 2587 928 2618 in
953 2586 1089 2619 vomitu
1120 2595 1219 2628 saepe

249 2643 402 2682 efficitur,
429 2647 467 2674 ut
485 2639 572 2672 infra
590 2638 754 2673 dicemus,
808 2636 876 2671 Sed
902 2637 936 2669 in
958 2636 1090 2669 naturis
1114 2635 1220 2669 bilio-

455 115 661 152 SCPttPTA
690 114 765 148 PII.
795 112 908 146 MEL.
940 108 1004 144 AD
1032 108 1156 144 HlST.
1186 106 1327 143 PROF.
1356 106 1420 142 ET
1446 106 1636 142 PHILOS.
1668 106 1986 143 SPECTANTIA.

2166 107 2214 143 44

1216 190 1223 263 Ῑ
1245 193 1311 233 sis,
1338 193 1466 236 quibus
1489 192 1601 224 maior
1627 198 1676 225 est
1700 189 1757 224 hic
1780 192 1977 231 folliculus,
2011 199 2043 226 et
2065 193 2216 226 multum

1247 244 1328 276 bilis
1345 244 1379 275 in
1397 243 1601 285 sanguinem
1620 242 1828 285 regui-gitat,
1855 243 1928 274 fieri
1957 250 2085 286 potest,
2112 250 2150 275 ut
2177 254 2216 275 ex

1246 295 1410 326 duodeno
1448 293 1581 336 aliquid
1620 292 1702 325 bilis
1736 293 1772 325 in
1802 292 2038 325 ventriculum
2079 304 2218 337 quoque

1246 344 1418 376 ascendat.

1594 443 1728 486 Splen,
1762 443 1868 476 Lien.

1350 514 1390 548 ln
1429 515 1569 548 sinistro
1601 512 1868 560 hypocbondrio
1900 514 2009 558 Splen
2046 515 2132 549 situs
2164 522 2224 556 est,

1249 576 1331 599 cava
1348 572 1444 608 parte
1460 564 1694 598 ventriculum
1712 565 1934 608 amplectens,
1949 565 2109 608 alligatus
2119 568 2223 599 dorso

1251 622 1282 648 et
1298 615 1402 647 costis
1427 615 1621 654 mendosis,
1646 615 1807 648 conditus
1832 621 1946 647 autem
1969 622 2111 659 propter
2135 614 2224 649 hane

1251 664 1472 709 praecipuam
1492 665 1696 704 utilitatem,
1722 671 1759 696 ut
1775 665 1987 697 feculentum
2007 672 2039 699 et
2061 666 2226 699 limosum

1252 715 1456 757 sanguinem
1488 714 1654 757 excipiat,
1697 725 1801 758 quam
1835 715 1881 747 ob
1911 726 2047 747 causam
2081 722 2113 748 et
2136 727 2227 749 vena

1252 765 1495 809 grandiuscula
1533 764 1674 796 ducitur
1699 776 1716 795 a
1742 776 1828 796 vena
1853 771 1972 807 portae
1996 766 2032 798 in
2059 766 2226 808 splenem,

1253 816 1312 861 qui
1331 815 1460 848 canalis
1477 820 1526 847 est
1544 812 1648 847 huius
1671 813 1785 846 limosi
1813 815 2002 856 sanguinis
2055 813 2229 848 Adfluen-

1255 874 1321 899 tem
1341 872 1456 898 autem
1481 877 1559 897 caro
1582 864 1711 908 splenis
1735 875 1855 896 rursus
1880 865 2017 908 coquit,
2044 871 2076 898 et
2100 877 2138 897 ex
2155 877 2229 898 me-

1256 917 1343 949 liore
1370 915 1443 947 eius
1475 921 1572 959 parte
1609 914 1775 949 nutritur.
1853 913 1942 946 Nam
1967 921 1999 947 et
2025 915 2160 948 arteriis
2185 916 2230 948 ab

1255 972 1350 998 aorta
1370 965 1662 997 descendentibus
1689 964 1799 997 calefit
1817 976 1855 997 ac
1881 965 2079 1000 adiuvatur.
2130 964 2232 1000 Reli—

1256 1027 1362 1060 quum
1381 1016 1506 1058 partim
1525 1015 1661 1053 retinet,
1688 1014 1813 1057 partim
1832 1021 1964 1047 eructat
1982 1014 2136 1048 inimum
2147 1027 2234 1048 ven-

1257 1065 1440 1104 tricnlum,
1483 1071 1521 1099 ut
1547 1076 1652 1108 supra
1674 1064 1764 1104 dixi,
1805 1076 1845 1098 ex
1872 1065 1990 1107 splene
2014 1066 2050 1096 in
2083 1066 2234 1098 fundum

1256 1115 1446 1148 ventriculi
1465 1126 1588 1146 venam
1606 1114 1707 1154 duci,
1734 1127 1801 1158 qua
1821 1115 1902 1147 bilis
1921 1121 2014 1148 atrae
2028 1127 2105 1158 pars
2131 1116 2233 1148 emit-

1257 1166 1361 1205 titur,
1395 1172 1434 1198 ut
1457 1165 1538 1196 iude
1564 1176 1603 1196 ex
1627 1176 1772 1207 corpore
1803 1165 1928 1207 expelli
1951 1165 2066 1207 possit.
2127 1164 2233 1207 Quod

1257 1228 1339 1248 vero
1354 1215 1414 1247 alii
1433 1215 1475 1247 de
1494 1226 1590 1247 ramo
1614 1214 1650 1246 iu
1676 1214 1847 1246 orificium
1866 1215 2051 1247 ventriculi
2075 1223 2234 1259 porrecto

1257 1266 1398 1303 dicunt,
1427 1264 1709 1297 commenticium
1736 1275 1808 1297 esse
1830 1264 2056 1296 existimatur.

1359 1339 1453 1373 Utile
1470 1345 1519 1369 est
1535 1345 1648 1368 autem
1667 1332 1772 1367 huius
1788 1335 1927 1368 visceris
1943 1337 2133 1370 accidentia
2152 1351 2237 1372 con-

1259 1388 1432 1426 siderare,
1468 1385 1549 1429 quia
1576 1384 1779 1417 homiuibus
1814 1386 1925 1417 anxiis
1953 1398 2034 1419 cura
2058 1394 2091 1420 et
2116 1389 2236 1421 dolore

1261 1449 1323 1471 seu
1340 1436 1481 1469 moestis
1500 1436 1620 1468 crebro
1638 1435 1799 1467 accidunt
1812 1432 2071 1479 hyporhondrii
2090 1438 2238 1479 dolores,

1261 1499 1348 1532 quos
1371 1499 1447 1519 cum
1468 1485 1687 1527 intelligunt,
1711 1485 1848 1517 facilior
1865 1493 1912 1517 est
1939 1487 2134 1522 medicatio.
2168 1488 2238 1522 Nee

1263 1539 1338 1570 leve
1357 1537 1551 1580 periculum
1570 1543 1637 1575 est,
1668 1532 1773 1567 liuius
1798 1536 1911 1567 morbi
1935 1548 2053 1569 causas
2072 1537 2239 1580 ignoran-

1263 1589 1368 1621 tibus.
1420 1586 1529 1618 Fiunt
1554 1585 1646 1617 enim
1669 1585 1924 1617 obstructioues
1952 1586 1988 1618 iu
2011 1600 2116 1627 vena,
2152 1601 2238 1633 quae

1264 1639 1307 1671 ab
1336 1643 1434 1680 epate
1457 1637 1497 1668 ad
1525 1635 1680 1678 splenem
1704 1635 1860 1674 ducitur,
1887 1642 2027 1678 propter
2050 1649 2136 1681 quas
2160 1651 2238 1671 cnm

1265 1687 1407 1731 purgari
1435 1697 1516 1729 epar
1541 1697 1612 1717 non
1632 1684 1758 1728 possit,
1784 1685 1872 1717 actio
1899 1692 1968 1718 tota
1993 1688 2102 1729 epatis
2127 1688 2238 1732 impe—

1266 1738 1381 1776 ditur,
1418 1743 1450 1768 et
1488 1735 1655 1778 paulatim
1689 1746 1769 1777 epar
1800 1736 2057 1778 corrumpitur,
2091 1744 2123 1771 et
2152 1739 2240 1771 sumi

1268 1787 1461 1819 ascendunt
1481 1785 1516 1816 in
1535 1786 1733 1824 cerebrum,
1762 1791 1793 1817 et
1817 1797 1951 1818 errores
1969 1786 2003 1818 iu
2029 1789 2169 1831 cerebro
2191 1789 2241 1820 ef-

1268 1837 1399 1869 ficiunt.
1438 1834 1514 1867 Hoc
1533 1835 1663 1867 malum
1682 1833 1815 1867 Arabes
1836 1836 2240 1871 nominautMelancho-

1268 1887 1349 1919 liam
1369 1883 1591 1918 Miraclliam.
1642 1883 1790 1925 Cognita
1814 1892 1928 1917 autem
1951 1897 2070 1923 causa,
2106 1889 2240 1921 occurri

1269 1943 1381 1981 potest
1400 1936 1520 1969 initiis.
1557 1934 1608 1967 Ae
1625 1935 1733 1967 multa
1752 1935 1855 1976 digna
1873 1935 2104 1969 admiratione
2122 1938 2157 1970 in
2177 1936 2242 1972 hoc

1270 1987 1394 2019 morbo
1412 1991 1637 2019 concurrunt.
1675 1983 1772 2016 Talis
1790 1991 1839 2017 est
1856 1986 1941 2017 ordo
1962 1986 1996 2018 in
2015 1998 2157 2030 corpore
2176 1986 2242 2021 liu-

1270 2036 1488 2076 mano,sicut
1509 2035 1543 2067 in
1564 2035 1614 2067 ira
1635 2046 1694 2066 cor
1709 2035 1839 2077 pellens
1855 2036 2058 2078 sauguinem
2078 2044 2110 2070 et
2128 2038 2241 2070 effun-

1270 2088 1356 2119 dens
1373 2086 1534 2129 spiritus,
1561 2085 1665 2118 simul
1680 2085 1745 2118 ciet
1769 2086 1910 2117 rubram
1941 2087 2044 2118 bilem
2070 2088 2106 2119 in
2131 2088 2241 2121 vesica

1270 2137 1370 2170 fellis,
1424 2135 1473 2168 lta
1493 2135 1668 2168 contrario
1686 2136 1791 2167 modo
1809 2135 1845 2166 in
1864 2137 2057 2176 moesticia,
2085 2149 2162 2170 cum
2188 2150 2243 2171 re-

1269 2187 1357 2229 fugit
1389 2185 1528 2228 sanguis
1559 2186 1602 2218 ad
1636 2197 1713 2224 cor,
1753 2186 1847 2229 qnod
1878 2186 1975 2229 quasi
2011 2199 2243 2230 compressum

1272 2237 1386 2276 arel-it,
1413 2243 1444 2268 et
1459 2235 1725 2278 consumptione
1741 2235 1927 2278 spirituum
1947 2236 2148 2279 languescit,
2177 2238 2244 2271 cie-

1272 2293 1328 2319 tur
1344 2293 1415 2318 atra
1432 2285 1513 2318 bilis
1540 2285 1576 2317 in
1600 2285 1719 2326 splene
1743 2291 1775 2318 et
1799 2285 2001 2319 effunditur.
2055 2286 2148 2321 Haec
2172 2288 2244 2331 ipsa

1239 2354 1246 2391 4
1271 2336 1394 2368 effusio
1422 2336 1560 2367 dolores
1585 2335 1688 2367 efficit
1715 2334 1750 2366 in
1778 2331 2075 2379 hypocliondriis,
2109 2344 2139 2370 et
2164 2338 2246 2370 facit

1271 2385 1525 2418 obstructiones
1554 2385 1724 2419 exitiosas.
1797 2384 1867 2417 Sed
1907 2385 2009 2419 initio
2047 2387 2244 2420 moesticiae

1271 2436 1384 2468 cordis
1404 2436 1669 2478 repugnandum
1687 2440 1753 2474 est,
1782 2442 1813 2468 et
1832 2434 2011 2477 diligentia
2036 2434 2247 2478 adhibenda,

1271 2497 1314 2518 ne
1338 2485 1592 2518 intercludatur
1616 2484 1756 2526 egestio.
1821 2483 1915 2517 Haec
1947 2486 2025 2517 ideo
2050 2487 2245 2526 recitamus,

1271 2536 1352 2579 quia
1371 2535 1633 2568 usitatissimum
1655 2535 1755 2566 estin
1774 2534 1949 2567 moesticia
1969 2532 2063 2568 hunc
2081 2537 2244 2570 morbum

1272 2592 1305 2618 et
1321 2583 1406 2617 haec
1424 2584 1575 2628 pericula
1600 2585 1766 2616 accidere.
1818 2582 1987 2627 Exempla
2012 2586 2099 2618 adeo
2123 2587 2245 2620 crebra

1272 2642 1350 2668 sunt
1364 2662 1372 2675 ,
1398 2642 1435 2669 ut
1453 2632 1509 2667 hic
1526 2634 1669 2667 nomina
1691 2646 1810 2667 eorum
1830 2634 1975 2668 recitare
2000 2636 2132 2678 nolim,
2159 2648 2246 2681 quos
