2379 2948
105 127 154 161 29
855 120 902 158 11.

106 209 195 244 ὅσον
219 207 294 243 ἐστὶ
318 206 455 253 μεταξὺ
479 209 546 243 τοῦ
566 204 710 241 αἶδοίου
734 203 796 241 καὶ
813 207 881 240 τοῦ
899 204 1084 251 ὀμφάλου,

104 260 141 293 id
160 267 219 301 est,
242 256 354 305 ἦτρον
365 260 504 304 proprie
521 258 680 291 nominat
696 256 926 301 Hippocrates
941 256 1086 289 inferio-

105 323 178 343 rem
199 318 331 354 partem
350 310 498 349 ventris,
526 319 614 352 quae
631 315 680 341 est
701 308 794 341 inter
811 307 937 351 pubem
957 313 990 340 et
1007 318 1086 339 um-

105 361 265 395 bilicum.
324 359 371 394 Et
395 359 492 392 addit
521 364 660 401 postea,
696 364 808 391 totum
841 357 997 401 spacium
1021 357 1086 390 sub

106 412 210 444 costis
228 410 339 443 dividi
364 410 400 441 in
417 409 503 448 tria,
532 408 569 440 in
592 405 905 453 hypochondrion,
933 419 971 441 ea
998 419 1086 452 quae

105 468 188 495 sunt
206 461 295 494 circa
314 459 522 492 umbilicum
541 464 572 491 et
590 455 717 503 ἦτρον.

208 520 281 553 Sub
299 515 525 563 hypogastrio
552 525 673 562 pecten
694 524 754 559 est,
782 517 817 551 id
833 524 894 559 est,
921 529 959 550 os
974 524 1087 550 trans-

105 581 242 603 versum
263 569 386 608 latius,
422 569 516 613 quod
545 568 659 602 munit
684 568 860 602 intestina.
916 568 1085 601 Aristote-

106 621 154 653 les
172 619 303 663 inquit:
330 617 535 652 Extremum
552 617 614 651 ltri
632 616 899 663 estEpischion.
951 617 997 651 Et
1014 616 1087 650 Ga-

106 671 206 703 lenus
222 669 350 714 inquit,
378 666 568 714 Epischion
589 681 660 702 esse
679 681 717 702 os
731 670 896 709 anterius,
914 668 1087 713 posterius

105 732 187 753 vero
204 731 243 753 os
259 731 396 753 sacrum
418 720 619 752 lumborum
636 721 805 753 vertebris
822 720 1028 753 subiectum.

206 776 307 812 Circa
324 778 429 811 imam
448 785 579 822 partem
599 778 746 822 pectinis
759 777 904 822 Inguen,
919 774 1086 823 βουβών.

303 895 438 928 Partes
460 894 666 927 exteriores
693 895 733 926 in
761 892 882 928 dorso.

204 975 236 1011 E
255 977 398 1021 regione
415 974 567 1011 thoracis
583 976 734 1010 Dorsum
754 984 824 1019 est,
849 980 985 1013 νῶτον.

203 1034 289 1069 Pars
321 1035 413 1068 inter
444 1035 599 1079 scapulas
630 1035 788 1080 opposita
815 1035 949 1080 pectori
976 1031 1086 1079 μετά-

105 1098 263 1131 φρενον,
292 1086 327 1118 id
353 1093 419 1127 est,
447 1097 526 1130 pars
549 1098 652 1130 supra
674 1083 838 1130 phrenas,
890 1085 953 1120 Est
970 1093 1085 1120 autem

104 1136 197 1169 intra
223 1132 458 1181 μετάφρενον
487 1148 524 1169 os
547 1134 719 1169 stomachi
736 1137 780 1169 ad
803 1137 984 1180 septimam
1009 1149 1086 1169 ver·-

106 1188 253 1221 tebram.
307 1185 390 1220 Ideo
423 1187 460 1220 iu
483 1187 717 1221 cruditatibus
749 1187 852 1221 dolor
875 1188 940 1221 sub
963 1199 1087 1231 scapu-

106 1237 148 1269 lis
165 1237 326 1271 sentitur.

205 1293 279 1327 Sub
288 1293 508 1338 μηαφρένῳ
520 1302 567 1325 est
578 1295 749 1336 τῗκνηστις
758 1307 869 1340 usque
882 1295 924 1327 ad
938 1294 1087 1327 lumbos.

206 1351 336 1385 Lumbi
351 1357 432 1384 sunt
448 1351 540 1383 inter
563 1347 741 1397 λαγόνας,
769 1355 830 1383 ubi
853 1353 971 1384 Renes
993 1360 1086 1388 sunt,

105 1411 138 1438 et
156 1403 216 1436 ubi
236 1402 421 1443 cingimur.
474 1400 533 1433 Sic
556 1402 648 1433 enim
674 1401 837 1433 describit
864 1400 1086 1434 Aristoteles:

106 1456 183 1488 τοῖν
211 1449 250 1487 δὲ
286 1448 547 1496 ὑποχονδρίων
577 1450 735 1485 ὄπισθεν
767 1448 937 1495 διάζωμα
969 1448 1039 1495 μὲν
1065 1449 1086 1496 ἡ

108 1501 245 1550 ὀσφὺς,
274 1501 366 1536 ὅθεν
381 1499 443 1536 καὶ
458 1500 624 1545 τοῦνομα
643 1500 724 1546 ἔχει.
780 1501 867 1535 Inde
883 1509 915 1535 et
933 1502 1086 1540 cinctum

106 1555 293 1588 nominant
307 1551 395 1586 hanc
410 1560 556 1597 partem.

207 1613 282 1647 Sub
312 1613 443 1645 lumbis
467 1617 517 1644 est
540 1610 635 1654 regio
662 1608 762 1644 Ossis
784 1611 885 1646 sacri,
936 1610 1025 1644 Nam
1049 1623 1088 1644 os

107 1676 243 1699 sacrum
261 1670 311 1696 est
327 1663 391 1696 sub
409 1664 512 1696 dorso
529 1661 637 1694 latum
655 1673 710 1702 os,
737 1663 830 1706 quod
855 1661 979 1705 excipit
1002 1663 1087 1696 ulti-

106 1727 183 1749 mos
209 1713 419 1758 spondylos,
451 1725 491 1746 ac
517 1712 625 1745 veluti
649 1719 758 1755 gestat
790 1719 896 1746 totam
930 1713 1088 1756 corporis

106 1766 254 1804 motem,
279 1771 352 1797 arte
376 1763 537 1796 miranda
553 1763 785 1806 compositum
805 1775 843 1795 ex
865 1774 922 1796 sex
940 1763 1087 1798 ossibus,

107 1815 292 1850 Nominat-i
319 1820 433 1847 autem
458 1825 496 1846 os
519 1824 655 1846 sacrum
679 1813 740 1845 alii
763 1821 906 1856 propter
923 1813 1086 1846 artificio-

108 1879 181 1902 sam
208 1865 518 1908 compositionem,
551 1863 612 1896 alii
644 1870 786 1907 propter
811 1864 1086 1906 magnitudinem

108 1916 318 1952 existimant.
351 1914 475 1960 Aliqui
491 1913 710 1948 arbitrantur
725 1914 773 1946 sic
789 1914 978 1957 adpellari,
1006 1915 1087 1959 quia

108 1974 248 2014 partum
263 1966 424 2005 adiuvet,
452 1977 491 1998 eo
505 1966 600 2010 quod
618 1965 692 1998 eius
712 1976 890 1998 connexus
906 1977 984 1998 cum
1002 1965 1089 1998 ossi-

108 2021 174 2053 bus
193 2029 296 2051 coxae
315 2016 350 2049 in
371 2016 588 2060 parientibus
603 2016 790 2059 aperiatur.

211 2067 253 2101 In
278 2067 392 2099 medio
411 2067 504 2099 dorsi
521 2062 637 2111 ῥάχις,
664 2067 737 2110 ipsa
755 2066 918 2099 videlicet
935 2066 1090 2111 spondy—

111 2121 227 2153 lorum
250 2118 373 2157 series,
406 2129 510 2161 quam
538 2124 569 2150 et
585 2124 718 2150 veteres
736 2115 854 2150 Latini
870 2117 1007 2160 spinam
1023 2129 1090 2149 no—

110 2170 311 2205 minarunt.
339 2168 427 2201 sicut
452 2166 574 2201 Celsus
598 2168 730 2213 inquit:
765 2166 879 2211 Caput
906 2167 1006 2211 spina
1031 2180 1090 2200 ex-

112 2220 207 2265 cipit.
259 2218 309 2253 Ea
334 2224 467 2252 constat
490 2230 529 2251 ex
545 2218 715 2252 vertebris
736 2225 888 2262 quatuor
904 2225 936 2251 et
952 2218 1089 2261 viginti.

112 2271 165 2305 lta
190 2270 348 2315 loquitur
376 2276 409 2302 et
431 2267 577 2303 Plinius.
637 2268 705 2303 Sed
734 2268 893 2302 Galenus
922 2269 1091 2302 discernit

113 2317 220 2366 ῥάχιν
237 2327 269 2353 et
286 2318 472 2353 ἄκανθαν.
516 2319 685 2353 Nominat
700 2316 807 2364 ῥάχιν
822 2319 963 2364 proprie
980 2319 1089 2363 ipsam

112 2371 366 2417 spondylorum
388 2369 522 2406 seriem.
573 2368 638 2404 His
666 2382 747 2403 vero
771 2370 910 2404 additae
932 2376 1015 2404 sunt.
1031 2382 1091 2402 ve-

111 2422 178 2457 luti
194 2421 334 2466 pinnae,
363 2431 448 2465 quas
463 2420 684 2463 peculiariter
703 2420 889 2455 nominant
905 2419 1092 2461 ἄκανθαν,

114 2474 152 2507 id
174 2479 243 2511 est,
280 2471 435 2515 spinam,
469 2477 502 2503 et
524 2471 609 2505 dicit
631 2471 759 2505 factam
777 2482 867 2513 esse,
894 2478 932 2505 ut
951 2471 995 2504 sit
1011 2478 1090 2505 tan-

112 2535 219 2570 quam
234 2522 364 2556 vallum
382 2521 654 2565 spondylorum,
680 2533 741 2556 seu
760 2528 799 2556 ut
824 2522 933 2567 ipsius
949 2529 1092 2556 utamur

113 2573 249 2613 verbis,
277 2568 401 2617 χάραξ
423 2572 485 2616 τῆς
512 2567 662 2616 ῥάχεως.

112 2674 272 2721 corporis
291 2671 438 2708 humani
457 2683 529 2706 esse
547 2671 695 2709 dicatur.

955 120 1104 156 LIBER
1129 118 1196 155 DE
1223 121 1396 161 ANIMA.

722 2572 833 2606 Porro
866 2572 913 2606 ita
948 2573 1096 2606 sustinet
1120 2572 1123 2595 ἶ
1147 2580 1206 2607 tur
1222 2584 1240 2605 a
1257 2570 1370 2606 Celso.

115 2621 218 2670 ῥᾶχῑς
241 2623 358 2657 omnia
380 2634 477 2660 0⁵⁵8,
510 2627 550 2655 ut
574 2627 740 2665 tanquam
762 2630 907 2657 truncus
925 2630 956 2658 et
977 2623 1096 2657 carina

2072 124 2119 156 30

1240 202 1454 241 Σπόνδυλοι
1472 214 1643 241 vocantur
1660 208 1848 248 vertebrae,
1872 215 2020 253 suntque
2042 220 2117 240 ossa

1138 256 1246 298 figura
1266 257 1505 289 vertebrarum
1535 270 1594 291 seu
1619 259 1872 292 verticillorum
1901 259 1992 291 inter
2016 265 2118 302 caput

1138 313 1171 339 et
1194 305 1355 345 lumbos,
1384 314 1535 350 quatuor
1561 315 1592 342 et
1617 309 1759 352 viginti,
1787 309 1875 341 mira
1900 315 1972 341 arte
1990 309 2118 346 iuncta,

1139 367 1221 389 cava
1245 355 1356 396 intus,
1390 363 1422 388 et
1445 358 1541 389 tenui
1566 370 1667 391 carne
1693 366 1724 392 et
1748 360 1961 392 membranis
1984 359 2118 398 vestita,

1138 412 1176 439 ut
1200 406 1390 438 medullam
1427 407 1650 448 contineant,
1686 422 1774 453 quae
1800 417 1944 443 vocatur
1974 421 1992 441 a
2016 408 2117 442 Celso

1139 455 1269 500 Spinae
1293 456 1472 497 Medulla,
1507 468 1524 489 a
1549 456 1686 490 Galeno
1710 461 1878 498 νωτιαῖος
1893 456 2042 503 μύελος,
2075 459 2118 491 ab

1139 505 1317 539 Arabibus
1338 504 1475 542 Nucha.
1527 505 1603 540 Etsi
1628 514 1742 540 autem
1771 510 1957 551 adpellatio
1982 509 2119 541 medul-

1139 557 1190 589 lae
1216 554 1285 590 hnc
1310 558 1475 591 translata
1503 565 1571 597 est,
1600 564 1715 590 tamen
1740 559 1929 601 plurimum
1950 560 2119 592 differunt

1140 607 1291 640 medulla
1321 608 1357 639 in
1389 608 1511 640 ceteris
1535 609 1670 640 ossibus
1695 609 1833 652 proprie
1866 609 1913 641 sic
1940 610 2051 649 dicta,
2086 616 2119 642 et

1139 655 1223 690 haec
1246 658 1439 691 substantia
1464 658 1499 690 in
1527 659 1719 703 spondylis.
1780 658 1868 691 Nam
1902 660 2052 691 medulla
2081 659 2118 691 in

1139 708 1260 740 ceteris
1279 709 1415 741 ossibus
1433 715 1482 742 est
1500 709 1596 742 utilis
1612 709 1833 752 superfluitas
1851 709 2058 742 nutrimenti
2078 721 2118 741 ex

1140 758 1309 799 sanguine
1328 765 1419 800 orta,
1446 759 1615 792 destinata
1634 760 1675 792 ad
1694 756 1926 792 humectanda
1943 760 2033 792 etad
2051 770 2118 791 nu-

1138 808 1276 842 trienda
1295 821 1381 842 ossa.
1435 808 1502 843 Sed
1523 807 1606 842 haec
1622 810 1815 843 substantia
1832 810 1866 842 in
1885 810 2053 842 vertebris
2070 815 2120 841 est

1139 867 1283 901 cognata
1311 860 1471 900 cerebro,
1500 867 1534 893 et
1555 861 1652 905 quasi
1679 861 1776 893 rivus
1802 860 1953 900 cerebri,
1981 866 2019 893 ut
2045 858 2119 892 Ga-

1139 909 1238 942 lenus
1255 910 1387 955 inquit:
1414 907 1578 954 ποταμὸς
1593 910 1632 944 ἐκ
1652 913 1768 958 πηγῆς
1786 909 1919 956 ἰκρίων
1936 912 2002 944 τοῦ
2021 909 2119 957 ἐγκε-

1139 957 1270 1006 φάλου.
1326 961 1376 993 Ac
1399 962 1564 994 oriuntur
1590 968 1622 994 et
1647 962 1827 994 cerebrum
1847 968 1879 994 et
1901 959 1957 992 hic
1977 961 2050 992 eius
2069 960 2119 992 ri-

1138 1022 1202 1043 vus
1224 1020 1244 1043 a
1265 1011 1416 1051 semine,
1443 1023 1506 1044 nec
1531 1018 1611 1044 sunt
1635 1011 1808 1045 destinata
1839 1012 1880 1043 ad
1914 1011 2120 1043 nutriendas

1138 1061 1223 1093 alias
1243 1068 1377 1104 partes,
1405 1063 1462 1094 sed
1481 1069 1562 1096 sunt
1579 1074 1724 1105 corpora
1746 1061 1932 1106 peculiaris
1956 1067 1988 1094 et
2012 1060 2121 1093 veluti

1139 1111 1295 1145 coelestis
1318 1119 1480 1153 naturae,
1515 1119 1548 1146 et
1571 1124 1699 1145 nervos
1724 1119 1930 1156 procreant,
1959 1111 2017 1156 qui
2039 1117 2121 1143 sunt

1139 1162 1370 1195 iustrumenta
1397 1175 1517 1196 sensus
1540 1169 1571 1196 et
1592 1169 1707 1196 motus
1731 1163 1870 1203 localis,
1895 1169 1934 1195 ut
1959 1161 2049 1194 infra
2065 1161 2120 1194 di-

1139 1224 1225 1245 cam.
1265 1211 1354 1245 Sunt
1366 1220 1479 1245 autem
1499 1214 1811 1256 periculosissimae
1827 1213 1996 1245 laesiones
2013 1223 2121 1254 spon-

1140 1263 1322 1307 (tybrum,
1350 1270 1381 1296 et
1407 1270 1548 1307 propter
1571 1264 1784 1303 medullam,
1811 1270 1843 1296 et
1869 1270 2013 1306 propter
2036 1273 2120 1294 ner-

1141 1324 1219 1352 vos,
1247 1325 1354 1357 quare
1379 1313 1550 1356 singulari
1573 1325 1654 1344 cura
1681 1311 1765 1344 haec
1786 1326 1864 1355 pars
1879 1313 2071 1345 munienda
2088 1318 2121 1345 et

1140 1363 1307 1392 mediocri
1325 1363 1439 1393 calore
1458 1363 1608 1394 fovenda
1633 1367 1694 1396 est.

1240 1409 1355 1443 Coxae
1382 1422 1441 1444 seu
1467 1412 1688 1452 coxendices,
1711 1409 1830 1456 ἰσχία,
1855 1419 1935 1445 sunt
1953 1411 2025 1456 ipsa
2045 1423 2120 1444 ossa

1140 1459 1274 1493 natium
1307 1462 1463 1504 proxima
1495 1462 1644 1503 lumbis,
1687 1463 1776 1496 sicut
1809 1469 1954 1496 testatur
1988 1461 2122 1502 Celsus,

1140 1512 1209 1544 ima
1228 1510 1328 1555 spina
1343 1512 1379 1544 in
1395 1524 1558 1545 coxarum
1574 1525 1648 1546 osse
1663 1512 1807 1553 desidit,
1835 1513 1928 1558 quod
1945 1520 2122 1546 transver-

1140 1573 1217 1595 sum
1243 1562 1416 1607 longeque
1439 1563 1738 1604 valentissimum,
1770 1563 1930 1602 vulvam,
1958 1563 2120 1602 vesicam,

1140 1619 1271 1646 rectum
1291 1613 1494 1646 intestinum
1511 1620 1638 1648 tuetur.

1242 1661 1362 1708 Cotyla
1380 1675 1438 1697 seu
1456 1664 1690 1699 Acetahulum
1708 1671 1758 1698 est
1774 1664 1870 1697 sinus
1882 1691 1890 1703 ,
1914 1664 1948 1696 id
1968 1670 2017 1697 est
2029 1690 2038 1704 ,
2065 1675 2122 1696 ca·-

1141 1724 1245 1753 vum,
1273 1713 1310 1746 in
1336 1714 1403 1747 ima
1434 1721 1531 1758 parte
1557 1716 1642 1748 ossis
1664 1715 1816 1753 natium,
1842 1715 1903 1747 ubi
1927 1713 2123 1756 infiguntur

1141 1763 1171 1796 ei
1189 1775 1325 1797 summa
1342 1776 1417 1797 ossa
1434 1765 1553 1808 magni
1570 1766 1679 1809 pedis.
1734 1763 1840 1797 Hunc
1864 1765 1980 1797 sinum
1996 1771 2123 1797 vocant

1140 1812 1291 1847 Arabice
1315 1812 1463 1849 Ancam.

1243 1864 1366 1904 Natos,
1387 1867 1548 1912 γλοῦτοι.

1243 1914 1383 1955 Femur,
1398 1913 1523 1961 μηρὸς,
1542 1913 1638 1948 haud
1654 1916 1761 1949 dubie
1778 1915 1949 1958 significat
1965 1914 2123 1958 superio-

1142 1977 1215 1998 rem
1232 1972 1366 2009 partem
1391 1966 1508 2008 magni
1536 1966 1633 2009 pedis
1656 1978 1673 1999 a
1698 1967 1839 1999 natibus
1864 1977 1974 2010 usque
1997 1966 2040 1997 ad
2066 1976 2124 2008 ge-

1142 2028 1202 2049 nu.
1260 2014 1488 2049 Recentiores
1526 2017 1676 2050 absurde
1712 2017 1947 2050 confuderunt
1977 2016 2123 2048 nomina

1143 2077 1247 2099 coxae
1270 2073 1302 2099 et
1319 2066 1480 2107 femoris,
1508 2073 1540 2100 et
1558 2074 1777 2111 praepostere
1793 2067 1841 2100 eis
1856 2066 1910 2100 usi
1926 2072 2018 2100 sunt.
2070 2062 2125 2098 Os

1143 2128 1245 2150 coxae
1267 2117 1390 2150 dicunt
1413 2129 1477 2160 pro
1502 2116 1667 2158 Femur-e,
1694 2125 1728 2152 et
1752 2124 1893 2151 econtra
1920 2127 1959 2148 os
1981 2116 2123 2147 femoris

1144 2179 1206 2211 pro
1238 2165 1343 2202 Coxa.
1396 2167 1491 2204 Haec
1515 2168 1668 2201 inversio
1691 2168 1729 2201 in
1755 2167 1961 2211 vulgaribus
1987 2165 2125 2209 scriptis

1144 2218 1331 2262 diligenter
1348 2218 1659 2252 animadvertenda
1676 2226 1737 2254 est,

1245 2268 1377 2302 Totum
1413 2269 1630 2310 membrum,
1671 2268 1766 2314 quod
1799 2273 1922 2300 vocant
1959 2277 2125 2309 magnum

1143 2319 1267 2364 pedem
1284 2331 1303 2352 a
1328 2319 1471 2353 natibus
1487 2332 1596 2365 usque
1609 2320 1652 2352 ad
1671 2319 1845 2362 plantam,
1872 2315 1995 2355 σκέλος
2009 2317 2126 2351 nomi-

1143 2376 1248 2404 natur
1265 2370 1308 2403 ab
1327 2370 1515 2404 Aristotele
1534 2377 1569 2403 et·
1584 2382 1601 2403 a
1620 2368 1768 2402 Galeno.

1247 2419 1370 2461 Genu,
1388 2416 1491 2468 γόνη.

1246 2469 1299 2504 Os
1334 2471 1371 2503 in
1404 2483 1493 2515 genu
1522 2470 1697 2510 anterius,
1736 2469 1844 2513 figura
1881 2469 1979 2513 parvi
2019 2468 2126 2508 scuti,

1145 2528 1289 2567 propter
1304 2521 1431 2554 multas
1449 2521 1615 2554 utilitates
1631 2521 1781 2561 facturn,
1808 2519 1938 2553 Patella
1963 2520 2128 2552 nomina-

1424 2569 1549 2604 Graeci
1568 2570 1670 2604 etiam
1686 2571 1914 2604 nominarunt
1924 2566 2062 2614 μύλην,
2090 2569 2128 2602 id

1149 2629 1220 2662 est,
1245 2621 1400 2659 Molam,
1427 2633 1493 2666 qua
1512 2621 1748 2666 adpellatione
1764 2620 1955 2654 Pausanias
1977 2631 2060 2653 usus
2078 2625 2129 2652 est

1150 2673 1187 2706 in
1204 2670 1268 2706 hac
1287 2670 1558 2715 significatione,
1587 2684 1664 2706 cum
1689 2671 1864 2716 derAiace
1892 2671 2025 2715 inquit:
2060 2668 2130 2702 Pa-
