2379 2948
201 138 274 174 519

203 218 413 270 γορούμειά
436 230 495 251 seu
513 216 726 261 praedicata,
755 214 787 245 id
814 220 883 253 est,
910 216 1177 245 commemorata

205 276 246 305 dc
274 272 417 307 Isatide,
452 275 485 301 et
516 271 715 307 congruunt
735 265 776 296 ad
802 261 867 296 hos
891 264 1017 306 gradus
1041 273 1179 294 vocum.

207 323 327 356 Genus
346 328 394 353 est
421 318 559 355 Herba,
585 314 783 348 Necessaria
809 315 850 346 ad
880 314 974 346 lanas
998 312 1181 354 tingendas

206 373 386 418 proprium
400 397 408 409 ,
436 368 521 400 Fere
536 366 662 400 similis
677 364 870 410 plantagini
896 370 945 396 est
961 363 1130 396 accidens.

295 489 365 522 Car
396 483 670 531 praedicabilia
703 485 818 516 etiam
853 480 1089 516 Universalia

559 531 826 569 ηοιηὶηαηίιινΡ

314 610 534 646 Universalia
555 608 738 646 dicuntur,
765 605 844 649 quia
869 613 949 638 sunt
975 604 1100 646 gradus
1124 614 1186 633 vo-

207 663 412 697 cabulorum
430 659 683 693 communium.
734 654 834 689 Nihil
852 656 944 687 enim
964 656 1006 687 de
1024 654 1093 686 alio
1117 652 1185 685 dici

207 721 336 759 potest,
371 712 439 744 nisi
474 711 518 743 sit
542 709 702 752 aequale,
736 712 795 739 aut
823 705 1055 738 communius,
1119 703 1187 736 Nee

208 764 415 797 vocabulum
435 760 616 803 angustius
633 758 777 802 ponitur
794 756 870 788 loco
890 753 1090 799 praedicati.
1117 752 1187 785 Na-

208 815 331 848 turalis
348 814 440 845 enim
463 809 518 844 hic
537 810 624 842 ordo
645 815 705 848 est,
732 813 769 840 ut
787 807 989 848 angustiora
1007 804 1189 837 declaren-

208 873 266 898 tur
284 876 344 908 per
361 860 614 896 communiora.
1213 801 1219 1044 ι

503 968 600 1011 Quid
626 972 682 1002 est
710 968 859 1011 Species
868 963 886 998 ?

312 1048 451 1093 Species
470 1053 520 1080 est
536 1056 665 1078 nomen
683 1053 885 1081 commune,
914 1040 1109 1083 proximum
1136 1039 1191 1070 in-
1216 1051 1218 1060 =

211 1101 384 1138 dividuis,
425 1099 468 1130 de
497 1096 626 1141 quibus
658 1093 877 1137 praedicatur
908 1091 945 1123 in
976 1089 1191 1134 quaestione,

212 1151 308 1193 Quid
327 1150 381 1188 sit,
408 1155 446 1182 ut
463 1159 541 1180 cum
558 1144 775 1191 quaerimus:
805 1142 902 1185 Quid
921 1148 969 1175 est
987 1140 1113 1174 Plato‘?
1137 1152 1191 1172 re-

212 1203 421 1244 spondetur:
463 1196 525 1231 Est
549 1194 666 1229 horno.
728 1192 814 1228 Cum
840 1192 1058 1236 quaerimus:
1094 1190 1189 1233 Quid

214 1259 260 1285 est
278 1247 523 1293 Bucephalus?
547 1245 797 1291 respondetur:
825 1242 889 1277 Est
907 1253 1028 1288 equus.

266 1362 387 1399 Quare
411 1356 472 1390 hcc
494 1354 635 1401 9raclus
650 1352 908 1386 vocabulorum
925 1353 1141 1384 nominatur

615 1400 785 1447 species?

317 1481 409 1524 Quia
444 1481 488 1513 ab
511 1477 706 1511 individuis
731 1487 830 1509 mens
859 1475 965 1508 sumit
996 1473 1195 1515 imaginem,

216 1545 318 1578 quam
337 1543 452 1564 secum
471 1528 732 1570 circumferens,
758 1526 997 1559 accommodat
1016 1525 1058 1556 ad
1078 1523 1196 1555 omnia

217 1590 360 1626 cognata
386 1580 588 1618 individua,
623 1584 679 1617 ut,
713 1577 773 1621 qui
797 1576 903 1608 semel
930 1575 1019 1607 vidit
1044 1586 1197 1612 cervum,

219 1633 416 1666 circumfert
433 1642 548 1664 secum
567 1629 775 1671 imaginem,
803 1638 907 1670 quam
930 1626 1089 1663 intuens,
1118 1624 1197 1656 ubi-

220 1695 356 1728 cunque
379 1692 498 1715 cervos
525 1679 638 1718 videt,
668 1676 825 1720 agnoscit
854 1687 923 1708 eos.
976 1674 1071 1707 Haec
1095 1685 1197 1707 causa

220 1741 287 1773 est,
313 1745 374 1766 cur
389 1731 587 1776 proximum
605 1739 734 1761 nomen
761 1726 955 1759 individuis
983 1724 1123 1768 Species
1144 1724 1198 1757 di-

218 1791 326 1818 catur.
380 1782 469 1816 Nam
491 1779 626 1824 generis
643 1790 714 1812 non
733 1785 783 1812 est
797 1788 867 1810 una
887 1776 965 1809 talis
983 1776 1108 1818 imago.

448 1896 541 1938 Quid
567 1906 676 1930 vocas
700 1890 968 1928 lndividuum?

324 1972 369 2007 Ut
408 1970 639 2005 Grammatici
678 1975 806 2001 vocant
841 1979 970 2000 nomen
1005 1967 1200 2011 proprium,

223 2025 315 2070 quod
343 2036 414 2056 non
442 2022 550 2055 multa
581 2019 772 2063 significat,
810 2019 871 2051 sed
894 2029 1004 2050 unum
1031 2018 1198 2061 quiddam

223 2086 391 2114 numero,
424 2073 490 2105 sub
512 2079 604 2105 certa
629 2070 759 2113 specie,
789 2075 966 2102 ostensum
989 2068 1200 2111 pronomine

225 2123 520 2161 demonstrativo,
543 2130 600 2159 ut,
628 2120 746 2159 Plato,
773 2130 852 2158 seu,
876 2116 933 2151 hic
951 2116 1057 2151 homo
1079 2125 1111 2151 et
1127 2130 1199 2151 non

226 2176 330 2208 alius:
367 2175 415 2207 sic
446 2172 676 2206 Individuum
703 2181 763 2202 seu
790 2168 975 2210 singulare
1001 2175 1051 2202 est
1071 2181 1199 2201 nomen

226 2226 427 2270 proprium,
455 2231 513 2256 aut
530 2235 599 2255 una
616 2233 669 2254 res
689 2219 877 2262 significata
895 2219 1039 2251 nomine
1056 2219 1200 2263 proprio

227 2277 291 2309 sub
318 2282 409 2308 certa
442 2273 573 2317 specie,
606 2283 666 2305 seu
696 2277 832 2303 ostensa
859 2269 1028 2312 particula
1054 2270 1201 2302 demon-

227 2333 375 2365 strante,
401 2332 439 2358 ut
456 2323 645 2363 Camillus,
670 2332 751 2360 seu,
777 2317 833 2352 hic
850 2316 969 2351 homo.
1001 2318 1089 2353 Cum
1107 2320 1199 2352 enim

228 2389 300 2409 non
329 2376 399 2408 sint
423 2382 525 2408 notae
547 2372 767 2416 singulorum
790 2369 1061 2413 appellationes,
1093 2381 1132 2402 ac
1158 2382 1201 2402 ne

229 2426 360 2469 possint
384 2426 525 2470 quidem
551 2436 623 2457 esse
645 2429 696 2455 tot
722 2420 990 2464 appellationes,
1016 2426 1101 2464 quot
1120 2428 1200 2453 suut

230 2487 303 2514 res,
329 2487 467 2508 necesse
483 2481 550 2514 est,
578 2471 790 2507 coacervatis
811 2470 1082 2503 circumstantiis
1108 2470 1202 2502 indi-

230 2525 334 2557 vidua
361 2532 538 2569 utcunque
566 2524 764 2567 depingere.
818 2520 993 2553 vocamus
1019 2520 1124 2563 igitur
1147 2521 1200 2553 in-

229 2575 436 2611 dividuum,
471 2587 574 2606 unam
599 2587 671 2607 rem
698 2584 865 2608 numer0,
893 2583 982 2615 quae
1005 2571 1202 2604 ostenditur

226 2625 393 2669 particula·
413 2625 690 2664 demonstrante,
715 2633 924 2667 quocunque
944 2622 1047 2655 modo
1071 2622 1200 2654 descri-

225 2676 347 2716 batur,
368 2681 418 2708 ut:
447 2672 514 2706 Hic
531 2674 649 2717 piscis,
677 2680 707 2706 et
728 2685 798 2705 non
818 2672 919 2707 alius.

443 129 650 169 SCRIPTA
678 128 755 162 PH.
783 126 897 161 MEL.
929 124 993 160 AD
1023 124 1147 159 HlST.
1178 121 1319 157 PROF.
1348 119 1413 155 ET
1440 119 1629 155 PHILOS.
1659 119 1977 158 SPECTANTIA.

2138 122 2211 159 520

1232 210 1378 242 Suntne
1407 218 1465 240 res
1500 207 1729 239 universales
1764 210 1875 240 extra
1908 208 2212 251 intellectionem,

1233 263 1275 292 ut
1302 259 1420 302 aliqui
1445 257 1555 291 Icleas
1581 268 1661 290 esse
1688 267 1749 290 res
1777 261 1889 290 extra
1920 259 2211 294 intellectionem

1422 309 1653 342 anniversales
1680 309 1884 353 imaginati
1911 307 2025 341 sunt?

1337 373 1417 407 Non
1436 381 1485 407 est
1503 375 1649 407 obscura
1669 374 1844 418 quaestio,
1873 380 1905 406 et
1923 373 2029 406 inseri
2045 375 2088 407 de
2104 387 2141 408 ea
2158 388 2212 409 re-

1237 425 1641 467 ctasopiuionesteneris
1658 424 1835 457 mentibus
1851 424 1938 457 utile
1955 431 2015 457 est.
2045 423 2213 459 Tenenda

1238 482 1287 508 est
1313 475 1483 508 sententia
1509 487 1587 507 vera
1614 482 1645 507 et
1672 475 1862 507 rectissime
1886 474 2013 508 tradita
2037 486 2055 507 a
2075 474 2213 509 Boetio:

1239 524 1356 558 Omne
1379 526 1473 569 quod
1497 532 1565 565 est,
1593 538 1632 558 eo
1660 525 1733 569 ipso
1758 526 1851 569 quod
1879 531 1946 564 est,
1967 524 2143 567 singulare
2157 533 2217 565 est,

1239 577 1274 608 id
1294 583 1360 609 est:
1390 575 1630 619 Quaecunque
1649 587 1702 607 res
1720 576 1756 607 in
1772 582 1897 608 natura
1914 587 1992 608 vere
2011 581 2044 608 et
2069 575 2218 619 positive

1240 633 1288 659 est
1313 626 1480 671 quiddam
1506 632 1598 658 extra
1625 625 1919 663 intellectionem,
1954 632 2003 658 est
2031 625 2218 668 singularis

1241 688 1302 721 per
1318 687 1404 708 sese.
1458 674 1527 708 Res
1545 682 1626 707 sunt
1642 682 1737 708 extra
1754 676 2045 716 intellectionem,
2074 673 2129 708 hic
2144 687 2217 708 ser-

1242 738 1324 766 vus,
1350 723 1405 758 liic
1431 722 1556 764 homo,
1591 723 1647 757 hic
1671 737 1793 770 equus,
1845 725 1914 759 Sed
1940 726 2136 759 communis
2158 726 2220 759 illa

1214 785 1217 794 ⁸
1242 778 1355 819 imago
1375 776 1487 814 cervi,
1514 787 1601 819 quae
1619 783 1763 809 vocatur
1778 776 1925 819 species,
1952 788 2024 809 non
2048 783 2097 809 est
2115 777 2219 821 quid-

1243 829 1321 860 dam
1339 834 1432 859 extra
1457 826 1749 867 intellectionem‚
1777 839 1839 859 nec
1864 833 1933 866 est,
1961 833 1999 859 ut
2016 825 2142 860 Graeci
2166 827 2220 860 lo-

1244 884 1401 923 quuntur
1428 873 1705 922 ὑφιστάμενον,
1737 888 1795 909 seu
1819 874 2025 921 hypostasis.
2077 877 2146 910 Sed
2173 884 2222 909 est

1244 940 1363 961 revera
1383 935 1478 961 actus
1497 926 1728 969 intelligendi,
1755 927 1902 970 pingens
1922 927 2016 958 illam
2033 927 2220 969 imaginem

1245 979 1281 1011 in
1300 985 1433 1017 mente,
1461 989 1549 1021 quae
1570 977 1648 1009 ideo
1667 977 1796 1010 dicitur
1819 977 2032 1017 communis,
2060 977 2140 1021 quia
2161 989 2223 1021 ap-

1245 1029 1365 1073 plicari
1380 1029 1420 1060 ad
1443 1028 1551 1060 multa
1570 1027 1752 1060 individua
1769 1034 1893 1071 potest,
1921 1034 1958 1060 ut
1976 1027 2224 1060 circumferens

1246 1081 1281 1112 iu
1302 1086 1416 1110 mente
1434 1078 1621 1119 imaginem
1640 1078 1744 1117 cervi,
1766 1078 1922 1121 agnoscit
1937 1089 2056 1110 cervos
2072 1078 2224 1111 ubicun-

1246 1142 1312 1175 que
1331 1130 1486 1168 oblatos,
1516 1129 1660 1170 figuram
1681 1129 1723 1161 ad
1741 1128 1930 1172 imaginem
1949 1128 1985 1160 in
2003 1135 2119 1162 mente
2138 1140 2224 1161 con-

1217 1195 1219 1205 ·
1245 1182 1370 1214 ferens.

1348 1246 1418 1280 Nec
1452 1246 1547 1278 aliud
1582 1245 1682 1279 Plato
1715 1253 1815 1279 vocat
1847 1244 1962 1287 ideas,
2005 1257 2109 1291 quam
2132 1247 2227 1291 quod

1247 1297 1454 1332 Aristoteles
1471 1297 1631 1329 nominat
1649 1297 1778 1340 species
1794 1309 1852 1329 seu
1870 1294 1958 1341 εἴδη.
2010 1295 2057 1330 Et
2080 1303 2228 1340 uterque

1247 1356 1384 1381 tantum
1416 1349 1458 1380 de
1488 1347 1558 1379 illis
1593 1347 1806 1387 imaginihus
1838 1346 1873 1376 in
1908 1352 2025 1378 mente
2059 1345 2228 1389 loquitur.

1249 1397 1321 1429 Has
1340 1398 1461 1428 dicunt
1480 1407 1551 1427 esse
1568 1402 1773 1438 perpetuaS,
1800 1395 1882 1438 quia
1898 1407 1997 1427 rosae
2014 1395 2142 1428 noticia
2168 1407 2229 1429 seu

1249 1446 1408 1480 definitio
1427 1452 1544 1478 manet
1568 1445 1605 1476 in
1625 1453 1760 1484 mente,
1788 1445 1890 1477 etiam
1915 1445 1951 1477 in
1977 1443 2122 1491 hyeme,
2148 1458 2227 1479 cum

1250 1498 1367 1530 nullae
1392 1508 1538 1541 usquam
1567 1495 1693 1528 ssorvnt
1720 1506 1836 1534 rosae,
1863 1502 1895 1527 et
1917 1508 1986 1528 una
2011 1503 2061 1529 est
2087 1508 2167 1529 vera
2191 1508 2230 1530 ac

1251 1554 1416 1591 perpetua
1444 1546 1615 1579 definitio.
1674 1545 1732 1577 Sic
1761 1545 1846 1578 dicit
1871 1546 1907 1577 in
1932 1553 2048 1579 mente
2075 1546 2230 1589 pictoris,

1250 1600 1397 1631 formam
1418 1608 1476 1628 seu
1494 1597 1607 1628 ideam
1628 1595 1740 1638 pulcri
1767 1597 1922 1639 corporis
1946 1593 2091 1628 humani
2115 1597 2230 1630 inclu-

1252 1660 1322 1681 sam
1342 1659 1423 1679 esse.
1477 1645 1571 1679 Haec
1588 1646 1699 1678 forma
1720 1658 1790 1678 non
1814 1653 1863 1679 est
1889 1658 1942 1679 res
1968 1654 2061 1679 extra
2090 1647 2230 1680 intelle·

1252 1699 1414 1737 ctionem,
1441 1698 1499 1729 sed
1521 1697 1593 1739 ipse
1611 1703 1706 1728 actus
1722 1696 1953 1739 intelligendi,
1980 1698 2126 1740 pingens
2142 1695 2231 1731 hanc

1252 1748 1452 1791 imaginem,
1504 1746 1599 1779 Haec
1618 1747 1789 1779 sententia
1815 1753 1847 1779 et
1871 1759 1950 1780 vera
1974 1754 2040 1785 est,
2070 1754 2102 1781 et
2126 1748 2230 1781 intel-

1253 1801 1345 1833 lectu
1361 1798 1482 1832 facilis,
1529 1796 1686 1829 Platonis
1702 1797 2027 1841 grandiloquentia,
2054 1798 2114 1842 qui
2132 1810 2233 1842 saepe

1253 1852 1296 1883 de
1320 1849 1408 1881 ideis
1432 1848 1576 1891 figurate
1601 1848 1776 1892 loquitur,
1803 1855 1835 1880 et
1852 1849 2123 1893 prosopopoeias
2139 1849 2232 1889 facit,

1254 1900 1416 1945 praebuit
1440 1899 1657 1931 occasionem
1684 1898 1956 1941 posterioribus,
1991 1905 2029 1931 ut
2059 1899 2232 1942 fingerent

1254 1952 1347 1984 ideas
1364 1961 1436 1982 esse
1452 1959 1656 1981 communes
1672 1955 1814 1980 naturas
1826 1974 1833 1988 ,
1860 1949 1976 1981 nescio
1996 1949 2058 1981 ubi
2081 1949 2233 1983 volitan—

1255 2008 1315 2036 tes.
1368 1999 1441 2033 Has
1458 1999 1606 2042 ineptias
1624 1999 1706 2030 dum
1724 1999 1882 2043 sequitur
1898 1998 2040 2039 Scotus‚
2065 2005 2099 2032 et
2114 2005 2230 2032 tamen

1254 2052 1370 2096 aliqua
1388 2062 1427 2082 ex
1445 2056 1540 2093 parte
1559 2049 1732 2091 corrigere
1758 2050 1892 2088 studet,
1920 2061 2062 2092 prorsus
2086 2049 2118 2081 ei
2142 2050 2233 2083 acci-

1254 2103 1325 2140 dit,
1361 2101 1453 2145 quod
1485 2099 1536 2131 illi
1565 2100 1660 2131 fatuo
1687 2099 1793 2132 cribri
1817 2099 1990 2132 foramina
2023 2100 2232 2135 obstruenti.

1253 2152 1326 2186 Nos
1344 2151 1475 2184 dictum
1494 2149 1630 2188 Βοέῐίἰ,
1655 2150 1748 2194 quod
1767 2149 1937 2189 recensui,
1966 2162 2086 2184 verum
2103 2156 2136 2184 et
2152 2162 2232 2194 per-

1254 2203 1412 2248 spicuum
1428 2211 1626 2245 sequamur.

1571 2288 1667 2330 Quid
1687 2293 1745 2323 est
1773 2288 1919 2324 Genus?

1359 2365 1481 2399 Genus
1497 2370 1548 2396 est
1559 2376 1686 2396 nomen
1705 2376 1890 2397 commune
1908 2365 2028 2398 multis
2044 2365 2233 2409 speciebus,

1255 2423 1288 2450 et
1312 2415 1536 2461 praedicatur
1558 2415 1600 2447 de
1623 2414 1726 2447 eisin
1745 2415 1962 2459 quaestione:
1992 2414 2088 2458 Quid
2105 2417 2168 2458 sit,
2192 2425 2233 2452 ut

1254 2479 1332 2500 cum
1348 2465 1546 2510 quaeritur,
1573 2465 1657 2509 quid
1674 2464 1718 2498 sit
1734 2465 1867 2509 equus?
1893 2466 2141 2509 respondetur:
2167 2466 2233 2502 Est

1254 2516 1398 2551 animal.
1451 2514 1547 2557 Quid
1566 2522 1615 2548 est
1634 2516 1812 2553 libanotis,
1840 2527 1926 2560 quae
1944 2516 2049 2558 vulgo
2068 2517 2231 2550 nomina-

1254 2574 1313 2602 tur
1329 2566 1569 2600 rosmarinus'?
1622 2564 1683 2600 Est
1702 2567 1828 2599 frutex.
