2379 2948
840 94 885 130 ΙΙ.
939 92 1088 130 LIBER

109 100 180 137 153

102 183 199 218 Deus
233 190 283 218 est
318 184 506 228 praecipua
540 193 660 222 causa,
699 181 897 224 gubernans
932 187 1088 214 eventuS.

105 234 211 268 Tales
226 246 363 268 errores
380 235 417 267 in
433 235 504 268 vita
520 233 622 267 multi
641 238 732 271 sunt,
758 231 861 264 etiam
877 230 1088 274 sapientum,

103 292 138 320 et
175 296 275 329 saepe
316 296 521 327 magnarum
561 281 796 314 calamitatum
837 292 959 313 causae
993 286 1085 313 sunt.

101 335 198 368 Haec
222 336 417 368 admonitio
434 335 471 366 in
496 332 615 365 multis
639 331 740 364 dictis
764 331 986 374 proponitur.
1040 330 1088 364 Ut

101 382 252 429 μάταιοι
287 382 427 430 μάταια
453 380 663 429 λογίζονται
693 378 988 426 ‹510‘c6n19v1ulae
1041 379 1088 414 Et

104 434 285 480 Theognis
302 434 431 478 inquit:
460 429 611 466 πολλάκι
632 430 698 476 τὴν
721 429 877 478 γνώμην
902 432 1088 471 ἐξαπατῶς

101 483 208 520 ἰδέαι.
264 485 443 527 Quantum
466 483 573 526 igitur
596 483 670 515 fieri
695 489 808 525 potest
827 489 920 516 certa
941 494 1086 527 quaera-

101 549 191 578 mus,
210 547 246 569 ac
264 535 448 578 praecipue
465 534 501 566 in
517 533 673 566 consiliis
691 533 781 566 vitae
799 545 986 577 sequamur
1002 544 1085 565 nor-

101 599 194 620 mam
211 585 379 622 divinam‚
405 591 438 617 et
452 590 583 617 mentes
601 590 634 617 et
651 590 796 616 eventus
811 596 829 617 a
844 583 919 617 Deo
937 583 1007 626 regi
1026 594 1087 627 pe-

101 644 234 676 tamus,
268 634 358 667 sicut
389 645 489 678 saepe
518 634 689 678 praecipit
720 632 834 673 Deus,
875 641 914 668 ut
943 633 1086 667 Denter.

102 694 211 720 sexto:
244 683 365 718 Facito
387 692 568 729 praecepta
585 683 731 718 Domini
749 684 813 718 Dei
839 685 908 726 tui,
938 692 976 718 ut
996 685 1086 717 bene

100 737 144 770 sit
165 736 242 770 tibi.

404 844 469 876 De
495 844 765 877 Voluntate.

201 911 308 945 Initio
332 911 488 944 iuniores
515 910 683 943 mouendi
711 916 792 943 sunt
816 910 859 943 de
892 921 957 942 usu
982 920 1085 941 voca—

99 963 188 998 buli.
238 961 349 995 Vetus
373 962 480 995 latina
499 962 618 1004 lingua
640 961 859 993 voluntatem
883 973 956 993 non
981 959 1085 992 intel-

98 1014 175 1057 ligit
191 1012 397 1057 potentiam,
420 1013 478 1045 sed
495 1012 680 1052 actionem,
708 1023 767 1044 seu
786 1012 899 1054 ipsum
917 1010 1018 1050 velle,
1038 1017 1086 1049 ut,

99 1076 178 1097 cum
195 1064 290 1096 dico:
321 1061 359 1095 ln
386 1063 507 1095 invido
527 1069 576 1096 est
594 1063 756 1094 voluntas
774 1061 939 1101 nocendi,
968 1060 1001 1092 id
1021 1067 1086 1094 est:

97 1113 246 1148 Invidus
267 1114 343 1146 vult
365 1125 503 1147 nocere.
557 1113 615 1146 Sic
639 1113 783 1146 dicitur:
819 1111 878 1145 Sic
901 1111 1001 1149 voto,
1036 1110 1085 1144 sic

97 1166 214 1202 iubeo,
236 1164 280 1197 sit
296 1176 357 1207 pro
375 1163 510 1197 ratione
525 1163 699 1203 voluntas,
722 1163 756 1195 id
776 1169 836 1202 est,
852 1162 967 1206 ipsum
986 1161 1084 1195 velle.

100 1215 168 1249 Sed
187 1214 224 1246 iu
244 1212 311 1246 hoc
328 1212 555 1246 Aristotelico
572 1225 750 1253 sermone,
777 1213 995 1245 voluntatem
1020 1224 1085 1244 no-

100 1265 274 1297 minamus
301 1263 494 1306 potentiam
518 1274 594 1303 seu,
629 1270 668 1296 ut
702 1263 747 1296 ita
778 1263 910 1303 dicam,
939 1266 1085 1306 partem,

100 1315 237 1348 animae
267 1313 502 1346 intellectivae
534 1320 773 1356 appetentem,
810 1324 898 1357 quae
929 1312 1085 1356 potentia

99 1364 259 1408 superior
285 1369 335 1395 est
359 1362 516 1406 adpetitu
546 1373 726 1395 sensuum.
778 1362 850 1396 Res
884 1363 956 1405 ipsa
988 1362 1083 1394 enim

98 1414 270 1454 ostendit,
294 1413 421 1456 gradus
439 1424 510 1445 esse
534 1413 811 1456 appetitionum,
838 1419 875 1446 ut
898 1412 1020 1445 sitiens
1047 1412 1084 1443 in

96 1465 272 1504 febribus,
299 1463 455 1507 appetitu
481 1474 646 1495 sensuum
672 1463 773 1496 valde
797 1462 928 1506 appetit
950 1469 1084 1505 potum.

98 1516 167 1550 Sed
192 1515 354 1548 voluntas
381 1513 541 1557 superior
567 1513 722 1556 potentia
745 1520 884 1545 ostenso
917 1513 1085 1555 periculo,

99 1565 255 1600 decernit
274 1576 346 1596 non
363 1575 434 1597 esse
448 1564 655 1598 bibendum.
711 1563 760 1597 Ita
780 1563 899 1607 Scipio
916 1563 1085 1602 decernit,

96 1616 342 1661 praestandam
377 1626 448 1647 esse
480 1614 734 1647 continentiam
766 1615 917 1647 adducta
947 1614 1083 1657 captiva

97 1666 230 1707 nobili,
256 1665 355 1699 cuius
372 1672 442 1698 erat
465 1665 634 1697 excellens
649 1665 773 1699 forma.

201 1725 254 1759 Sit
271 1725 377 1767 igitur
396 1722 480 1757 haec
497 1724 667 1758 definitio.
703 1723 876 1757 Voluntas
892 1730 941 1757 est
961 1731 1084 1767 poten-

97 1778 145 1811 tia
167 1777 334 1820 adpetens
356 1786 539 1818 suprema,
570 1781 603 1808 et
625 1775 736 1807 libere
761 1785 865 1817 agens
890 1781 1083 1808 monstrato

97 1828 234 1862 obiecto
251 1826 294 1859 ab
312 1825 502 1858 intellectu.

200 1884 368 1919 Actiones
388 1884 463 1916 eius
486 1890 583 1917 sunt:
612 1884 701 1916 velle
727 1895 765 1916 ac
786 1883 891 1915 nolle.
943 1880 989 1917 Et
1010 1895 1084 1915 me-

97 1938 195 1971 dium
221 1936 314 1968 inter
335 1931 422 1967 haec
444 1941 493 1968 est
518 1935 732 1978 suspendere
757 1934 942 1967 actionem.
997 1933 1082 1967 Vult

97 1995 213 2021 autem
237 1987 349 2026 bona,
385 1997 474 2030 quae
505 1991 565 2018 aut
590 1991 671 2018 sunt
702 1991 763 2018 aut
791 1984 957 2016 videntur
987 1984 1081 2019 talia.

95 2037 203 2080 Fugit
220 2036 329 2076 mala,
357 2047 445 2080 quae
465 2042 524 2068 aut
548 2042 629 2068 sunt
653 2042 711 2069 aut
729 2035 895 2068 videntur
919 2034 1021 2075 talia,
1045 2041 1083 2068 ut

96 2095 214 2132 postea
232 2088 274 2120 de
290 2086 426 2119 obiecto
449 2086 527 2129 plus
544 2086 670 2120 dicam.

198 2144 270 2178 Nec
300 2143 376 2177 sine
406 2143 502 2186 gravi
535 2154 637 2176 causa
667 2143 918 2177 discernuntur
955 2144 1084 2186 gradus

98 2196 275 2229 actionum
309 2195 347 2227 in
371 2195 570 2234 voluntate,
602 2206 804 2238 quanquam
829 2194 1083 2237 adpellationes

98 2247 264 2280 obscurae
280 2251 381 2285 sunt,
402 2252 436 2279 et
451 2245 591 2288 ignotae
608 2245 795 2279 veteribus,

97 2308 160 2330 nes
177 2294 408 2328 nominantur
430 2295 581 2335 elicitae,
614 2295 702 2328 aliae
721 2295 920 2339 imperatae.
973 2293 1084 2328 Elici-

99 2355 154 2382 tae
176 2352 270 2385 sunt,
295 2345 423 2389 quibus
441 2346 602 2379 voluntas
620 2357 682 2389 per
705 2357 796 2386 sese,
823 2358 887 2378 nec
903 2346 1084 2386 simulans,

99 2409 162 2431 nec
183 2397 261 2430 aliis
286 2395 461 2438 imperans
491 2396 625 2440 aliquid
656 2397 783 2440 expetit
806 2403 866 2430 aut
891 2404 1082 2437 aversatur,

98 2455 137 2481 ut
152 2447 271 2492 Scipio
288 2457 369 2478 vere
386 2452 419 2478 et
435 2457 474 2478 ex
498 2446 616 2479 animo
636 2447 712 2480 vult
736 2447 884 2490 patriam
910 2447 1083 2491 tranquil-

98 2499 167 2531 lam
184 2510 272 2538 esse,
297 2496 377 2529 ideo
391 2507 464 2528 non
482 2495 616 2529 rixatur
630 2509 707 2530 cum
726 2497 891 2532 tribunis.
944 2497 1083 2530 Avarus

99 2560 179 2582 vere
197 2555 285 2582 etex
302 2547 421 2579 animo
441 2545 567 2589 expetit
585 2547 780 2589 pecuniam.
832 2546 910 2580 Hae
927 2547 1083 2581 actiones

99 2598 276 2632 nominari
291 2597 400 2630 seriae
417 2603 576 2640 possent,
603 2603 634 2629 et
653 2603 734 2630 tunc
752 2605 834 2631 sunt
849 2598 979 2640 seriae,
1003 2610 1082 2631 cum
1107 2623 1108 2627 ,

100 2656 299 2693 congruunt
315 2647 480 2681 voluntas
498 2653 530 2681 et
548 2658 619 2681 cor.

850 2243 953 2278 Aliae
975 2245 1083 2277 actio·
1108 2275 1109 2284 ,

1113 91 1179 128 DE
1207 91 1379 130 ANIMA.
2044 100 2087 135 15
2094 101 2114 135 4

1240 178 1341 211 Aliae
1363 180 1516 214 actiones
1544 181 1774 215 nominantur
1799 182 2007 226 imperatae,
2034 195 2112 216 cum

1138 227 1300 261 videlicet
1327 230 1488 264 voluntas
1511 240 1570 266 aut
1597 232 1665 266 sibi
1688 233 1771 276 ipsi,
1799 239 1858 266 aut
1887 233 2114 266 inferioribus

1137 278 1273 310 viribus
1290 278 1448 322 imperat,
1473 282 1535 312 etsi
1552 289 1591 315 ut
1609 294 1712 327 supra
1728 283 1811 323 dixi,
1839 283 2026 326 imperium
2042 284 2111 315 dis-

1137 328 1251 361 simile
1267 335 1327 362 est.
1379 328 1627 364 Locomotivae
1644 333 1791 376 imperat
1807 331 2048 373 δεσποτικῶς,
2074 340 2112 366 ut

1137 390 1216 412 curn
1239 377 1379 412 cohibet
1405 391 1545 419 manus,
1587 393 1630 413 ne
1659 389 1778 425 potum
1809 385 2018 417 admoveant
2048 384 2113 422 ori,

1137 441 1338 474 quanquam
1360 441 1483 472 magna
1509 430 1584 462 sitis
1606 437 1666 464 est.
1729 432 1785 465 Sic
1812 435 1905 466 enim
1930 435 2111 467 inenarra—

1136 480 1199 512 bili
1216 486 1289 512 arte
1307 480 1416 519 nervi,
1443 480 1503 524 qui
1522 486 1603 512 sunt
1626 480 1857 516 instrumenta
1873 491 1998 524 motus,
2025 495 2111 516 con—

1136 531 1199 563 diti
1219 536 1318 570 sunt,
1345 536 1383 563 ut
1401 530 1558 562 cieantur
1583 530 1775 564 voluntatis
1802 532 1966 576 imperio,
1993 540 2025 567 et
2048 534 2112 566 ob—

1136 587 1330 624 temperare
1354 581 1505 624 possint,
1538 580 1607 613 nisi
1629 580 1698 613 sint
1723 581 1816 614 laesi.
1869 582 1926 615 Sic
1946 582 2114 623 Achilles,

1136 632 1199 664 etsi
1216 632 1315 664 ardet
1334 631 1402 671 ira,
1430 638 1545 663 tamen
1568 643 1585 663 a
1602 630 1746 664 Pallade
1768 631 1940 672 monitus,
1967 633 2114 676 imperat

1135 682 1318 721 manibns‚
1346 693 1390 713 ne
1406 681 1523 724 gladio
1549 681 1677 714 feriant
1692 682 2012 724 Agamemnonem,
2048 683 2114 714 im-

1136 739 1233 775 perat
1253 732 1464 775 etpedibus,
1492 743 1530 764 ac
1556 732 1702 764 discedit
1718 732 1760 764 ab
1776 732 1858 768 illo,
1887 732 1985 764 cuius
2009 732 2115 764 stulta

1136 782 1294 815 oratione
1311 782 1608 815 inflammabatur.
1661 781 1728 815 Hic
1745 783 1871 814 modus
1887 783 2115 825 gubernatio-

1136 833 1191 866 nis
1209 839 1241 866 et
1257 833 1429 866 libertatis
1452 844 1525 864 non
1550 840 1599 866 est
1620 833 1808 870 obscurus,
1836 844 1939 876 quem
1960 832 2114 876 quidem,

1136 891 1174 917 ut
1189 890 1305 927 postea
1325 883 1456 923 dicam,
1481 883 1580 916 Deus
1598 883 1635 915 iu
1653 880 1858 915 hominihus
1874 883 1950 916 vult
1971 893 2042 915 esse
2058 893 2113 914 re-

1135 934 1271 979 liquum
1283 961 1291 973 ,
1312 933 1445 966 etiamsi
1464 940 1587 966 natura
1604 933 1820 975 languesacta
1837 939 1898 968 est.

1236 983 1358 1026 Longe
1383 984 1484 1016 aliter
1505 984 1653 1027 imperat
1679 983 1841 1016 voluntas
1866 983 1982 1023 cordi,
2017 983 2116 1015 vide—

1135 1035 1216 1068 licet
1232 1036 1443 1073 πολιτικῶς,
1469 1046 1548 1066 cum
1569 1034 1740 1067 rationem
1758 1034 1978 1077 probabilem
2001 1033 2044 1066 ab
2059 1033 2114 1065 in-

1135 1085 1275 1118 tellectu
1309 1085 1460 1127 accepit,
1495 1095 1563 1128 qua
1591 1096 1650 1117 cor
1673 1091 1852 1128 utcunque
1874 1083 2042 1126 impellit,
2076 1091 2116 1117 ut

1134 1135 1252 1168 minus
1277 1140 1464 1178 repugnet,
1497 1146 1556 1166 seu
1582 1141 1621 1167 ut
1647 1134 1846 1166 incendium
1876 1135 2031 1166 adfectus
2057 1145 2115 1165 ex-

1135 1186 1249 1227 tingui
1268 1185 1368 1218 sinat.
1425 1183 1471 1218 Ut
1486 1196 1564 1217 cum
1578 1183 1692 1217 David
1711 1184 1745 1216 in
1765 1195 1868 1227 specu
1878 1182 2019 1217 Saulem
2038 1189 2114 1215 tuto

1136 1235 1331 1269 interficere
1354 1241 1487 1278 posset,
1520 1241 1552 1267 et
1574 1235 1717 1278 aliquod
1744 1241 1830 1267 esset
1855 1233 1971 1267 cordis
1994 1233 2116 1265 incen-

1135 1287 1252 1325 dium,
1286 1292 1402 1318 tamen
1436 1284 1518 1328 quia
1550 1285 1759 1318 movebatur
1792 1282 1858 1317 hoc
1892 1290 2114 1326 argumento:

1135 1336 1273 1369 Malum
1300 1335 1497 1378 exemplum
1523 1335 1617 1374 fore,
1650 1335 1677 1367 si
1700 1345 1815 1376 regem
1840 1334 1877 1366 in
1901 1334 2030 1377 populo
2050 1331 2116 1365 Dei

1135 1386 1363 1424 interficeret,
1390 1385 1493 1416 etiam
1512 1384 1563 1416 ira
1580 1385 1615 1416 in
1633 1385 1738 1416 corde
1763 1384 1971 1416 leniebatur.

1237 1434 1386 1469 Mutatis
1410 1434 1556 1468 obiectis
1578 1435 1683 1466 corda
1708 1434 1796 1466 alios
1825 1439 1941 1466 motus
1968 1432 2115 1465 induere

1134 1486 1361 1519 manifestum
1380 1490 1448 1525 est,
1477 1484 1557 1528 quia
1575 1485 1653 1517 aliis
1671 1484 1853 1527 spiritibus
1868 1483 2054 1521 feriuntur,
2083 1490 2116 1515 et

1135 1537 1217 1582 quia
1237 1547 1297 1568 cor
1313 1536 1450 1568 animae
1471 1536 1568 1567 sedes
1585 1541 1645 1575 est,
1672 1542 1710 1568 ut
1728 1546 1832 1578 supra
1850 1533 2117 1578 disputavimus.

1108 1595 1110 1608 ²
1135 1586 1243 1620 Amat
1268 1585 1394 1619 Medea
1425 1585 1606 1625 Iasonem,
1649 1586 1760 1618 donec
1787 1596 1822 1617 se
1842 1595 1981 1629 quoque
2007 1583 2118 1615 amari

1109 1645 1110 1650 ¹
1136 1637 1284 1674 iudicat,
1310 1636 1385 1670 odit
1405 1635 1564 1668 Iasonem
1582 1647 1660 1668 cum
1677 1647 1711 1667 se
1732 1635 1849 1679 sperni
1876 1635 1988 1673 videt,
2015 1635 2118 1665 ducta

1135 1689 1202 1721 alia
1221 1687 1379 1729 coniuge.
1423 1685 1475 1719 De
1494 1684 1559 1719 hac
1579 1686 1796 1719 obiectorum
1815 1685 1982 1718 varietate
2000 1689 2117 1727 postea

1135 1739 1260 1772 dicam.

1238 1787 1421 1820 Praeterea
1446 1785 1689 1819 simulationes
1712 1797 1834 1818 omnes
1855 1791 1937 1818 sunt
1962 1783 2118 1816 actiones

1136 1840 1345 1882 imperatae,
1371 1843 1409 1869 ut
1427 1836 1463 1868 in
1484 1836 1569 1868 falsa
1587 1836 1803 1879 poenitentia
1819 1842 1902 1868 sunt
1918 1833 2037 1867 ficticii
2054 1835 2118 1865 do-

1135 1890 1245 1929 lores,
1273 1899 1352 1920 cum
1371 1886 1509 1919 adulter
1526 1886 1656 1929 impius
1670 1886 1813 1919 simulat
1836 1884 2099 1928 poenitentiam.

1308 1971 1409 2012 Quod
1437 1975 1493 2005 est
1521 1970 1703 2005 obtectum
1728 1968 1959 2005 voluntatis?

1237 2037 1285 2072 Ut
1302 2038 1479 2071 obiectum
1503 2037 1704 2070 intellectus
1726 2043 1814 2070 esset
1837 2048 1898 2069 ens
1923 2046 2026 2080 quam
2052 2035 2119 2067 late

1135 2096 1248 2136 patet,
1276 2087 1373 2122 Deus
1398 2095 1430 2122 et
1448 2100 1567 2120 rerum
1584 2088 1806 2127 universitas,
1832 2087 1858 2119 si
1877 2084 2031 2118 hominis
2051 2096 2116 2116 na—

1137 2149 1212 2175 tura
1240 2140 1375 2182 integra
1400 2145 1508 2172 esset:
1546 2138 1594 2172 ita
1618 2138 1811 2171 voluntatis
1834 2138 1925 2168 idem
1951 2142 2037 2167 esset
2053 2136 2116 2167 ob-

1134 2194 1281 2229 iectum,
1310 2197 1342 2223 et
1370 2189 1462 2222 inter
1484 2190 1678 2232 appetenda
1705 2196 1736 2221 et
1762 2187 1908 2220 amanda
1941 2196 2116 2217 summum

1108 2244 1109 2247 ¹
1135 2249 1222 2277 esset
1240 2241 1356 2279 Deus,
1382 2248 1418 2273 ut
1442 2247 1588 2272 test·ttur
1609 2240 1661 2271 lex
1684 2238 1820 2270 divina:
1854 2235 1988 2277 Diligas
2005 2235 2117 2269 Deum

1135 2307 1172 2327 ex
1192 2300 1264 2327 toto
1283 2292 1400 2324 corde.
1454 2290 1535 2323 Ideo
1562 2288 1720 2322 condidit
1746 2287 1840 2319 Deus
1861 2292 2037 2319 creaturas
2060 2298 2119 2318 ra·-

1135 2343 1302 2382 tionales,
1339 2348 1377 2374 ut
1407 2347 1519 2374 essent
1549 2340 1637 2372 aliae
1660 2344 1823 2376 naturae,
1858 2336 1988 2381 quibus
2019 2347 2117 2368 suam

1135 2393 1341 2439 sapientiam
1361 2399 1391 2425 et
1410 2392 1601 2424 bonitatem
1629 2388 1920 2426 communicaret,
1947 2386 2029 2431 quia
2054 2387 2118 2419 bo-

1135 2458 1220 2479 num
1240 2450 1290 2476 est
1306 2439 1536 2476 κοινωνικὸν.
1594 2438 1714 2482 ltaque
1742 2438 1831 2469 sicut
1858 2436 1919 2470 Sol
1949 2437 2061 2469 lucem
2085 2443 2117 2469 et

1135 2497 1286 2529 calorem
1319 2494 1354 2525 in
1382 2491 1445 2524 hoc
1470 2493 1546 2523 aere
1571 2488 1719 2531 spargit,
1762 2488 1807 2520 ita
1832 2488 1931 2521 Deus
1953 2487 1990 2519 in
2017 2498 2119 2519 men-

1107 2545 1109 2562 ²
1134 2554 1184 2581 tes
1202 2551 1338 2579 nostras
1353 2541 1534 2585 sparsisset
1559 2536 1670 2580 λόγον
1695 2545 1727 2572 et
1748 2537 1920 2581 Spiritum
1945 2544 2117 2571 sanctum.

1135 2598 1186 2630 Ac
1209 2593 1315 2642 λόγος
1347 2597 1572 2623 monstrasset
1597 2601 1750 2633 patrem,
1785 2595 1818 2621 et
1848 2587 2034 2631 multiplici
2061 2598 2115 2619 sa-

1105 2647 1109 2688 l
1133 2647 1264 2691 pientia
1290 2648 1423 2676 mentes
1447 2640 1675 2679 illustrasset,
1719 2639 1919 2672 voluntates
1944 2645 2058 2671 autem
2085 2643 2117 2669 et
