2379 2948
198 91 272 127 987

206 177 322 215 bitur,
357 172 538 208 Christum
565 172 601 205 in
625 170 854 215 Scenopegiis
878 171 914 203 in
938 171 1109 215 templum
1134 182 1193 203 ve-

206 228 318 264 nisse,
347 233 377 259 et
403 226 451 258 ibi
476 223 646 257 docuisse.
699 220 745 255 Et
769 223 882 266 capite
905 222 1040 255 decimo
1066 222 1103 254 in
1120 219 1194 255 En-

206 278 335 311 caeuiis
361 288 449 322 quae
471 275 742 307 celebrabantur
764 273 821 306 die
840 272 1044 306 Decembris
1070 271 1129 308 25.
1158 279 1195 306 ut

205 328 374 361 memoria
413 325 573 358 beneficii
607 324 721 357 divini
760 331 1031 368 propagaretur,
1086 324 1195 357 eiecto

206 379 320 415 idolo„
349 378 443 422 quod
462 373 661 409 Antiochus
686 375 735 408 ibi
754 376 960 415 collocarat,
987 388 1027 408 ex
1053 375 1197 419 templo,
1221 412 1223 418 ,

206 430 438 463 concionatur
462 427 498 459 in
517 426 655 470 porticu
674 425 896 467 Salomonis,
923 426 1086 459 adiuncta
1105 433 1198 460 tem-
1222 450 1224 463 ,

205 481 276 524 plo.
330 478 541 521 Cougruunt
558 485 674 510 autem
693 478 823 511 Daniel
848 484 879 510 et
898 476 1099 520 llaggaeus,
1127 475 1198 509 Da·
1222 480 1224 493 ³

205 531 276 563 niel
302 530 367 569 ait,
395 529 518 562 Stante
543 528 602 560 illa
621 528 833 574 lerosolyma
861 528 983 572 politia
1010 535 1197 561 venturum

205 593 277 614 esse
302 580 480 614 Messiam.
541 577 726 621 Haggaeus
751 579 854 612 etiam
882 580 919 611 iu
947 576 1013 611 hoc
1045 579 1199 612 secundo

206 632 358 675 templo,
394 631 461 671 ait,
487 629 654 664 Messian]
680 642 798 663 vocem
816 628 1002 672 Evangelii
1021 629 1201 663 editurum
1225 643 1227 655 ι

207 695 298 721 esse,
329 690 359 715 ct
380 688 586 715 vocaturum
605 693 676 714 esse
694 688 812 724 gentes
830 681 873 713 ad
894 687 1056 714 aeternae
1078 678 1200 714 Eccle-

209 734 278 766 siae
295 733 507 766 societatem.

806 83 933 120 PHlL.
959 82 1078 122 MEL.
1103 82 1312 120 SCRIPTA
1339 82 1639 121 EXEGETICA.

311 799 404 832 Hinc
431 798 579 832 illustris
607 798 769 831 refutatio
799 797 1010 831 ludaeorum
1036 799 1200 834 sumitur.
1224 814 1228 855 4

210 851 439 885 Manifestum
457 856 507 882 est
527 848 788 894 lerosolymam,
814 849 1005 893 templum,
1036 850 1199 893 politiam
1225 860 1227 896 g

210 902 409 939 Iudaicam,
450 907 530 933 ante
567 911 680 932 annos
715 901 813 933 mille
850 900 1129 944 quadringentos
1167 901 1228 935 et*>

209 953 405 995 octoginta,
438 951 600 984 funditus
631 951 744 983 deleta
780 962 869 991 esse,
911 963 975 983 nec
1008 952 1199 986 instaurari

210 1004 383 1047 potuisse,
411 1002 546 1036 etiamsi
563 1000 749 1046 aliquoties
773 1001 981 1036 instauratio
1008 1009 1142 1036 tentata
1169 1011 1201 1037 et
1227 1020 1228 1045 3

212 1055 350 1088 iucoata
376 1060 441 1094 est,
468 1053 520 1085 illi
547 1064 627 1095 ergo
651 1053 804 1094 cineres,
829 1060 862 1086 et
886 1053 1041 1086 solitudo
1069 1054 1130 1087 illa
1149 1061 1200 1088 te·
1226 1067 1227 1083 π

2161 89 2236 124 988

1244 172 1410 205 stienonia
1434 171 1580 212 dicunt,
1606 169 1772 204 Messiam
1798 171 1911 206 multo
1935 179 2016 206 ante
2039 172 2236 209 exhibitum

1245 234 1337 263 esse,
1370 230 1405 256 et
1430 223 1698 260 concionatum,
1734 229 1767 255 et
1789 223 1959 256 sacrificio
1981 236 2044 256 suo
2066 225 2156 259 facto
2178 238 2234 259 re-

1247 274 1450 308 suscitatum
1469 286 1487 307 a
1506 281 1618 307 morte
1635 285 1800 316 regnare,
1827 280 1860 307 et
1878 281 1996 317 gentes
2021 276 2063 307 ad
2091 277 2237 310 societa-

1247 331 1317 358 tem
1341 332 1502 358 aeternae
1520 323 1697 358 Ecclesiae
1715 336 1866 358 vocasse.

1348 375 1423 409 Hos
1445 377 1539 409 locos
1555 376 1742 420 praecipue
1760 376 1959 409 consideret
1975 376 2086 409 lector
2113 377 2148 408 in
2172 374 2239 410 hoc

1248 424 1443 470 Propheta,
1482 427 1544 472 qui
1570 434 1607 460 ut
1636 439 1769 460 nomen
1799 425 1905 460 habet
1936 439 1953 459 a
1986 427 2063 460 festi
2101 439 2240 471 pompa,

1249 477 1295 510 ita
1317 479 1360 510 de
1382 479 1544 511 ornando
1570 478 1676 518 festo,
1703 477 1738 510 id
1764 484 1832 518 est,
1867 479 1910 510 de
1931 478 2053 521 templi
2077 479 2239 511 aedifica·

1251 528 1368 568 tione,
1393 536 1426 562 et
1464 529 1734 562 conservatione
1770 528 1958 561 ministerii
1998 529 2240 563 concionatur.

1250 577 1295 612 Et
1314 579 1554 612 dulcissimam
1573 580 1845 623 promissionem
1865 581 1907 612 de
1925 580 2078 613 adventu
2091 579 2242 613 Messi-ae

1251 637 1286 663 et
1313 631 1356 663 de
1385 631 1655 663 conservatione
1677 631 1800 674 templi
1826 631 1923 663 illius
1949 638 1981 663 et
1996 631 2140 675 politiae
2160 643 2243 675 pro—

1253 681 1364 726 ponit.
1409 680 1490 724 Quo
1514 687 1672 724 tempore
1705 682 1933 715 concionatus
1967 683 2027 722 sit,
2063 683 2136 726 ipse
2161 694 2243 715 nar-

1252 739 1328 775 rat,
1352 744 1391 765 ac
1418 732 1531 765 sentio
1556 730 1726 772 Darium,
1762 745 1864 777 quem
1889 734 2052 766 nominat
2076 734 2244 767 Artaxer-

1251 795 1336 822 xen,
1364 782 1625 826 Longimanum
1654 795 1742 823 esse,
1770 783 1830 828 qui
1859 784 1926 816 tale
1950 791 2087 828 tempus
2110 784 2242 818 descri-

1253 834 1321 874 bit,
1356 847 1427 879 quo
1451 841 1485 867 et
1512 834 1549 866 in
1575 835 1665 867 urbe
1689 835 1815 866 domus
1842 835 1973 868 multae
2009 842 2184 869 extructae
2210 843 2244 869 et

1252 892 1396 918 ornatae
1415 886 1578 925 fuerunt,
1608 892 1641 918 et
1658 885 1781 929 templi
1802 897 1880 929 pars
1898 893 2050 919 extructa
2066 887 2143 920 fuit.
2197 884 2243 920 Et

1252 936 1415 979 congruit
1438 938 1481 969 ad
1513 934 1603 969 hanc
1627 936 1834 969 sententiam
1861 938 2017 970 narratio
2048 938 2085 970 in
2118 937 2242 982 quinto

1253 989 1365 1032 capite
1380 986 1525 1023 Esdrae.

1633 1051 1716 1087 Deo
1738 1054 1879 1099 gratia.
