2379 2948
240 108 309 142 991

849 99 973 138 PHlL.
1003 98 1118 136 MEL.
1143 99 1352 138 SCRIPTA
1379 102 1676 140 EXEGETICA.

2197 105 2273 143 992

241 191 399 230 clesiam,
435 196 467 223 et
503 187 693 221 restituerit
725 185 908 235 politiam,
947 187 1091 231 quando
1122 187 1229 221 suerit
1256 189 1537 233 'promissiones
1572 191 1615 223 ad
1648 189 1810 223 omnium
1843 195 2044 234 temporum
2078 188 2270 226 Ecclesiam

244 243 322 275 finis
344 242 437 274 illius
457 240 609 283 politiae.

320 306 511 341 promissio
524 312 611 338 erat:
631 304 709 338 Non
720 304 898 338 auferetur
912 310 1087 349 sceptrum
1102 316 1121 338 a
1131 303 1231 342 luda,

243 362 354 394 donec
378 356 513 390 venerit
538 353 660 395 Siloh,
697 362 729 388 et
754 363 870 389 tamen
894 366 1005 388 annos
1032 355 1081 388 70
1112 354 1232 388 ludaei

244 417 324 444 suut
341 409 375 440 in
394 407 508 440 exilio.
546 406 668 439 Postea
682 405 777 439 Deus
795 406 947 440 restituit
967 407 1137 449 politiam.
1181 405 1231 438 lta

244 466 395 505 praestat
421 457 516 491 Deus
541 457 732 501 promissa,
766 463 799 490 et
826 468 941 490 tamen
967 457 1080 499 punit.
1141 455 1232 489 Pau-

244 509 372 545 cissimi
395 515 510 542 autem
539 514 615 551 post
640 515 709 541 tam
735 508 878 550 longum
897 508 1039 541 exilium
1057 507 1234 540 existima-

244 564 329 596 bant
347 567 497 593 veterem
519 558 677 602 politiam
693 559 828 592 restitui
847 570 955 602 posse.
1011 558 1110 600 Quae
1137 557 1231 590 euim

245 611 458 656 Respublica
478 617 555 653 post
573 616 643 643 tarn
664 610 808 653 longum
829 609 1055 642 intervallum
1075 609 1119 641 ita
1133 608 1233 641 resti-

245 671 319 698 tuta
338 669 407 702 est,
434 667 471 694 ut
488 660 592 693 simul
614 667 747 693 veteres
764 661 853 702 leges
872 667 905 693 et
924 659 1036 692 forma
1053 660 1233 701 guberna-

245 713 352 748 tionis
373 711 641 745 restitueretur?
695 709 867 753 Magnum
892 710 1000 753 igitur
1022 710 1233 743 miraculum

244 765 310 798 suit
341 761 425 795 baec
459 761 617 794 reductio
651 773 689 793 ex
720 760 924 805 Babylone,
958 768 989 793 et
1013 760 1233 793 conservatio

244 814 423 849 Ecclesiae
456 813 546 844 iuter
580 818 694 844 tantos
724 812 867 851 fluctus,
907 818 957 845 est
993 812 1234 845 testimonium

245 864 460 910 praesentiae
486 861 552 894 Dei
580 862 617 894 in
639 860 808 901 Ecclesia,
844 874 881 894 ac
903 862 1035 895 talibus
1067 862 1234 906 exemplis

245 917 321 949 vult
347 926 410 947 nos
437 912 531 946 Deus
559 912 777 952 confirmari,
804 919 835 945 et
863 921 978 956 petere
1005 920 1037 947 et
1053 919 1233 958 expectare

249 965 553 1000 conservationem
570 961 757 996 Ecclesiae.

348 1067 416 1101 Hic
434 1072 466 1099 et
484 1065 671 1099 discrimen
689 1065 985 1098 considerandum
1010 1071 1059 1097 est
1084 1064 1233 1108 promis-

245 1118 353 1153 sionis
375 1117 504 1160 gratiae
531 1123 561 1149 et
587 1116 828 1160 promissionis
858 1115 1095 1159 corporalium
1122 1116 1233 1147 bono-

245 1182 335 1203 rum.
388 1166 579 1200 Promissio
596 1167 726 1209 gratiae
743 1178 879 1210 semper
904 1174 977 1199 rata
1003 1172 1054 1198 est
1078 1165 1233 1198 credenti

245 1222 282 1253 in
305 1218 552 1255 conversione,
587 1218 682 1251 iuxta
708 1218 858 1250 dictum:
915 1216 1006 1249 Vivo
1033 1227 1114 1259 ego,
1150 1216 1235 1249 dicit

245 1270 437 1309 Dominus,
473 1268 557 1300 nolo
582 1276 729 1301 mortem
759 1268 967 1312 peccatoris,
1004 1268 1062 1300 sed
1089 1274 1128 1300 ut
1150 1279 1234 1299 con-

246 1328 402 1354 vertatur
419 1326 451 1352 et
466 1320 572 1350 vivat.
627 1318 812 1351 Summum
832 1326 863 1351 et
881 1318 1103 1351 immutabile
1134 1330 1234 1350 mau-

246 1374 367 1406 datum
386 1377 452 1407 est,
481 1375 519 1401 ut
544 1369 725 1401 credamus
748 1369 784 1400 in
809 1368 939 1401 Filium
960 1367 1046 1407 Dei,
1071 1368 1159 1401 sicut
1178 1368 1235 1400 in·-

246 1423 323 1467 quit
346 1420 538 1455 Dominus:
574 1419 727 1462 Spiritus
755 1425 892 1451 sanctus
916 1425 1036 1460 arguet
1060 1419 1232 1451 mundum

246 1475 290 1507 de
306 1478 464 1517 peccato,
492 1470 586 1514 quod
607 1481 677 1501 non
695 1470 841 1502 credunt
858 1469 895 1501 in
913 1480 978 1503 me.

346 1536 604 1571 Promissiones
619 1547 699 1568 vero
718 1537 893 1569 bonorum
913 1535 1150 1579 corporalium
1172 1534 1233 1567 etsi

247 1596 328 1624 sunt
360 1595 474 1627 ratae,
510 1594 626 1620 tamen
662 1584 794 1619 bahent
821 1587 1060 1629 exceptionem
1087 1585 1234 1627 castiga-

246 1641 353 1677 tionis
370 1647 402 1672 ct
426 1638 553 1677 crucis,
583 1643 621 1669 ut
647 1649 847 1681 quanquam
868 1636 996 1669 Davidi
1015 1644 1063 1669 est
1081 1636 1232 1678 promis-

247 1704 323 1726 sum
352 1701 518 1732 reguum,
553 1695 669 1721 tamen
702 1694 777 1731 post
808 1687 1021 1720 adulterium
1052 1686 1234 1726 excutitur,

246 1743 326 1788 quia
347 1741 532 1782 castigatur
545 1765 552 1778 ,
578 1745 608 1771 et
626 1750 824 1783 quanquam
838 1737 963 1771 Daniel
984 1750 1056 1770 non
1073 1737 1232 1781 deliquit,

247 1802 364 1828 tamen
400 1790 587 1824 abducitur
621 1789 657 1821 iu
687 1789 852 1825 exilium,
894 1789 975 1831 quia
1000 1786 1156 1821 Ecclesia
1185 1795 1235 1821 est

248 1844 403 1878 subiecta
440 1840 545 1873 cruci.
601 1838 735 1872 Interea
773 1852 854 1872 vero
892 1838 987 1872 Deus
1022 1839 1087 1871 alia
1122 1839 1233 1881 gloria

248 1907 327 1929 eum
345 1899 464 1930 ornat,
485 1890 565 1934 quia
584 1890 677 1922 iuter
693 1901 829 1927 causas,
855 1902 962 1934 quare
979 1888 1131 1922 Ecclesia
1151 1890 1234 1923 sub-

247 1947 333 1979 iecta
352 1950 402 1976 est
420 1941 536 1979 cruci,
566 1940 629 1972 hae
649 1952 787 1984 quoque
803 1948 903 1980 sunt,
934 1939 1018 1973 Vult
1037 1939 1131 1972 Deus
1150 1953 1235 1973 con-

248 1996 335 2040 spici
359 2005 455 2026 suam
483 1991 712 2034 praesentiam
742 1991 778 2022 in
806 1989 979 2030 Ecclesia,
1010 1991 1088 2023 ideo
1121 1998 1234 2024 servat

247 2058 322 2081 eam
354 2045 428 2077 sine
455 2041 636 2086 praesidiis
662 2039 842 2078 humanis,
898 2040 984 2073 Vult
1010 2048 1043 2074 et
1066 2042 1133 2073 fide
1159 2054 1232 2073 eam

248 2097 341 2139 regi,
360 2102 391 2128 et
409 2095 451 2127 ab
470 2094 544 2135 ipso
564 2093 733 2136 pendere,
749 2093 843 2136 quod
862 2104 933 2124 non
952 2092 1064 2127 fieret,
1091 2092 1119 2124 si
1136 2093 1233 2125 nulla

249 2154 361 2182 essent
378 2144 542 2189 pericula.

354 2211 536 2245 Praeterea
570 2208 819 2242 discernendae
854 2216 936 2242 sunt
971 2209 1232 2252 promissiones,

250 2275 337 2307 quae
363 2262 507 2305 proprie
534 2262 577 2292 ad
606 2259 779 2293 Israelitas
806 2260 999 2303 pertinent,
1027 2271 1044 2292 a
1063 2260 1234 2303 generali-

249 2316 314 2347 bus
332 2311 559 2357 promissioni
569 2312 631 2343 bus
650 2309 834 2343 Ecclesiae.
890 2311 965 2343 Illis
981 2318 1053 2343 erat
1073 2318 1163 2343 certa
1182 2323 1233 2343 se-

250 2366 308 2397 des
334 2372 365 2397 et
391 2363 511 2407 politia
541 2362 730 2405 promissa,
760 2373 853 2394 nunc
870 2360 1024 2394 Ecclesia
1049 2373 1164 2405 sparsa
1185 2368 1234 2394 est

252 2416 343 2447 inter
363 2422 497 2457 gentes,
529 2414 602 2446 sine
628 2420 718 2444 certo
739 2413 906 2455 imperio,
937 2419 968 2444 et
994 2419 1130 2450 tamen,
1153 2413 1232 2456 quia

252 2466 287 2497 in
308 2462 370 2496 liac
391 2466 458 2496 rita
481 2463 618 2498 mox-tali
641 2463 836 2505 colligitur,
861 2462 954 2496 Deus
972 2464 1030 2496 dat
1047 2463 1176 2495 victum
1201 2470 1232 2495 et

252 2515 413 2549 nidulos.
441 2515 528 2547 sicut
552 2514 668 2557 inquit
692 2512 880 2547 Dominus:
910 2513 983 2547 Scit
1008 2521 1104 2557 pater
1121 2520 1233 2546 vester

253 2565 430 2604 coelestis,
472 2566 565 2608 qnod
602 2562 656 2596 his
701 2565 804 2597 rebus
840 2575 927 2607 opus
961 2562 1130 2598 habeatis.
1187 2562 1233 2598 Et

252 2615 332 2650 Esa.
350 2614 422 2650 30.:
451 2615 556 2648 Dabit
575 2615 672 2646 vobis
690 2614 864 2648 Dominus
884 2616 1084 2657 doctorem,
1112 2621 1143 2648 et
1171 2627 1232 2657 pa—

250 2679 347 2702 nem,
384 2673 416 2699 et
433 2677 555 2709 aquam
575 2677 651 2697 cum
671 2666 909 2701 tribulatione.
965 2665 1039 2700 Hae
1057 2666 1232 2709 generales

1285 240 1473 284 pertinent.

1360 306 1635 342 Observandum
1655 314 1705 341 est
1724 307 1835 351 igitur
1847 305 1949 341 ethic
1964 308 1999 341 in
2012 305 2193 350 Zacharia,
2208 311 2271 344 ubi

1285 359 1327 391 de
1344 370 1405 392 sua
1425 359 1546 400 politia
1564 359 1750 404 loquatur,
1779 371 1842 391 nec
1861 371 2000 392 necesse
2023 366 2073 393 est
2097 360 2215 393 omnia
2233 361 2270 394 in

1284 410 1469 453 allegorias
1489 410 1747 443 transformari.
1799 407 1981 452 Eligamus
1998 416 2114 443 autem
2140 411 2273 454 praeci-

1287 472 1353 503 pue
1372 472 1409 493 ea
1428 461 1539 501 dicta,
1566 473 1654 506 quae
1678 460 1820 504 proprie
1847 462 1890 494 de
1907 460 2034 493 Messia
2060 461 2275 494 concionan-

1286 518 1362 551 tur,
1396 518 1427 544 et
1451 512 1494 544 de
1516 512 1692 544 beneficiis
1715 511 1883 555 aeternis,
1921 512 2035 556 qualia
2067 518 2148 545 sunt
2173 509 2273 545 haec:

1286 560 1374 595 Cum
1393 562 1564 604 sauguine
1581 562 1796 596 Testamenti
1815 563 1868 595 tui
1884 563 2020 595 emittes
2039 563 2175 596 vinctos
2193 569 2274 596 tuos

1286 613 1327 645 de
1353 612 1442 645 lacu.
1505 612 1607 645 Item:
1643 611 1835 646 Effundam
1861 625 1965 655 super
1989 614 2133 647 domum
2157 611 2274 646 David

1286 662 1460 706 Spiritum
1479 664 1608 706 gratiae
1627 670 1659 697 et
1681 675 1832 706 precum.
1886 663 2062 697 Ilistorica
2089 676 2172 697 vero
2194 671 2275 698 tan-

1287 726 1391 758 quam
1414 715 1570 757 exempla
1595 714 1803 758 patientiae,
1838 714 1937 752 fidei,
1973 722 2006 749 et
2027 715 2176 748 aliarum
2200 709 2273 748 vir-

1288 771 1400 798 tutum
1414 792 1423 805 ,
1450 765 1662 800 iutueamur.

1680 847 1814 901 Caput
1847 851 1878 890 1.

1390 921 1497 956 Initio
1519 922 1683 966 proponit
1701 923 1906 956 concionem
1925 924 2180 967 poenitentiae,
2207 923 2275 956 sic-

1288 979 1326 1006 ut
1353 971 1532 1018 prophetis
1559 974 1727 1006 usitatum
1755 980 1819 1007 est:
1856 973 2116 1008 Convertimini
2143 976 2186 1008 ad
2208 985 2275 1012 me,

1288 1030 1320 1057 et
1342 1035 1404 1067 ego
1423 1031 1608 1057 convertar
1626 1025 1669 1057 ad
1687 1035 1758 1057 vos.
1811 1024 1935 1058 Postea
1958 1026 2150 1059 recitantur
2167 1023 2276 1057 visio-

1288 1086 1364 1114 nes,
1384 1086 1472 1118 quae
1492 1075 1675 1108 minantur
1691 1075 1856 1117 gentibus
1870 1102 1878 1115 ‚
1895 1083 1928 1110 et
1946 1076 2121 1109 affirmant
2141 1076 2275 1109 instau-

1287 1126 1461 1158 rationem
1494 1124 1762 1170 Hierosolyniae
1794 1138 2032 1169 processuram
2067 1138 2151 1160 esse.
2214 1124 2274 1158 ln-

1288 1176 1384 1218 signe
1409 1182 1457 1208 est
1482 1182 1616 1216 autem,
1643 1177 1737 1221 quod
1765 1176 1882 1221 inquit
1897 1177 2071 1219 Angelum
2096 1175 2275 1220 deprecari

1289 1239 1350 1270 pro
1377 1227 1518 1270 populo.
1573 1225 1680 1265 Item,
1709 1228 1802 1272 quod
1831 1227 1878 1260 ait
1901 1225 1995 1261 bunc
2021 1227 2197 1271 Angelum
2221 1226 2275 1259 lo-

1288 1277 1347 1322 qui
1374 1277 1410 1309 in
1435 1278 1508 1320 ipso
1533 1278 1574 1309 ad
1603 1278 1728 1321 ipsum.
1784 1277 1889 1311 Hunc
1914 1276 2090 1321 Angelum
2114 1277 2274 1320 intelligo

1288 1340 1359 1360 esse
1380 1327 1509 1361 Filium
1534 1327 1597 1360 Dei
1621 1325 1752 1375 λόγον,
1780 1329 1867 1362 sicut
1886 1329 2013 1362 Daniel
2038 1329 2168 1373 inquit:
2199 1327 2275 1361 Stat

1287 1375 1442 1411 Michael
1460 1378 1624 1422 princeps
1643 1391 1788 1421 magnus
1808 1391 1871 1422 pro
1892 1379 1973 1411 filiis
1990 1379 2113 1423 populi
2128 1378 2193 1412 sui.

1669 1460 1807 1514 Caput
1834 1463 1885 1503 11.

1392 1532 1433 1566 In
1450 1535 1603 1567 secundo
1621 1534 1732 1576 capite
1748 1534 1836 1567 visio
1857 1535 1899 1566 de
1918 1533 2158 1567 aedificatione
2177 1533 2275 1567 urbis

1287 1584 1504 1623 ostenditur,
1534 1591 1566 1617 et
1592 1585 1773 1618 adduntur
1789 1585 2058 1629 promissiones,
2087 1591 2124 1618 ut
2146 1584 2275 1617 confir—

1287 1641 1403 1668 metur
1430 1635 1465 1666 in
1490 1632 1694 1668 hominibus
1715 1648 1790 1679 spes
1810 1636 2087 1669 instaurationis.
2146 1634 2275 1669 lntexit

1288 1692 1402 1718 autem
1430 1686 1724 1728 promissionibus
1748 1688 1790 1719 de
1822 1687 1909 1719 urbe
1934 1686 2203 1728 significationes
2231 1687 2274 1718 de

1287 1743 1426 1769 aeterna
1444 1735 1617 1776 Ecclesia,
1646 1749 1749 1782 quam
1769 1744 1884 1770 tamen
1903 1737 2037 1769 incoari
2054 1743 2191 1780 oportet
2207 1736 2274 1769 mi-

1288 1787 1432 1820 nisterio
1468 1785 1671 1827 Evangelii,
1699 1789 1794 1832 quod
1829 1787 1866 1820 in
1901 1788 1961 1820 illa
1998 1789 2086 1820 urbe
2121 1787 2274 1830 sonabit,

1287 1838 1375 1870 sicut
1393 1838 1525 1870 dictum
1544 1845 1608 1871 est:
1638 1838 1689 1871 De
1709 1838 1795 1872 Sion
1816 1839 2013 1882 egredietur
2037 1839 2088 1871 lex
2109 1844 2173 1873 etc.
2225 1835 2273 1871 Et

1288 1888 1369 1932 quia
1393 1889 1609 1932 praedictum
1632 1896 1703 1922 erat
1718 1889 1754 1922 in
1771 1887 1837 1923 hoc
1854 1890 1928 1922 loco
1947 1888 2111 1921 Messiam
2132 1888 2272 1921 concio-

1288 1946 1452 1972 naturum
1480 1952 1570 1977 esse,
1606 1940 1781 1973 editurum
1799 1940 1998 1973 testimonia
2014 1966 2022 1978 ,
2053 1946 2087 1972 et
2111 1939 2272 1972 futurum

1288 2002 1359 2023 esse
1376 1990 1553 2023 victimam
1580 1997 1611 2023 et
1629 1991 1842 2024 revicturum
1864 2003 1952 2029 esse,
1979 1990 2100 2023 miscet
2121 1989 2272 2033 promis-

1288 2040 1379 2072 sioni
1397 2048 1557 2073 aeternae
1571 2039 1764 2082 Ecclesiae,
1782 2042 2030 2085 promissiones
2049 2042 2090 2073 de
2111 2038 2177 2073 hoc
2195 2040 2271 2074 loco

1289 2091 1428 2135 proprie
1444 2091 1637 2136 loquentes.

1395 2156 1577 2192 Caeterum
1612 2159 1654 2190 ad
1686 2159 1804 2191 omnia
1836 2166 1991 2203 tempora
2027 2160 2272 2193 accommode-

1290 2216 1345 2241 tur
1374 2209 1559 2252 promissio
1584 2209 1815 2242 defensionis:
1844 2208 1915 2243 Ero
1941 2222 2063 2243 murus
2086 2211 2208 2253 igneus
2233 2210 2271 2243 in

1288 2260 1435 2292 circuitu
1456 2272 1596 2299 eorum,
1626 2266 1656 2293 et
1674 2260 1801 2292 deinde
1822 2262 1864 2293 de
1889 2262 2082 2304 praesentia
2102 2261 2187 2294 Filii
2203 2259 2270 2294 Dei

1288 2311 1323 2342 in
1343 2308 1513 2343 Ecclesia:
1541 2308 1631 2343 Ecce
1648 2322 1709 2353 ego
1731 2312 1834 2343 venio
1851 2319 1884 2344 et
1902 2310 2068 2346 habitabo
2092 2312 2129 2345 in
2153 2311 2268 2344 medio

1286 2361 1338 2394 tui
1356 2368 1416 2394 etc.
1462 2361 1501 2393 In
1521 2359 1586 2393 hoc
1606 2362 1715 2405 capite
1733 2362 1901 2406 particula
1919 2370 1967 2396 est
1985 2364 2146 2396 obscura:
2186 2361 2269 2394 Post

1287 2412 1434 2454 gloriam
1455 2423 1574 2454 regum
1595 2411 1893 2457 Babylonicorum
1907 2441 1915 2452 ,
1944 2414 2002 2458 qui
2026 2412 2164 2456 gloriati
2185 2419 2268 2445 sunt

1287 2463 1434 2495 deletam
1456 2474 1527 2495 esse
1546 2461 1850 2509 Hierosolymam,
1878 2476 1939 2508 ego
1957 2464 2093 2497 veniam
2120 2470 2151 2495 et
2172 2463 2267 2496 refu—

1286 2514 1367 2546 tabo
1390 2525 1510 2546 eorum
1539 2514 1802 2556 gloriationem,
1839 2522 1872 2548 et
1896 2515 2038 2559 puniam
2065 2525 2134 2548 eos,
2194 2513 2267 2546 Alii

1286 2564 1580 2608 interpretantur,
1601 2572 1681 2608 post
1695 2566 1859 2609 gloriam,
1878 2566 1910 2598 id
1931 2572 1997 2605 est,
2025 2571 2101 2608 post
2120 2575 2265 2607 regnum

1288 2614 1468 2647 ludaicum
1495 2622 1637 2659 apparet
1660 2614 1840 2655 Christus,
1874 2616 1967 2649 iuxta
2001 2616 2150 2649 dictum:
2184 2614 2265 2648 Non

1286 2666 1463 2699 auferetur
1482 2673 1655 2710 sceptrum
1675 2674 1737 2702 etc.
