2379 2948
210 108 282 143 363

325 189 425 224 Aliae
461 198 575 235 partes
613 188 779 222 dicuntur
816 188 1114 231 proportionales,
1155 191 1199 224 de

216 243 343 288 quibus
354 239 596 274 Mathematici
612 240 817 282 loquuntur,
844 239 904 283 qui
922 251 995 272 non
1011 238 1077 274 hoc
1093 253 1200 285 quae-

218 299 320 327 runt,
351 292 492 324 materia
512 290 645 333 reliqua
662 289 724 326 sit,
752 290 810 321 sed
828 290 1060 333 quantitates,
1085 292 1121 323 id
1141 297 1202 331 est,

221 342 476 385 longitudines,
510 346 567 372 aut
599 339 825 377 latitudines,
860 346 920 374 aut
944 341 1202 384 profunditates

219 392 427 435 cogitatione
453 387 662 433 absffahunt
685 401 703 422 a
720 390 877 423 materia.
932 391 983 424 Ac
1001 392 1127 424 deinde
1144 403 1204 424 co-

218 442 388 485 gitatione
411 440 621 480 divisiones,
654 452 723 484 quo
749 452 860 485 usque
886 441 1042 482 videtur,
1069 441 1204 475 faciunt

223 492 373 535 partium
399 491 628 535 proportione
653 492 937 534 congruentium.
989 491 1076 524 Inde
1093 492 1203 526 usita-

223 550 295 575 tum
314 542 446 575 dictum
464 548 526 574 est:
558 541 598 574 ln
621 541 789 574 continuo
818 541 972 574 infinitas
994 549 1110 585 partes
1130 553 1202 575 esse

223 592 520 636 proportionales,
547 593 639 636 quod
663 593 841 635 quomodo
860 592 1128 634 intelligendum
1149 592 1204 632 sit,

225 644 386 676 rixantur
408 643 500 675 inter
519 653 553 675 se
573 642 748 675 inerudite
765 642 989 675 recentiores-

327 693 533 727 Ridiculum
551 699 599 724 est
616 692 708 724 enim
727 690 868 737 physice
884 692 1091 735 intelligere,
1114 692 1204 725 dicta

228 742 480 777 mathematica.
534 741 704 787 Physicus
729 743 908 775 materiam
930 754 990 775 seu
1010 754 1135 786 corpus
1153 754 1205 776 se-

227 802 289 827 cat.
346 792 617 826 Mathematicus
651 804 723 825 non
756 793 892 838 querit,
934 805 978 825 an
1003 793 1140 838 reliqua
1162 793 1206 826 sit

227 845 388 882 materia,
417 845 473 876 sed
492 855 531 875 ex
550 840 736 887 hypothesi
761 844 938 887 procedit,
966 844 995 875 si
1020 850 1070 877 est
1087 843 1205 877 conti-

225 907 352 931 nuum,
381 901 494 938 partes
511 890 627 928 hahet.
669 891 716 926 Et
732 893 939 928 Aristoteles
956 895 1091 928 erudite
1109 894 1207 933 dicit,

226 946 380 988 potentia
413 945 605 976 secundum
633 944 843 977 divisionem
868 944 1024 978 infinitas
1048 956 1143 984 esse,
1170 944 1207 976 id

226 1002 294 1030 est.
327 995 386 1027 ubi
406 995 550 1037 cogitari
566 994 693 1027 dlvisio
717 1001 847 1038 potest,
874 995 925 1028 ibi
945 996 1111 1029 nondum'
1128 1006 1208 1038 per-

226 1052 370 1078 ventum
390 1053 437 1077 est
457 1046 497 1076 ad
515 1044 675 1077 ultimam
699 1045 888 1086 unitatem,
915 1053 954 1079 ut
970 1046 1132 1079 diametri
1154 1045 1209 1078 di-

227 1096 314 1128 xisio
347 1101 503 1138 respectu
527 1095 580 1126 sui
605 1095 747 1135 circuli,
788 1107 862 1128 non
890 1095 1024 1138 integre
1048 1107 1210 1139 compre-

227 1143 333 1177 hensa
355 1152 422 1185 est,
449 1145 647 1187 cogitantur
670 1145 776 1187 igitur
795 1145 913 1189 plures
932 1153 1057 1190 partes,
1114 1145 1209 1180 Haec

226 1196 421 1229 admonitio
441 1192 507 1228 hoc
525 1195 600 1228 loco
620 1195 780 1229 sufficiat.

491 1293 587 1334 Quid
615 1297 668 1326 est
697 1295 920 1328 Continuam
929 1293 946 1326 ?

329 1368 506 1401 Continua
531 1375 632 1408 sunt,
660 1380 810 1413 quorum
835 1369 961 1402 ultima
985 1376 1068 1403 sunt
1089 1381 1212 1409 unum,
1235 1382 1239 1437 Ῐ

227 1425 265 1451 ut
283 1430 351 1451 una
370 1419 462 1450 linea
478 1426 528 1451 est
549 1419 716 1462 quiddam
735 1419 957 1453 continuum.

440 1510 542 1548 Quae
574 1514 755 1543 vocantur
783 1510 966 1556 Contigua
976 1508 993 1542 ,⁹

332 1582 505 1625 Contigua
530 1590 630 1624 sunt,
663 1596 815 1628 quorum
837 1584 962 1617 ultima
990 1591 1071 1618 sunt
1095 1585 1211 1622 simul,

231 1640 260 1665 et
282 1633 329 1665 ita
345 1634 556 1676 iunguntur,
590 1641 628 1667 ut
653 1632 744 1666 nihil
770 1634 814 1667 sit
839 1634 1013 1672 medium,
1049 1641 1086 1668 ut
1111 1636 1212 1668 orbes

230 1684 392 1716 coelestes
420 1691 450 1716 et
469 1684 627 1727 regiones
653 1684 918 1720 elementorum.

529 1778 632 1817 Quae
659 1782 749 1811 sunt
775 1776 911 1811 simul?

332 1852 446 1885 Simul
463 1863 534 1884 esse
552 1853 729 1890 dicuntur,
749 1859 807 1885 ant
826 1864 914 1897 quae
933 1858 1015 1885 sunt
1031 1852 1067 1884 in
1088 1853 1210 1885 eodem

232 1904 327 1941 loco,
355 1909 412 1934 aut
440 1902 529 1934 inter
553 1915 641 1946 quae
666 1901 757 1935 nihil
783 1910 831 1936 est
857 1903 1021 1937 medium.
1073 1901 1210 1945 Regula

232 1961 280 1986 est
298 1951 507 1986 Aristotelis.
563 1951 602 1984 ln
620 1953 716 1984 omni
740 1960 837 1986 motu
862 1964 1005 1985 movens
1033 1953 1137 1985 simul
1161 1960 1211 1987 est

232 2015 309 2036 cum
330 2009 442 2042 moto,
470 2003 561 2046 quod
581 2003 657 2035 aliis
680 2003 794 2035 verbis
819 2003 866 2035 sic
889 2004 1031 2036 dicitur:
1060 2002 1210 2036 Movens

231 2061 263 2087 et
281 2060 415 2085 motum
435 2059 571 2096 oportet
588 2053 692 2085 simul
715 2065 786 2085 esse
805 2065 865 2096 per
880 2061 1088 2087 contactum.
1141 2054 1209 2087 Sed

230 2102 287 2136 hic
313 2114 449 2135 necesse
476 2110 524 2135 est
549 2103 617 2135 dici
648 2104 689 2135 de
715 2103 845 2145 duplici
876 2110 1045 2137 contactu.
1107 2102 1209 2137 Alius

232 2160 281 2187 est
298 2153 505 2195 corporalis,
533 2165 610 2185 cum
629 2164 707 2196 pars
736 2154 891 2196 corporis
909 2154 944 2186 in
964 2161 1126 2187 movente
1155 2155 1210 2188 vel

230 2205 267 2235 in
288 2210 407 2246 agente
424 2203 534 2245 tangit
552 2212 682 2246 partem
702 2203 740 2235 in
760 2216 800 2235 eo
819 2215 962 2246 corpore
980 2206 1072 2247 quod
1092 2217 1210 2237 mox-e-

232 2262 305 2291 tur,
339 2261 375 2287 nt
402 2266 478 2286 cum
504 2254 601 2286 faber
629 2254 798 2296 lignarius
828 2254 962 2296 tignum
998 2254 1143 2288 collocat
1172 2256 1208 2287 in

233 2305 378 2336 :aedificii
410 2311 553 2347 partem.
616 2302 767 2348 Oportet
797 2305 890 2336 enim
916 2315 1018 2345 agens
1041 2305 1209 2347 adplicari
1235 2322 1238 2352 ι

231 2357 272 2386 ad
298 2354 431 2397 patiens
460 2366 521 2397 pro
548 2355 652 2386 modu
670 2354 827 2387 actionis,
876 2353 991 2386 Grave
1009 2367 1079 2386 non
1099 2361 1210 2398 potest

231 2405 363 2435 moveri
383 2404 535 2436 violento
553 2413 667 2443 motu,
696 2405 762 2438 nisi
788 2406 830 2437 ab
856 2405 925 2437 alio
955 2417 1099 2448 corpore
1126 2417 1209 2438 con-

231 2453 328 2496 tiguo
346 2460 377 2485 et
394 2455 489 2495 gravi
511 2455 722 2497 impellatur·
1234 2483 1237 2504 1

334 2503 433 2535 Alius
453 2510 499 2536 est
519 2512 696 2538 contactus
722 2505 898 2544 virtualis,
927 2516 1005 2537 cum
1024 2515 1126 2547 agens
1152 2513 1211 2539 aut
1235 2512 1237 2547 J

231 2564 375 2585 movens
400 2564 459 2585 sua
483 2555 649 2597 qualitate
674 2556 813 2598 attingit
839 2566 983 2598 corpus,
1017 2557 1110 2599 quod
1135 2568 1209 2588 mo-
1234 2550 1236 2604 ι]

231 2610 331 2636 vetur
348 2610 406 2635 aut
425 2604 572 2646 patitur,
600 2606 732 2638 etiamsi
761 2612 857 2649 parte
880 2606 1036 2650 corporis
1061 2618 1132 2638 non
1158 2613 1210 2639 at-
1234 2614 1236 2630 ³

229 2653 348 2696 tingit,
383 2659 420 2686 ut
445 2652 505 2686 Sol
531 2661 691 2688 contactu
716 2656 859 2689 virtuali
884 2656 921 2689 in
946 2662 1072 2690 aestate
1104 2656 1207 2690 efficit
1234 2641 1236 2656 r

457 103 663 141 SCRIPTA
692 102 767 139 PH.
796 99 910 137 MEL.
940 99 1007 136 AD
1032 102 1158 139 HIST.
1184 104 1326 146 PROF.
1354 108 1420 146 ET
1448 109 1638 148 PHtLOS.
1665 110 1984 151 SPECTANTIA.

2155 115 2228 150 564

1250 200 1291 227 ut
1311 195 1427 241 fruges
1458 204 1704 233 maturescant.
1772 195 1926 242 Attingit
1957 200 2050 234 enim
2075 211 2130 234 eas
2156 213 2229 234 non

1251 253 1349 289 parte
1366 248 1481 293 aliqua
1501 249 1676 292 corporis,
1703 248 1762 281 sed
1783 248 1918 282 lumine
1935 257 1968 284 et
1983 251 2081 285 vitali
2105 251 2232 289 calore,

1252 307 1356 339 quem
1380 305 1494 331 tamen
1520 299 1557 331 in
1583 296 1667 331 haec
1690 298 1858 332 inferiora
1883 301 2022 342 spargit.
2083 300 2230 344 Magnes

1227 365 1228 377 t
1252 347 1419 389 qualitate
1435 355 1526 382 certa
1543 347 1651 383 trahit
1669 350 1812 382 serrum.
1850 348 1908 382 Sic
1926 349 2077 384 infausta
2094 351 2231 395 eclipsis

1252 395 1347 430 Solis
1364 406 1423 432 aut
1440 398 1561 432 Lunae
1587 400 1684 432 virus
1706 399 1849 444 aliquod
1866 410 2031 443 spargens
2049 401 2086 433 in
2104 404 2231 440 aeirem,

1253 454 1285 480 et
1303 447 1340 480 in
1358 461 1504 493 corpora
1526 450 1759 483 animantium
1776 449 1915 493 attingit
1928 461 1967 483 ea
1983 457 2145 484 contactu
2161 451 2233 484 vir-

1252 498 1358 539 tuali,
1391 499 1427 532 id
1453 506 1523 540 est,
1560 500 1728 544 qualitate
1759 511 1832 535 sua.
1892 499 1983 533 Nam
2015 501 2138 541 etiam,
2170 501 2233 533 ubi

1254 548 1344 581 actio
1362 560 1424 593 per
1440 550 1643 594 qualitatem
1661 551 1714 590 fit,
1741 557 1857 583 tamen
1874 558 2013 594 oportet
2029 551 2103 583 fieri
2118 551 2233 594 adpli-

1254 598 1428 631 cationem
1453 600 1586 641 agentis
1611 602 1654 633 ad
1680 600 1836 644 patiens,
1872 602 1976 634 modo
2003 600 2234 634 conveniente

1255 648 1325 681 illis
1345 649 1498 689 naturis,
1526 657 1560 683 et
1584 650 1814 683 conveniente
1835 650 2012 685 distantia.
2064 650 2161 683 Haec
2183 657 2233 683 est

1255 699 1427 732 sententia
1445 700 1600 742 regulae:
1630 699 1670 732 ln
1689 699 1787 733 omni
1815 707 1913 734 motu
1942 713 2086 735 movens
2116 708 2165 735 est
2188 701 2235 734 si-

1256 749 1329 782 mul
1347 761 1425 783 cum
1445 757 1554 783 moto.

1571 841 1667 883 Quid
1694 847 1751 876 est
1778 843 1921 877 Locus?

1358 907 1473 941 Locus
1496 915 1545 942 est
1561 909 1759 952 superficies
1777 921 1927 943 concava
1942 909 2098 953 corporis
2124 910 2237 942 conti-

1259 958 1376 991 nentis
1393 959 1559 994 locatum.
1595 958 1690 992 Haec
1708 968 1756 994 est
1772 960 1854 994 satis
1868 960 2049 1004 perspicua
2066 958 2239 995 definitio.

1259 1008 1375 1042 Verba
1391 1009 1590 1043 Aristotelis
1608 1010 1774 1043 videntur
1790 1022 1862 1043 esse
1883 1011 2085 1044 obscuriora
2096 1037 2105 1050 ‚
2132 1017 2165 1043 et
2181 1010 2239 1042 in—

1259 1066 1425 1104 terpretes
1444 1060 1538 1092 varie
1554 1072 1593 1092 ea
1609 1068 1840 1102 enarrarunt,
1867 1073 1946 1094 cum
1966 1060 2137 1094 sententia
2155 1072 2239 1094 con-

1259 1117 1360 1153 gruat
1378 1122 1456 1143 cum
1471 1109 1695 1151 definitione,
1722 1123 1826 1156 quam
1844 1111 2014 1145 recensui.
2069 1109 2160 1144 Sunt
2176 1123 2239 1143 an-

1260 1168 1328 1195 tem
1348 1159 1432 1194 haec
1452 1162 1574 1194 verba:
1603 1161 1717 1194 Locus
1735 1169 1785 1195 est
1806 1162 1885 1194 finis
1911 1161 2144 1199 continentis,
2171 1161 2240 1193 im-

1260 1211 1419 1252 mobilis,
1457 1212 1601 1255 primus.
1671 1210 1914 1255 interpretatio
1940 1209 2127 1245 Themistii
2157 1208 2241 1244 haec

1261 1270 1328 1295 est:
1357 1261 1473 1295 Locus
1496 1270 1546 1296 est
1568 1263 1664 1303 finis,
1699 1262 1734 1295 id
1760 1269 1826 1303 est,
1852 1262 2009 1306 proxima
2034 1272 2094 1294 seu
2116 1261 2240 1293 imme-

1262 1313 1356 1346 diata
1393 1313 1591 1356 superficies
1622 1313 1832 1346 circundans
1870 1319 2072 1346 contentum
2104 1323 2241 1355 corpus,

1263 1363 1472 1402 immobilis,
1501 1363 1647 1402 scilicet,
1672 1362 1753 1406 quia
1770 1361 1969 1405 superficies
1986 1362 2058 1405 ipsa
2079 1373 2150 1394 non
2167 1373 2243 1394 mo-

1264 1419 1363 1445 vetur
1380 1424 1440 1456 per
1455 1423 1527 1444 sese
1538 1439 1547 1452 ,
1572 1423 1635 1445 nec
1651 1418 1702 1445 est
1719 1424 1819 1445 causa
1835 1418 1949 1445 motus
1965 1411 2102 1454 corpori
2120 1412 2244 1444 locato.

1264 1462 1332 1496 Sed
1351 1475 1429 1495 cum
1446 1468 1607 1495 movetur
1622 1474 1747 1506 corpus
1763 1463 1913 1496 locatum
1925 1487 1934 1500 ‚
1962 1462 2112 1496 subinde
2136 1461 2241 1495 aliam

1263 1511 1480 1556 superficiem
1498 1512 1706 1555 ingreditur.

1364 1561 1497 1606 Estque
1532 1562 1729 1595 differentia
1761 1562 1855 1605 apud
1895 1560 2121 1595 Aristotelem
2153 1562 2244 1597 inter

1264 1611 1354 1644 Vasa
1379 1619 1411 1645 et
1434 1612 1539 1645 Loca.
1601 1611 1673 1644 Vas
1699 1618 1801 1645 vocat
1825 1612 1999 1655 integrum
2030 1623 2174 1656 corpus,
2207 1613 2245 1645 in

1265 1663 1364 1695 cuius
1384 1669 1481 1706 parte
1499 1663 1616 1706 aliqua
1639 1663 1791 1695 locatum
1809 1663 2031 1702 continetur,
2058 1670 2098 1695 ut
2120 1674 2244 1696 currus

1265 1719 1323 1745 aut
1353 1713 1463 1747 navis.
1525 1712 1620 1746 Haec
1644 1724 1723 1745 vasa
1747 1713 1881 1745 moveri
1905 1712 2045 1756 proprie
2068 1713 2246 1748 dicuntur.

1265 1763 1332 1797 Sed
1358 1763 1455 1796 locus
1483 1763 1612 1796 dicitur
1637 1763 1835 1806 superficies
1858 1763 1975 1808 aliqua
1998 1763 2035 1795 in
2054 1774 2152 1803 vase,
2178 1763 2246 1795 im-

1263 1814 1412 1847 mediate
1444 1813 1628 1846 continens
1653 1813 1816 1848 locatum.
1879 1812 1973 1846 Haec
2005 1813 2042 1845 in
2075 1820 2244 1857 quantum

1264 1864 1363 1897 locus
1393 1870 1462 1905 est,
1497 1875 1568 1897 non
1598 1870 1778 1904 movetur,
1823 1875 1886 1896 nec
1918 1864 2029 1896 locato
2061 1874 2161 1897 causa
2195 1870 2245 1896 est

1264 1921 1390 1949 motus.

1550 1988 1622 2022 Dic
1646 1988 1715 2021 loci
1741 1986 1952 2022 divisiones.

1364 2051 1499 2086 Prima:
1534 2053 1709 2086 Locorum
1740 2053 1830 2086 alius
1861 2060 1909 2086 est
1934 2053 2119 2096 proprius,
2154 2054 2244 2086 alius

1263 2104 1470 2137 communis.
1525 2102 1733 2137 Communis
1749 2110 1818 2145 est,
1842 2103 1902 2147 qui
1921 2104 2077 2136 continet
2094 2104 2243 2137 mediate

1263 2166 1389 2198 corpus
1418 2154 1581 2199 aliquod,
1615 2154 1652 2185 in
1677 2165 1746 2197 quo
1775 2153 2001 2187 continentur
2023 2160 2055 2186 et
2081 2153 2170 2194 alia,
2205 2160 2243 2186 ut

1263 2205 1484 2238 domicilium
1510 2204 1665 2237 continet
1684 2205 1778 2236 intus
1796 2206 1929 2243 aerem,
1957 2211 1988 2237 et
2008 2204 2045 2236 in
2063 2206 2141 2237 ae‘re
2167 2215 2243 2237 cor-

1262 2267 1346 2299 pora
1364 2255 1607 2287 animantium.

1364 2304 1534 2349 Proprius
1555 2312 1604 2338 est
1632 2304 1827 2347 superficies
1845 2303 2043 2336 immediate
2060 2304 2244 2336 continens

1263 2367 1398 2398 corpus.
1451 2353 1498 2388 Et
1514 2355 1554 2387 ad
1576 2352 1665 2387 hanc
1687 2354 1956 2397 adpellationem
1989 2354 2055 2386 toci
2084 2354 2245 2395 congruit

1263 2406 1398 2448 regula:
1433 2404 1546 2438 Locus
1564 2412 1614 2438 est
1636 2404 1790 2449 aequalis
1812 2404 1945 2443 locato,
1972 2403 2133 2436 videlicet
2162 2415 2243 2446 pro-

1264 2457 1359 2499 prius
1374 2456 1480 2488 locus.
1535 2454 1605 2488 Nec
1626 2462 1742 2487 tamen
1760 2454 1969 2496 intelligitur
1985 2451 2069 2485 haec
2088 2453 2243 2497 aequali-

1263 2513 1313 2539 tas
1332 2507 1373 2538 de
1392 2506 1504 2538 trihus
1520 2505 1822 2544 dimensionibus,
1850 2504 1886 2536 id
1906 2509 1976 2541 est,
2004 2504 2046 2536 de
2064 2510 2136 2537 toto
2155 2515 2245 2543 vase,

1262 2557 1320 2589 sed
1353 2563 1488 2589 tantum
1518 2556 1561 2588 de
1586 2556 1794 2600 aequalitate
1823 2553 2033 2596 superficiei⁷
2075 2565 2246 2586 concavae

1263 2606 1492 2646 continentis,
1534 2612 1566 2639 et
1607 2616 1780 2639 convexae
1818 2604 1986 2637 contenti.
2060 2603 2135 2636 Hae
2165 2610 2246 2636 sunt

1262 2657 1441 2701 aequales,
1468 2663 1500 2690 et
1515 2667 1549 2689 se
1566 2663 1688 2690 mutuo
1705 2654 1926 2696 contingunt.
