2379 2948
247 113 340 149 1087

239 199 296 233 Sic
315 209 395 241 ergo
418 197 570 240 legamus
587 192 868 227 liuncPsalmnm
881 219 890 233 ‚
917 199 956 226 ut
975 192 1223 235 experientiam

240 250 359 294 aliquo
385 251 488 281 niodo
509 248 719 278 intueamur.
776 244 938 276 Membra
965 246 1136 289 quaedam
1162 244 1223 274 de-

240 301 396 333 scribunt
424 299 515 340 ipsos
541 297 679 329 dolores
705 302 737 328 et
761 295 958 337 angustias,
985 294 1083 339 quasi
1102 293 1225 337 despe-

240 351 419 383 rabundae
446 348 572 380 inentis
594 354 625 380 et
643 346 799 379 ruiturae
817 346 854 378 in
871 352 1050 378 aeternum
1069 344 1225 376 exitium.

240 399 392 434 Econtra
422 399 488 431 alia
510 399 664 431 membra
687 396 890 430 describunt
915 396 1018 428 fidem
1044 406 1104 427 seu
1130 406 1226 439 spem

240 451 429 494 erigentem
448 461 523 489 cor,
558 460 645 492 pene
663 449 831 481 obrutum
851 446 1106 491 desperatione.

343 509 485 543 Primus
520 514 552 541 et
585 508 759 541 secundus
794 518 913 539 versus
948 503 1227 549 propositionem

239 559 440 600 continent,
457 559 620 592 videlicet
637 558 893 602 precationem,
917 557 972 590 cui
993 556 1147 588 adfectus
1163 553 1227 586 tri-

239 611 383 644 stissimi
407 610 553 643 admixti
578 616 675 642 sunt:
704 606 806 641 Sicut
832 619 951 640 cervus
981 605 1019 638 in
1041 604 1228 638 venatione

234 662 411 709 jbgiens,
437 667 470 694 et
489 661 596 703 longo
621 671 726 692 cursu
747 659 912 702 fatigatus
936 657 1068 700 appetit
1086 657 1228 696 undam,

239 712 291 745 sic
307 723 370 757 ego
385 723 474 756 pene
491 717 696 744 consumtus
711 710 851 749 dolore,
878 720 1009 753 quaero
1026 707 1225 740 misericor—

240 764 354 802 diam,
376 762 699 795 reconciliationem
718 767 751 794 et
767 759 949 794 auxilium.

344 820 487 853 Tertius
520 826 552 853 et
586 827 730 864 quartus
752 828 873 850 versus
909 817 1057 850 recitant
1090 816 1228 849 dolores

241 871 336 904 exilii
354 879 385 904 et
403 871 616 904 desiderium
637 871 770 902 reditus
787 869 828 900 ad
849 869 1038 911 templum,
1067 875 1099 901 et
1125 866 1227 900 resti-

240 922 309 956 tuti
331 922 418 954 boni
443 928 552 955 status
577 921 613 952 in
640 920 770 963 populo
798 917 884 959 Dei,
912 930 956 951 ne
974 918 1107 951 diutius
1133 928 1229 960 gras-

241 979 362 1005 sentur
388 972 515 1014 impiae
543 971 783 1010 confusiones,
820 981 968 1014 quarum
995 969 1032 1001 in
1056 969 1227 1002 seditione

241 1023 362 1056 nullus
379 1023 458 1055 finis
477 1023 616 1055 futurus
635 1027 718 1054 erat.

342 1081 384 1114 ln
410 1082 535 1127 quinto
562 1087 593 1113 et
616 1087 710 1113 sexto
741 1091 863 1112 rursus
889 1078 1035 1120 erigitur
1067 1077 1227 1110 consola-

239 1132 351 1166 tione:
378 1130 491 1177 Spero
507 1130 544 1164 in
563 1129 663 1169 Deo,
693 1129 864 1176 quoniam
889 1126 1010 1162 adlzuc
1037 1125 1230 1172 confitebor

240 1181 316 1221 illi,
346 1184 380 1216 id
401 1190 468 1223 est,
493 1183 626 1216 etiamsi
646 1194 791 1224 regnum
814 1188 844 1214 et
869 1181 1016 1223 gloriam
1034 1191 1138 1224 quam
1167 1176 1229 1211 ba-

239 1234 301 1266 bui
319 1234 439 1273 amisi,
466 1233 600 1267 etiamsi
619 1230 840 1265 horribiliter
866 1242 1006 1274 premor
1030 1230 1121 1262 mole
1149 1241 1229 1272 pec-

242 1291 399 1318 catorum
430 1296 608 1322 meorum,
647 1290 764 1316 tamen
798 1294 816 1314 a
843 1281 920 1314 Deo
948 1292 1021 1314 non
1053 1280 1228 1313 deficiam:

242 1336 300 1367 sed
316 1335 519 1369 sustentabo
539 1345 592 1366 me
615 1333 848 1377 promissione
865 1332 995 1376 ipsius,
1026 1338 1057 1364 et
1081 1331 1228 1374 sperabo

241 1385 500 1429 mitigationem
519 1384 726 1417 calamitatis
744 1390 776 1416 et
793 1383 1052 1415 liberationem.

346 1444 385 1477 ln
405 1444 551 1488 septimo
570 1454 689 1476 rursus
708 1442 957 1475 describuntur
973 1441 1100 1473 fluctus
1119 1451 1229 1484 pavo-

239 1509 319 1531 rum
335 1496 430 1528 varie
447 1494 705 1531 occursantium
723 1493 857 1527 animo.

343 1545 384 1579 In
417 1552 539 1578 octavo
575 1545 695 1577 miscet
736 1543 1013 1576 consolationem
1047 1541 1226 1585 aliquanto

240 1597 439 1631 laetiorem:
468 1592 550 1627 Imo
570 1598 599 1626 el
620 1592 676 1626 die
694 1598 723 1625 el
742 1597 846 1626 noctu
862 1592 1141 1625 misericordiam
1160 1589 1225 1623 Dei

240 1650 334 1682 iuxta
352 1645 602 1691 promissiones
620 1645 777 1687 cogitabo
805 1651 836 1676 et
854 1644 1035 1687 precabor.

342 1706 382 1740 ln
407 1706 475 1738 fine
497 1704 621 1748 repetit
644 1704 778 1747 priores
800 1714 942 1742 versus,
971 1702 1030 1746 qui
1049 1708 1080 1734 et
1099 1711 1225 1745 quere-

241 1759 310 1791 lam
334 1757 534 1796 continent,
557 1755 603 1787 ita
629 1755 664 1786 in
692 1761 867 1797 postrema
894 1752 1064 1796 particula
1088 1752 1227 1783 dulcem

239 1807 515 1843 consolationem
533 1806 627 1838 velut
646 1804 854 1847 emergentis
873 1803 941 1836 iam
963 1815 1001 1836 ex
1025 1802 1095 1834 illis
1112 1801 1227 1834 flucti-

238 1861 304 1893 bus
320 1869 489 1902 pavorum
509 1863 541 1889 et
559 1857 852 1899 desperationum.

344 1916 528 1949 Hactenus
546 1921 724 1957 utcunque
751 1912 969 1945 ostendimus
991 1910 1110 1955 quales
1127 1909 1228 1942 dolo·
1251 1918 1253 1929 ²

241 1979 295 2001 res
318 1967 392 2010 ipse
408 1965 521 1998 David
548 1964 733 2003 sustineat,
761 1970 793 1996 et
816 1963 993 2007 quomodo
1016 1973 1051 1994 se
1069 1960 1228 1993 console-

240 2026 317 2058 tur,
344 2018 402 2050 sed
420 2013 505 2048 haec
522 2026 594 2046 non
614 2022 758 2057 propter
775 2015 889 2056 ipsum
902 2039 909 2052 ,
926 2014 982 2045 sed
1005 2018 1147 2055 propter
1164 2021 1228 2043 nos
1251 2024 1252 2029 ¹

242 2069 369 2112 scripta
387 2073 479 2101 sunt.
532 2064 675 2097 Habent
693 2071 725 2096 et
743 2064 803 2095 alii
822 2063 923 2096 multi
941 2064 977 2095 in
995 2062 1149 2096 Ecclesia
1169 2061 1225 2093 in-

241 2126 361 2163 gentes
396 2117 553 2156 dolores,
593 2115 655 2147 alii
690 2114 818 2157 magis,
859 2113 919 2147 alii
962 2113 1079 2145 minus
1121 2123 1228 2145 acres.

241 2169 378 2204 Omnes
404 2175 520 2201 autem
543 2166 718 2199 discamus
740 2165 955 2197 voluntatem
975 2162 1039 2196 Dei
1065 2174 1154 2203 esse,
1190 2169 1228 2195 ut

243 2223 280 2253 in
306 2220 435 2254 talibus
459 2217 643 2251 doloribus
668 2228 741 2248 non
766 2215 1051 2251 succumbamus,
1080 2215 1136 2246 sed
1160 2213 1228 2245 eri-

243 2282 364 2315 gamus
382 2281 446 2302 nos
463 2269 530 2301 fide
545 2275 578 2301 et
594 2279 663 2311 spe.
708 2264 755 2299 Et
772 2263 863 2299 hanc
879 2265 981 2297 fidem
999 2271 1030 2297 et
1047 2276 1142 2308 spem
1160 2264 1228 2297 niti

242 2327 379 2366 oportet
395 2332 467 2352 non
484 2325 602 2352 nostra
619 2317 754 2350 iusticia
779 2323 839 2350 aut
863 2316 1050 2359 dignitate,
1077 2315 1136 2347 sed
1156 2315 1228 2346 sola
1251 2317 1253 2340 ἱ

243 2371 483 2405 misericordia
516 2369 581 2401 Dei
621 2368 791 2412 patefacta
834 2367 872 2399 in
916 2365 1226 2410 promissionibus:

243 2421 359 2456 Etiam
382 2433 459 2454 cum
482 2419 673 2454 tristissimi
699 2419 825 2452 fluctus
846 2418 883 2450 in
907 2429 971 2450 nos
994 2417 1154 2455 irruunt,
1189 2422 1226 2448 ut

245 2481 429 2515 conspectu
446 2478 647 2504 nostrornm
664 2476 884 2513 peccatorum
902 2475 934 2501 et
952 2468 1022 2500 irae
1041 2466 1108 2499 Dei
1124 2478 1227 2509 expa-

244 2534 440 2561 vescamus,
467 2535 505 2555 ac
536 2528 733 2553 metuamus
770 2527 946 2552 aeternam
980 2517 1226 2559 abiectionem,

244 2580 360 2606 tamen
386 2584 448 2604 nos
474 2572 644 2614 erigamus
671 2569 733 2603 liae
759 2582 858 2608 voce,
886 2581 953 2614 qua
979 2566 1037 2601 liic
1060 2580 1095 2601 se
1111 2567 1226 2601 David

245 2629 430 2657 sustentat:
470 2622 585 2667 *Spera
613 2621 650 2653 in
674 2619 769 2655 Deo.
821 2620 902 2653 Non
925 2619 1065 2652 deficias
1091 2630 1110 2651 a
1137 2618 1224 2660 Deo,

245 2675 303 2708 sed
332 2673 434 2706 crede
459 2683 519 2716 per
544 2672 820 2705 misericordiam
845 2677 987 2715 propter
1004 2669 1134 2703 Filium
1150 2681 1222 2702 me-

828 106 954 144 PHIL.
982 107 1097 142 MEL.
1134 103 1345 141 SCRIPTA
1378 102 1679 140 EXEGETICA.

2166 108 2262 143 1088

1276 190 1446 223 diatorem
1463 197 1496 224 te
1511 201 1591 223 vere
1613 190 1721 234 recipi
1746 202 1764 223 a
1787 188 1879 231 Deo,
1906 190 2042 224 etiamsi
2068 193 2165 226 nulla
2189 205 2262 226 me-

1276 241 1341 273 rita
1366 242 1492 274 adfers.
1547 241 1605 275 Sic
1628 242 1924 274 accommodanda
1950 248 2000 274 est
2020 240 2103 275 haec
2121 250 2261 277 senten-

1274 292 1322 325 tia
1346 293 1389 324 ad
1413 292 1611 325 doctrinam
1637 293 1680 324 de
1706 292 1841 325 iusticia
1858 292 1956 331 fidei,
1984 293 2071 326 sicut
2089 301 2122 326 et
2139 294 2260 337 Augu-

1276 342 1388 375 stinus
1410 355 1484 376 eam
1508 345 1628 376 dextre
1652 343 1912 381 accommodat,
1948 350 1980 377 et
2005 350 2098 377 recte
2123 352 2261 378 enarrat

1278 393 1314 425 in
1331 390 1436 427 huius
1450 392 1582 426 Psalmi
1600 394 1834 427 enarratione.

1379 451 1491 485 Causa
1516 452 1631 485 finalis
1657 452 1760 485 etiam
1786 452 2045 490 consideretur,
2081 464 2143 485 cur
2171 459 2263 496 petat

1277 503 1432 536 exaudiri
1457 510 1490 537 et
1517 503 1679 544 liberari,
1713 503 1895 536 videlicet:
1928 499 1987 536 Ne
2013 499 2263 547 blasphemiae

1278 551 1450 586 dicantur
1480 550 1655 587 adversus
1677 552 1818 596 Deum,
1857 551 1922 586 ubi
1951 557 2000 586 est
2023 551 2130 586 Deus
2158 554 2264 586 tuus?

1250 533 1362 669 litem
1386 610 1426 637 ut
1450 603 1523 647 ipse
1547 616 1668 637 rursus
1692 605 1842 638 celebret
1864 604 1996 644 Deum,
2032 602 2098 637 hoc
2122 611 2191 645 est,
2226 610 2265 638 ut

1279 666 1377 687 verae
1401 653 1582 687 doctrinae
1607 655 1894 698 propagationem
1915 655 2073 696 adiuvet,
2100 667 2191 700 quae
2219 655 2263 688 ab

1278 706 1387 749 impio
1417 705 1580 738 sodalitio
1605 705 1796 738 Absalonis
1826 706 2130 740 contemnebatur.
2190 704 2264 739 Has

1278 767 1397 789 causas
1414 755 1535 788 finales
1553 756 1704 789 subinde
1719 756 1756 788 in
1771 754 1918 789 Psalmis
1934 757 2077 800 repetit,
2103 762 2143 790 ut
2161 767 2263 804 saepe

1279 807 1413 840 dictum
1438 814 1508 847 est,
1544 818 1628 852 quas
1648 807 1751 841 etiam
1784 818 1848 840 nos
1870 807 1908 839 in
1942 807 2166 840 invocatione
2188 806 2264 840 Deo

1279 868 1528 901 proponamus.
1580 856 1771 901 Impulsiva
1795 868 1896 891 causa
1920 865 1987 897 est,
2014 865 2053 891 ut
2077 869 2183 901 supra
2208 858 2263 890 di-

1279 916 1371 941 ctum
1395 915 1461 948 est,
1489 919 1552 940 cur
1578 907 1702 941 liberet
1725 906 1838 948 Dens,
1871 908 2040 951 promissa
2063 908 2265 941 misericor-

1278 959 1333 991 dia
1358 965 1500 1003 propter
1529 957 1672 993 Filium.
1727 959 1870 992 Finales
1901 970 2024 991 causae
2056 959 2277 1003 praecipuae,

1278 1017 1378 1047 sunt,
1404 1017 1443 1042 ut
1468 1009 1667 1042 refutentur
1690 1010 1789 1053 impii
1809 1010 1870 1054 qni
1895 1007 2162 1052 triumpharunt
2180 1021 2265 1043 con-

1278 1067 1329 1093 tra
1356 1058 1471 1092 Deum
1506 1066 1535 1093 et
1569 1058 1805 1103 blasphemias
1837 1066 2051 1104 sparserunt.
2113 1059 2199 1093 Item
2228 1067 2266 1094 ut

1279 1123 1358 1143 vera
1378 1111 1539 1143 doctrina
1558 1111 1601 1143 de
1619 1109 1694 1143 Deo
1719 1123 1790 1143 non
1809 1112 2042 1154 extinguatur.
2096 1109 2161 1143 His
2183 1123 2265 1144 cau-

1279 1162 1324 1194 sis
1339 1168 1486 1194 testatur
1502 1160 1597 1193 Deus
1614 1173 1648 1193 se
1665 1162 1817 1202 moveri,
1845 1169 1881 1195 ut
1899 1160 2022 1194 Esaiae
2039 1161 2101 1196 48.
2119 1161 2264 1195 dicitur:

1282 1212 1428 1256 Propter
1441 1224 1569 1244 nomen
1582 1224 1696 1245 meum
1715 1213 1818 1255 longe
1831 1212 1954 1245 faciam
1972 1212 2126 1245 furorem
2138 1224 2265 1245 meum.

1283 1262 1385 1296 Item:
1429 1262 1579 1307 Propter
1607 1275 1681 1301 me,
1718 1270 1862 1307 propter
1887 1275 1942 1295 me
1968 1263 2092 1296 faciam
2123 1269 2161 1296 ut
2191 1275 2264 1296 non

1252 1306 1254 1353 l
1279 1311 1518 1357 blasphemer,
1553 1319 1583 1345 et
1607 1314 1754 1356 gloriam
1785 1326 1897 1346 meam
1927 1314 2027 1346 alteri
2059 1325 2133 1346 non
2159 1315 2264 1349 dabo.

1279 1363 1521 1397 Accendamns
1547 1363 1656 1406 igitur
1681 1363 1784 1397 fidem
1810 1364 1847 1396 in
1864 1364 2108 1405 invocatione,
2136 1365 2265 1407 cogita-

1278 1415 1373 1448 tione
1392 1412 1516 1447 harum
1535 1426 1729 1449 causarum.

1411 1533 1743 1578 Argumentum
1775 1543 1829 1566 ac
1859 1531 2122 1576 dispositio

1598 1599 1757 1638 Psalmi
1787 1599 1949 1640 XLIII.

1325 1678 1459 1713 ludica
1479 1691 1534 1713 me
1546 1680 1666 1721 Deus,
1684 1685 1721 1713 et
1733 1691 1803 1726 aye
1821 1691 1979 1714 causam
1995 1691 2116 1715 meam
2135 1685 2264 1715 contra

1249 1763 1253 1794 ι
1325 1736 1477 1777 geniem
1497 1742 1566 1764 non
1587 1735 1779 1774 scutetum,
1809 1736 1881 1765 etc.

1378 1806 1535 1840 Precatio
1560 1814 1613 1840 est
1637 1808 1791 1840 eiusdem
1817 1808 2013 1851 argumenti
2037 1807 2128 1842 utin
2147 1808 2266 1852 proxi-

1279 1869 1334 1890 mo
1358 1859 1457 1900 petit.
1500 1857 1591 1891 Petit
1609 1859 1703 1890 enim
1723 1865 1761 1891 ut
1775 1856 1869 1892 Deus
1888 1859 1931 1892 sit
1947 1859 2069 1899 iudex,
2095 1865 2128 1892 et
2144 1860 2265 1892 defen-

1280 1910 1337 1941 ‹lat
1360 1921 1499 1941 causam
1522 1909 1650 1942 iustam
1677 1910 1842 1942 adversus
1874 1910 2000 1953 impios
2031 1907 2166 1949 hostes,
2201 1910 2264 1954 qui

1250 1955 1253 1987 1
1281 1971 1350 1992 non
1375 1966 1513 1992 tantum
1544 1971 1670 2003 corpus
1696 1960 1840 1993 Davidis
1869 1972 1886 1992 e
1909 1959 2025 1992 medio
2053 1960 2177 1992 tollere
2202 1972 2262 1993 co·

1281 2018 1427 2050 uantur,
1456 2011 1514 2042 sed
1534 2010 1677 2053 insuper
1693 2022 1830 2043 causam
1847 2018 1878 2042 et
1895 2010 2092 2043 doctrinam
2111 2011 2185 2044 eius
2201 2012 2264 2044 da-

1281 2069 1410 2095 mnam.
1466 2061 1517 2093 Ac
1542 2061 1644 2093 nobis
1669 2058 1733 2093 hoc
1757 2067 1914 2104 tempore
1931 2061 2043 2093 facilis
2059 2068 2109 2093 est
2126 2073 2264 2094 accom-

1280 2112 1447 2144 modatio.
1501 2110 1712 2145 Defensores
1736 2111 1863 2154 impiae
1891 2112 2073 2144 doctrinae
2089 2109 2264 2145 Ecclesias

1281 2170 1414 2195 nostras
1441 2162 1556 2195 delere
1582 2168 1774 2200 conantur,
1812 2174 1885 2195 non
1916 2170 1986 2195 tam
2015 2162 2153 2206 privato
2181 2163 2262 2196 odio

1252 2226 1253 2236 π
1279 2214 1443 2245 adversus
1459 2210 1520 2245 lios
1540 2210 1716 2252 homines,
1732 2225 1836 2256 quam
1855 2213 1937 2258 quia
1954 2224 2064 2256 genus
2081 2213 2262 2247 doctrinae

1279 2264 1423 2306 cupiunt
1453 2263 1662 2305 extinguere.
1723 2262 1801 2296 Hoc
1825 2270 1941 2296 autem
1969 2264 2099 2297 servari
2124 2275 2262 2298 necesse

1280 2323 1338 2348 est.
1392 2312 1438 2347 Et
1459 2313 1533 2346 vult
1552 2312 1645 2346 Deus
1663 2326 1679 2346 a
1700 2325 1735 2345 se
1754 2314 1843 2358 peti,
1871 2322 1909 2348 ut
1934 2315 2007 2358 ipse
2031 2314 2102 2347 suis
2127 2315 2262 2348 miran-

1250 2367 1252 2376 ¹
1279 2365 1330 2397 «lis
1348 2365 1446 2397 factis
1467 2364 1653 2404 defendat,
1681 2371 1719 2397 ut
1738 2365 1805 2408 ipsi
1821 2366 2000 2399 tribuatur
2013 2365 2122 2408 gloria
2141 2365 2262 2398 defen-

1250 2427 1253 2431 *
1277 2428 1332 2448 sae
1348 2414 1542 2457 Ecclesiae,
1561 2422 1592 2447 et
1611 2422 1649 2448 ut
1665 2427 1729 2448 nos
1747 2427 1931 2449 cernamus
1947 2415 2146 2449 testimonia
2162 2427 2262 2459 prae-

1278 2466 1407 2499 sentiae
1431 2465 1495 2498 Dei
1522 2466 1558 2497 in
1588 2465 1753 2499 Ecclesia.
1816 2465 1892 2499 Hae
1923 2477 2044 2500 causae
2074 2466 2262 2509 diligenter

1279 2517 1552 2549 considerandae
1565 2523 1665 2556 sunt,
1692 2523 1724 2549 et
1742 2528 1861 2550 earum
1887 2517 2049 2560 cogitatio
2075 2528 2140 2549 nos
2164 2528 2261 2550 com-

1278 2567 1501 2606 monefaciat,
1528 2574 1567 2600 ut
1588 2568 1766 2600 ardentius
1786 2574 1960 2611 petamus,
1989 2574 2020 2600 et
2045 2567 2260 2600 constantius

1279 2625 1495 2661 expectemus
1522 2630 1540 2650 a
1564 2616 1638 2650 Deo
1667 2618 1855 2657 auxilium,
1882 2630 1944 2651 nec
1968 2615 2193 2663 ,ιιικρόψυχοι
2220 2629 2259 2650 ac

1279 2669 1495 2712 trepidantes
1517 2680 1726 2713 quaeramus
1757 2669 1884 2702 iniusta
1907 2665 2056 2710 auxilia,
2091 2676 2128 2702 ut
2151 2667 2261 2702 Sede-
