2379 2948
86 142 157 178 189
679 138 744 176 111.

82 226 296 271 specierum,
331 226 408 260 vult
433 223 675 269 generationis
700 231 734 257 et
757 222 966 257 nutritionis
992 233 1070 254 mo-
1095 220 1098 263 Ι

83 278 148 310 dos
174 288 192 310 a
213 288 247 310 se
265 277 447 310 ordinatos
471 287 544 308 non
569 273 715 314 violari,
742 273 818 306 vult
838 284 1068 306 numerorum
1095 274 1098 322 Ι

82 326 245 361 ordinem
273 326 531 361 immutabilem
558 336 648 362 esse,
677 323 753 357 vult
777 335 920 356 manere
943 324 1069 355 immo·
1095 323 1098 364 Ι

82 384 158 411 turn
183 377 373 411 discrimen
396 375 625 409 honestorum
643 380 675 407 et
699 374 876 417 turpium,
904 375 997 419 quod
1020 379 1070 405 est
1095 369 1097 394 Ι

81 428 198 470 imago
225 419 366 461 divinae
395 425 536 459 mentis.
596 423 641 458 Et
666 431 705 457 ut
729 425 789 457 illa
813 436 911 458 mens
929 431 1068 457 aeterna

83 478 137 511 sui
154 478 281 511 similis
299 485 332 512 et
351 475 583 509 immutabilis
599 482 668 515 est,
695 475 744 508 sic
774 475 914 508 numeri
943 483 975 508 et
1002 486 1069 506 no-

81 528 184 562 ticiae
209 526 438 566 honestorum
465 526 509 559 ab
535 526 598 559 illo
630 526 728 559 fonte
762 532 859 558 ortae
891 532 973 559 sunt
1002 525 1068 557 im-

81 585 210 612 motae.

184 636 279 669 Haec
298 636 340 667 de
359 635 570 668 certitudine
588 634 691 668 initio
709 635 879 668 monendi
896 642 978 668 sunt
996 641 1070 667 stu-

83 687 195 726 diosi,
223 697 267 718 ne
285 685 466 718 furoribus
492 686 637 718 illorum
667 686 903 729 adplaudant,
930 685 989 729 qui
1010 697 1069 728 pe-

80 736 230 771 tulantia
245 735 468 778 ingeniorum
483 747 627 780 prorsus
646 736 864 769 sustulerunt
886 735 1068 768 certitudi-

79 799 173 821 nem.
209 784 256 820 Et
271 793 353 820 sunt
370 786 499 830 aliqui,
527 793 566 820 ut
583 784 812 832 Thucydides
831 793 948 826 vocat,
978 785 1069 817 servi

79 837 310 871 absurdarum
340 836 570 880 opinionum,
613 849 651 870 ac
678 836 899 870 fastidientes
930 836 1068 875 usitata,

79 888 141 933 qui
177 894 322 932 propter
360 893 507 920 naturae
547 887 809 930 perversitatem
849 887 1070 920 delectantur

79 938 292 971 monstrosis
309 938 552 981 opinionibus.
605 936 682 970 Hoc
701 938 830 970 vicium
850 937 941 971 absit
956 938 1000 969 ab
1019 937 1070 975 iis,

80 989 143 1034 qui
162 988 320 1022 veritatis
345 989 545 1033 querendae
563 999 663 1020 causa
676 1015 684 1028 ‚
712 995 744 1021 et
762 995 800 1022 ut
818 987 931 1021 Deum
961 999 1068 1030 agno-

79 1045 188 1080 scant,
216 1039 332 1072 studia
350 1039 593 1072 doctrinarum
612 1039 742 1073 colunt.

1094 1021 1097 1041 Ι

182 1096 260 1130 Hoc
305 1097 520 1141 principium
567 1094 752 1141 physicum
793 1098 836 1130 sit
870 1094 1097 1129 immotum.'

80 1148 278 1191 Quodlibet
303 1155 370 1188 est,
397 1154 459 1181 aut
479 1159 552 1180 non
579 1154 640 1180 est.
694 1147 748 1181 Sit
770 1148 913 1179 immota
938 1147 1068 1180 noticia

79 1198 178 1233 Deus
195 1205 255 1233 est.
308 1198 388 1232 Sint
405 1205 437 1231 et
454 1196 621 1231 immotae
646 1198 810 1232 noticiae.
866 1196 938 1232 Res
957 1210 975 1230 a
994 1196 1069 1230 Deo
1095 1184 1097 1226 Ι

79 1249 243 1282 conditae
266 1255 346 1281 sunt
370 1248 517 1292 aliquid.
582 1246 725 1281 Gradus
746 1260 863 1280 rerum
883 1260 900 1279 a
918 1247 991 1280 Deo
1010 1260 1068 1279 or-
1094 1235 1097 1292 Ι

77 1300 190 1333 dinati
232 1305 314 1331 sunt
344 1298 499 1342 aliquid,
544 1299 614 1329 vita
653 1306 704 1332 est
735 1299 904 1343 quiddam
944 1298 1097 1340 melius}

78 1356 211 1388 morte,
239 1355 322 1381 sunt
340 1348 480 1391 aliquae
500 1348 694 1378 viventium
714 1349 869 1381 actiones
888 1349 1070 1381 ordinatae
1096 1345 1098 1381 Ι

976 1398 1070 1429 llaec
1096 1401 1098 1412 '

80 1407 113 1434 et
129 1406 262 1439 certae,
290 1398 419 1442 quibus
443 1397 669 1429 manentibus
697 1403 813 1430 manet
838 1398 923 1430 vita.

79 1448 294 1494 experientia
318 1456 485 1492 tanquam
506 1447 685 1479 ordinatio
704 1446 768 1479 Dei
795 1448 973 1479 iudicetur
998 1459 1071 1480 esse

78 1507 191 1542 certa,
224 1511 306 1532 nam
323 1497 420 1531 Deus
448 1509 519 1530 non
536 1497 666 1530 frustra
685 1510 738 1530 res
758 1498 927 1531 condidit.

180 1557 253 1592 Nec
273 1557 413 1600 longius
431 1568 640 1601 quaeramus
655 1557 990 1596 demonstrationes,
1009 1569 1071 1590 cur

79 1711 162 1756 quia
180 1711 262 1743 dato
279 1709 441 1753 opposito
461 1708 620 1752 sequitur
636 1715 783 1741 naturae
799 1710 990 1742 destructio
1002 1736 1010 1748 ,
1038 1717 1070 1742 et

79 1761 162 1806 quia
178 1772 232 1793 res
257 1760 412 1793 ostendit
442 1757 546 1791 talem
572 1770 642 1791 esse
670 1757 736 1792 Dei
760 1759 899 1802 opificis
926 1761 1069 1792 ordina—

83 1819 229 1846 tionem.

796 137 951 174 INITIA
978 135 1272 172 DOCTRINAE
1298 138 1552 175 PHYSICAE.

1093 1063 1097 1073 ¹
1124 1054 1223 1091 dam,
1251 1059 1283 1084 et
1307 1054 1348 1083 ad
1369 1065 1483 1085 mores
1505 1055 1686 1096 regendos.

1096 1451 1098 1472 Ι

1096 1491 1098 1509 Ι

1096 1514 1098 1538 Ι

1095 1566 1098 1581 1

1096 1841 1097 1855 ἶ
1126 1812 1360 1848 humanarum
1380 1816 1491 1848 causis
1517 1817 1705 1849 dicendum
1734 1825 1795 1852 est.

2047 138 2116 172 190

1227 220 1295 254 Sed
1326 225 1489 257 accedant
1522 225 1609 258 aliae
1642 236 1784 265 causae,
1820 225 1899 257 ideo
1924 222 2023 258 Deus
2051 222 2112 257 bas

1123 271 1282 304 flammas
1307 272 1437 306 indidit
1461 277 1588 315 menti,
1626 276 1810 309 incitantes
1837 276 1878 308 ad
1905 275 2112 320 inquisitio-

1123 334 1203 354 nem
1230 328 1394 361 naturae,
1432 331 1468 356 ut
1491 322 1576 357 haec
1603 326 1762 359 doctrina
1799 326 1952 371 primum
1977 326 2020 358 sit
2044 325 2112 358 iter

1123 373 1165 404 ad
1198 372 1414 414 agnitionem
1447 372 1532 413 Dei,
1575 374 1702 409 deinde
1737 384 1775 410 ut
1809 383 1981 409 monstret
2017 376 2108 408 vitae

1122 423 1308 466 praesidia.

1225 479 1325 523 Quae
1343 480 1450 523 igitur
1467 481 1640 524 praesidia
1659 482 1750 516 vitae
1768 485 1919 525 adferat,
1946 485 2108 519 consido-

1122 543 1258 564 remus:

1225 587 1278 623 Ex
1297 587 1362 622 hae
1380 590 1540 623 doctrina
1565 592 1740 625 extruitur
1765 603 1820 624 ars
1843 594 1998 633 medica,
2027 593 2108 637 quia

1121 638 1179 673 hic
1217 641 1468 673 discernuntur
1499 641 1689 680 elementa,
1724 643 1927 687 qualitates,
1958 644 2107 687 qualita-

1123 698 1196 724 tum
1220 691 1392 730 actiones,
1421 692 1601 733 cognatio,
1637 693 1801 733 dissidia‚
1836 705 1958 726 causae
1983 693 2108 726 altera-

1122 742 1261 774 tionum
1278 741 1313 773 in
1337 741 1519 774 elementis
1535 748 1567 774 et
1587 742 1724 783 mixtis,
1751 750 1897 776 naturae
1921 743 2109 775 dissimiles

1122 789 1313 824 humorum
1332 792 1368 824 in
1386 803 1531 835 corpore
1556 790 1730 833 humano,
1757 800 2029 836 temperamenta
2048 804 2108 825 seu

1122 853 1253 881 crases,
1281 839 1384 875 ethis
1410 850 1642 885 congruentes
1664 844 1830 887 spiritus,
1858 843 2108 877 inclinationes

1123 899 1155 926 et
1172 892 1328 925 adfectus
1347 893 1382 924 iu
1402 890 1619 928 hominibus.

1223 949 1319 984 Haec
1346 951 1607 996 aliquantulum
1624 960 1656 986 et
1681 954 1734 986 vel
1760 954 1874 987 obiter
1898 954 2050 997 aspicere
2072 952 2107 984 in

1123 1001 1226 1034 nobis
1246 1002 1397 1034 multum
1416 1003 1598 1043 conducit,
1626 1011 1657 1036 et
1683 1006 1724 1037 ad
1743 1005 1980 1038 valetudinem
2007 1010 2109 1036 tuen-

1741 1055 1849 1088 Multi
1875 1054 1968 1087 saevi
1992 1052 2108 1085 morbi

1124 1102 1226 1135 initio
1252 1100 1496 1145 philosophica
1528 1105 1711 1145 diligentia
1743 1106 1844 1137 facile
1866 1104 1994 1148 depelli
2028 1115 2110 1146 pos-

1095 1161 1097 1179 !
1123 1159 1223 1192 sunt,
1259 1152 1318 1196 qui
1344 1153 1541 1186 confirmati
1568 1155 1695 1186 deinde
1723 1167 1795 1187 non
1819 1155 1890 1188 fere
1913 1155 2108 1187 vincuntur

1125 1202 1303 1235 remediis.
1357 1202 1456 1236 Sicut
1482 1205 1719 1237 eruditissime
1745 1206 1793 1238 ait
1812 1205 1950 1245 Celsus,
1978 1204 2109 1236 multos

1123 1264 1269 1295 magnos
1285 1253 1428 1285 morbos
1446 1254 1559 1286 curari
1581 1255 1695 1298 quiete
1715 1263 1747 1288 et
1763 1256 1995 1294 abstinentia,
2023 1265 2110 1298 qua-

1123 1315 1201 1335 rum
1218 1314 1335 1335 rerum
1357 1315 1476 1336 causas
1503 1311 1530 1337 et
1552 1306 1829 1340 moderationem
1857 1304 1941 1339 haec
1967 1302 2110 1349 physica

1126 1354 1288 1386 doctrina
1307 1355 1472 1387 ostendit.

1225 1410 1364 1444 Deinde
1381 1423 1564 1445 causarum
1589 1414 1856 1448 distributiones
1885 1415 1920 1447 in
1945 1414 2110 1447 omuibus

1123 1461 1277 1501 artibus,
1305 1469 1338 1494 et
1361 1462 1397 1494 iu
1417 1463 1582 1496 universa
1609 1465 1678 1498 vita
1704 1466 1895 1498 maximum
1918 1477 2018 1498 usum
2046 1462 2111 1496 ha·

1126 1512 1220 1543 bent.
1274 1511 1419 1545 Necesse
1438 1520 1487 1546 est
1505 1514 1592 1546 scire
1617 1515 1819 1548 discrimina
1846 1527 2028 1549 causarum
2049 1527 2111 1546 na-

1096 1562 1310 1612 ¹turalium,
1345 1564 1643 1605 voluntariarum,
1678 1567 1859 1604 totalium‚
1895 1566 2112 1609 partialium,

79 1610 170 1653 ignis
189 1615 286 1649 urat,
315 1610 375 1640 sed
393 1607 548 1640 contenti
565 1607 675 1640 simus
700 1608 937 1651 experientia,
964 1620 1068 1652 quarn
1096 1617 1099 1655 ζ
1125 1614 1318 1645 necessario
1354 1616 1658 1655 concurrentium,
1691 1617 1958 1660 principalium,
1994 1617 2111 1648 miuus

80 1662 251 1694 ducamus
270 1670 342 1692 esse
359 1664 508 1697 certam,
537 1663 569 1690 et
595 1664 740 1702 propter
767 1655 857 1690 hanc
884 1658 1069 1701 rationem,
1096 1672 1099 1681 v

1126 1663 1396 1706 principalium,
1436 1666 1589 1709 denique
1629 1667 1732 1710 longa
1772 1675 1821 1700 est
1857 1666 1963 1700 huius
2004 1665 2111 1709 partis

1125 1714 1303 1754 doctrina,
1331 1728 1398 1759 qua
1421 1716 1567 1748 minime
1585 1718 1743 1749 omnium
1767 1719 1800 1750 in
1817 1716 1969 1750 Ecclesia
1995 1727 2111 1748 carere

1125 1776 1327 1806 possumus,
1355 1766 1413 1797 ubi
1431 1778 1530 1809 saepe
1555 1768 1598 1798 de
1620 1768 1738 1799 multis
1757 1775 1789 1800 et
1810 1768 1913 1799 variis
1930 1767 2110 1800 actionum

1858 1817 1983 1859 Qualis
2010 1827 2110 1849 causa

1096 1861 1097 1878 ³
1124 1865 1167 1897 sit
1179 1863 1285 1903 Deus„
1307 1878 1350 1898 an
1367 1866 1455 1898 adsit
1475 1878 1537 1898 suo
1558 1868 1695 1909 opificio
1715 1876 1746 1901 et
1766 1866 1953 1901 hominum
1972 1874 2109 1900 susten-

139 1917 359 1959 Desine
392 1923 439 1958 et
474 1917 712 1958 utilitate
741 1912 1010 1968 physices.

227 2011 316 2050 Quis
345 2014 400 2042 es!
424 2006 513 2055 finis
539 2012 577 2041 et
605 2017 698 2040 usus
719 2005 919 2051 physices?

186 2084 279 2118 Tota
304 2091 428 2117 natura
457 2094 577 2115 rerum
605 2082 702 2115 velut
727 2080 904 2115 theatrum
928 2089 979 2115 est
1003 2079 1070 2115 hu-

81 2135 179 2169 mani
200 2135 355 2176 ingenii,
384 2135 480 2179 quod
496 2132 592 2166 Deus
610 2133 683 2165 vult
711 2133 836 2176 aspici,
870 2133 947 2165 ideo
973 2133 1068 2165 indi-

83 2187 135 2221 dit
152 2184 336 2218 hominum
357 2185 534 2218 mentibus
550 2184 777 2227 cupiditatem
795 2184 1069 2216 consideranda-

83 2248 162 2270 rum
182 2248 318 2273 rerum,
347 2244 380 2269 et
404 2236 636 2278 voluptatem,
662 2246 751 2278 quae
770 2235 987 2276 agnitionem
1010 2247 1069 2267 co—

83 2288 238 2320 mitatur.
298 2285 374 2319 Hae
405 2298 527 2319 causae
558 2285 711 2318 invitant
746 2297 827 2317 sana
856 2285 994 2327 ingenia
1025 2287 1067 2317 ad

83 2336 404 2371 considerationem
439 2343 604 2373 naturae,
641 2335 775 2368 etiamsi
809 2336 943 2368 utilitas
968 2336 1067 2368 nulla

86 2393 301 2432 sequeretur.
369 2385 414 2420 Ut
449 2386 535 2418 visio
564 2387 731 2425 delectat,
774 2386 910 2418 etiamsi
935 2386 1068 2419 utilitas

84 2439 181 2471 nulla
204 2443 426 2481 sequeretur,
454 2436 500 2468 ita
520 2442 554 2468 et
569 2449 666 2469 mens
692 2449 752 2470 sua
777 2443 903 2469 natura
927 2437 1069 2470 ducitur

83 2489 124 2522 ad
144 2488 362 2532 aspiciendas
380 2498 444 2520 res,
497 2485 579 2518 Sint
601 2486 708 2528 igitur
731 2485 795 2519 hae
816 2498 938 2520 causae
962 2485 1067 2520 huius
1092 2474 1095 2510 Ι

86 2538 211 2578 studii,
238 2538 320 2582 quia
344 2537 494 2570 maxime
521 2538 713 2569 secundum
737 2544 898 2570 naturam
917 2545 966 2571 est
983 2549 1066 2570 enn-

85 2589 238 2622 siderare
262 2595 442 2625 naturam,
471 2592 504 2619 et
529 2585 761 2620 consideratio
783 2600 843 2630 per
859 2600 931 2621 sese
953 2588 1067 2622 adfert
1091 2584 1093 2611 Ι

85 2639 303 2672 dulcissimas
322 2639 527 2682 voluptates,
550 2637 684 2670 etiamsi
702 2637 789 2669 aliae
806 2638 974 2671 utilitates
992 2650 1066 2671 non
1090 2637 1093 2650 ¹

89 2696 329 2734 sequerentur.

1094 2142 1097 2200 Ι

1094 2202 1096 2256 Ι

1125 1916 1261 1955 tattoni,
1289 1923 1327 1948 ut
1339 1915 1447 1949 Stoici
1467 1915 1628 1949 horribili
1649 1919 1799 1951 amentia
1818 1918 2003 1957 finxerunt,
2032 1925 2110 1949 tau-

1125 1977 1228 2009 quam
1253 1978 1357 2008 agens
1390 1979 1461 1998 non
1494 1968 1619 2007 libere,
1654 1971 1713 2001 sed
1745 1970 1950 2002 necessario.
2011 1967 2111 2010 Quae

1096 2041 1097 2049 1
1124 2027 1245 2048 causae
1261 2024 1487 2057 concurrant,
1513 2030 1591 2050 cum
1603 2018 1722 2062 Scipio
1741 2020 1890 2053 abstinet
1907 2020 1949 2051 ab
1968 2018 2110 2051 alterius

1123 2078 1259 2109 sponsa.
1321 2067 1420 2109 Quae
1453 2080 1576 2100 causae
1606 2078 1835 2111 concurrant,
1879 2082 1956 2102 cum
1985 2065 2110 2110 loseph

1123 2117 1275 2151 abstinet
1291 2130 1309 2150 a
1330 2119 1480 2161 coniuge
1497 2120 1645 2151 domiui.

1223 2175 1362 2209 Deinde
1381 2189 1519 2209 necesse
1537 2185 1586 2210 est
1610 2178 1645 2210 in
1674 2179 1904 2221 explicatione
1928 2178 2109 2211 doctrinae

1121 2224 1344 2259 Christianae
1370 2239 1472 2260 nosse
1501 2236 1613 2271 partes
1630 2226 1805 2268 hominis,
1834 2230 2020 2262 discrimen
2046 2239 2109 2271 po-

1121 2278 1310 2310 tentiarum
1336 2279 1620 2320 cognoscentium
1648 2287 1678 2311 vt
1704 2280 1962 2323 appetentium,
1995 2286 2026 2312 et
2052 2291 2109 2311 ea-

1123 2340 1199 2360 rnm
1223 2329 1421 2367 actionum,
1457 2329 1491 2360 iu
1530 2342 1597 2373 qua
1627 2338 1721 2372 parte
1745 2330 1814 2362 sint
1842 2330 2009 2371 noticiae,
2044 2329 2106 2361 ubi

1121 2379 1189 2410 sint
1209 2379 1365 2412 adfectus
1387 2391 1448 2412 seu
1480 2377 1609 2423 ὁρμαὶ,
1646 2380 1748 2422 quale
1771 2380 1814 2413 sit
1838 2380 2022 2413 dissidium
2051 2380 2107 2411 in-

1121 2436 1175 2462 ter
1200 2427 1298 2462 haec.

1224 2486 1387 2532 Denique.
1419 2489 1480 2521 etsi
1515 2489 1605 2519 iuter
1634 2485 1813 2532 physicam
1845 2496 1877 2522 et
1909 2488 2105 2522 doctrinam

1119 2536 1320 2580 Evangelii,
1349 2545 1381 2570 et
1400 2538 1666 2581 promissionem
1686 2552 1702 2570 a
1720 2538 1796 2572 Deo
1814 2541 2041 2583 patefactam,
2068 2551 2107 2571 ac

1119 2589 1223 2631 longe
1247 2589 1393 2631 positam
1426 2599 1530 2630 supra
1562 2595 1698 2631 captum
1732 2586 1949 2631 humanum,
1984 2590 2107 2633 ingens

1119 2639 1305 2671 discrimen
1332 2644 1400 2676 est,
1436 2649 1499 2669 nec
1530 2649 1655 2680 genera
1688 2640 1928 2673 doctrinarum
1958 2641 2105 2673 consuu-

1088 2712 1092 2726 z
1119 2690 1233 2720 denda
1251 2695 1349 2720 sunt:
1376 2694 1492 2719 tamen
1511 2688 1619 2720 multa
1644 2697 1725 2722 sunt
1748 2691 1783 2722 in
1808 2692 1964 2725 doctrina
1984 2688 2106 2722 Eccle-
