2379 2948
1129 338 1204 379 111.

564 435 826 478 ΙΝῙΤΙΑ
865 427 1318 473 DOCTRINAE
1363 420 1773 465 PHYSICAE.

238 621 416 653 (Epistolam
439 614 681 648 nuncupatoriam
700 611 822 637 dedimus
841 610 868 636 tn
887 609 972 641 Epist.
991 609 1053 633 Vol.
1074 608 1132 632 vn.
1152 613 1179 638 p.
1200 606 1275 633 472.)

844 845 990 875 LIBER
1024 843 1211 873 PRIMUS
1248 839 1500 871 PHYSJCES.

362 980 459 1022 Quid
494 982 548 1012 est
578 976 734 1022 physica
772 974 967 1010 doctrina?

176 1054 260 1108 Est
282 1084 370 1117 quae
392 1072 536 1107 seriem,
565 1069 767 1113 qualitates,
795 1074 828 1100 et
851 1074 967 1099 motus
992 1064 1154 1097 omnium

177 1135 364 1167 corporum
384 1129 417 1155 et
434 1121 625 1164 specierum
644 1119 681 1149 in
700 1124 842 1155 natura,
870 1123 903 1149 et
917 1126 1035 1147 causas
1052 1124 1155 1156 gene·

177 1175 374 1212 rationum,
408 1170 674 1213 corruptionum
699 1174 732 1200 et
760 1167 910 1199 aliorum
933 1171 1094 1197 motuum
1119 1164 1156 1195 in

178 1222 359 1257 elementis
384 1228 417 1254 et
439 1220 517 1252 aliis
541 1217 766 1261 corporibus,
792 1227 879 1260 quae
903 1227 942 1247 ex
968 1215 1157 1247 elemento-

179 1285 257 1307 rum
281 1271 528 1304 commixtione
552 1269 735 1305 oriuntur,
768 1265 916 1310 inquirit
935 1272 966 1297 et
986 1264 1158 1306 patefacit,

180 1329 350 1368 quantum
368 1321 405 1353 in
422 1318 486 1352 bac
512 1318 660 1360 caligine
683 1314 857 1349 hnmanae
882 1315 1008 1347 mentis
1033 1325 1158 1346 conce-

181 1375 296 1412 ditur,
323 1372 418 1415 quod
435 1383 474 1403 eo
497 1369 656 1407 additur,
684 1367 765 1411 quia
791 1366 818 1398 si
847 1365 985 1409 penitus
1010 1363 1158 1407 perspici

181 1430 307 1456 natura
337 1426 470 1463 posset,
504 1426 579 1451 tum
604 1429 686 1448 vero
712 1413 859 1459 Physica
888 1415 1040 1455 cognitio
1072 1419 1158 1445 esset

183 1474 323 1515 ingens,
350 1471 519 1502 immensa
539 1473 571 1500 et
587 1466 707 1499 divina
727 1465 896 1509 quaedam
914 1462 1101 1505 sapientia,
1128 1468 1161 1494 et

183 1520 392 1556 mirabiliter
416 1519 647 1551 adficerentur
669 1515 779 1548 animi
802 1513 1033 1547 admiratione
1054 1512 1161 1545 totius

183 1579 340 1605 naturae.
399 1568 539 1602 Iuvaret
569 1567 661 1600 enim
693 1565 844 1609 primum
876 1575 976 1596 nosse
1000 1563 1161 1596 ordinem

187 1621 388 1656 coelestium
416 1629 604 1662 corporum
632 1623 665 1649 et
691 1616 965 1653 elementorum,
991 1621 1023 1646 et
1040 1613 1075 1644 in
1096 1610 1162 1644 hoc

186 1670 365 1705 domicilio
391 1669 598 1702 collocatum
624 1664 823 1704 hominem,
859 1664 919 1708 qui
951 1663 1045 1696 solus
1072 1663 1163 1694 inter

187 1721 316 1765 species
332 1729 533 1763 corporeas,
559 1723 610 1749 est
633 1723 756 1763 natura
782 1714 973 1747 rationalis.
1027 1711 1163 1745 Deinde

189 1771 404 1805 considerata
426 1767 651 1801 distinctione
682 1765 874 1808 specierum
901 1764 988 1796 scire
1017 1763 1164 1800 iuvaret,

189 1833 250 1855 cur
268 1819 332 1852 hae
349 1818 477 1863 species
496 1828 632 1860 semper
649 1821 824 1847 maneant.
880 1814 935 1846 An
954 1811 1060 1845 homo
1086 1824 1165 1845 cnm

190 1870 374 1904 antecellat
393 1868 554 1904 caeteris,
582 1872 718 1899 tantum
738 1865 781 1897 sit
800 1865 841 1896 ad
860 1861 951 1896 hanc
977 1875 1166 1896 aerumno-

192 1932 262 1953 sam
283 1926 314 1952 et
331 1924 590 1951 evanescentem
612 1916 718 1948 vitam
738 1914 910 1953 conditus,
938 1911 1003 1946 hoc
1028 1920 1096 1952 est,
1123 1911 1167 1944 sit
1192 1919 1194 1929 ²

193 1983 237 2003 ne
255 1971 381 2002 frustra
397 1967 574 2004 conditus,
603 1976 690 2008 quae
705 1965 748 1997 sit
763 1965 889 1996 mentis
907 1970 1030 1996 natura
1043 1989 1050 2003 ‚
1079 1974 1168 2006 quae
1193 1984 1195 1988 -

193 2019 346 2064 partium
371 2016 526 2059 corporis
549 2015 832 2058 praecipuarum,
865 2014 1017 2053 cerebri,
1044 2013 1169 2050 cordis,

195 2127 253 2153 tur
269 2118 445 2157 sordidae,
472 2124 587 2149 tamen
603 2114 755 2147 actiones
773 2120 804 2145 et
820 2120 933 2146 motus
952 2110 1081 2146 habent
1099 2112 1169 2144 uii—

196 2170 337 2202 randos.

298 2250 436 2284 Deinde
462 2248 678 2282 considerata
704 2244 857 2278 hominis
884 2252 1024 2284 natura,
1059 2246 1172 2289 suspi-

203 2315 278 2336 cere
295 2303 331 2334 in
358 2300 494 2333 coelum
513 2299 668 2334 iuvaret,
696 2304 729 2329 et
747 2296 988 2331 considerare,
1015 2307 1102 2338 quae
1128 2296 1173 2328 sit

201 2352 359 2394 cognatio
383 2349 582 2382 coelestium
616 2358 800 2390 corporum
832 2357 908 2377 cum
937 2345 1172 2384 inferioribus,

202 2416 239 2435 ac
256 2400 453 2444 praesertim
474 2410 553 2431 cum
578 2395 733 2431 homine.
785 2395 862 2429 Non
888 2402 937 2428 est
962 2395 1054 2427 euim
1082 2395 1172 2426 veri-

203 2452 315 2485 simile
333 2448 415 2481 haec
433 2445 666 2491 pulcherrima
690 2458 834 2489 corpora
854 2445 890 2476 in
907 2446 1014 2487 coelo,
1044 2445 1170 2477 frustra

205 2501 344 2534 condita
363 2509 451 2536 esse,
476 2497 677 2540 praesertim
696 2508 774 2528 cnm
801 2503 833 2529 et
856 2502 1018 2527 maneant
1041 2495 1173 2533 eadem,

205 2559 236 2584 et
253 2551 342 2593 leges
359 2547 507 2580 habeant
534 2553 689 2578 motuum
714 2558 840 2587 magno
857 2545 1004 2578 consilio
1029 2544 1171 2577 ordina-

206 2610 265 2635 tas.
316 2598 410 2632 Haec
427 2597 508 2640 quid
530 2596 618 2632 sint,
645 2602 676 2627 et
701 2608 802 2638 qnam
828 2595 897 2627 vim
915 2592 1086 2634 habeant,
1112 2605 1171 2639 pe-
1197 2613 1198 2618 =

204 2652 298 2685 nitus
313 2649 398 2682 scire
415 2658 576 2689 magnum
595 2645 760 2689 quiddam
786 2652 883 2678 esset.

194 2080 403 2104 nervorum,
432 2078 519 2111 quae
536 2077 613 2097 cum
631 2064 698 2096 sint
715 2075 768 2095 res
784 2063 941 2105 fragiles,
969 2071 1001 2096 et
1025 2063 1169 2094 videan—
1194 2056 1196 2079 ἶ
1221 2046 1291 2066 ⁵⁴¹¹„
1326 2045 1406 2067 esse‘

1304 966 1442 1000 Deinde
1460 971 1493 997 et
1516 962 1581 996 boc
1600 964 1719 996 videre
1744 963 1868 997 eximia
1894 970 1980 998 esset
2001 963 2183 1008 sapientia,

1205 1019 1299 1051 unde
1314 1017 1383 1050 sint
1400 1023 1468 1049 tam
1488 1015 1603 1047 variae
1626 1015 1716 1047 vices
1740 1014 1776 1046 in
1802 1015 1979 1058 imperiis,
2015 1021 2047 1048 et
2068 1014 2183 1057 regio-

1205 1079 1292 1101 num
1308 1065 1536 1099 differentiae.

1307 1124 1488 1157 Postremo
1517 1130 1694 1167 peragrata
1722 1123 1884 1156 universa
1912 1130 2034 1156 natura
2060 1133 2185 1165 corpo-

1208 1175 1292 1215 rali,
1325 1175 1524 1207 discernere
1556 1174 1599 1206 ab
1622 1185 1660 1205 ea
1685 1173 1842 1206 divinam
1876 1171 2186 1207 architectatricem

1208 1226 1366 1259 omnium
1385 1236 1522 1261 rerum,
1552 1231 1585 1256 et
1602 1221 1691 1255 hanc
1705 1235 1820 1255 coram
1839 1223 2016 1259 contueri,
2046 1228 2078 1254 et
2094 1221 2130 1253 in
2148 1233 2185 1253 ea

1209 1287 1328 1308 causas
1350 1275 1481 1317 legere,
1508 1286 1570 1306 cur
1592 1274 1638 1306 ita
1669 1273 1739 1306 sint
1765 1273 1922 1313 condita,
1950 1272 2129 1312 ordinata,
2156 1279 2189 1304 et

1209 1333 1302 1369 septa
1323 1325 1424 1358 certis
1440 1324 1574 1366 legibus
1591 1324 1727 1361 omnia,
1751 1334 1828 1353 cum
1854 1334 1926 1353 non
1943 1323 1987 1354 sit
2005 1327 2189 1354 consenta-

1209 1388 1314 1408 neum
1331 1373 1493 1407 homines
1510 1379 1645 1406 tantum
1662 1372 1705 1404 ad
1728 1371 1883 1414 ingentes
1903 1371 2060 1404 miserias
2084 1368 2189 1403 huius

1210 1425 1302 1458 vitae
1320 1424 1414 1456 nasci
1427 1449 1435 1463 ,
1462 1435 1507 1455 an
1524 1422 1613 1455 alius
1630 1428 1750 1464 portus
1765 1428 1867 1454 restet
1893 1421 2100 1460 diuturnus,
2129 1427 2189 1454 aut

1211 1479 1392 1513 aeternus,
1417 1480 1450 1506 et
1474 1472 1587 1517 qualis
1605 1471 1646 1505 sit
1667 1472 1726 1504 illa
1745 1471 1942 1505 aeternitas,

1313 1523 1408 1556 Haec
1434 1530 1568 1562 mente,
1595 1522 1706 1555 oculis
1730 1534 1768 1554 ac
1794 1522 1976 1561 manibus,
2002 1528 2039 1554 nt
2066 1521 2111 1553 ita
2134 1521 2190 1553 di-

1212 1587 1306 1614 cam,
1339 1570 1588 1617 comprehensa
1626 1578 1760 1611 tenere,
1801 1583 1924 1614 magna
1958 1579 1989 1605 et
2022 1571 2191 1604 excellens

1213 1624 1383 1668 sapientia
1411 1629 1444 1656 et
1469 1623 1618 1666 perfecta
1634 1620 1774 1667 phj‘sIca
1800 1629 1896 1656 esset.

1315 1681 1415 1715 Hanc
1448 1682 1714 1725 perfectionem,
1755 1681 1835 1725 quia
1863 1678 2037 1713 humanae
2059 1686 2192 1714 mentes

1216 1745 1287 1765 non
1306 1739 1451 1776 possunt
1469 1731 1622 1775 assequi,
1648 1731 1728 1764 ideo
1753 1743 1831 1763 cnm
1848 1727 2069 1764 vehementia
2095 1730 2195 1773 inge-

1217 1783 1275 1815 nia
1308 1783 1462 1824 ingressa
1494 1782 1530 1813 in
1562 1781 1881 1814 considerationem
1916 1787 2080 1821 naturae,
2120 1792 2194 1813 non

1218 1840 1358 1877 possent
1383 1844 1457 1865 ean]
1476 1837 1676 1876 penetrare,
1703 1832 1762 1863 sed
1782 1843 1882 1863 ruere
1906 1842 1941 1863 se
1967 1831 2004 1862 in
2030 1830 2194 1863 densissi-

1219 1895 1292 1915 mas
1316 1883 1475 1916 tenebras
1499 1882 1687 1920 sentirent,
1721 1892 1863 1923 magnas
1885 1880 2092 1913 confniones
2115 1880 2194 1924 opi-

1219 1935 1366 1966 nionum
1387 1939 1610 1976 pepererunt.
1645 1930 1873 1974 Empedocles
1889 1931 1976 1964 dixit
1995 1929 2084 1963 nihil
2100 1936 2193 1963 certo

1220 1984 1326 2018 cerni.
1379 1981 1600 2015 Democritus
1621 1981 1670 2014 ait
1693 1981 1870 2014 veritatem
1897 1981 2036 2020 penitus
2060 1981 2197 2014 abstru-

1466 2031 1602 2065 Recens
1624 2032 1810 2063 Academia
1840 2031 2083 2064 certitudinem
2117 2041 2196 2063 sen-

1221 2096 1322 2116 snum
1339 2093 1370 2116 et
1390 2082 1600 2115 iudiciorum
1618 2082 1742 2114 mentis
1760 2082 1796 2113 in
1820 2081 2021 2114 universnm
2040 2080 2194 2114 sustulit.

1325 2141 1395 2174 Alii
1413 2141 1521 2183 magis
1538 2141 1691 2173 furentes
1707 2141 1956 2172 adseverarunt
1979 2141 2097 2172 omnia
2115 2150 2196 2171 casu

1223 2205 1294 2225 esse
1311 2200 1406 2229 orta,
1434 2199 1465 2223 et
1488 2199 1618 2223 temere
1639 2191 1720 2222 ferri
1749 2198 1780 2223 et
1803 2189 1976 2229 occidere,
2001 2201 2063 2222 uec
2088 2190 2197 2231 magis

1223 2241 1402 2275 hominem
1419 2253 1521 2286 quam
1543 2252 1655 2273 rosam
1674 2241 1716 2272 ad
1735 2239 1998 2283 perpetuitatem
2019 2251 2090 2272 esse
2111 2251 2196 2272 con-

1224 2293 1357 2329 ditum,
1384 2303 1463 2324 casu
1481 2291 1591 2324 tristia
1617 2297 1649 2323 et
1672 2290 1738 2323 leta
1763 2290 1926 2321 omnibus
1951 2290 2125 2329 accidere,
2159 2296 2198 2322 ut

1197 2377 1198 2380 Ἰ
1224 2344 1341 2375 serunt
1364 2341 1526 2374 materiae
1551 2340 1659 2377 vices,
1685 2346 1743 2372 ant
1765 2339 1874 2383 aliqui
1899 2340 1989 2372 coeci
2013 2337 2197 2372 bominum

1224 2393 1391 2435 impetus,
1422 2403 1508 2433 puos
1532 2397 1563 2423 et
1588 2390 1680 2433 ipsos
1700 2401 1717 2421 a
1742 2389 1882 2422 materia
1909 2389 2049 2422 excitari
2074 2389 2198 2431 imagi-

1224 2449 1363 2475 uantur.
1429 2440 1597 2472 Periclem
1635 2439 1749 2472 virum
1782 2440 1972 2483 sapientem
2005 2439 2082 2471 tabe
2112 2451 2198 2471 con-

1223 2497 1401 2534 sumptum
1420 2501 1510 2529 esse,
1538 2490 1619 2533 quia
1636 2490 1738 2521 dolor
1758 2490 1886 2528 animi,
1914 2495 2053 2532 propter
2079 2489 2198 2532 publi-

1224 2553 1278 2574 cas
1304 2548 1335 2573 et
1363 2540 1567 2572 domesticas
1598 2539 1827 2579 calamitates,
1862 2551 1921 2571 cor
1952 2538 2140 2572 arefactum
2165 2545 2199 2571 et

1224 2591 1478 2633 languefnctum
1518 2589 1672 2623 extinxit.
1740 2588 1943 2622 Ciceronem
1980 2601 2063 2620 vcro
2094 2600 2198 2621 coeco

1196 2680 1198 2686 A
1224 2642 1354 2686 impetu
1378 2640 1499 2673 furiosi
1532 2637 1683 2672 hominis
1704 2639 1852 2673 Antonii
1875 2639 2095 2672 interfectum
2116 2650 2198 2678 esse,
