2379 2948
120 83 194 120 853
468 80 513 119 V.

119 171 192 213 ipse
209 179 298 209 esse,
326 167 387 213 qui
410 179 428 201 a
445 165 686 212 Xenophonte
712 168 910 213 appellatur
937 165 1112 213 Cyaxares

118 219 267 259 Medus,
293 219 349 253 cui
367 219 531 253 successit
547 218 673 265 Cyrus,

489 326 625 376 Caput
654 325 734 366 VI.

600 405 628 442 1.

220 466 378 500 Primum
412 465 610 509 exemplum
641 472 781 507 monet,
815 466 911 511 quod
944 465 1110 500 victorias

117 518 216 563 sequi
234 518 356 551 debeat
372 516 575 550 constitutio
594 516 733 560 reipub.
750 523 781 550 et
805 517 991 561 praecipue
1007 529 1110 550 verae

117 569 298 612 religionis
315 567 500 607 restitutio,
527 567 627 602 Sicut
644 565 701 601 hic
711 567 922 601 Provinciae
939 568 1110 601 ordinan-

118 626 195 658 tur,
239 620 403 662 leguntur
438 618 637 662 praesides,
672 626 706 653 et
741 619 945 663 praeficitur
978 619 1110 653 Daniel

118 671 242 704 doctor
276 681 377 702 verae
411 669 605 712 religionis.
667 669 790 716 Itaque
825 671 978 704 vicissim
1007 677 1111 704 ornat

116 720 212 756 Deus
236 719 358 753 Persas
383 719 519 763 ingenti
543 721 676 764 gloria,
706 722 801 756 iuxta
826 721 934 755 illud:
963 720 1110 755 Glorifi-

118 778 234 806 cantes
251 783 306 804 me
322 771 539 814 glorificabo.

586 837 633 875 11.

218 896 423 932 Secundum
449 899 646 942 exemplum
671 899 847 939 ostendit,
884 911 959 933 non
991 899 1110 932 deesse

114 946 292 983 Ecclesiae
327 950 607 994 persecutionem
621 977 630 990 ,
672 957 706 984 et
747 950 932 984 artificiose
976 951 1109 984 irretiri

114 1000 317 1045 principum
337 1001 485 1036 animos,
539 1000 651 1034 Erant
669 1002 741 1035 duo
760 1013 877 1045 reges,
906 1000 1036 1035 Darius
1055 1013 1109 1034 se·

115 1051 198 1084 nior
212 1058 245 1085 et
262 1050 377 1097 Cyrus
395 1052 529 1095 iunior,
558 1059 591 1085 et
607 1064 679 1085 non
694 1059 798 1086 natus
815 1059 912 1097 patre
930 1064 1021 1096 rege,
1047 1054 1108 1086 sed

115 1102 227 1145 gloria
245 1103 416 1146 superior.
466 1102 561 1136 Haec
575 1103 828 1138 dissimilitudo
846 1104 1000 1137 facilime
1016 1104 1109 1148 parit

115 1153 333 1198 suspiciones
350 1161 382 1187 et
396 1154 591 1188 simultates
603 1181 612 1195 ,
638 1155 728 1188 sicut
745 1162 777 1189 et
796 1152 1000 1199 Xenophon
1020 1155 1108 1188 scri-

114 1204 187 1244 bit,
215 1202 398 1250 Cyaxaren
412 1205 588 1239 offensum
608 1206 719 1249 gloria
737 1205 841 1251 Cyri,
869 1206 975 1240 etiam
993 1206 1109 1252 lacry-

116 1262 271 1288 mantem
298 1267 377 1289 cum
397 1268 436 1289 eo
462 1258 700 1300 expostulasse
723 1264 756 1291 et
776 1264 937 1302 questum
956 1268 1047 1297 esse,
1073 1268 1109 1290 se

116 1306 318 1349 contemni,
347 1306 483 1339 tametsi
509 1307 667 1350 placatur
692 1308 839 1340 mirifica
865 1307 1049 1351 diligentia
1075 1314 1109 1341 et
1135 1336 1137 1348 ,

116 1357 185 1390 fide
201 1355 297 1402 Cyri.
348 1355 466 1390 Facile
489 1357 596 1400 igitur
619 1358 686 1391 suit
709 1359 832 1392 astutis
848 1365 882 1392 et
904 1358 1029 1392 aulicis
1052 1358 1109 1391 in-

115 1407 228 1451 geniis
251 1407 412 1441 invenire
435 1405 599 1441 technam
623 1409 666 1441 ad
699 1409 954 1454 impellendum
980 1420 1110 1452 regem,

115 1459 178 1504 qui
205 1458 375 1492 nolebant
398 1471 551 1492 crescere
571 1460 718 1505 Cyrum.
774 1459 856 1493 Ideo
883 1460 1016 1504 patitur
1034 1460 1109 1494 fieri

116 1510 270 1543 edictum
282 1536 291 1549 ,
317 1516 356 1543 ut
373 1522 390 1542 a
407 1521 442 1543 se
458 1510 577 1543 omnia
595 1511 762 1544 beneficia
779 1518 954 1555 petantur.

222 1559 328 1593 Tales
346 1557 451 1594 habet
467 1561 631 1595 diabolus
656 1562 857 1604 ministros,
885 1562 946 1607 qui
964 1562 1111 1607 captatis

119 1611 365 1646 occasionibus
383 1623 503 1654 regum
525 1612 663 1646 animos
682 1621 794 1647 astute
811 1626 829 1647 a
845 1614 992 1647 veritate
1009 1625 1110 1646 aver-

117 1670 220 1704 tunt,
247 1662 310 1695 ubi
328 1674 462 1695 summa
480 1663 587 1696 officii
606 1671 638 1697 et
656 1664 799 1698 virtutis
825 1664 938 1709 specie
961 1664 1111 1698 insidiae

118 1721 317 1749 struuntur.
375 1712 423 1747 lta
450 1711 508 1746 hic
527 1715 611 1747 dum
637 1715 752 1748 bonus
775 1727 880 1749 senex
896 1727 959 1749 suo
981 1713 1112 1749 honori

119 1767 286 1799 adversus
311 1764 479 1807 collegam
507 1765 645 1798 consuli
671 1766 885 1810 arbitratur,
920 1778 994 1799 non
1017 1766 1112 1801 videt

119 1823 293 1862 quantum
318 1816 480 1849 admittat
506 1816 662 1858 sceleris,
692 1818 787 1863 quod
807 1817 845 1850 in
869 1817 983 1851 edicto
1006 1817 1111 1851 etiam

117 1866 185 1901 Dei
202 1867 379 1900 invocatio
402 1864 621 1910 prohibetur.

222 1916 349 1951 Monet
372 1917 480 1961 igitur
504 1915 570 1951 hoc
600 1919 819 1964 exemplum,
852 1926 892 1953 ut
920 1919 1014 1953 cauti
1040 1919 1113 1954 sint

120 1969 297 2013 principes
316 1969 354 2001 in
371 1969 603 2003 observandis
622 1970 752 2005 talibus
767 1971 927 2013 insidiis,
954 1983 993 2005 ac
1010 1983 1112 2016 prae-

122 2020 240 2053 sertim
257 2020 294 2053 in
311 2020 447 2064 legibus
464 2027 497 2055 et
514 2021 636 2055 edictis
653 2022 860 2058 condendis.

584 2095 650 2133 111.

227 2152 350 2187 Tertio
362 2181 370 2195 ‚
396 2155 610 2199 proponitur
626 2157 823 2202 exemplum
842 2156 1004 2191 infirmae
1019 2158 1112 2195 fidei.

123 2203 322 2248 Diligenter
339 2212 455 2238 autem
472 2207 745 2242 discernendum
765 2215 816 2243 est
837 2209 931 2243 inter
951 2209 1113 2243 infirmos

125 2264 158 2289 et
185 2263 432 2301 persecutores,
489 2256 653 2292 Infirmus
678 2266 747 2301 est,
782 2261 843 2305 qui
868 2266 961 2294 amat
978 2267 1011 2294 et
1036 2273 1112 2294 am-

125 2307 292 2351 plectitur
310 2307 507 2341 doctrinam
523 2316 555 2342 et
573 2322 764 2354 propagare
785 2311 901 2359 cupit,
928 2312 1061 2356 patitur
1077 2324 1112 2346 se
1138 2303 1140 2325 ²

734 2362 842 2407 Cupit
867 2364 971 2396 etiam
997 2364 1113 2397 salvos
1138 2367 1140 2384 f

1139 2428 1140 2438 ¹
1166 2414 1451 2448 incredulitatem
1469 2424 1594 2445 meam.

126 2358 264 2398 doceri,
297 2370 334 2390 ac
360 2359 475 2392 studet
499 2361 676 2402 proficere.

126 2421 198 2443 esse
218 2410 398 2450 doctores,
425 2416 457 2443 et
476 2409 664 2446 confitetur
680 2414 800 2459 aliquo
824 2415 950 2454 modo,
977 2415 1112 2448 etiamsi

125 2473 200 2494 non
224 2461 306 2495 satis
331 2460 441 2494 libere
458 2472 521 2494 nec
535 2462 618 2495 satis
634 2463 773 2498 sortiter
799 2472 1014 2510 propugnat:
1050 2478 1113 2499 ne-

126 2524 194 2557 que
212 2519 329 2545 tamen
347 2519 451 2555 negat
467 2518 526 2546 aut
543 2522 721 2557 oppugnet
737 2517 948 2551 doctrinam.
988 2516 1112 2551 Talem
1139 2539 1141 2551 ,»

1139 2569 1141 2596 ὲ
1166 2567 1296 2602 Daniel
1311 2567 1480 2599 liberatus
1495 2571 1545 2598 est
1561 2576 1578 2597 a
1595 2575 1657 2597 suo
1681 2564 1858 2608 periculo,
1884 2565 1945 2597 sed
1970 2565 2074 2599 etiam
2100 2578 2158 2599 rex

704 2615 809 2650 Tales
832 2625 932 2652 erant
950 2617 1112 2663 Apostoli
1140 2657 1141 2660 Ἴ

1139 2666 1143 2707 l
1168 2669 1410 2704 remissionem
1436 2673 1671 2711 peccatorum.

128 2563 226 2597 iubet
244 2562 377 2596 Paulus
394 2563 523 2606 recipi,
548 2570 581 2596 et
599 2565 714 2598 addit:
742 2565 836 2600 Deus
861 2580 939 2600 eum
969 2569 1112 2613 recepit,

127 2621 159 2647 ct
187 2621 298 2659 potest
322 2626 401 2647 eum
430 2614 650 2651 confirmare,

122 2672 285 2710 tempore
302 2665 425 2699 mortis
441 2662 587 2702 Christi.

568 80 620 116 IN
645 78 909 116 DANIELEM
935 78 1252 116 PROPHETAM
1281 80 1700 121 COMMENTARIUS.

1136 1456 1137 1460 ¹
1164 1449 1267 1476 Serflt.

2080 85 2155 121 854

1268 165 1314 202 Et
1338 169 1481 213 quidem
1509 170 1555 203 ita
1590 170 1763 213 gubernat
1790 170 1888 204 Deus
1911 169 2077 211 sanctos,
2112 179 2152 206 ut

1163 230 1262 253 suam
1280 219 1518 253 infirmitatem
1537 229 1568 255 et
1585 219 1736 255 habeant
1755 230 1786 255 et
1803 231 2004 265 agnoscant,
2028 235 2067 255 ex
2084 236 2151 268 qua

1163 271 1306 303 tandem
1338 270 1548 305 eluctantur.
1609 271 1691 306 ldeo
1725 273 1810 306 (licit
1841 272 1979 306 Esaias:
2020 273 2152 306 Linum

1164 321 1341 363 fumigans
1366 333 1439 353 non
1458 322 1640 364 extinguit.
1691 321 1737 356 Et
1757 323 1846 360 Psal.
1871 322 1973 357 144:
2011 323 2153 358 Allevat

1164 372 1340 405 Dominus
1365 384 1488 405 omnes
1518 373 1580 417 qui
1609 381 1803 416 corruunt,
1841 382 1873 409 et
1901 374 2003 419 erigit
2029 386 2153 409 omnes

1165 423 1284 457 elisos.

1267 472 1326 507 Sic
1341 478 1375 506 et
1392 469 1460 505 hoc
1478 472 1556 506 loco
1581 472 1756 507 infirmius
1774 482 1824 508 est
1839 473 1969 509 Darius
1981 503 1989 515 ,
2018 477 2153 521 ample-

1164 524 1272 558 ctitur
1304 523 1524 564 doctrinam,
1561 524 1658 568 cupit
1693 526 1882 559 defendere
1918 526 2153 569 confitentem,

1164 576 1307 609 adiuvat
1322 575 1426 608 etiam
1445 587 1525 607 euin
1546 586 1609 608 suo
1634 576 1837 609 testimonio
1867 584 1899 610 et
1926 590 1989 611 sua
2015 580 2153 612 confes-

1164 627 1275 662 sione.
1326 625 1422 659 Haec
1444 632 1526 659 sunt
1550 626 1645 668 signa
1664 628 1741 670 piae
1760 628 1905 667 mentis,
1933 640 1996 661 nec
2014 630 2153 662 dubitat

1165 679 1208 711 de
1233 689 1354 718 causa,
1382 677 1439 710 sed
1459 678 1502 709 de
1523 677 1687 711 facultate
1707 690 1767 710 sua
1787 679 1936 714 dubitat.
1990 679 2154 712 Arbitra-

1164 736 1222 763 tur
1247 740 1282 762 se
1308 740 1441 769 unum,
1478 728 1681 771 praesertim
1709 729 1744 761 in
1770 726 1835 761 hac
1860 729 1959 772 regni
1984 731 2154 772 novitate,

1164 792 1238 813 non
1263 791 1363 824 posse
1387 779 1548 813 obtinere
1570 780 1663 824 quod
1691 779 1849 821 volebat,
1876 793 1939 814 nec
1958 781 2063 814 licere
2088 782 2155 814 soli

1163 831 1374 865 sententiam
1405 830 1567 863 omnium
1599 831 1802 875 principum
1834 831 2050 874 improbare.
2108 831 2155 866 Et

1164 883 1221 916 isti
1238 894 1310 915 non
1327 882 1451 915 leviter
1469 888 1727 925 pugnaverunt,
1755 889 1827 916 toto
1844 883 1902 927 die
1922 884 2156 923 contendunt,

1163 940 1290 977 urgent
1314 933 1400 976 legis
1424 932 1666 971 autoritatem,
1701 933 1825 967 dicunt
1857 935 2057 978 exemplum
2080 934 2155 967 sore

1164 984 1421 1029 perniciosum,
1450 991 1482 1017 et
1506 990 1627 1017 contra
1662 996 1830 1028 regumn,
1866 984 1893 1017 si
1922 992 2156 1018 retractentur

1163 1036 1287 1070 edicta.
1342 1034 1504 1068 Tandem
1521 1035 1629 1078 igitur
1645 1035 1758 1069 victus
1776 1048 1835 1069 rex
1850 1036 2018 1069 dubitans
2038 1036 2092 1068 vel
2113 1037 2157 1069 (le

1163 1086 1351 1120 autoritate
1368 1098 1448 1123 sua,
1475 1086 1531 1118 vel
1556 1086 1599 1119 de
1618 1086 1803 1128 facultate,
1830 1087 2004 1131 permittit
2022 1094 2061 1120 ut
2076 1086 2157 1120 vin-

1163 1145 1243 1172 cant
1259 1144 1487 1170 accusatores.

1267 1187 1481 1233 Quanquam
1498 1187 1606 1231 igitur
1622 1188 1777 1232 peccavit
1792 1187 1935 1230 Darius,
1964 1194 2082 1221 tamen
2100 1188 2156 1221 in·

1163 1239 1328 1274 firmitate
1350 1240 1469 1283 lapsus
1490 1247 1560 1280 est,
1597 1247 1629 1273 et
1655 1245 1777 1272 contra
1800 1240 1957 1273 furorem
1976 1247 2158 1273 accusato-

1163 1303 1242 1324 rum
1278 1296 1450 1324 sustentat
1484 1301 1519 1323 se
1556 1291 1708 1335 quadam
1744 1290 1896 1324 scintilla
1932 1290 2033 1331 fidei,
2067 1303 2157 1335 quae

1163 1341 1338 1382 ostendit,
1365 1353 1438 1373 non
1456 1341 1592 1383 ipsum,
1616 1342 1674 1373 sed
1693 1340 1873 1384 principes
1896 1353 1968 1374 esse
1990 1342 2157 1385 supplicii

1163 1398 1322 1432 autores,
1347 1391 1483 1424 etiamsi
1502 1391 1574 1435 ipse
1592 1403 1665 1424 non
1683 1391 1766 1424 satis
1783 1391 1922 1424 fortiter
1938 1403 1996 1425 eos
2021 1403 2159 1435 repres-

1323 1440 1495 1476 Ostendit
1513 1443 1621 1485 igitur
1638 1454 1737 1475 suam
1756 1442 2032 1483 confessionem,
2059 1444 2158 1477 Deus

1163 1500 1257 1535 tuus,
1286 1493 1464 1538 inquiens,
1492 1493 1660 1527 liberabit
1677 1500 1720 1527 te.
1764 1493 1869 1527 Tales
1885 1493 2045 1527 infirmos
2063 1494 2159 1528 Deus

1164 1545 1342 1585 sublevat,
1375 1551 1413 1578 ut
1438 1542 1495 1577 hic
1519 1551 1675 1589 apparet.
1729 1544 1899 1590 Sequitur
1924 1545 2017 1577 enim
2041 1546 2159 1579 statim

1165 1596 1387 1629 acerbissima
1411 1596 1628 1639 poenitentia
1655 1596 1764 1639 regis,
1800 1608 1838 1629 ac
1863 1596 1993 1629 deinde
2020 1603 2158 1630 tantum

1164 1646 1249 1681 fidei
1280 1647 1411 1687 robur,
1445 1653 1541 1680 tanta
1568 1647 1776 1690 magnitudo
1802 1647 1932 1687 animi,
1969 1654 2007 1681 ut
2035 1647 2159 1691 puniat

1166 1698 1270 1732 etiam
1292 1704 1519 1731 accusatores.

1268 1746 1424 1782 Econtra
1456 1761 1539 1781 vero
1573 1755 1814 1792 persecutores
1847 1755 1948 1789 sunt,
1989 1749 2049 1794 qui
2085 1761 2159 1783 non

1166 1807 1284 1834 amant
1299 1812 1363 1833 nec
1380 1800 1645 1843 amplectuntur
1662 1800 1872 1838 doctrinam,
1901 1812 1966 1832 nec
1984 1800 2103 1833 doceri
2123 1812 2159 1833 se

1166 1852 1370 1897 patiuntur,
1399 1863 1463 1883 nec
1485 1851 1652 1895 proficere
1669 1851 1823 1891 student,
1850 1863 1914 1884 nec
1930 1858 2076 1885 tuentur
2094 1853 2160 1884 do-

1167 1910 1290 1943 ctores,
1318 1914 1382 1935 nec
1398 1913 1591 1946 propagare
1611 1902 1759 1946 cupiunt
1778 1914 1816 1934 ea
1835 1913 1927 1946 quae,
1940 1902 2159 1945 intelligunt,

1167 1954 1227 1987 sed
1252 1953 1400 1987 mallent
1426 1964 1568 1998 quoque
1592 1953 1739 1996 sepelire
1760 1960 1793 1986 et
1808 1953 1969 1993 obruere,
1995 1965 2035 1986 ac
2050 1954 2159 1996 sigui-

1166 2006 1269 2039 ficant
1287 2005 1421 2038 odium.
1474 2003 1570 2036 Haec
1586 2004 1647 2049 qui
1664 2003 1801 2037 faciunt
1824 2004 1964 2046 cognita
1984 2005 2156 2044 doctrina,

1166 2057 1314 2090 timeant
1337 2055 1507 2089 iudicium
1523 2053 1592 2087 Dei
1616 2055 1660 2087 de
1684 2052 1909 2098 blasphemis.
1962 2053 2098 2100 Estque
2117 2057 2160 2089 de

1166 2107 1215 2141 eis
1237 2107 1407 2141 servanda
1434 2106 1553 2149 regula
1576 2104 1696 2139 Pauli:
1729 2105 1954 2139 Haereticum
1977 2104 2159 2139 hominem

1166 2165 1245 2204 post
1262 2170 1370 2192 unam
1387 2165 1490 2202 atque
1507 2157 1651 2191 alteram
1671 2157 1905 2190 monitionem
1920 2156 2057 2195 vitabis,
2076 2157 2159 2202 quia

1166 2217 1216 2244 est
1232 2221 1294 2243 suo
1313 2209 1422 2254 ipsius
1441 2208 1644 2242 testimonio
1661 2209 1928 2243 condemnatus.

1270 2260 1344 2294 lam
1364 2271 1429 2294 nos
1447 2259 1605 2303 exemplo
1624 2258 1725 2292 Darii
1748 2270 1976 2302 agnoscamus
1998 2266 2157 2292 nost-ram

1167 2312 1408 2346 infirmitatem
1427 2319 1460 2345 et
1484 2311 1651 2355 proficere
1667 2311 1887 2350 studeamus,
1920 2321 1958 2343 ac
1981 2321 2156 2353 rogemus,

1165 2364 1256 2398 sicut
1278 2363 1338 2396 ille
1364 2362 1476 2396 Marci
1502 2361 1554 2397 9.:
1588 2359 1704 2394 Credo
1727 2360 1903 2402 Domine,
1945 2362 2004 2393 sed
2029 2361 2158 2395 adiuva

1269 2463 1317 2499 Et
1335 2463 1537 2498 memineris
1561 2461 1627 2495 hoc
1649 2462 1726 2495 loco
1741 2462 1921 2506 duplicem
1944 2463 2158 2497 consolatio-

1167 2529 1249 2550 nem
1275 2517 1349 2558 regi
1373 2513 1564 2548 exhibitam
1592 2525 1681 2554 esse,
1718 2513 1900 2552 videlicet,
1935 2512 2017 2547 Non
2042 2515 2157 2548 solum

1168 2620 1336 2652 liberatus
1359 2623 1408 2650 est
1429 2628 1447 2649 a
1471 2615 1634 2659 contagio
1661 2615 1861 2660 parricidii,
1896 2622 1929 2649 et
1953 2624 2159 2650 consecutus

1731 2665 1826 2700 Haec
1850 2667 2044 2701 consolatio
2071 2680 2158 2712 quae

1589 2715 1671 2754 54*
