2379 2948
14 1093 23 1295 merem—W*
16 1077 19 1083 «
17 1059 21 1068 -

123 101 172 135 57
863 99 908 135 ΙΙ.

506 190 713 223 omentum.
731 183 737 191 ⁴

220 251 384 287 Vetustas
409 253 496 288 dixit
520 255 739 295 obmentare,
775 258 814 285 ut
836 251 984 294 legimus
1008 250 1101 294 apud

120 303 264 338 Sextum
290 304 507 347 Pompeium.
563 303 649 335 Inde
675 309 727 335 est
749 310 965 336 ommentum
990 302 1101 344 gemi-

118 361 199 387 nata
220 355 342 395 litera,
366 367 418 394 m,
446 354 480 385 id
498 359 564 392 est,
587 359 846 395 tegumentum,
874 353 947 385 sive
972 353 1015 384 ab
1034 352 1099 384 ob-

117 406 315 445 manendo,
341 404 413 436 sive
440 415 458 436 a
484 403 648 436 mantica.
710 402 786 436 Hac
812 403 919 445 igitur
944 402 1100 446 adpella-

118 457 214 488 tione
230 460 429 497 nuncupata
446 460 495 487 est
513 453 630 487 tunica
642 465 701 486 seu
713 454 924 497 panniculus
941 452 1100 497 proxime

119 513 236 548 tegens
262 503 495 537 ventriculum
520 510 552 536 et
576 504 759 544 intestina,
786 504 846 547 qni
872 516 950 536 cum
974 503 1099 535 similis

117 556 162 589 sit
178 555 372 598 marsupio,
399 565 478 598 pars
497 555 670 587 substrata
689 555 883 587 ventriculo
902 554 1018 586 iuncta
1036 565 1100 585 an-

119 605 239 639 teriori
264 605 354 648 parti
374 605 458 648 tegit
484 604 670 646 intestina,
697 612 729 638 et
749 605 942 649 porrigitur
966 605 1008 638 ad
1034 615 1099 647 pu-

120 657 197 689 bem
220 667 341 700 usque.

218 704 281 739 Est
306 711 422 739 antem
447 706 640 739 substantia
672 716 838 743 nervosa,
875 705 978 749 plena
1000 703 1099 736 venis

117 762 149 789 et
165 756 322 796 arteriis,
348 768 434 800 quas
451 754 547 790 vehit
566 757 602 789 in
620 757 854 789 ventriculum
879 764 911 790 et
929 755 1099 799 splenem.

116 805 162 840 Et
180 807 388 840 circumfusa
410 815 459 841 est
477 808 507 839 ei
527 807 701 850 pinguedo
720 807 870 850 copiosa.

220 856 360 891 Utilitas
379 865 447 898 est,
475 864 514 891 ut
532 858 692 890 innatum
710 857 896 890 ventriculi
913 863 944 890 et
963 855 1099 889 intesti-

118 919 246 940 norum
278 908 430 941 calorem
462 908 666 941 conclusum
696 914 834 950 teneat,
871 915 905 941 et
929 919 991 940 suo
1019 918 1100 939 eum

117 959 233 991 calore
249 965 380 1001 augeat.
419 958 576 992 Galenus
595 958 832 1001 experimento
851 958 995 1002 probat,
1023 968 1100 988 om-

117 1015 275 1042 mentum
295 1009 479 1043 conditum
496 1021 586 1049 esse,
612 1015 651 1041 nt
678 1008 867 1043 calefaciat.
919 1007 981 1042 Ait
1005 1007 1099 1040 euim

118 1059 306 1101 gladiatori
324 1065 458 1103 partem
481 1059 670 1104 praecisam
692 1071 775 1100 esse,
791 1060 852 1104 qui
871 1059 934 1091 etsi
950 1058 1100 1098 vivebat,

118 1117 235 1143 tamen
256 1117 372 1153 postea
398 1111 517 1144 miuus
544 1122 762 1154 concoquere
787 1109 921 1153 potuit,
949 1115 982 1142 et
1007 1108 1101 1141 adsi-

117 1161 186 1192 due
203 1160 306 1202 gessit
324 1160 486 1205 imposita
502 1161 616 1193 ventri
633 1167 832 1202 tegumenta
854 1172 893 1192 ex
909 1160 988 1192 lana
1002 1159 1102 1192 facta.

120 1209 247 1243 Graeci
266 1218 483 1244 ommeutum
500 1211 685 1244 nominant
704 1208 894 1250 ἐπίπλοον,
920 1210 1002 1254 quia
1020 1221 1101 1252 pro-

118 1266 195 1301 pter
218 1260 468 1302 pinguedinem
493 1261 592 1305 quasi
616 1262 755 1294 innatat
777 1260 905 1294 ventri.
965 1259 1102 1292 Arabes

119 1309 268 1343 Zirbum
288 1310 574 1343 nominaverunt.

484 1406 743 1456 Περιτόναιον.

224 1476 392 1522 Undique
414 1477 597 1511 circundat
622 1484 781 1511 ventrem
807 1475 1009 1509 inferiorem
1037 1475 1104 1508 alia

120 1527 258 1569 tunica,
285 1528 448 1561 videlicet
463 1528 710 1568 ventriculum,
739 1528 916 1567 intestina,
944 1538 1104 1560 ommen-

119 1587 212 1617 tum,
255 1590 356 1622 epar,
395 1579 572 1622 splenem,
622 1590 740 1618 renes,
785 1578 971 1611 involvens
1019 1574 1104 1609 haec

120 1631 279 1662 membra
304 1630 386 1661 inde
403 1641 512 1673 usque
530 1641 546 1662 a
565 1627 831 1672 diaphragmate
857 1629 898 1660 ad
926 1640 964 1660 os
992 1627 1105 1671 pubis,

123 1686 199 1712 orta
222 1691 242 1713 a
267 1680 464 1722 ligamentis
483 1679 788 1719 connectentibus,
815 1679 993 1712 vertebras
1012 1678 1106 1710 lum-

122 1730 260 1768 borum,
277 1737 309 1763 et
327 1731 369 1762 ad
387 1741 443 1762 eas
460 1731 583 1765 adfixa.
612 1729 746 1763 Arabes
765 1725 1106 1771 nominantSiphac.

226 1780 368 1814 Utilitas
398 1780 471 1812 eius
498 1787 548 1813 est
572 1787 612 1813 ut
641 1780 760 1822 alliget
791 1787 822 1813 ct
845 1779 1036 1822 suspendat
1063 1778 1105 1810 ad

123 1832 267 1864 dorsum
285 1830 441 1862 membra
458 1831 591 1864 ventris
609 1830 799 1864 inferioris.
850 1828 896 1863 Et
914 1829 957 1862 ab
977 1840 1014 1862 ea
1035 1828 1107 1861 ori-

122 1888 181 1915 tur
198 1881 401 1914 membrana
420 1880 568 1913 inferior
593 1879 882 1923 diaphragmatis.

224 1931 407 1965 Praeterea
424 1931 461 1962 in
484 1931 647 1964 exteriori
671 1931 852 1974 superficie
877 1929 1108 1973 peritonaeon

125 1982 271 2016 sustinet
293 1982 470 2015 musculos
498 1989 614 2015 motus
637 1993 738 2014 causa
762 1982 890 2021 factos,
925 1988 957 2014 et
980 1992 1038 2012 eos
1065 1980 1108 2012 ab
1135 2000 1137 2014 :

125 2032 301 2066 intestinis
325 2038 476 2076 separat,
510 2045 553 2065 ne
579 2032 745 2065 intestina
774 2032 830 2063 vel
861 2031 1109 2074 impediantur,

128 2084 183 2116 vel
201 2090 333 2116 motum
351 2083 567 2126 impediant,
595 2090 625 2116 et
644 2082 818 2115 cruciatus
837 2082 998 2116 efficiant.
1042 2081 1110 2113 Su-

128 2145 190 2176 pra
231 2134 409 2166 musculos
453 2145 597 2166 carnosa
639 2133 844 2165 membrana
881 2139 949 2171 est,
983 2131 1111 2163 deinde

127 2185 250 2227 adepS‚
278 2191 394 2228 postea
412 2184 500 2217 cutis
529 2182 669 2229 δέρμα,
699 2184 826 2216 deinde
851 2180 1046 2228 ἐπίδερμις.

432 2288 620 2320 Intestina
630 2311 639 2326 ,
675 2283 814 2330 ἔντερα.

231 2351 395 2385 Proxima
417 2353 613 2386 ventriculo
642 2359 723 2386 sunt
747 2359 780 2385 et
803 2351 990 2390 intestina,
1025 2362 1114 2395 quo-
1140 2377 1143 2392 ι

130 2414 209 2437 rum
228 2402 368 2436 tunicae
388 2403 586 2436 ventriculo
602 2403 792 2436 continuae
808 2408 902 2436 sunt.
938 2401 983 2434 Et
999 2413 1115 2445 quan-
1140 2396 1143 2409 ³

131 2465 236 2498 quam
261 2453 335 2496 ipsa
361 2465 500 2498 quoque
525 2454 693 2486 continua
718 2460 818 2491 sunt,
854 2460 969 2486 tamen
992 2451 1115 2494 figura,

131 2504 200 2537 situ
228 2510 261 2536 et
281 2503 405 2536 officiis
436 2503 618 2537 differunt.
672 2502 723 2537 Ac
749 2505 815 2537 tria
839 2503 1018 2546 superiora
1037 2513 1116 2544 gra-

134 2554 215 2587 cilia
236 2560 335 2594 sunt,
363 2553 445 2598 quia
463 2565 541 2586 cum
558 2553 645 2586 facta
666 2554 753 2595 sint,
781 2561 818 2587 ut
836 2555 873 2586 in
891 2553 939 2586 eis
956 2559 1117 2585 transve-

135 2602 241 2638 hatur
258 2601 401 2649 chylus,
428 2610 461 2637 et
477 2610 515 2637 ut
532 2601 689 2636 Galenus
705 2605 876 2644 nominat,
904 2599 1118 2641 ἀναδόσεως
1137 2616 1140 2621 ’

964 98 1112 136 LIBER
1139 98 1204 135 DE
1233 99 1406 138 ANIMA.

134 2666 257 2695 causa,
291 2661 330 2688 ut
359 2654 498 2688 facilior
527 2653 570 2687 sit
604 2654 788 2695 transitus,
829 2655 1013 2697 graciliora
1045 2665 1118 2687 esse

2092 111 2138 143 35

1153 187 1330 230 proderat.
1367 187 1548 223 Praeterea
1567 202 1645 224 cum
1663 196 1694 224 et
1711 190 1747 224 in
1766 189 1839 236 ipso
1860 193 2009 226 transitu
2029 196 2137 228 coctio

1153 236 1270 281 aliqua
1289 238 1366 277 fiat,
1393 239 1529 272 facilius
1544 241 1706 275 calefiunt
1731 250 1875 286 propter
1895 245 2136 286 gracilitatem.

1253 294 1406 340 Reliqua
1428 297 1594 331 inferiora
1613 307 1695 333 sunt
1711 301 1821 344 magis
1839 313 1984 335 carnosa
2002 310 2035 337 et
2046 315 2138 337 cras-

1153 345 1266 385 siora,
1292 345 1372 390 quia
1397 344 1552 381 evehunt
1577 358 1804 386 excrementa.

1254 403 1432 443 Primum,
1460 403 1675 439 Duodenum
1694 409 1737 441 ab
1756 409 1953 454 Herophilo
1972 412 2138 446 nomina-

1153 461 1227 488 tum
1245 466 1316 488 esse
1333 456 1512 496 scribunt,
1541 457 1622 501 quia
1642 457 1828 500 longitudo
1847 462 1920 495 cius
1939 462 1982 496 sit
2005 463 2138 505 digito-

1153 518 1231 539 rum
1249 506 1447 539 duodecim.
1485 505 1643 539 Galenus
1660 508 1820 542 nominat
1837 509 2010 556 ἔκφυσιν,
2037 513 2137 558 quasi

1154 556 1247 588 dicas
1263 562 1421 589 exortum
1438 568 1497 590 seu
1521 568 1734 601 processum.
1788 559 1820 591 A
1840 562 1961 605 pyloro
1975 589 1984 602 ,
2012 563 2046 596 id
2076 571 2138 604 est,

1153 607 1286 639 orificio
1330 607 1518 639 ventriculi
1558 608 1668 640 altero
1704 608 1841 650 oritur,
1882 617 1915 643 et
1938 623 2074 645 sursum
2099 615 2138 646 in

1154 659 1272 689 dextra
1291 664 1387 700 parte
1404 652 1523 690 versus
1540 658 1684 690 dorsum
1705 659 1918 701 porrigitur,
1945 668 1984 694 ut
2002 663 2139 706 alligari

1153 708 1287 740 firmins
1311 707 1431 750 possit.
1483 707 1667 740 Praeterea
1690 715 1729 742 ut
1752 710 1795 742 ad
1820 710 1901 742 bilis
1925 718 2077 744 meatum
2101 714 2139 746 in

1156 758 1265 800 epatis
1296 757 1437 799 regione
1456 765 1534 801 apte
1562 759 1714 791 locatum
1739 759 1794 794 sit.
1846 759 1935 793 Nam
1960 762 2023 794 ubi
2048 763 2140 795 desi-

1154 809 1207 841 nit
1225 808 1454 848 duodenum,
1482 809 1519 841 in
1544 809 1620 852 ipso
1645 808 1755 841 ieiuni
1782 810 1906 850 initio,
1933 819 2066 844 meatus
2090 820 2140 846 est

1154 870 1193 890 ex
1213 858 1362 891 vesicula
1380 859 1491 900 fellis,
1518 867 1558 894 ut
1574 858 1655 892 bilis
1672 859 1789 893 cibum
1807 861 1926 904 pellat,
1954 868 1986 895 et
2004 862 2140 897 intesti-

1154 921 1239 942 num
1264 909 1482 945 mundificet.

1551 1013 1737 1046 Ieiunum.

1257 1073 1431 1108 Duodeno
1464 1076 1674 1110 continuum
1704 1083 1754 1110 est
1777 1077 1940 1111 Ieiunum
1953 1105 1961 1119 ,
2002 1080 2138 1123 νῆστις,

1155 1126 1252 1170 quod
1276 1126 1341 1158 sub
1359 1132 1457 1168 epate
1485 1124 1589 1159 habet
1606 1127 1716 1171 spiras
1742 1128 1898 1172 aliquas,
1923 1129 2052 1161 deinde
2076 1131 2142 1162 ali-

1156 1182 1287 1220 quanto
1321 1177 1449 1209 rectius
1478 1177 1672 1220 porrigitur
1704 1179 1747 1210 ad
1781 1190 1872 1222 epar.
1927 1178 2142 1213 Nominatur

1157 1233 1272 1259 antem
1294 1226 1472 1266 ieiunum,
1498 1239 1570 1259 non
1589 1229 1682 1272 quod
1703 1240 1846 1271 prorsus
1866 1228 1973 1261 inane
1989 1230 2052 1267 sit,
2081 1231 2142 1262 scd

1157 1277 1237 1321 quia
1255 1276 1357 1308 citius
1374 1277 1457 1309 inde
1475 1277 1611 1320 rapitur
1627 1276 1750 1323 cbylus
1774 1291 1791 1311 a
1811 1279 1909 1311 venis
1933 1281 2142 1320 mesaraicis,

1157 1338 1306 1371 quarum
1325 1327 1436 1359 maior
1452 1338 1622 1359 numerus
1640 1328 1677 1358 in
1700 1326 1766 1359 hoc
1783 1329 1989 1361 intestinum
2015 1330 2142 1362 inseri-

1159 1384 1231 1415 tur,
1259 1384 1289 1407 et
1308 1377 1483 1419 reliquum
1503 1388 1520 1407 a
1539 1376 1610 1408 bile
1627 1376 1792 1419 pellitur,
1821 1389 1908 1421 quae
1926 1390 1998 1410 non
2017 1380 2142 1412 misce-

1158 1432 1214 1458 tur
1231 1422 1333 1469 chylo
1346 1452 1354 1465 ‚
1384 1426 1442 1457 sed
1459 1425 1537 1458 ssuit
1555 1426 1591 1457 in
1608 1426 1775 1459 lateribus
1794 1427 1949 1460 intestini
1975 1428 2012 1460 in
2039 1430 2142 1463 colon

1158 1487 1281 1521 nsque,
1300 1482 1338 1508 ut
1354 1476 1459 1520 pellat
1476 1484 1708 1519 excrementa,
1724 1484 1757 1511 et
1774 1478 1949 1521 abstergat
1966 1479 2144 1514 intestina.

1584 1577 1719 1616 Εἴλεος.

1261 1644 1423 1679 Tertium
1448 1644 1656 1678 intestinum
1682 1646 1888 1680 nominatur
1913 1647 2037 1689 εἴλεος,
2071 1660 2145 1682 non

1161 1696 1274 1729 solum
1301 1696 1382 1740 quia
1408 1696 1444 1727 in
1471 1708 1510 1728 eo
1537 1695 1613 1740 gyri
1638 1702 1721 1729 sunt
1746 1697 1912 1740 plurimi,
1946 1700 2005 1731 sed
2041 1700 2145 1732 etiam

1161 1746 1242 1791 quia
1264 1746 1359 1778 varie
1384 1746 1548 1788 impliciti
1567 1752 1649 1778 sunt
1669 1745 1907 1787 Mesenterio,
1934 1749 2029 1780 unde
2053 1750 2146 1781 mul-

1163 1804 1216 1830 tae
1251 1808 1359 1829 venae
1392 1796 1428 1828 in
1461 1796 1573 1829 aei'keov
1605 1795 1822 1832 inseruntur.
1890 1796 2007 1832 Habet
2030 1806 2146 1832 autem

1162 1859 1262 1880 usum
1282 1847 1446 1884 eundem,
1475 1858 1578 1891 quem
1597 1843 1703 1879 habet
1719 1847 1890 1887 ieiunum,
1908 1855 1947 1882 ut
1963 1850 2147 1882 transmit-

1163 1904 1211 1930 tat
1244 1895 1398 1942 chylum.
1452 1895 1521 1930 Sed
1546 1893 1614 1928 hoc
1639 1897 1792 1930 interest.
1852 1897 2015 1932 Ieiunum
2042 1899 2146 1932 citius

1163 1947 1337 1990 exugitur.
1392 1946 1524 1979 Verum
1546 1946 1655 1984 εἴλεος
1678 1947 1810 1981 diutius
1840 1949 1968 1982 retinet
1992 1947 2148 1994 chylum,

1164 2010 1267 2043 quam
1283 1998 1328 2030 ob
1345 2008 1482 2030 causam
1498 1996 1680 2038 etlongius
1698 2005 1758 2035 est,
1783 2005 1816 2031 et
1834 1999 1952 2042 plures
1971 2000 2147 2033 anfractus

1167 2047 1288 2086 habet,
1317 2054 1356 2080 ut
1376 2044 1520 2092 chylum
1538 2047 1648 2089 magis
1675 2055 1819 2093 coquat,
1848 2056 1880 2082 et
1904 2050 2037 2083 diutius
2062 2062 2147 2093 sup-

1165 2099 1298 2143 peditet
1318 2098 1536 2137 alimentum,
1564 2109 1607 2129 ne
1625 2109 1712 2141 opus
1728 2099 1771 2131 sit
1790 2111 1867 2132 mox
1884 2100 2040 2142 ingerere
2060 2101 2147 2134 alios

1166 2149 1274 2183 cibos.
1327 2148 1426 2181 Plato
1452 2147 1568 2192 inquit
1594 2144 1661 2180 hoc
1688 2149 1837 2182 consilio
1862 2150 2047 2183 fabricatos
2076 2162 2147 2184 esse

1166 2198 1230 2233 hos
1248 2210 1370 2244 gyros,
1397 2210 1441 2231 ne
1458 2199 1487 2232 si
1501 2198 1619 2231 etatim
1638 2198 1698 2230 alii
1726 2199 1795 2232 cibi
1821 2199 2004 2241 ingerendi
2023 2209 2148 2240 essent,

1168 2250 1276 2283 vitam
1294 2260 1473 2292 ageremus
1487 2244 1719 2294 ἀφιλόσοφον
1737 2247 1798 2282 καὶ
1813 2248 1992 2292 ἄμουσον.
2040 2250 2148 2296 Apud

1168 2300 1421 2344 Hippocratem
1437 2306 1468 2332 et
1486 2298 1662 2332 Galenum
1681 2299 1789 2337 εἴλεος
1806 2306 1855 2332 est
1872 2301 1988 2333 morbi
2008 2313 2149 2340 nomen,

1168 2363 1242 2384 non
1259 2350 1430 2385 intestini.
1459 2349 1558 2383 Sicut
1577 2349 1669 2381 enim
1688 2349 1723 2381 in
1743 2349 1811 2382 alio
1829 2361 1946 2383 crasso
1967 2351 2149 2389 intestino.

1170 2403 1264 2446 quod
1295 2397 1406 2435 κόλον
1444 2399 1667 2437 nominatur,
1714 2399 1803 2433 fiunt
1834 2401 1973 2434 dolores
2002 2401 2151 2437 κολικοιῖ.

1170 2451 1221 2486 lta
1239 2452 1276 2484 in
1295 2449 1361 2484 hoc
1386 2450 1506 2494 gracili
1525 2448 1692 2481 intestino
1716 2449 1840 2489 similis
1863 2452 2008 2485 morbus
2037 2453 2153 2487 existit

1170 2504 1361 2535 admodum
1395 2499 1632 2545 periculosus,
1666 2511 1745 2532 cum
1774 2501 1863 2534 fiunt
1887 2502 2154 2542 obstructiones‚

1171 2565 1213 2586 ne
1229 2553 1314 2597 quid
1334 2550 1458 2595 expelli
1477 2549 1598 2593 possit,
1625 2555 1684 2583 aut
1700 2558 1782 2585 sunt
1800 2551 1849 2585 ibi
1865 2552 1990 2586 viscosi
2006 2566 2044 2587 ac
2059 2566 2154 2586 mor-

1171 2604 1274 2637 daces
1295 2600 1474 2635 humores.
1539 2598 1654 2642 Vulgo
1679 2602 1865 2635 nominant
1889 2601 2034 2638 Iliacum
2058 2615 2154 2637 mor-

1172 2655 1255 2687 bum
1268 2677 1276 2692 ,
1305 2651 1366 2696 qui
1382 2651 1472 2684 circa
1489 2650 1699 2685 umbilicum
1717 2653 1879 2687 sentitur.

1663 2701 1729 2735 3*
