2379 2948
146 105 223 142 277
702 102 767 138 111.

822 99 978 136 INITIA
1005 97 1297 137 DOCTRINAE
1325 101 1579 142 PHYSICAE.

2093 119 2167 153 278

147 191 203 224 nis
221 189 356 235 Vesper
372 197 404 225 et
423 189 648 235 vesperugo,
675 189 818 233 quando
835 193 913 231 post
925 185 1018 220 Solis
1036 197 1136 219 occa-
1159 191 1163 207 ¹
1186 193 1392 220 cumeuntes
1420 190 1463 223 ab
1485 193 1621 227 oriente
1653 206 1773 229 versus
1806 198 2023 233 occidentem
2050 213 2166 238 secum

147 254 225 275 sum
243 241 380 284 fulgens
398 242 510 275 lucem
529 245 710 285 prorogat,
742 245 782 271 ut
805 238 852 270 ait
869 236 1027 276 Plinius,
1073 237 1134 280 qui

146 293 192 325 de
210 292 348 325 viribus
365 290 470 325 huius
497 292 613 324 stellae
638 289 742 322 etiam
768 285 835 320 hoc
860 287 974 320 addit:
1017 285 1134 320 Huius
1159 302 1161 340 γ

914 336 1064 382 Nanque
1095 337 1133 370 in
1158 345 1159 360 ἢ

145 350 272 376 natura
300 350 423 376 cuncta
449 346 661 385 generantur
685 340 723 371 in
749 338 861 371 terris.

146 393 319 426 alterutro
347 399 469 426 exortu
495 390 639 433 genitali
661 401 740 421 rore
766 399 1016 432 conspergens,
1059 400 1132 420 non

145 451 259 477 terrae
277 445 382 476 modo
402 448 589 484 conceptus
606 440 740 484 implet,
755 451 877 471 verum
896 438 1130 471 animantium

145 506 287 539 quoque
304 493 462 525 omnium
482 491 651 524 stimulat.
683 488 727 523 Et
745 488 967 522 Ptolemaeus
990 501 1131 534 quoque

144 545 270 578 tribuit
287 543 318 575 ei
342 543 412 574 vim
437 541 566 574 leniter
589 540 816 573 calefaciendi
839 546 871 572 et
895 537 1131 580 humectandi,

144 594 323 639 inquiens:
358 589 553 636 θερμαίνει
574 588 644 635 μὲν
657 588 731 638 γὰρ
754 588 872 635 ἠρέμα
890 587 953 624 διὰ
974 588 1043 635 τὴν
1065 589 1124 631 ἐγ-

141 691 312 739 καθάπερ
334 690 355 737 ἡ
382 689 532 738 σελήνη,
565 690 627 728 διὰ
659 691 702 727 τὸ
729 691 890 739 μέγεθος
920 694 996 726 τῶν
1020 689 1129 725 ἰδίων

141 756 290 791 (panant,

241 794 440 827 Mercurius
458 801 572 828 autem
592 791 756 838 στίλβων
781 805 798 825 a
817 792 963 825 Graecis
988 792 1128 833 dicitur,

137 896 209 939 logi
227 896 390 929 tribuunt
406 896 478 928 vim
499 895 672 928 excitandi
690 895 811 934 flatus,
846 900 878 926 et
902 900 1062 926 naturam
1080 894 1126 927 ita

138 947 351 986 versatilem,
378 953 415 979 ut
429 946 587 979 imitetur
598 946 784 990 qualitates
796 956 916 977 earum
936 945 1126 985 stellarum,

138 1009 216 1029 cum
243 997 512 1041 quibuscunque
533 997 641 1030 fuerit
665 997 885 1028 coniunctus.

138 1097 222 1131 ἴσου
237 1095 322 1131 ποτὲ
351 1095 419 1141 μὲν
438 1095 653 1143 ξηραντικὸς
680 1093 1027 1140 καταλαλιιβάιέῑαι,
1064 1094 1123 1129 καὶ

137 1150 214 1181 τῶν
247 1146 377 1194 ὑγρῶν
398 1147 636 1187 ἀιναπυτικὸς,
680 1146 742 1182 διὰ
765 1146 807 1180 τὸ
829 1144 1011 1190 ,ιιηδέποτε
1032 1144 1125 1179 πολὺ

137 1200 201 1242 τῆς
236 1201 304 1232 τοῦ
336 1196 440 1242 ἡλίου
475 1196 685 1241 θερμασίας
707 1195 801 1231 κατὰ
828 1199 943 1241 μῆκος
966 1195 1125 1241 ἀφίστα-

138 1248 251 1287 σθαι,
281 1246 367 1282 ποτὲ
392 1246 431 1282 δὲ
455 1245 503 1282 αὖ
527 1247 768 1295 ἱγραικτικὸς,
804 1246 866 1281 διὰ
896 1246 936 1280 τὸ
956 1249 1001 1290 τῇ
1027 1259 1125 1290 περι-

134 1295 305 1346 γειοτάτη
325 1300 466 1343 σφαῖρᾳ
482 1301 545 1342 τῆς
561 1295 711 1342 σελήνης
728 1297 951 1335 ἐπικεῖσθαι,
979 1296 1126 1341 ταχείας

136 1347 176 1383 δὲ
193 1348 380 1383 ποιεῖσθαι
398 1347 463 1385 τὰς
480 1346 529 1381 ἐπί
549 1344 742 1391 ἀμφότερα
759 1346 982 1390 λιιεττιχ’·]ο,ὶ.().;,
1011 1360 1122 1381 πνευ-

134 1396 386 1444 ματούμενος,
431 1396 553 1444 ὥσπερ
586 1395 659 1431 ὑπὸ
684 1399 747 1442 τῆς
770 1395 851 1442 περὶ
875 1395 993 1430 αὐτὸν
1022 1394 1125 1440 ἡλίου

135 1447 379 1494 ὀξυκίνησίας.

238 1500 465 1533 Tribuuntur
490 1506 605 1533 autem
631 1497 687 1532 his
713 1499 868 1532 Planetis
894 1498 1040 1531 totidem
1066 1509 1125 1530 or-

136 1553 216 1592 bes,
245 1558 332 1596 quot
349 1551 462 1583 tribus
487 1550 747 1594 superioribus,
774 1557 806 1583 et
829 1561 952 1582 eorum
981 1548 1123 1581 orbium

136 1602 269 1635 similes
301 1601 538 1634 revolutiones
566 1613 686 1634 versus
719 1602 856 1634 easdem
887 1599 1012 1632 mundi
1042 1611 1124 1643 par-

135 1660 203 1693 tes,
236 1652 326 1685 sicut
356 1664 461 1694 supra
486 1653 527 1684 de
553 1652 667 1685 tribus
688 1651 862 1695 supremis
889 1649 1044 1683 Planetis
1069 1650 1123 1681 di-

136 1711 231 1737 ctum
249 1709 318 1741 est,
343 1703 412 1735 nisi
431 1703 525 1748 quod
542 1702 578 1734 in
595 1702 776 1735 blereurio
804 1701 1033 1734 constituitur
1055 1701 1122 1732 du-

137 1755 218 1799 plex
243 1750 439 1800 c’zfniyetov,
486 1764 596 1785 unum
625 1752 808 1785 eccentrici
836 1751 1022 1783 deferentis
1049 1751 1123 1793 epi—

135 1804 285 1850 cyclum,
302 1804 452 1837 alterum
470 1803 654 1847 aequantis
664 1803 797 1835 circuli.
824 1800 984 1845 Cumque
998 1807 1124 1833 utrun-

134 1867 202 1900 que
221 1851 395 1902 ἀῖιόγειον
411 1852 670 1897 deprehensum
689 1853 733 1886 sit
756 1852 906 1891 mobile,
947 1863 1035 1894 opus
1058 1851 1124 1884 fuit

135 1906 282 1939 diversis
305 1904 472 1947 orbibus,
502 1904 562 1937 illa
585 1910 715 1948 puncta
740 1903 911 1936 maximae
937 1902 1124 1935 distantiae

135 1969 153 1990 a
171 1963 262 1990 terra
281 1955 585 2000 promoventibus.
640 1953 830 1987 Ponuntur
848 1953 955 1995 igitur
971 1953 1007 1985 in
1024 1951 1124 1984 Mer-

135 2008 225 2041 curii
242 2005 389 2052 sphaera
408 2007 478 2040 duo
495 2005 641 2040 extremi
659 2005 805 2045 circuli,
834 2004 983 2037 extimus
1009 2009 1042 2036 et
1068 2003 1125 2034 in-

134 2058 251 2098 timus,
275 2058 392 2102 aliqua
411 2069 451 2090 ex
469 2064 567 2101 parte
584 2057 719 2090 mundo
737 2054 963 2094 concentrici,
991 2053 1050 2099 qui
1064 2054 1125 2086 de-

135 2110 254 2141 serunt
271 2106 446 2156 ἀπόγειον
466 2107 667 2153 aequantis,
709 2107 772 2140 illo
795 2105 995 2140 tardissimo
1026 2112 1124 2138 motu

136 2166 276 2193 octavae
293 2157 477 2203 sphaerae,
518 2171 588 2204 quo
607 2159 710 2192 etiam
735 2154 891 2205 ἀπόγεια
933 2156 1040 2189 trium
1067 2167 1124 2188 su-

140 2209 320 2255 periorum
352 2210 484 2244 variari
511 2209 678 2250 diximus,
714 2209 759 2242 ab
792 2208 973 2242 occidente
1005 2217 1125 2239 versus

137 2260 308 2294 orientem
321 2285 332 2303 ‚
359 2272 419 2293 seu
439 2261 486 2299 εἰς
499 2258 545 2295 τὰ
564 2256 736 2305 ἑπόμενα.
884 2260 888 2265 ”

240 2310 306 2344 His
322 2311 468 2344 orbibus
484 2311 678 2345 introrsum
693 2309 849 2354 contigui
876 2315 958 2343 sunt
974 2308 1035 2341 alii
1054 2309 1124 2341 duo

137 2373 283 2408 prorsus
303 2360 504 2406 ἴκκεντροι,
531 2363 593 2406 qui
616 2363 786 2395 dicuntur
811 2361 1008 2394 deferentes
1033 2355 1126 2393 ἀπό-

138 2426 239 2462 γειον
256 2411 472 2458 ἐκκέντρου,
502 2413 563 2457 qui
588 2424 694 2458 super
718 2411 889 2457 peculiari
913 2417 1033 2444 centro
1058 2410 1126 2443 cir-

136 2465 382 2498 cumferuntur
401 2463 578 2496 contrario
596 2469 714 2502 motu,
742 2464 787 2496 ab
811 2463 947 2496 oriente
973 2461 1011 2494 in
1034 2460 1127 2494 occi-

139 2516 300 2556 dentem,
329 2527 389 2548 seu
407 2514 455 2552 εἷς
480 2511 526 2547 τὰ
545 2510 827 2560 προηγούμενα,
856 2513 1016 2558 quolibet
1035 2512 1127 2545 inte-

141 2577 204 2610 gro
221 2578 315 2598 anno
332 2577 439 2599 unam
458 2564 644 2608 periodum
663 2564 896 2605 absolventes,
920 2563 1016 2608 quod
1028 2561 1128 2596 Mer-

140 2617 258 2651 curius
284 2629 363 2650 cum
389 2616 490 2650 Luna
525 2625 712 2648 commune
738 2612 856 2648 babet.

143 2668 338 2701 deserentes
355 2677 513 2712 apogeon
530 2664 674 2705 Lunae,
702 2664 850 2707 singulis
867 2663 1124 2697 mensibuscir-

947 995 1006 1028 Sic
1031 995 1124 1026 enim
1150 1009 1153 1030 i

137 1047 254 1092 inquit
272 1047 511 1080 Ptolemaeus:
540 1044 602 1081 ὅδὲ
627 1049 692 1080 τοῦ
716 1045 831 1090 ἑρμοῦ
857 1043 905 1083 ὡς
932 1042 1066 1079 ἐπίπαν
1091 1045 1128 1084 ἕξ
1150 1055 1152 1075 ³

909 2613 1009 2648 Sicut
1033 2613 1126 2645 enim
1150 2633 1153 2641 ι

1185 237 1437 292 circumferunt
1457 241 1491 272 in
1511 255 1617 285 parvo
1634 245 1765 280 circulo
1792 255 1952 283 centrum
1978 251 2168 288 deferentis

1186 287 1399 331 epicyclum‚
1427 289 1475 322 ita
1493 298 1530 324 ut
1546 305 1585 326 eo
1610 303 1707 329 motu
1735 298 1910 343 epicyclus
1930 301 1969 334 in
1990 303 2168 338 deferente

1184 338 1438 393 suo-'describat
1465 341 1609 382 figuram
1636 346 1895 382 lenticularem:
1937 351 1988 385 Ita
2013 350 2052 387 hi
2069 352 2168 387 Mer·

1184 399 1273 420 curn
1291 389 1393 421 orbes
1410 390 1604 425 deferentes
1619 405 1775 437 apogeon
1802 402 2005 443 eccentrici,
2045 404 2167 448 singu-

1186 437 1230 469 lis
1247 438 1349 470 annis
1365 441 1471 473 semel
1491 441 1682 476 Zodiacum
1702 457 1911 488 percurrunt
1928 459 2047 486 contra
2069 456 2168 488 ordi-

1182 499 1263 520 nem
1305 489 1506 532 signormn,
1556 499 1660 538 atque
1689 507 1804 528 secum
1839 500 2090 538 circumferunt
2122 507 2167 540 ab

1156 577 1157 593 3
1184 538 1320 572 oriente
1354 552 1472 574 versus
1505 544 1721 577 occidentem
1748 554 1907 581 centrum
1931 553 2045 595 quinti
2070 556 2167 590 orbis

1155 590 1371 623 Jdeserentis
1409 592 1604 638 epicyclum
1643 594 1837 640 Mercurii,
1887 608 2030 644 propter
2061 617 2166 649 quam

141 642 283 691 yijrsTa
305 640 374 686 τὴν
390 640 481 687 πρὸς
495 640 563 677 τὸν
580 640 696 687 ἥλιον,
723 639 884 686 μάλιστα
903 638 942 675 δὲ
960 638 1129 688 &waiva
1155 650 1156 653 ’

1181 640 1413 674 mobilitatem
1452 641 1557 676 huius
1581 646 1711 685 centri,
1754 649 1848 692 quod
1875 650 2081 686 circuitione
2105 668 2166 690 sua

1182 702 1300 724 annua
1324 693 1558 726 arctissimum
1589 695 1758 729 circulum
1784 699 1950 733 describit
1975 709 2068 736 extra
2086 717 2167 738 cen-

1180 747 1273 774 trum
1293 743 1437 784 mundi‚
1463 752 1662 789 sequuntur
1681 749 1853 792 quaedam
1872 751 2008 785 diversa
2026 765 2097 786 non
2111 766 2167 788 so-

139 851 173 878 et
190 842 285 890 ἱερὸς
300 844 416 889 QUO&
466 851 497 877 et
517 841 604 878 ἀπό)
615 847 729 879 homa
744 840 876 878 γύγλος
925 843 980 875 mi
1006 840 1106 876 451OE
1152 840 1154 859 ς
1179 791 1253 824 lum
1272 805 1290 825 a
1309 800 1525 827 caeterorum
1544 795 1770 831 planetarum
1788 811 1960 842 omnium,
1984 804 2044 836 sed
2063 805 2167 838 etiam

342 878 345 887 Ι
429 872 437 885 ‚
603 871 610 877 .
713 870 726 882 3
755 871 762 877 .
805 871 812 877 .
860 877 871 881 ,
887 869 896 886 ,
999 870 1010 876 Δ
1110 864 1126 869 “
1152 871 1153 878 1

1179 853 1197 875 a
1215 841 1337 876 Lunae
1357 846 1532 878 consuetis
1550 844 1822 890 phaenomenis,
1857 863 1936 884 cum
1954 865 2020 897 qua
2039 861 2168 897 tamen,

1180 894 1275 937 quod
1301 895 1344 927 ad
1365 892 1456 928 hanc
1475 897 1829 932 circumvolutionem
1848 903 1958 935 centri
1978 904 2168 940 deferentis

1179 950 1212 976 et
1236 944 1508 988 descriptionem
1537 949 1636 990 parvi
1653 949 1775 982 circuli
1792 951 1935 993 attinet,
1968 953 2168 991 Mercurius

1179 991 1284 1027 habet
1303 996 1490 1029 maximam
1511 997 1793 1034 similitudinem.

1280 1061 1368 1094 Nam
1394 1064 1456 1096 etsi
1480 1065 1658 1109 epicyclus
1688 1066 1862 1101 blercurii
1895 1070 1932 1103 in
1959 1074 2090 1116 apogeo
2114 1075 2169 1108 sui

1178 1112 1365 1145 deferentis
1391 1120 1459 1152 est,
1495 1116 1634 1159 quoties
1662 1117 1804 1160 attingit
1830 1128 2001 1163 punctum
2022 1124 2166 1159 alterius

1178 1163 1300 1206 apogei
1318 1163 1354 1195 in
1371 1172 1528 1208 aeqante,
1556 1178 1594 1198 ac
1612 1173 1685 1199 tum
1704 1167 1908 1210 longissime
1925 1173 2029 1206 distat
2046 1186 2064 1207 a
2084 1187 2167 1208 cen-

1177 1221 1230 1246 tro
1247 1214 1388 1245 mundi:
1410 1221 1524 1247 tamen
1538 1218 1680 1260 quando
1694 1218 1735 1250 ad
1748 1219 1865 1252 locum
1885 1222 2016 1265 perigei
2035 1225 2167 1259 diame-

1177 1263 1314 1296 traliter
1338 1265 1539 1307 oppositum
1565 1268 1725 1310 pervenit
1750 1271 1863 1314 (quod
1890 1271 1927 1304 fit
1951 1281 2029 1316 post
2054 1287 2166 1309 seme-

1177 1317 1282 1355 stre),
1298 1326 1369 1346 non
1387 1321 1436 1347 est
1455 1322 1538 1349 tunc
1556 1323 1670 1350 terrae
1686 1329 1746 1351 seu
1765 1327 1885 1354 centro
1904 1325 2030 1356 mundi
2046 1327 2168 1368 proxi-

1177 1375 1274 1402 mus,
1318 1366 1375 1395 sed
1403 1366 1471 1398 suit
1500 1367 1651 1410 propior
1692 1367 1761 1400 iam
1786 1376 1865 1403 ante
1896 1372 1985 1405 duos
2017 1386 2167 1415 menses,

1176 1414 1319 1458 quando
1350 1414 1501 1448 distabat
1533 1417 1577 1449 ab
1605 1428 1736 1460 apogeo
1772 1422 1955 1465 aequantis
1978 1423 2167 1459 intervallo

1178 1470 1331 1509 quatuor
1359 1465 1541 1507 signorum
1569 1466 1733 1509 Zodiaci,
1778 1476 1810 1503 et
1834 1483 1956 1505 rursus
1980 1482 2059 1518 post
2079 1476 2167 1510 alios

1177 1517 1264 1548 duos
1283 1527 1420 1548 menses
1439 1516 1475 1550 fit
1491 1523 1604 1550 terrae
1621 1519 1815 1562 proximus,
1838 1525 1982 1566 quando
2002 1525 2040 1557 in
2057 1526 2167 1560 altero

1176 1566 1283 1599 latere
1300 1566 1343 1599 ab
1362 1568 1484 1600 eodem
1503 1580 1635 1612 apogeo
1652 1571 1839 1616 aequantis
1858 1573 1954 1608 abest
1978 1575 2167 1611 intervallo

1174 1615 1196 1649 4
1215 1616 1409 1659 signorum.

1276 1682 1438 1728 Cumque
1458 1684 1578 1718 Lunae
1595 1687 1783 1732 epicycIuS,
1812 1698 1956 1735 propter
1974 1694 2072 1727 illam
2084 1707 2166 1729 cen-

1175 1734 1218 1767 tri
1239 1735 1485 1775 mobilitatem,
1510 1736 1544 1768 in
1569 1738 1726 1781 qualibet
1744 1741 1965 1775 revolutione
1984 1752 2165 1779 menstrua

1176 1785 1229 1816 bis
1245 1785 1290 1818 sit
1312 1786 1442 1828 pariter
1463 1792 1495 1818 et
1516 1786 1550 1818 in
1570 1799 1701 1829 apog-:o
1719 1796 1748 1821 et
1768 1790 1803 1822 in
1829 1792 1968 1834 perigeo
1994 1795 2046 1827 sui
2071 1797 2166 1829 defe-

1175 1835 1300 1868 rentis:
1324 1835 1492 1868 Mercurii
1512 1837 1685 1881 epicyclus
1701 1839 1802 1872 aliter
1819 1839 1989 1883 sehabet,
2017 1845 2052 1877 id
2071 1848 2165 1890 quod

1177 1885 1325 1918 mireris.
1378 1886 1467 1918 Nam
1485 1887 1547 1919 etsi
1576 1888 1611 1919 in
1637 1901 1706 1920 una
1728 1891 1950 1925 revolutione
1966 1898 2167 1937 eccentrici,

1175 1936 1350 1980 epicyclus
1382 1935 1553 1969 Mercurii
1595 1938 1649 1970 bis
1692 1941 1834 1984 attingit
1863 1943 1936 1976 loca
1964 1947 2006 1977 ad
2034 1953 2164 1980 terram

1177 1986 1334 2030 proxime
1361 1988 1582 2027 accedentia,
1624 1996 1739 2022 tamen
1773 1993 1879 2025 semel
1911 2001 2046 2029 tantum
2075 2004 2123 2031 est
2147 2011 2166 2031 a

1175 2044 1266 2070 terra
1286 2037 1561 2078 remotissimus,
1597 2045 1671 2071 tum
1700 2041 1882 2081 videlicet,
1919 2057 1997 2078 cum
2023 2049 2166 2091 attingit

1175 2098 1334 2131 apogeou
1349 2089 1550 2132 aequantis,
1584 2091 1677 2134 quod
1703 2092 1769 2125 suit
1795 2099 1954 2138 tempore
1970 2095 2164 2132 Ptolemaei

1175 2138 1212 2171 in
1229 2138 1365 2171 decimo
1384 2139 1495 2181 gradu
1508 2138 1652 2181 Librae,
1678 2154 1774 2175 nunc
1792 2150 1906 2176 autem
1925 2158 1943 2178 a
1962 2148 2164 2182 recentissi-

1176 2189 1242 2222 mis
1268 2189 1555 2222 observatoribus
1578 2191 1762 2225 inventum
1795 2200 1844 2227 est
1866 2194 1903 2227 in
1930 2208 2025 2229 nono
2053 2200 2165 2241 gradu

1176 2240 1355 2284 sequentis
1377 2240 1468 2281 signi
1493 2239 1644 2284 Scorpii.
1704 2241 1866 2288 Cumque
1892 2246 1934 2278 ad
1963 2248 2164 2290 oppositum

1176 2291 1290 2324 locum
1319 2290 1463 2323 Zodiaci
1482 2292 1660 2334 pervenit,
1686 2293 1834 2334 scilicet,
1870 2296 1910 2328 ad
1931 2308 2066 2330 nonum
2086 2311 2164 2342 gra-

1176 2342 1259 2375 dum
1280 2340 1410 2382 Tauri,
1435 2348 1573 2374 nonest
1592 2350 1702 2375 terrae
1722 2344 1920 2387 proximus,
1947 2348 2004 2379 sed
2029 2348 2068 2381 in
2085 2351 2165 2384 aliis

1177 2392 1316 2426 duobus
1335 2392 1475 2435 punctis
1491 2404 1508 2424 a
1526 2392 1603 2424 loco
1622 2393 1744 2435 apogei
1762 2394 1929 2440 utrinque
1948 2404 1980 2431 et
2005 2410 2022 2431 a
2047 2410 2082 2432 se
2108 2401 2165 2434 iu-

1177 2443 1287 2476 vicem
1313 2449 1465 2487 quatuor
1495 2442 1676 2485 signorum
1715 2444 1903 2479 intervallo
1941 2448 2154 2486 distantibus

1177 2493 1342 2527 videlicet
1370 2494 1406 2525 in
1427 2492 1461 2526 9.
1489 2493 1598 2535 gradu
1614 2491 1768 2525 Piscium
1793 2502 1825 2528 et
1844 2496 1878 2531 9.
1894 2499 2006 2540 gradu
2023 2488 2165 2535 Cancri,

1280 2559 1322 2593 In
1361 2559 1479 2592 medio
1517 2556 1645 2592 horum
1683 2560 1898 2597 circulorum
1932 2566 2164 2604 deferentium

1180 2623 1337 2655 apogeon
1357 2609 1562 2649 eccentrici‚
1590 2610 1677 2643 situs
1695 2618 1745 2644 est
1762 2613 1908 2657 quintus
1923 2618 2035 2658 orbis,
2071 2627 2166 2654 totus

1180 2661 1412 2698 eccentricus‚
1441 2659 1502 2705 qui
1526 2660 1721 2706 epieyclum
1747 2663 1949 2700 circumfert
1975 2672 2165 2712 quotannis

1669 2711 1757 2746 18*
