2379 2948
132 77 208 113 915
533 75 577 109 V.

127 161 337 206 cogitatione
362 159 538 195 humanae
557 161 811 194 imbecillitatis
829 170 1052 199 moveamur,
1079 166 1119 193 ut
1141 160 1145 166 '

125 220 285 258 petamus
319 224 337 245 a
362 212 458 253 Deo,
489 212 552 258 qui
582 224 646 256 per
668 211 800 244 Filium
826 222 928 244 suum
954 209 1119 253 promisit
1142 226 1144 248 ι

124 264 314 304 auxilium,
342 270 380 296 ut
404 264 478 307 ipse
503 274 568 296 nos
591 263 627 295 in
653 262 819 295 omnibus
846 261 936 294 vitae
960 261 1117 294 consiliis
1143 259 1144 292 ἰ

124 321 157 348 et
174 315 336 358 regendis
353 315 513 347 moribus
532 314 715 356 gubernet.

226 382 337 417 Natus
360 382 491 416 Xerxes
519 380 557 413 in
581 379 715 413 familia
737 377 898 419 heroica,
925 391 965 412 ex
987 391 1115 423 paren-

124 433 220 468 tibus
245 445 396 479 quorum
419 433 488 466 fuit
515 431 688 464 excellens
710 430 840 471 virtus,
868 427 1040 464 habuerat
1059 431 1116 463 in—

124 485 243 518 dolem
274 484 505 529 praeclaram,
539 488 571 514 et
600 481 790 515 domestica
818 481 1005 523 disciplina
1032 482 1115 514 dili-

124 543 245 579 genter
267 536 310 568 ad
330 535 491 567 virtutem
512 532 694 566 institutus
710 532 838 567 fuerat.
891 531 961 566 Sed
982 544 1060 565 curn
1078 533 1114 565 in

123 593 220 620 tanta
245 585 400 630 potentia
425 591 459 617 et
481 584 567 616 luxu
591 596 664 616 non
684 584 802 618 stud-et
819 584 958 616 frenare
976 583 1114 627 cupidi-

123 643 222 676 tates,
250 637 390 670 tandem
408 646 552 679 prorsus
569 634 747 669 efferatur.
801 634 846 668 Et
859 634 1113 668 immanitatem

122 695 320 734 sequuntur
334 684 428 719 haud
443 686 550 719 dubie
566 698 711 730 poenae.

224 754 319 788 Haec
355 753 511 797 exempla
553 765 631 786 curn
662 765 783 786 omnes
812 751 995 794 homines,
1037 761 1111 787 tum

122 806 308 850 praecipue
331 812 493 849 potentes
517 805 559 836 ad
585 805 790 837 modestiam
816 811 848 837 et
865 805 1027 837 timorem
1047 804 1111 838 Dei
1140 835 1141 848 ἶ

121 855 318 889 hortentur.
369 855 643 888 Bleminerimus
677 862 709 888 et
740 852 826 895 hoc,
868 857 962 900 quod
997 856 1112 900 inquit
1140 875 1141 880 =

120 906 233 941 Filius
243 907 326 940 Dei:
356 905 441 940 Sine
459 918 514 938 me
532 904 624 939 nihil
641 906 784 950 potestis
799 907 921 941 facere.
956 905 1001 939 Et
1018 908 1110 951 quod
1137 910 1143 941 i

119 956 275 991 Ecclesia
293 958 386 991 canit
401 959 444 990 de
455 957 592 1001 Spiritu
611 965 748 991 sancto:
786 957 871 991 Sine
889 965 949 991 tuo
965 957 1113 991 numine

119 1006 213 1050 nihil
237 1009 274 1041 in
294 1007 458 1049 homine,
485 1007 577 1041 nihil
595 1015 645 1042 est
661 1009 858 1043 innoxium.
913 1008 1032 1051 Quare
1049 1021 1113 1041 nos

119 1060 212 1094 flecti
228 1061 271 1093 ad
288 1061 476 1103 virtutem,
504 1066 537 1092 et
553 1059 626 1103 regi
644 1072 661 1093 a
679 1059 816 1104 Spiritu
831 1067 950 1093 sancto
968 1058 1034 1092 Dei
1053 1071 1110 1103 pe-

119 1120 246 1147 tamus.

1136 1045 1142 1061 0

223 1195 293 1230 Sed
312 1196 417 1229 redeo
434 1196 475 1228 ad
496 1202 640 1229 textum.
696 1194 857 1229 Recitavi
874 1196 1112 1229 enumeratio-

120 1259 201 1281 nem
226 1259 347 1291 regum
372 1248 559 1287 usitatam,
587 1258 692 1290 quam
719 1247 746 1279 si
771 1247 848 1291 quis
874 1259 946 1280 non
972 1247 1111 1291 probat,

118 1305 293 1332 monstret
323 1298 507 1342 aptiorem.
562 1297 650 1330 Nam
686 1303 718 1329 et
750 1309 812 1339 ego
841 1298 960 1329 malim
989 1298 1111 1330 vatici-

118 1350 220 1383 nium
241 1350 284 1382 de
306 1349 420 1382 tribus
436 1348 651 1391 intelligere,
677 1346 790 1392 Cyro,
818 1347 928 1381 Dario
946 1349 1018 1381 filio
1035 1347 1110 1393 Hy-

118 1400 243 1444 staspis
274 1406 308 1433 et
337 1397 531 1433 Artaxerxe
555 1398 800 1441 Longimano‚
836 1400 971 1432 etiamsi
1002 1400 1112 1432 inter-

118 1451 228 1485 iectus
260 1457 311 1484 est
334 1450 485 1491 Xerxes,
519 1449 581 1495 qui
610 1450 775 1483 videlicet
806 1451 927 1483 eodem
954 1457 1112 1494 tempore

119 1502 253 1536 bellum
277 1501 368 1545 gerit
390 1502 427 1534 in
447 1499 610 1545 Europa,
637 1513 706 1545 quo
726 1501 823 1534 domi
840 1508 961 1543 regnat
978 1500 1112 1544 Longi-

119 1565 264 1594 manus,
291 1552 352 1598 qui
368 1565 446 1586 cum
463 1553 594 1586 virtute
612 1558 644 1585 et
663 1552 790 1596 pietate
806 1553 1008 1593 excelleret,
1034 1564 1111 1585 mo-

119 1601 302 1637 narchiam
327 1610 524 1648 quassatam
550 1610 666 1636 tamen
691 1601 806 1636 adhuc
831 1603 1015 1643 fulciebat,
1049 1615 1113 1636 nec

120 1663 215 1689 extra
233 1653 414 1698 Europam
441 1654 553 1687 multa
570 1653 685 1686 Persis
703 1651 771 1687 hoc
787 1661 958 1697 regnante
976 1655 1111 1687 ademta

120 1713 217 1740 sunt.
265 1705 389 1739 Postea
414 1712 551 1738 secutae
573 1711 655 1738 sunt
680 1705 893 1738 defectiones
911 1705 1112 1748 provincia—

119 1770 198 1791 rum
218 1757 368 1802 Aegypti
387 1764 419 1790 et
436 1757 603 1796 aliarum,
632 1763 788 1789 secutum
807 1763 839 1789 et
858 1756 991 1789 bellum
1009 1756 1112 1788 civile

118 1809 213 1842 inter
228 1809 316 1841 duos
333 1808 475 1848 fratres,
503 1806 634 1853 Cyrum
651 1807 827 1840 iuniorem
846 1813 877 1839 et
894 1805 1112 1839 Artaxerxen

118 1857 365 1894 BInemonem.

223 1925 295 1959 Nec
317 1926 407 1959 alius
428 1926 537 1969 magis
561 1926 737 1959 beneficus
755 1926 822 1959 fuit
841 1937 921 1969 erga
940 1925 1111 1969 populum

121 1977 191 2011 Dei
223 1989 327 2022 quam
345 1977 616 2020 ‚Longimanuffi
650 1989 731 2009 nam
768 1975 835 2010 hoc
860 1983 1028 2019 regnante
1052 1977 1113 2008 de-

124 2034 256 2061 cretum
290 2029 332 2061 de
366 2029 622 2062 instauratione
657 2028 779 2071 templi
810 2034 1019 2061 renovatum
1052 2033 1111 2061 est.
1138 2039 1141 2069 3

122 2076 172 2112 Et
207 2086 350 2122 apparet
378 2080 451 2112 eius
482 2080 689 2124 praecipuos
719 2079 973 2122 gubernatores
1006 2078 1111 2111 fuisse

123 2127 271 2162 Esdram
299 2137 331 2162 et
355 2128 575 2164 Nehemiam.
630 2129 830 2175 Respondit
854 2130 964 2173 igitur
989 2129 1112 2163 virtuti
1139 2164 1140 2167 Ἰ

123 2182 279 2215 fortuna.
338 2180 435 2213 Deus
458 2193 572 2225 regem
596 2183 816 2221 modestum,
850 2183 970 2226 pium,
1005 2181 1113 2213 bene--

124 2231 310 2264 facientem
332 2229 506 2265 Ecclesiae
532 2233 680 2277 protexit
701 2245 739 2266 ac
762 2233 851 2266 iuvit
876 2233 912 2265 in
937 2232 1112 2275 guberna-

125 2283 222 2316 tione
241 2288 273 2315 et
289 2282 493 2315 defensione
508 2284 626 2326 regni,
653 2285 751 2318 dedit
766 2284 871 2317 etiam
890 2284 919 2316 ei
937 2283 1112 2327 placidum

125 2334 270 2367 exitum.
337 2333 454 2367 Huius
480 2345 561 2377 ergo
585 2335 754 2369 modestia
780 2343 813 2369 et
836 2335 946 2380 pietas
972 2334 1115 2367 imitau-
1141 2330 1143 2341 ¹

126 2386 169 2418 da
186 2390 247 2418 est.

230 2449 411 2484 Hactenus
437 2450 480 2483 de
497 2448 612 2483 Persis
637 2453 865 2488 concionatus
882 2460 932 2487 est
947 2451 1117 2496 Angelus,

126 2503 281 2537 breviter
304 2502 468 2546 quidem,
499 2502 558 2533 sed
582 2508 699 2536 tamen
723 2505 923 2548 significans
947 2505 1116 2550 quosdam
1144 2515 1146 2550 ᾗ

129 2551 246 2588 adhuc
269 2553 436 2586 florentes
459 2564 555 2596 reges
578 2552 663 2585 fore.
728 2554 797 2589 Sed
822 2563 940 2599 postea
965 2554 1119 2589 Graecos

630 74 681 109 IN
707 71 971 109 DANIELEM
996 70 1313 108 PROPHETAM
1341 55 1764 109 COMMENTARIUS.

1143 2457 1145 2475 ³
1170 2452 1413 2496 gnifaciendffi
1446 2460 1567 2481 verum
1598 2453 1660 2480 est.

131 2606 384 2639 dilaceraturos
407 2615 479 2637 esse
498 2601 754 2639 monarchiam.
806 2605 936 2651 Incipit
951 2607 1060 2650 igitur
1077 2607 1120 2640 de

131 2654 279 2690 Graecis
297 2655 425 2689 dicere.

186 2708 362 2739 MELANTH.
383 2708 486 2739 Orsa.
510 2708 592 2738 Yon.
610 2707 703 2740 ΧΠῙ.

2093 73 2167 110 914

1476 160 1542 193 De
1567 156 1854 193 Alexandro.

1171 220 1215 252 Et
1244 216 1361 251 stabit
1391 228 1459 251 rex
1479 217 1615 263 fortis,
1652 224 1688 253 et
1711 217 1970 254 dominabitur
1994 218 2161 253 domina-

1170 272 1271 303 tione
1296 280 1454 314 magna,
1493 274 1530 303 et
1552 268 1674 313 faciet
1697 270 1904 304 secundum
1927 270 2160 304 voluntatem

1168 332 1291 354 suam.
1370 322 1416 353 Et
1448 331 1533 354 cum
1567 324 1719 355 steterit
1754 325 1974 355 conteretur
2005 333 2161 367 regnum

1169 375 1272 411 eius,
1299 376 1335 404 et
1353 370 1596 417 disJ)er9elur
1613 374 1649 405 ἰη
1668 377 1828 416 quatuor
1844 376 1969 406 ventos
1987 374 2098 413 coeli,
2127 377 2163 406 et

1168 435 1241 457 non
1269 421 1320 456 ad
1339 427 1507 466 posteros
1530 434 1633 465 suos,
1663 434 1731 456 nec
1757 426 1830 457 erit
1852 427 1965 457 tanta
1990 426 2160 467 potentia

1168 484 1438 514 successorum,
1475 477 1616 518 qustum
1645 475 1766 517 ipsius
1790 472 1889 517 fuit,
1925 476 2015 519 quia
2040 477 2161 509 extir-

1224 524 1377 570 pctbilzcr
1394 535 1547 570 reynum
1566 527 1668 566 eius,
1697 530 1731 558 et
1750 524 1801 557 ad
1817 526 1960 558 ale'enos
1978 531 2102 559 trans-

1586 573 1744 619 feretur.

1269 641 1366 675 Haec
1383 642 1489 675 verba
1507 642 1550 675 de
1559 642 1764 674 Alexandro
1782 641 2032 682 vaticinantur,
2057 654 2161 687 quem

1168 700 1199 727 et
1225 705 1330 737 supra
1354 693 1444 727 dixit
1469 690 1675 726 monarchia
1693 691 1831 725 Persica
1856 692 2053 736 potiturum
2078 704 2162 727 esse.

1168 744 1237 778 Sed
1262 744 1359 778 addit
1384 745 1477 785 fore,
1505 751 1544 777 ut
1567 744 1673 787 paulo
1694 750 1770 786 post
1788 743 2000 776 dilaceretur
2019 755 2162 776 monar-

1168 793 1263 832 chia,
1291 796 1372 840 quia
1393 794 1596 828 Alexandro
1621 795 1726 827 multi
1746 795 1852 827 duces
1871 795 2062 827 successuri
2082 794 2162 835 sint,

1136 852 1142 868 ¹
1168 847 1330 891 partituri
1356 847 1449 879 inter
1472 858 1506 879 se
1531 845 1748 890 provincias,
1783 851 1816 878 et
1840 845 2044 878 dimicaturi
2070 845 2163 878 inter

1167 909 1202 930 se
1235 899 1278 930 de
1310 897 1473 941 imperio.
1541 896 1625 930 Ideo
1649 896 1786 941 inquit,
1821 894 2080 928 Perventururn
2103 908 2160 928 re-

1167 961 1274 992 gnum
1302 960 1375 981 non
1392 949 1433 981 ad
1455 954 1633 992 posteros,
1661 947 1696 979 id
1716 953 1787 987 est,
1815 958 1887 979 non
1906 947 1947 979 ad
1966 958 2078 979 unuin
2095 946 2163 979 ali-

1168 1011 1270 1044 quem
1303 997 1489 1032 haeredem
1521 1011 1561 1032 ex
1586 999 1662 1042 ipso
1687 1005 1827 1038 natum,
1864 998 1922 1030 sed
1948 998 1991 1030 ad
2018 997 2163 1038 alienos,

1168 1050 1331 1083 videlicet
1361 1051 1403 1083 ad
1435 1051 1558 1089 duces,
1602 1050 1663 1094 qui
1692 1061 1771 1082 cum
1804 1048 1880 1092 ipso
1911 1048 2163 1083 militaverant.

1167 1101 1348 1144 Significat
1364 1107 1480 1134 autem
1499 1112 1641 1143 magnas
1658 1100 1732 1132 fore
1750 1099 1963 1132 calamitates
1981 1099 2078 1132 orbis
2092 1106 2163 1132 ter-

1168 1164 1309 1195 rarum,
1338 1152 1419 1197 quia
1446 1152 1536 1184 bella
1563 1158 1631 1183 tam
1652 1150 1749 1184 varia
1770 1161 2008 1183 successorum
2028 1150 2162 1183 factura

1168 1211 1265 1236 erant
1290 1205 1430 1236 crebras
1454 1215 1571 1235 rerum
1598 1202 1831 1241 mutationes,
1860 1212 1948 1246 quae
1972 1212 2045 1233 non
2072 1200 2161 1233 fiunt

1167 1255 1332 1288 molliter.

1271 1304 1530 1338 Venustissime
1554 1310 1588 1337 et
1605 1301 1864 1347 sapientissime
1880 1301 2016 1334 dixerat
2031 1299 2161 1335 Dema-

1168 1357 1246 1393 des,
1274 1356 1480 1388 Alexandro
1506 1361 1666 1393 mortuo,
1695 1353 1884 1385 exercitum
1912 1353 1985 1384 eius
2008 1352 2159 1384 similem

1168 1419 1239 1439 esse
1266 1406 1414 1452 Cyclopi
1446 1405 1573 1438 effosso
1600 1404 1716 1438 oculo.
1760 1402 1808 1437 Ut
1831 1402 1924 1435 enim
1949 1403 2009 1435 illa
2033 1414 2160 1445 magna

1167 1458 1295 1498 moles,
1322 1458 1447 1490 amissa
1472 1457 1549 1489 luce
1575 1455 1688 1495 oculi,
1716 1454 1811 1487 varie
1830 1460 1988 1486 errantes
2006 1453 2161 1497 impetus

1167 1516 1200 1542 et
1222 1508 1368 1543 inutiles
1394 1506 1561 1541 habebat:
1590 1507 1636 1539 ita
1661 1505 1832 1539 exercitus
1855 1504 1930 1537 sine
1955 1505 2042 1537 duce
2066 1504 2161 1537 varie

1167 1561 1311 1601 ruebat,
1341 1566 1373 1592 et
1391 1559 1531 1592 nullum
1550 1564 1684 1591 certum
1699 1567 1847 1599 regnum
1864 1555 2079 1588 constituere
2095 1567 2160 1599 po—

1167 1618 1268 1646 terat.
1324 1610 1495 1653 Quotidie
1516 1621 1607 1641 nova
1631 1608 1793 1647 foedera,
1820 1618 1933 1638 novae
1957 1606 2160 1639 distractio—

1168 1674 1229 1694 nes
1261 1662 1438 1695 sociorum
1472 1660 1618 1692 fiebant:
1656 1657 1729 1701 Qui
1759 1657 1866 1701 paulo
1897 1663 1978 1689 ante
2007 1657 2101 1690 inter
2125 1668 2160 1690 se

1167 1712 1396 1746 sanctissimis
1433 1711 1605 1744 foederib.
1635 1708 1817 1742 coniuncti
1847 1708 2006 1748 fuerant,
2040 1714 2159 1750 postea

1166 1764 1246 1797 sacti
1268 1762 1402 1800 hostes,
1432 1769 1552 1794 mutua
1576 1760 1716 1793 laninea
1736 1758 1919 1802 peribant,
1946 1770 1985 1791 ac
2001 1758 2159 1791 declara-

1168 1816 1250 1848 bant
1273 1813 1380 1847 nimis
1404 1825 1521 1846 veram
1549 1823 1619 1844 esse
1637 1822 1777 1851 vocem,
1804 1820 1893 1854 quae
1910 1815 2002 1842 extat
2018 1809 2054 1841 in
2072 1821 2157 1854 qua-

1167 1867 1247 1899 dam
1266 1864 1446 1907 tragoedia
1464 1863 1635 1897 Senecae:

1326 1917 1394 1948 Non
1412 1921 1500 1947 intrat
1517 1927 1652 1957 unquam
1667 1916 1784 1954 regium
1803 1916 1895 1943 limen
1912 1914 1994 1943 fides.

1271 1966 1339 2000 Sed
1367 1978 1475 2010 pauca
1499 1967 1542 1997 de
1560 1963 1763 1997 Alexandro
1789 1963 1965 2001 dicamus,
1992 1967 2030 1994 ut
2050 1960 2159 1993 lector

1168 2018 1379 2061 cogitatione
1409 2015 1537 2050 horum
1569 2014 1810 2058 exemplorum
1840 2019 1874 2046 et
1898 2012 2022 2045 iudicii
2045 2011 2159 2044 divini

1167 2081 1201 2103 se
1218 2070 1260 2102 ad
1279 2069 1442 2102 timorem
1460 2066 1525 2100 Dei
1543 2066 1722 2099 exuscitet.

1271 2144 1453 2184 Primum,
1488 2142 1630 2188 quantis
1662 2140 1766 2173 donis
1799 2152 1817 2172 a
1843 2137 1918 2172 Deo
1946 2144 2090 2170 ornatus
2114 2136 2159 2170 sit

1169 2195 1378 2236 Alexander,
1406 2195 1601 2228 considera.
1650 2191 1822 2234 Blagnum
1839 2191 1944 2222 decus
1960 2188 2037 2228 suit,
2063 2188 2158 2232 quod

1169 2248 1312 2281 caeteris
1337 2246 1478 2286 regibus
1503 2244 1670 2278 omnibus
1694 2255 1710 2275 a
1731 2242 1805 2275 Deo
1830 2240 2008 2285 praelatus
2031 2244 2098 2279 est,
2126 2244 2160 2271 et

1169 2301 1321 2332 donatus
1344 2297 1440 2331 orbis
1466 2304 1637 2329 terrarum
1662 2292 1832 2336 imperio,
1865 2290 2012 2334 opibuS,
2038 2288 2160 2322 multis

1170 2350 1333 2394 gloriosis
1353 2348 1522 2381 victoriis.
1575 2344 1668 2378 Haec
1688 2342 1900 2386 suspiciunt,
1926 2340 2161 2380 admirantur,

1171 2400 1427 2444 magnifaciunt
1450 2409 1581 2432 omnes,
1642 2394 1687 2428 Et
1709 2405 1781 2426 esse
1803 2391 1870 2425 Dei
1894 2390 2062 2424 beneficia
2085 2402 2160 2423 ma-

1729 2443 1798 2477 Sed
1826 2443 1907 2476 volo
1939 2441 2005 2474 alia
2038 2441 2160 2474 divina

1171 2509 1378 2537 ornamenta
1402 2502 1506 2543 longe
1532 2497 1667 2531 maiora
1691 2496 1794 2529 etiam
1821 2493 1948 2537 aspici,
1977 2504 2065 2537 quae
2084 2492 2162 2525 vul-

1172 2566 1235 2599 gus
1254 2565 1326 2586 non
1347 2552 1495 2596 perinde
1513 2549 1674 2583 miratur,

1276 2603 1363 2637 Erat
1392 2603 1428 2634 in
1456 2599 1660 2635 Alexandro
1691 2595 1898 2630 admiranda
1927 2601 2075 2627 naturae
2100 2592 2162 2632 vis,

1146 2654 1451 2701 .sapientissimos
1483 2662 1582 2686 senes
1615 2649 1763 2682 consilio
1793 2647 1976 2687 vincebat,
2021 2651 2163 2688 propter

1601 2698 1649 2734 58
