2379 2948
163 125 234 159 311

167 207 289 240 cendia
314 207 489 240 exuscitat.
542 203 680 236 Deinde
706 207 868 241 externa,
904 196 1151 242 helluationes,

167 264 200 291 et
216 258 497 291 conversationes
515 264 639 297 pravae
654 257 737 284 sunt
753 247 928 298 σύνεργα.

273 308 313 340 ln
338 305 495 351 hydrope
519 304 637 336 αἴτιον
654 309 704 336 est
721 302 758 334 in
781 308 879 346 epate
897 301 1062 336 extinctio
1079 301 1152 334 vir-

171 359 254 391 tutis
272 356 444 399 gignentis
461 354 666 397 sauguinem
678 379 687 392 ,
715 365 793 385 cum
808 352 972 386 videlicet
994 363 1075 396 epar
1088 352 1153 384 sri-

171 408 285 451 gidius
314 414 345 439 et
376 404 557 437 humidius
584 404 640 441 fit,
667 409 700 436 et
717 415 806 447 pene
829 409 1026 446 putrescere
1045 409 1076 435 et
1103 403 1154 434 la-

172 457 280 490 cerari
305 455 437 498 incipit.
482 453 522 487 In
546 454 609 487 tali
626 460 724 498 epate
749 465 828 487 cum
853 454 1077 496 extinguatur
1102 452 1154 484 vis

171 506 398 539 convertendi
423 505 632 538 nutrimenti
661 505 698 537 in
723 504 947 547 sanguinem,
980 510 1013 537 et
1037 502 1155 545 expel-

171 556 268 588 lendi
284 556 560 599 superfluitates,
587 561 699 588 totum
715 566 838 598 corpus
857 553 1025 598 paulatim
1042 553 1156 596 reple-

172 614 229 640 tur
244 607 350 639 cruda
370 604 600 646 humiditate,
627 616 716 649 quae
734 611 767 637 et
784 605 899 648 ipsum
925 615 1008 647 epar
1023 609 1055 636 et
1071 603 1156 635 alias

171 657 262 689 vires
284 656 393 699 magis
417 656 588 689 debilitat.
639 653 686 688 Et
711 667 789 688 cum
813 666 885 687 non
905 654 963 686 fiat
985 653 1157 695 expulsio,

172 707 268 740 intus
284 707 486 740 accenditur
503 706 598 739 calor
623 704 931 748 praeternaturalis
951 716 990 736 ac
1010 703 1158 743 febrilis,

172 763 315 800 propter
331 769 433 802 quem
455 763 554 800 epate
575 755 795 788 inflammato
814 755 888 788 sitis
904 760 1060 797 augetur.
1095 751 1158 787 Est

172 808 295 850 igitur,
322 814 360 840 ut
379 808 472 848 dixi,
501 807 619 840 αἴτιον
641 803 811 850 hydropis
837 805 1001 838 extinctio
1018 804 1158 837 virtutis

172 858 208 889 in
239 864 347 901 epate.

274 906 480 942 Σωάίτιον
504 906 674 953 hydropis
698 914 748 941 est
771 906 862 939 mala
880 905 990 939 coctio
1017 906 1054 938 in
1073 917 1157 938 ven-

174 958 313 993 triculo.

173 1020 212 1040 ex
231 1009 427 1042 ventriculo
446 1009 592 1041 crudum
619 1005 759 1052 chylum
784 1007 921 1050 accipit.

275 1055 453 1104 Σώέργα
471 1065 617 1101 possunt
642 1069 713 1089 esse
733 1057 862 1096 multa,
890 1056 1079 1089 immodica
1104 1056 1160 1088 in-

175 1108 381 1150 gurgitatio,
409 1109 544 1141 labores
562 1107 811 1150 intempestivi,
842 1106 980 1146 Venus,
1007 1107 1159 1149 vigiliae,

173 1158 311 1190 dolores
345 1158 474 1199 animi,
514 1157 742 1201 impedientes
778 1156 948 1189 naturalis
983 1157 1160 1201 potentiae

175 1214 339 1241 actiones.

576 1295 755 1337 Septima.

275 1358 513 1392 Efficientium
541 1359 610 1391 alia
633 1365 715 1391 sunt
746 1358 910 1391 ordinata
938 1365 971 1391 et
998 1359 1160 1401 copulata

176 1409 426 1448 essentialiter,
453 1415 491 1442 ut
507 1420 580 1441 mas
598 1415 631 1442 et
644 1408 799 1440 foemina
816 1414 898 1441 sunt
917 1419 1036 1441 causae
1053 1420 1160 1452 copu-

175 1460 264 1493 latae
286 1458 533 1501 generationis.
587 1456 784 1492 Ordinatae
802 1465 900 1498 sunt,
926 1465 966 1491 ut
989 1460 1161 1491 secundae

175 1521 297 1542 causae
316 1521 388 1541 non
405 1516 486 1542 sunt
503 1509 656 1542 efficaces
672 1508 747 1541 sine
764 1509 895 1551 prima,
921 1508 1039 1541 minus
1061 1509 1161 1553 prin-

174 1560 302 1603 cipales
318 1571 391 1592 non
410 1566 491 1593 sunt
509 1559 661 1592 efficaces
679 1559 755 1591 sine
771 1559 969 1602 principali.
1022 1558 1160 1592 Volun-

175 1616 226 1642 tas
243 1621 315 1642 non
331 1610 420 1652 agit,
449 1610 515 1642 nisi
538 1610 637 1653 prius
654 1615 775 1652 agente
793 1609 990 1649 intellectu,
1017 1616 1055 1642 ut
1073 1610 1161 1642 dici-

176 1667 252 1693 tur:
284 1659 397 1702 Ignoti
418 1660 514 1692 nulla
533 1660 672 1703 cupido.
713 1658 782 1692 Sed
799 1659 910 1702 prima
930 1671 1032 1692 causa
1050 1667 1160 1703 potest

175 1721 274 1752 agere
293 1710 367 1742 sine
383 1710 562 1749 secundis,
584 1717 623 1742 ut
639 1709 836 1742 intellectus
853 1709 927 1742 sine
944 1711 1134 1745 voluntate.

275 1757 355 1792 Alia
373 1760 559 1793 efficientia
578 1771 650 1792 non
674 1766 757 1792 sunt
773 1760 968 1792 necessario
986 1761 1161 1804 copulata,

174 1816 212 1842 ut
229 1811 299 1842 ‹luo
317 1810 396 1854 equi
414 1808 591 1843 trahentes
610 1822 763 1849 currum,
787 1822 940 1854 quorum
956 1811 1044 1843 alter
1059 1818 1160 1844 aucto

176 1861 302 1892 robore
314 1887 321 1899 ,
349 1861 444 1893 solus
461 1867 575 1903 posset
594 1858 730 1894 trahere
748 1872 903 1894 currum.

588 1946 742 1979 Octava.

405 118 614 157 SCRIPTA
640 116 716 152 PH.
742 112 859 149 MEL.
885 112 952 148 AD
978 112 1106 150 HIST.
1134 113 1279 154 PROF.
1306 115 1372 153 ET
1399 117 1592 154 PHlLOS.
1619 117 1938 156 SPECTANTIA.

367 958 587 1001 Languidior
611 965 660 991 est
686 957 780 990 enim
806 956 914 1000 epatis
940 956 1050 995 actio,
1078 956 1158 1001 quia
1183 973 1185 978 v

1186 1971 1188 1982 .
1216 1954 1341 1979 vocant
1357 1958 1493 1978 causam
1517 1944 1813 1992 7190117‘012116'1'1J1s.

2115 123 2192 159 312

1632 206 1756 239 Νοηα.

1305 270 1542 306 Efficientium
1571 273 1638 306 alia
1663 279 1746 306 sunt
1773 279 1927 314 remota,
1953 275 2021 308 alia
2043 274 2190 319 propin-

1204 333 1284 367 qua.
1336 321 1487 356 Remota
1504 335 1593 368 quae
1613 330 1663 357 est
1680 335 1782 357 causa
1800 335 1941 364 causae,
1966 331 2006 357 ut.
2030 337 2115 358 avus
2139 332 2191 359 est

1204 384 1306 405 causa
1335 381 1467 407 remota
1498 374 1654 418 nepotiS,
1688 374 1810 407 vinum
1841 381 1893 408 est
1923 381 2057 408 remota
2087 387 2189 408 causa

1206 423 1403 463 ebrietatis,
1430 435 1490 457 seu
1505 425 1636 457 suroris
1654 424 1845 458 ebriorum.

1308 472 1451 507 Cometa
1469 481 1518 507 est
1535 486 1636 508 causa
1656 482 1831 508 certorum
1852 475 2058 508 morborum
2070 502 2079 516 ,
2109 474 2192 519 quia

1206 523 1374 567 dissipato
1391 522 1502 558 halitu
1518 532 1703 565 venenato,
1727 528 1785 558 ae'r
1803 526 1969 567 inficitur,
1993 537 2097 570 quem
2113 537 2193 558 cum

1208 572 1391 607 attrahunt
1420 587 1565 618 corpora
1599 576 1851 617 animantium,
1887 577 2095 609 inficiuntur
2119 575 2194 618 ipsa

1208 636 1358 668 quoque.
1394 624 1528 668 Lapsus
1545 624 1746 658 Salomonis
1763 633 1813 660 est
1830 639 1931 659 causa
1949 626 2125 660 bellorum
2143 625 2193 659 ci-

1208 674 1346 713 vilium,
1372 686 1461 718 quae
1478 682 1555 718 post
1572 675 1672 717 regni
1688 675 1951 710 distractionem
1969 683 2084 710 secuta
2101 683 2193 709 sunt.

1311 724 1537 769 propinquae
1552 737 1674 758 causae
1691 732 1786 766 sunt,
1813 738 1901 770 quae
1917 727 2096 770 proximae
2113 732 2195 759 sunt

1211 774 1365 808 effectui:
1401 782 1438 808 ut
1456 776 1557 809 multi
1576 777 1750 809 ferventes
1768 774 1898 810 halitus
1914 789 1954 809 ex
1971 777 2072 817 vino,
2100 777 2196 821 quod

1209 824 1352 867 largiter
1371 823 1533 858 haustum
1559 826 1673 870 coepit
1694 826 1836 871 quidem
1863 827 1974 860 calere
1999 827 2036 858 in
2063 827 2196 860 ventri-

1211 875 1306 915 culo,
1334 877 1392 908 sed
1418 884 1534 910 tamen
1561 875 1675 909 adhuc
1699 878 1847 909 crudum
1878 884 1945 918 est,
1972 878 2197 910 ascendentes

1211 925 1247 957 in
1267 927 1466 966 cerebrum,
1494 927 1555 971 qui
1571 940 1649 960 cum
1669 929 1865 961 accendunt
1881 935 1913 961 et
1931 928 2077 961 turbant
2093 927 2197 971 spiri-

1210 982 1284 1014 tus,
1310 976 1443 1009 faciunt
1460 978 1610 1017 furores,
1639 985 1671 1011 et
1694 978 1893 1021 impediunt
1920 985 1995 1012 tum
2013 977 2197 1021 cogitatio-

1211 1038 1310 1066 nem,
1339 1033 1412 1060 tum
1428 1039 1554 1060 nervos
1570 1035 1729 1071 regentes
1745 1035 1891 1062 motum.

1609 1121 1783 1154 Decima.

1315 1182 1553 1219 Efficientium
1573 1186 1662 1218 aliae
1687 1193 1768 1219 sunt
1788 1187 1931 1226 totales,
1956 1186 2045 1219 aliae
2070 1187 2200 1230 partia-

1327 1235 1491 1276 'l'otales,
1525 1243 1564 1269 ut
1594 1243 1693 1280 pater
1727 1243 1759 1269 et
1790 1243 1900 1269 mater
1930 1243 2012 1269 sunt
2043 1237 2200 1280 integrae

1213 1298 1334 1318 causae
1356 1287 1576 1330 propinquae
1604 1287 1747 1320 sobolis.
1803 1285 1940 1319 Oculus
1965 1293 1998 1319 et
2022 1288 2199 1320 obiectum

1212 1343 1293 1368 sunt
1310 1336 1465 1379 integrae
1482 1348 1602 1369 causae
1624 1337 1781 1369 visionis.
1836 1335 1919 1368 Dixi
1941 1343 2057 1369 autem
2081 1348 2200 1380 supra,

1213 1386 1298 1418 alias
1314 1387 1507 1418 necessario
1527 1386 1704 1429 copulatas
1723 1398 1811 1426 esse,
1837 1386 1923 1419 alias
1946 1398 2018 1419 non
2043 1399 2200 1421 necessa-

1211 1436 1265 1469 rio
1289 1436 1466 1480 copulatas
1483 1448 1564 1468 esse.

1212 1235 1272 1268 les.

1600 1526 1774 1562 Undece'm
1781 1539 1814 1562 α.

1315 1592 1552 1627 Efficientium
1583 1594 1649 1626 alia
1682 1601 1731 1627 est
1755 1595 1981 1635 antecedens,
2014 1607 2032 1628 a
2051 1595 2201 1629 Medicis

1214 1645 1306 1677 dicta
1329 1642 1608 1691 προηγουμένη,
1644 1644 1710 1676 alia
1736 1651 1785 1677 est
1809 1645 1990 1687 primitiva
2013 1657 2032 1678 a
2050 1645 2201 1680 Medicis

1215 1702 1416 1737 nuncupata
1443 1693 1753 1740 προκαταρκτικὴ,
1772 1695 1952 1730 irritatrix.
2003 1693 2067 1729 Est
2083 1704 2199 1730 autem

1213 1743 1472 1791 προηγουμένη
1505 1745 1621 1789 aliqua
1652 1745 1800 1778 interior
1822 1746 2023 1789 dispositio,
2058 1754 2097 1779 ut
2120 1754 2201 1781 ante

1213 1796 1338 1829 febrim
1365 1795 1549 1829 tertianam
1578 1795 1717 1838 copiosa
1742 1796 1846 1828 rubra
1873 1796 1953 1828 bilis
1979 1803 2028 1829 est
2058 1797 2096 1829 in
2121 1809 2200 1830 cor-

1215 1858 1318 1890 pore,
1352 1858 1460 1890 quae,
1490 1845 1571 1890 quia
1598 1858 1671 1878 non
1695 1847 1899 1889 expellitur,
1934 1847 2103 1889 paulatim
2134 1858 2199 1890 pu-

1214 1904 1360 1930 trescere
1384 1897 1520 1940 incipit.
1573 1895 1674 1928 Hanc
1706 1896 1908 1928 interiorem
1932 1897 2200 1939 dispositionem

1867 1945 1935 1979 Sed
1956 1947 2023 1979 alia
2046 1954 2096 1980 est
2113 1960 2201 1991 quae

275 2009 515 2044 Efficientium
544 2010 641 2042 aliud
668 2012 799 2045 dicitur
822 2014 1037 2053 universale,
1064 2013 1161 2046 aliud
1186 1988 1188 2045 l
1215 1999 1299 2030 f⁰s¹⁵
1319 2003 1452 2035 “Utat‘
1479 2003 1518 2029 ut
1535 2008 1665 2028 numus
1682 2003 1797 2028 'umus
1814 2008 1850 2028 ¹¹¹
1868 2003 1983 2036 ‘'esm’
2006 2009 2066 2041 (³¹¹¹
2090 2008 2200 2040 “¹³3ss

176 2112 307 2145 scilicet
318 2110 444 2150 Deum,
462 2110 542 2154 quia
555 2122 676 2143 omnes
695 2114 868 2146 secundae
880 2126 1002 2146 causae
1019 2125 1161 2146 servan-

175 2062 397 2106 particulare.
440 2060 645 2093 Universale
660 2074 824 2095 vocamus
845 2065 994 2107 primam
1013 2075 1163 2101 causam,
1186 2047 1188 2105 l
1215 2048 1373 2080 ‘'scen‘ht
1389 2047 1484 2079 ’llam
1503 2058 1678 2089 copmsam
1697 2046 1814 2086 b¹¹⁴²¹m’
1833 2044 1916 2079 haec
1932 2059 2201 2091 ”ponemumn‘

1187 2120 1188 2123 =
1213 2096 1258 2142 κὴ
1286 2098 1424 2131 dieitur.

1478 2095 1528 2129 lta
1551 2097 1620 2128 dici
1647 2103 1758 2139 potest
1781 2108 1882 2129 causa
1911 2097 1995 2129 belli
2021 2098 2134 2130 civilis
2161 2099 2198 2131 in

176 2169 258 2195 tura
271 2162 395 2204 prima,
407 2161 638 2193 sicutdictum
651 2167 717 2193 est:
738 2161 830 2195 Iovis
843 2164 958 2196 omnia
975 2164 1088 2206 plena.
1117 2162 1163 2197 Et
1186 2155 1188 2171 ⁴
1216 2148 1307 2181 Inl¹⁰
1323 2145 1582 2193 προηγουμένη
1597 2148 1769 2189 cup¹d¹t³⁵
1785 2154 2011 2190 punc'pams*
2035 2149 2091 2180 δρᾶ
2108 2160 2198 2192 7190—

175 2212 304 2244 Paulus
322 2211 457 2255 inquit:
492 2210 532 2242 ln
551 2211 627 2254 ipso
642 2223 772 2253 sumus,
801 2214 964 2250 vivimus,
993 2220 1025 2246 et
1043 2226 1160 2247 move-
1186 2223 1188 2247 .’

177 2274 264 2294 mur.
320 2261 388 2294 Sed
415 2258 634 2293 Aristotelici
656 2273 756 2306 saepe
776 2264 1010 2297 universalem
1036 2272 1162 2297 vocant

179 2319 309 2344 motum
327 2311 426 2344 coeli.
476 2310 577 2344 Hanc
600 2323 738 2346 causam
762 2314 872 2357 magis
895 2315 1075 2358 perspicue
1099 2316 1161 2347 ad·
1185 2302 1188 2356 1

178 2362 306 2404 pellare
327 2373 510 2405 possumus
528 2362 722 2399 coelestem.
758 2362 805 2398 Et
821 2365 927 2398 sentit
943 2365 1160 2405 Aristoteles,

179 2411 310 2443 nullam
328 2423 465 2444 causam
485 2412 687 2447 inferiorern
705 2426 805 2458 posse
821 2416 993 2449 efficacem
1014 2427 1102 2455 esse,
1132 2416 1160 2448 si

179 2461 313 2492 coelum
333 2473 404 2493 non
421 2470 613 2498 moveatur.

281 2509 380 2542 Aliae
403 2523 523 2544 causae
552 2513 720 2548 dicuntur
749 2516 994 2560 particulares,
1029 2515 1160 2548 scilicet
1184 2530 1185 2561 t

676 2566 723 2599 Ut
739 2567 898 2599 coelestis
916 2578 1016 2600 causa
1032 2565 1159 2605 morbi,
1183 2597 1185 2603 ,

179 2560 363 2593 inferiores
380 2568 411 2593 et
431 2562 626 2604 propiores.

179 2617 228 2643 est
244 2611 333 2643 mala
353 2611 554 2644 coniunctio
574 2613 717 2647 Saturni
743 2624 776 2650 et
793 2617 939 2658 Martis,
967 2616 1156 2662 particula-

179 2661 227 2693 ris
242 2672 361 2701 causa,
390 2668 582 2696 venenatus
599 2661 727 2698 humor
743 2666 780 2698 in
797 2679 954 2711 corpore.

1213 2196 1435 2244 καταρκτικὴ
1454 2198 1584 2242 ereptio
1603 2198 1806 2230 consulatus
1822 2198 1909 2230 facta
1933 2210 1950 2230 a
1968 2197 2147 2242 Po1npei0.

1580 2294 1828 2329 Duodecinza.

1316 2361 1516 2396 Efficientes
1543 2363 1631 2395 aliae
1661 2369 1768 2404 agunt
1803 2369 1918 2396 motae
1948 2362 1990 2394 ab
2020 2363 2114 2403 aliis,
2159 2372 2197 2398 ut

1214 2414 1378 2447 voluntas
1397 2426 1470 2446 non
1488 2413 1574 2456 agit,
1604 2413 1673 2445 nisi
1690 2413 1869 2446 obiectum
1887 2419 2118 2446 monstratum
2139 2416 2195 2448 sit.

1212 2465 1356 2508 Appetit
1389 2471 1503 2497 autem
1542 2475 1621 2495 cum
1661 2470 1877 2496 monstratur
1912 2462 2047 2495 ratione
2078 2464 2196 2509 aliqua

1213 2516 1308 2547 boni.
1344 2514 1459 2556 Fugit,
1489 2525 1566 2547 cum
1585 2520 1801 2547 monstratur
1818 2513 1953 2546 ratione
1969 2513 2084 2556 aliqua
2100 2516 2195 2555 mali,

1212 2571 1250 2597 ut
1268 2572 1451 2609 postquam
1472 2570 1573 2606 gustu
1590 2562 1884 2607 deprehendimus
1908 2570 2028 2606 potum
2055 2564 2195 2607 linguae

1211 2622 1346 2657 gratum
1372 2626 1461 2654 esse,
1489 2614 1694 2658 appetimus.

1183 2689 1186 2696 ,
1212 2666 1395 2704 luntatem,
1423 2672 1461 2698 ut
1479 2665 1562 2698 velit
1581 2675 1764 2697 aerumnas
1781 2664 1964 2703 sustinere,
1992 2666 2072 2708 quia
2092 2677 2194 2698 mon-

1746 2612 1862 2646 David
1887 2613 1993 2646 flectit
2017 2625 2113 2647 suam
2132 2627 2195 2647 vo-
