2379 2948
150 98 222 133 345
732 95 796 132 ΙΙΙ.
831 93 986 130 ΙΝΙΤΙΑ
1012 91 1305 129 DOCTRINAE
1331 94 1584 133 PHYSICAE.
2095 97 2166 131 364

150 189 208 215 tur
231 193 250 214 a
274 181 397 216 stellis:
435 190 474 217 ut
497 180 665 223 Neronis,
698 181 878 226 Caligulae
903 187 936 214 et
968 179 1133 212 innume-

151 232 318 265 rabilium
353 233 504 267 aliorum
530 234 665 267 furores
691 239 724 266 et
746 233 858 266 exitus
881 232 924 264 ad
940 228 1134 263 Diabolum

150 283 291 327 proprie
308 284 515 318 referantur.

252 340 348 374 Haec
379 341 518 375 collatio
547 351 727 373 causarum
754 340 791 372 in
823 339 926 373 bonis
955 338 1134 372 mentibus

150 398 251 433 auget
268 404 386 424 curam
406 392 576 434 regendae
593 390 801 434 disciplinae
814 417 822 431 ‚
855 397 886 423 et
904 389 1047 434 petendi
1070 401 1133 422 au-

151 441 226 474 xilii
241 442 375 482 divini,
398 448 437 475 ut
452 452 554 483 supra
575 452 716 485 quoque
733 442 865 475 dictum
885 447 945 474 est.

255 499 405 541 Quarto:
444 496 519 530 Etsi
553 509 624 530 non
653 499 772 531 omnia
799 498 951 543 prospici
974 505 1132 542 possunt,

151 562 228 582 cum
247 562 309 582 nec
324 560 444 581 omnes
461 555 606 581 eventus
622 560 639 581 a
667 549 776 581 stellis
794 556 977 592 regantur,
1007 555 1040 582 et
1059 561 1130 581 non
1158 580 1159 586 ,

150 611 272 632 omnes
298 599 567 641 significationes
594 599 774 632 stellarum
804 601 841 632 in
867 606 961 632 tanta
995 600 1133 642 magni-

151 650 273 683 tudine
297 650 381 682 artis
404 649 500 682 cerni
524 650 676 693 possint,
703 657 821 683 tamen
841 651 1010 695 quaedam
1030 662 1132 683 oeco-

149 701 286 733 nomica
304 707 336 733 et
353 700 493 743 politica
511 701 664 744 prospici
687 707 853 744 possunt,
881 713 969 745 quae
992 700 1133 744 praevi-
1158 695 1159 705 ¹

149 752 231 783 dere
261 750 347 783 utile
381 757 439 783 est.
494 749 540 783 Ut
571 758 691 784 narrat
713 748 919 784 Aristoteles
946 749 1131 784 Thaletem

149 800 360 843 praedixisse
377 801 533 833 olearum
550 802 784 841 sterilitatem,
812 809 845 834 et
862 801 992 834 multos
1008 801 1132 833 emisse

149 851 215 883 olei
233 852 337 884 cados
351 863 459 895 parvo
478 852 605 895 precio,
627 864 716 897 quos
732 859 849 895 postea
866 851 998 884 maiore
1015 851 1132 895 precio
1158 847 1159 851 ¹

145 902 318 935 vendidit.

250 959 295 994 Et
317 971 416 1004 saepe
440 961 602 1003 eclipses,
638 967 697 993 aut
723 960 945 1004 superiorum
970 960 1132 993 Planeta-
1158 972 1160 977 ⁸

149 1022 226 1044 rum
245 1011 512 1044 coniunctiones
530 1023 602 1043 non
623 1012 771 1044 obscure
795 1011 991 1053 significant
1014 1011 1132 1055 perni-

149 1061 261 1094 ciosos
288 1068 422 1102 aestus,
456 1069 516 1094 aut
544 1062 651 1094 nimis
675 1063 834 1094 assiduos
864 1062 1011 1099 imbres,
1046 1073 1134 1105 quae

149 1113 239 1145 duae
263 1124 385 1145 causae
405 1112 623 1145 sterilitatem
646 1113 822 1145 adferunt.
888 1110 989 1144 llanc
1013 1112 1132 1156 aliquo

150 1163 254 1195 modo
270 1163 474 1206 praevidere
492 1162 579 1195 utile
597 1169 657 1197 est.

249 1220 451 1254 Fridericus
470 1218 676 1254 Austriacus
696 1221 904 1264 imperator,
933 1227 1030 1264 pater
1054 1219 1134 1252 Ma-

149 1271 323 1304 ximiliani
342 1271 575 1314 imperatoris,
600 1272 663 1305 etsi
679 1272 824 1304 cuilibet
842 1282 961 1313 regum
978 1271 1134 1314 potentia

150 1329 182 1355 et
199 1322 347 1355 consilio
358 1332 421 1364 par
437 1327 520 1360 erat,
548 1327 581 1354 et
596 1322 777 1354 adiunctas
794 1319 945 1354 habebat
963 1320 1135 1364 potentis-

150 1373 253 1405 simas
276 1373 407 1404 ducum
431 1370 583 1403 familias
611 1371 648 1403 in
667 1370 878 1411 Germania,
914 1378 1030 1403 tamen
1055 1383 1134 1403 cum

150 1433 228 1465 rege
247 1419 401 1455 Matthia
426 1419 630 1463 Hungarico
650 1421 787 1464 magnis
809 1421 936 1465 copiis,
963 1433 1022 1454 seu
1047 1421 1136 1454 iusta

150 1473 221 1506 acie
237 1473 404 1505 dimicare
421 1472 547 1511 noluit,
566 1472 648 1516 quia
666 1479 699 1506 et
715 1472 812 1505 illius
828 1472 1049 1505 foelicitatem
1070 1484 1136 1505 no-

150 1530 223 1563 rat,
248 1529 281 1556 et
306 1523 373 1556 sibi
396 1522 526 1556 sciebat
543 1521 695 1555 Martem
721 1523 758 1555 in
781 1523 899 1564 genesi
924 1522 1137 1555 infoeliciter

149 1574 299 1617 positum
323 1584 407 1606 esse.

149 1626 195 1657 ita
215 1632 246 1658 et
262 1623 382 1658 Caroli
399 1623 586 1667 Burgundi
607 1624 799 1668 potentiam
817 1624 931 1667 fregit.

250 1682 298 1717 Ut
315 1689 431 1716 autem
448 1682 597 1725 singulis
614 1682 777 1725 privatim
795 1683 881 1716 utile
898 1690 947 1716 est
965 1694 1025 1716 sua
1043 1683 1135 1727 peri-

151 1734 226 1767 cula
247 1734 365 1778 aliquo
383 1734 489 1766 modo
509 1733 750 1773 considerare,
776 1740 815 1766 ut
834 1733 904 1766 sint
922 1734 1136 1767 moderatio-

150 1795 222 1825 reS,
256 1784 303 1817 ita
329 1784 377 1816 rei
411 1784 495 1827 pub.
521 1783 663 1826 prodest
693 1783 945 1825 gubernatores
968 1796 1040 1816 non
1064 1796 1135 1817 esse
1160 1818 1162 1831 ζ

1186 1829 1334 1873 aliquas».

150 1836 290 1878 ignaros
323 1834 595 1867 inclinationum
626 1845 789 1873 suarum,
824 1840 856 1866 et
887 1834 1137 1877 periculorum,

151 1897 238 1930 quae
258 1885 342 1929 ipsis
358 1892 390 1917 et
412 1891 504 1918 astra
532 1890 566 1917 et
595 1884 649 1917 sui
666 1884 815 1928 impetus
834 1885 1068 1926 denunciant,
1097 1891 1137 1918 ut

148 1936 290 1980 rapidos
322 1942 437 1969 motus
468 1934 637 1980 sapientia
680 1941 711 1968 et
752 1935 995 1969 moderatione
1027 1936 1136 1969 animi

150 1984 368 2020 coherceant.

249 2045 354 2079 Hanc
381 2044 660 2078 admonitionem
692 2046 735 2078 de
772 2045 989 2079 utilitatibus
1018 2058 1135 2079 veram

152 2107 242 2136 esse,
268 2095 481 2140 experientia
497 2095 670 2139 declarat,
698 2107 787 2140 quae
804 2097 891 2129 adeo
908 2109 982 2130 non
1004 2097 1136 2130 consti-

150 2146 218 2180 tuit
235 2147 372 2180 fatalem
389 2146 646 2187 necessitatem,
672 2152 711 2180 ut
726 2147 837 2190 magis
855 2147 958 2180 etiam
976 2146 1138 2182 hortetur

152 2208 216 2230 nos
235 2197 277 2230 ad
293 2197 523 2241 diligentiam,
550 2203 588 2231 ut
606 2197 741 2230 ratione
756 2209 916 2241 regamus
934 2198 1137 2233 inclinatio-

151 2259 231 2287 nes,
261 2254 294 2281 et
310 2253 350 2281 ut
366 2248 483 2290 agnita
498 2247 701 2282 infirmitate
718 2255 848 2289 nostra,
876 2249 1059 2284 ardentius
1077 2261 1136 2283 ex-

151 2305 309 2343 petamus
325 2297 494 2331 auxilium
512 2298 685 2332 divinum.

279 2408 344 2441 De
378 2417 519 2441 causa
551 2405 700 2452 finali
740 2412 787 2444 in
820 2414 1006 2444 natura.

323 2485 381 2519 An
396 2487 537 2518 natura
555 2488 643 2530 agat
661 2491 816 2530 propter
829 2484 970 2533 finem?

227 2551 451 2586 Democritus
465 2548 694 2594 etEpieurus,
722 2553 783 2597 qui
800 2561 1018 2598 componunt
1030 2565 1136 2588 mun-

154 2604 240 2637 dum
265 2615 305 2637 ex
328 2601 473 2642 atomis,
503 2607 538 2634 et
564 2608 747 2634 removent
770 2602 904 2642 Deum,
937 2616 976 2638 ac
998 2605 1135 2648 fingunt

152 2654 303 2688 subinde
318 2653 405 2687 alios
419 2652 572 2686 mundos
588 2650 747 2685 occidere
760 2659 793 2686 et
808 2654 954 2695 exoriri,
979 2655 1133 2690 retinent

467 1572 650 1616 Repressit
673 1573 781 1616 igitur
810 1571 945 1607 hostem
970 1573 1134 1606 consilio:
1161 1614 1162 1619 1

1185 181 1271 213 duas
1287 192 1425 221 causas,
1451 181 1636 216 Materiam
1664 189 1696 217 et
1717 181 1894 224 Formam,
1922 190 1953 216 et
1979 183 2063 216 alias
2080 183 2165 216 duas

1185 241 1314 270 causas,
1341 230 1559 264 Efficientem
1579 240 1611 266 et
1627 232 1801 273 Finalem,
1829 234 1866 266 in
1882 235 2005 266 mundi
2025 246 2166 277 compo-

1184 281 1312 313 sitione
1330 292 1471 324 prorsus
1488 282 1629 318 tollunt.
1682 283 1838 327 Fingunt
1855 295 1935 317 casu
1957 283 2049 318 hunc
2072 286 2168 316 ordi-

1184 342 1264 363 nem
1292 343 1479 375 corporum
1512 333 1714 366 coelestium
1740 341 1772 367 et
1801 335 2053 368 elementorum
2083 335 2168 366 exti-

1184 381 1276 421 tisse,
1296 382 1433 424 fingunt
1448 392 1528 414 casu
1546 394 1585 414 ex
1607 380 1749 416 homine
1766 383 1960 423 hominem,
1988 397 2026 418 ex
2043 386 2167 418 arbore

1184 444 1327 476 pomum
1349 432 1455 465 nasci.

1286 489 1357 523 Nec
1373 491 1536 524 adferunt
1554 491 1649 523 aliud
1667 499 1911 535 argumentum
1931 506 2011 527 suae
2028 495 2167 537 opinio-

1185 541 1258 581 nis,
1286 541 1353 574 nisi
1371 538 1453 579 hoc,
1481 542 1563 586 quia
1581 553 1681 586 saepe
1698 549 1852 575 monstra
1870 552 2067 579 nascantur.
2122 543 2168 577 Ut

1186 592 1292 635 igitur
1321 598 1450 625 temere
1478 592 1623 625 materia
1653 604 1714 626 seu
1748 593 1856 626 atomi
1888 594 2087 634 confluunt,
2125 596 2168 628 ita

1185 654 1266 676 casu
1285 643 1380 676 nasci
1400 642 1518 676 omnia
1539 643 1737 678 adfirmant.

1290 701 1358 735 Sed
1384 699 1469 734 haee
1494 702 1671 735 cavillatio
1698 703 1784 735 levis
1810 710 1878 743 est,
1905 704 2031 737 adicto
2049 716 2168 736 secuu-

1186 754 1270 786 dum
1289 752 1374 797 quid
1393 753 1433 785 ad
1453 752 1586 785 dictum
1605 753 1822 796 simpliciter.
1857 753 2037 787 Interdum
2056 762 2171 798 partos

1186 804 1323 848 aliquae
1340 803 1506 836 materiae
1525 809 1654 836 temere
1678 804 1879 837 miscentur.
1932 802 2027 847 Ergo
2053 806 2171 837 nullae

1186 853 1429 897 generationes
1462 853 1648 886 innatum
1682 855 1864 887 ordinatae
1896 862 1989 890 sunt,
2050 854 2170 887 Manet

1158 914 1160 940 ι
1186 905 1280 937 enim
1297 905 1384 936 ordo
1410 904 1446 936 in
1465 904 1731 938 conservatione
1748 905 1943 948 specierum
1962 904 2171 938 universali-

1186 962 1258 996 ter,
1292 954 1430 987 etiamsi
1459 954 1638 988 interdum
1669 955 1706 987 in
1733 956 1851 1000 aliqua
1882 963 1979 1000 parte
2011 957 2172 989 materiae

1187 1005 1345 1039 confusio
1365 1005 1482 1049 aliqua
1503 1005 1639 1038 accidit.

1288 1062 1395 1104 Quod
1414 1068 1529 1095 autem
1547 1068 1672 1095 natura
1692 1070 1768 1106 agat
1787 1071 1929 1107 propter
1949 1065 2064 1105 finem,
2094 1078 2171 1108 pes-

1187 1114 1326 1158 spicuae
1344 1118 1426 1145 sunt
1441 1113 1771 1147 demonstrationes.

1277 1171 1391 1215 Supra
1408 1171 1688 1204 demonstratum
1706 1178 1768 1212 est,
1796 1184 1867 1206 esse
1886 1181 2038 1206 mentem
2057 1172 2173 1205 archi-

1187 1222 1399 1256 tectatricem
1431 1219 1539 1254 huius
1571 1222 1717 1262 mundi,
1756 1223 1836 1266 quia
1868 1223 2085 1266 impossibile
2111 1231 2173 1261 est,

1187 1285 1268 1306 casu
1291 1271 1462 1311 extitisse,
1489 1278 1550 1304 aut
1567 1283 1708 1304 manere
1731 1284 1831 1312 casu,
1858 1271 1952 1306 bunc
1977 1271 2174 1317 pulcherri-

1186 1335 1282 1356 mum
1312 1322 1474 1355 ordinem
1498 1333 1686 1364 corporum
1710 1329 1742 1355 et
1773 1329 1934 1356 motuum
1961 1324 2175 1363 coelestium,

1186 1374 1340 1417 positum
1362 1372 1635 1412 elementorum,
1662 1373 1962 1406 conservationem
1981 1374 2174 1417 specierum

1160 1452 1161 1457 ,
1186 1430 1219 1457 et
1236 1429 1408 1460 mentem,
1437 1428 1470 1455 et
1487 1422 1637 1455 noticias
1654 1422 1690 1454 in
1712 1420 1857 1456 homine
1883 1430 2040 1466 regentes
2055 1424 2172 1457 vitam.

1186 1474 1282 1507 Haec
1299 1483 1438 1506 necesse
1460 1478 1508 1505 est
1526 1472 1688 1506 ordinata
1711 1484 1783 1506 esse
1801 1486 1818 1506 a
1838 1481 1953 1508 mente
1976 1474 2092 1519 aliqua
2119 1486 2175 1507 ar-

1186 1523 1434 1558 chitectatrice.

1260 1572 1324 1608 Est
1340 1580 1455 1607 autem
1474 1573 1672 1607 firmissima
1691 1576 1957 1620 consequentia:
1983 1575 2055 1610 Res
2074 1589 2173 1621 prae-

1186 1627 1308 1670 cipuae
1326 1625 1363 1657 in
1388 1630 1512 1657 natura
1539 1631 1620 1657 sunt
1640 1625 1832 1659 ordinatae.
1884 1624 1979 1669 Ergo
1998 1639 2097 1659 mens
2116 1640 2174 1659 or·

1185 1677 1313 1710 dinans
1331 1675 1495 1717 cogitavit
1514 1674 1617 1714 fines,
1642 1682 1674 1708 et
1691 1687 1745 1708 res
1760 1676 1854 1720 ipsae
1870 1684 2036 1720 appetunt
2063 1685 2174 1710 certos

1185 1728 1282 1762 fines.
1334 1725 1423 1759 Nam
1444 1736 1515 1758 esse
1532 1726 1745 1766 ordinatum,
1773 1733 1820 1759 est
1839 1734 1954 1769 partes
1972 1728 2174 1771 praecipuas

1186 1785 1279 1811 certo
1307 1776 1456 1809 consilio
1481 1775 1686 1808 distributas
1713 1787 1802 1816 esse,
1833 1784 1975 1820 propter
2005 1778 2173 1811 utilitates

1290 1877 1362 1910 lam
1399 1877 1473 1921 ipse
1510 1877 1596 1909 ordo
1623 1877 1829 1920 aspiciatur,
1872 1885 1903 1911 et
1931 1878 2172 1912 consideretur

1186 1928 1261 1962 eius
1286 1927 1432 1962 utilitas.

1288 1977 1420 2011 Mundi
1438 1978 1546 2020 figura
1563 1978 1744 2011 circularis
1765 1984 1835 2016 est,
1862 1990 1935 2011 non
1960 1981 2073 2013 solum
2092 1980 2173 2024 quia

1187 2040 1225 2063 ea
1255 2027 1365 2072 figura
1397 2025 1654 2072 pulcherrima,
1682 2035 1743 2062 aut
1769 2029 1992 2073 capacissima
2018 2037 2086 2069 est,
2114 2032 2173 2062 sed

1186 2079 1292 2114 etiam
1312 2079 1393 2125 quia
1420 2078 1574 2111 motibus
1595 2079 1769 2120 siderum,
1797 2079 1856 2124 qui
1881 2080 2066 2113 necessarii
2092 2087 2173 2113 sunt

1186 2130 1354 2164 omnibus
1375 2129 1480 2163 rebus
1499 2129 1743 2170 nascentibus,
1769 2130 1922 2163 maxime
1939 2130 2064 2163 idonea
2084 2137 2145 2163 est.

1289 2188 1332 2222 In
1358 2186 1424 2221 hac
1450 2187 1559 2230 figura
1582 2186 1676 2221 Solis
1698 2194 1815 2221 motus
1838 2188 1930 2220 diem
1954 2195 1986 2221 et
2020 2196 2170 2227 noctem,

1186 2246 1350 2274 aestatem
1368 2246 1402 2273 et
1419 2235 1568 2282 hyemen
1586 2238 1733 2271 diversis
1747 2237 1902 2271 motibus
1918 2238 2095 2273 discernit.
2124 2237 2171 2272 Et

1185 2291 1247 2325 alii
1264 2297 1380 2324 motus
1388 2295 1551 2322 aestatem
1562 2289 1736 2328 adferunt,
1753 2288 1959 2321 calefaciunt
1978 2296 2012 2322 et
2026 2290 2171 2323 foecun-

1187 2343 1274 2375 dant
1292 2347 1440 2378 terram,
1467 2339 1529 2371 alii
1547 2339 1711 2371 adserunt
1730 2336 1909 2382 hyemem,
1934 2346 1973 2372 ut
1998 2346 2088 2373 terra
2113 2340 2172 2374 fiat

1186 2390 1370 2426 humidior
1382 2418 1391 2432 ,
1417 2396 1451 2423 et
1468 2389 1577 2432 rigata
1596 2390 1708 2422 foveat
1726 2386 1871 2423 semina.
1925 2387 2035 2422 Terra
2053 2391 2170 2424 sedem

1160 2467 1162 2476 ,
1187 2443 1328 2487 praehet
1344 2439 1562 2476 horninibus.

1290 2501 1363 2535 Iam
1381 2505 1512 2546 quanta
1529 2508 1585 2530 ars
1603 2504 1650 2530 est
1672 2497 1709 2529 in
1725 2498 1864 2541 opificio
1882 2496 2029 2533 humani
2045 2513 2169 2545 corpo-

1159 2545 1161 2580 ἔ
1185 2553 1253 2593 ris,
1288 2552 1352 2585 ubi
1372 2562 1425 2584 res
1450 2549 1523 2592 ipsa
1550 2547 1702 2581 ostendit
1732 2548 1887 2591 singulas
1916 2550 2105 2594 particulas
2127 2553 2170 2584 ad

1185 2610 1299 2637 certos
1316 2612 1400 2635 usus
1417 2598 1575 2633 conditas
1594 2608 1677 2633 esse.
1719 2597 1861 2641 Quanta
1879 2611 1935 2633 ars
1951 2608 2002 2634 est
2020 2601 2056 2634 in
2076 2602 2170 2635 oculi

1184 2652 1435 2691 fabricatione,
1471 2649 1555 2683 item
1581 2647 1619 2681 in
1643 2648 1782 2692 organis
1809 2651 1905 2685 vocis
1931 2659 1962 2685 et
1987 2651 2169 2686 sermoni&
