2379 2948
214 489 505 547 Enarratio
545 490 755 547 Psalmi
791 489 955 546 Dixit
990 490 1289 562 Dominum,
1336 501 1388 545 et
1424 491 1634 565 aliquot
1671 494 2048 566 sequentium,

626 616 735 652 scripta
759 625 834 643 anno
858 615 897 643 M.
908 616 942 643 D.
954 615 1044 643 XLII.
1068 621 1097 643 ot
1122 615 1274 652 sequenti,
1301 624 1332 642 ac
1356 616 1473 652 publico
1496 616 1645 653 proposita

1116 730 1132 748 u

772 804 981 848 Casparo
1010 802 1268 848 Cruciyero
1296 803 1473 837 Doctore.

102 955 318 992 Reverendo
351 959 449 1000 viro,
494 955 711 992 eruditione
743 962 781 992 et
817 960 955 993 virtute
986 967 1101 1001 prae-

101 1020 223 1053 stanti
250 1019 299 1053 D.
322 1018 527 1062 Gasparo
556 1019 763 1053 Bornero
792 1019 951 1052 Doctorz'
980 1016 1100 1052 Theo-

100 1078 223 1125 loyiae
252 1081 292 1113 in
320 1076 524 1112 academia
551 1079 731 1123 Lipsiea,
761 1082 883 1114 amico
899 1091 965 1113 sao
982 1081 1100 1113 veteri

101 1142 140 1172 et
170 1141 411 1183 praeceptori
455 1140 677 1173 carissimo.-
742 1140 888 1183 Caspai·
928 1139 1100 1185 Craciyer

317 1196 543 1245 leeoloyiae
564 1199 704 1232 Doctor
757 1201 796 1233 S.
825 1199 874 1232 D.

98 1277 230 1342 Saepe
247 1294 337 1330 mihi
353 1297 395 1330 de
406 1293 594 1330 hominum
604 1296 674 1329 vita
685 1296 866 1340 cogitanti,
885 1302 917 1329 et
935 1297 1096 1330 omnium

99 1355 253 1384 aetatum
278 1346 483 1388 historiam,
510 1347 769 1392 acerrimasque
794 1359 1016 1380 summorum
1043 1349 1097 1381 vi—

97 1412 220 1436 rorum
239 1398 486 1433 contentiones
498 1423 507 1437 ‚
522 1410 675 1442 quarum
692 1399 824 1432 multae
842 1398 984 1437 inanes,
1001 1400 1095 1432 mul-

97 1462 151 1488 tae
177 1450 333 1486 exitiales
357 1450 444 1494 ipsis
467 1457 500 1484 et
526 1450 599 1483 suis
624 1450 826 1484 civitatibus
849 1450 1013 1492 suerunt,
1042 1451 1096 1484 in-

97 1503 234 1542 tuenti,
260 1502 359 1536 venit
383 1501 420 1535 in
445 1508 600 1535 mentem
623 1501 779 1536 Senecae
802 1502 958 1543 dictum,
994 1503 1096 1537 cuius

97 1555 182 1590 haec
201 1561 283 1588 sunt
298 1554 422 1587 verba:
451 1552 584 1596 Magna
602 1553 693 1587 vitae
709 1565 787 1596 pars
804 1554 958 1587 elabitur
977 1551 1095 1587 homi-

97 1608 204 1641 nibus
220 1605 313 1639 male
328 1605 486 1648 agendo,
524 1604 676 1637 maxima
701 1602 794 1638 nihil
812 1606 967 1648 agendo,
1005 1605 1096 1639 Tota

97 1660 195 1693 aliud
215 1657 378 1700 agendo.
441 1655 524 1699 Quo
550 1656 645 1689 dicto
670 1668 751 1688 vere
776 1656 919 1701 quidem
943 1656 1094 1690 maxima

96 1722 176 1756 pars
202 1708 339 1753 generis
362 1705 512 1740 humani
533 1706 774 1750 vituperatur,
809 1708 869 1739 sed
886 1714 1005 1740 tamen
1025 1707 1093 1741 nisi

95 1763 291 1795 multorum
318 1759 421 1791 labor
443 1757 520 1791 Deo
544 1765 681 1800 gratus,
711 1764 744 1790 et
771 1758 856 1802 ipsis
882 1770 921 1791 ac
949 1758 1028 1791 aliis
1055 1759 1092 1792 in

95 1825 237 1847 omnem
264 1810 507 1844 aeternitatem
533 1809 697 1842 salutaris
717 1817 825 1853 esset,
852 1809 982 1843 frustra
1007 1822 1092 1843 con-

95 1865 209 1898 ditum
229 1868 316 1896 esset
334 1872 445 1905 genus
463 1858 680 1899 humanum,
708 1860 780 1894 imo
798 1871 942 1905 prorsus
962 1868 1092 1895 temere

93 1918 264 1955 ferretur,
290 1919 330 1946 ut
356 1913 416 1945 illa
430 1911 626 1946 Democriti
646 1913 876 1956 corpuscula,
905 1919 938 1946 et
963 1913 1091 1958 quibus

94 1967 190 2002 hunc
214 1965 390 1999 mundum
413 1964 581 2005 fabricat,
617 1976 724 2009 quae,
759 1971 798 1998 ut
820 1963 1008 1998 Lucretius
1034 1965 1090 1998 in-

93 2019 188 2065 quit:
216 2016 324 2050 Miris

248 2078 347 2110 Multa
362 2078 460 2108 modis
478 2079 607 2108 volitant
622 2085 742 2108 aeterno
760 2080 872 2118 percita
887 2085 984 2110 motu.

197 2151 412 2197 Quanquam
430 2151 540 2195 igitur
559 2149 645 2185 haec
662 2151 822 2184 mortalis
847 2151 919 2185 vita
944 2151 1089 2185 calami-

92 2215 168 2241 tosa
188 2211 223 2238 et
241 2204 368 2237 misera
388 2208 456 2241 est,
484 2209 517 2236 et
534 2201 706 2237 horrendi
731 2215 770 2236 ac
789 2202 978 2247 perniciosi
1005 2211 1088 2237 sunt

92 2258 288 2292 multorum
324 2254 477 2295 furores,
509 2261 628 2288 tamen
661 2254 757 2288 Deus
793 2267 833 2287 ex
868 2252 932 2287 hac
962 2254 1087 2288 misera

91 2321 204 2343 massa
233 2305 370 2351 generis
394 2302 542 2338 humani
573 2314 753 2340 aeternam
786 2306 858 2339 filio
887 2303 1088 2340 haeredita—

90 2369 180 2402 tem,
207 2366 239 2393 et
264 2356 459 2392 Ecclesiam
484 2357 635 2400 colligit,
662 2358 761 2391 cuius
786 2357 912 2391 militia
937 2369 1010 2390 non
1036 2365 1087 2392 est

89 2412 238 2447 inutilis.
291 2408 364 2443 Nec
382 2407 599 2441 siAlcibiadi
619 2410 713 2444 male
732 2410 886 2453 agendo,
910 2408 1086 2453 Margitae

89 2463 282 2498 Homerico
301 2458 393 2494 nihil
412 2461 568 2502 agendo,
586 2458 734 2501 Pericli,
751 2458 997 2501 Demostheni,
1016 2460 1084 2494 Ca-

88 2516 167 2550 toni
190 2512 348 2549 Uticensi
373 2519 407 2545 et
431 2511 609 2544 similibus
643 2511 739 2545 aliud
768 2514 923 2555 agendo,
956 2512 992 2545 id
1021 2520 1083 2551 est,

89 2567 195 2601 stulta
219 2558 566 2611 πολυπραγμοσύνῃ
590 2575 664 2596 non
691 2565 902 2597 necessarias
924 2576 978 2597 res
1006 2576 1082 2597 mo-

89 2619 218 2660 vendo,
246 2617 318 2650 vita
333 2614 510 2649 inutiliter
528 2614 643 2659 elapsa
662 2621 731 2654 est,
755 2622 939 2658 propterea
958 2614 1080 2653 Moisi,

89 2669 264 2704 Samuelis
282 2668 438 2707 labores,
464 2666 607 2707 Iosuae,
632 2665 784 2699 Davidis
802 2666 951 2710 praelia,
968 2664 1082 2707 EUM,

87 2719 239 2763 Elisaei,
261 2719 404 2760 Esaiae,
428 2716 615 2758 Ieremiae,
639 2716 798 2752 Danielis
815 2713 1077 2762 πολιτεύματα,

1153 956 1298 990 fuerunt
1316 956 1440 989 inanes
1462 956 1719 990 contentiones.
1762 954 1837 990 Imo
1856 956 1900 989 ad
1919 953 1983 988 hos
2003 955 2153 995 labores,

1153 1008 1274 1052 quales
1292 1008 1328 1040 in
1347 1006 1522 1049 Ecclesia,
1548 1007 1664 1041 David
1676 1032 1687 1051 ‚
1702 1006 1843 1047 Esaias,
1861 1006 2041 1052 Baptista,
2058 1005 2152 1039 Pau-

1152 1059 1207 1093 lus
1228 1059 1494 1101 sustinuerunt,
1530 1060 1673 1093 condita
1705 1066 1755 1093 est
1789 1060 1977 1093 hominum
2011 1064 2151 1092 natura.

1152 1109 1247 1144 Haec
1264 1111 1391 1144 militia
1403 1110 1478 1144 Deo
1499 1119 1596 1154 grata
1615 1118 1684 1151 est,
1703 1123 1767 1144 nec
1785 1118 1923 1146 tantum
1941 1109 2051 1143 seruit
2067 1106 2151 1142 huic

1151 1162 1358 1195 interiturae
1378 1163 1487 1203 vitae,
1515 1169 1554 1196 ut
1573 1161 1723 1206 Augusti
1748 1162 1980 1206 gubernatio,
2009 1162 2069 1194 sed
2092 1171 2150 1193 ae-

1150 1219 1287 1246 ternam
1304 1212 1378 1246 Deo
1396 1212 1591 1247 Ecclesiam
1610 1214 1755 1257 colligit.

1251 1272 1304 1307 De
1322 1270 1376 1305 his
1391 1273 1577 1307 laboribus
1595 1273 1713 1318 inquit
1729 1271 1878 1306 Paulus:
1906 1271 1987 1305 Non
2009 1271 2075 1304 erit
2093 1271 2149 1303 in-

1147 1324 1224 1357 anis
1240 1324 1342 1357 labor
1359 1331 1471 1358 vester
1488 1325 1526 1357 in
1541 1323 1710 1360 Domino.
1749 1322 1796 1358 Et
1813 1322 1974 1357 Psalmus
1993 1323 2147 1368 primus:

1147 1373 1193 1408 Et
1211 1375 1337 1409 folium
1353 1375 1428 1408 eius
1444 1388 1518 1409 non
1536 1376 1684 1416 defluet,
1711 1382 1774 1409 etc.
1810 1374 2062 1408 Discernamus
2081 1373 2148 1416 igi-

1148 1433 1205 1459 tur
1229 1424 1417 1460 hominum
1448 1428 1581 1469 studia,
1617 1427 1822 1460 omittamus
1849 1426 2089 1460 ambitionum
2115 1431 2149 1457 et

1147 1478 1298 1512 aliarum
1336 1478 1550 1512 iniustarum
1588 1479 1824 1523 cupiditatum
1860 1477 2072 1518 certamina,
2115 1483 2149 1509 et

1147 1529 1301 1572 primum
1319 1530 1481 1563 omnium
1499 1542 1732 1574 agnoscamus
1755 1542 1818 1563 nos
1843 1529 1880 1561 in
1904 1528 2099 1562 Ecclesiam
2129 1539 2148 1560 a

1146 1579 1221 1614 Deo
1241 1581 1370 1614 vocari.
1425 1581 1481 1615 lbi
1497 1584 1655 1615 modeste
1671 1582 1842 1615 faciamus
1856 1591 1980 1624 operas
1998 1579 2148 1612 manda-

1146 1638 1215 1673 taS,
1244 1644 1308 1665 nec
1329 1633 1578 1675 geometricam
1596 1633 1862 1678 proportionem
1880 1632 2147 1665 conturbemus.

1250 1682 1332 1716 Tali
1352 1684 1389 1716 in
1409 1684 1486 1717 loco
1507 1685 1567 1730 qui
1587 1691 1680 1726 sunt,
1710 1683 1786 1718 Deo
1806 1684 1936 1728 gratias
1953 1689 2059 1727 agant
2078 1694 2142 1726 pro

1145 1740 1242 1768 tanto
1268 1734 1458 1776 beneficio,
1487 1737 1582 1781 quod
1608 1737 1650 1769 ad
1679 1748 1809 1770 munus
1832 1735 1985 1769 salutare
2009 1734 2046 1767 in
2074 1734 2145 1766 vita

1146 1785 1259 1820 vocati
1282 1793 1382 1826 sunt,
1411 1788 1559 1821 ardeant
1579 1788 1697 1821 studio
1716 1789 1808 1821 bene
1832 1786 1995 1820 merendi
2016 1787 2059 1819 de
2075 1783 2145 1818 Ec-

1144 1836 1247 1871 clesia
1259 1862 1268 1875 ‚
1296 1837 1425 1872 faciant
1442 1839 1656 1880 necessaria,
1685 1846 1718 1873 et
1736 1845 1857 1883 petant
1873 1845 1913 1872 ut
1928 1836 2025 1871 Deus
2043 1837 2144 1870 adiu-

1143 1895 1200 1922 vet
1218 1889 1356 1922 labores
1372 1896 1405 1923 et
1421 1891 1594 1933 gubernet
1609 1891 1740 1932 exitus,
1768 1891 1830 1935 qui
1848 1889 2002 1935 prospici
2021 1899 2144 1921 omnes

1144 1937 1302 1973 humano
1327 1941 1477 1974 consilio
1506 1953 1598 1975 certe
1616 1954 1689 1975 non
1709 1948 1868 1986 possunt.
1923 1940 2011 1973 Tale
2030 1940 2145 1972 curri-

1144 1991 1264 2025 culum
1283 2004 1346 2025 nec
1364 1993 1491 2026 inutile
1510 2001 1577 2034 est,
1604 2005 1669 2027 nec
1687 1993 1821 2027 infelix.

1247 2050 1360 2095 Saepe
1375 2052 1484 2095 igitur
1501 2053 1544 2086 de
1570 2060 1602 2086 te
1632 2065 1695 2098 pro
1721 2060 1842 2087 nostra
1861 2052 2020 2086 amicicia
2046 2051 2142 2094 cogi-

1143 2108 1240 2144 tans,
1276 2103 1342 2136 tibi
1368 2110 1399 2137 et
1425 2104 1559 2148 patriae
1583 2117 1681 2138 meae
1702 2105 1880 2148 gratulor,
1917 2115 1996 2137 cum
2027 2110 2060 2137 te
2090 2110 2142 2137 tot

1142 2153 1211 2187 iam
1232 2166 1345 2188 annos
1362 2156 1541 2199 praeclare
1559 2157 1602 2189 de
1617 2155 1774 2189 Ecclesia
1794 2156 1922 2189 mereri
1938 2155 2060 2195 video,
2075 2156 2141 2188 do-

1141 2205 1245 2239 cuisti
1261 2206 1396 2250 optima
1410 2207 1477 2240 fide
1501 2214 1534 2241 et
1551 2220 1606 2240 me
1629 2215 1662 2241 et
1679 2208 1787 2248 alios,
1815 2219 1930 2252 neque
1955 2204 2047 2240 hanc
2072 2206 2140 2238 mi-

1140 2256 1253 2290 litiam
1273 2256 1387 2291 Senex
1406 2258 1549 2294 deseris.
1603 2257 1731 2292 Custos
1757 2271 1793 2292 es
1816 2258 2045 2303 disciplinae,
2073 2269 2140 2300 gu—

1140 2308 1268 2342 bernas
1300 2310 1544 2343 oeconomiam
1579 2307 1721 2343 scholae
1757 2310 2002 2345 necessariam.
2062 2308 2139 2342 Hae

1140 2372 1266 2404 operae
1281 2373 1359 2394 cum
1377 2362 1420 2394 ad
1441 2368 1619 2395 aeternam
1637 2360 1831 2395 Ecclesiam
1850 2362 2085 2404 colligendam
2105 2368 2139 2394 et

1138 2413 1307 2445 tuendam
1341 2413 1496 2456 prosint,
1531 2413 1636 2455 longe
1659 2413 1877 2446 antecellunt
1902 2412 2048 2445 Periclis
2077 2419 2137 2446 aut

1137 2460 1240 2496 Fabii
1261 2464 1528 2506 gubernationi,
1558 2471 1590 2496 et
1610 2465 1775 2508 praemiis
1791 2465 2036 2505 ornabuntur,
2063 2476 2136 2498 non

1135 2514 1173 2546 in
1199 2512 1380 2560 Olympiis
1404 2522 1463 2549 aut
1486 2512 1644 2560 Pythiis‚
1681 2517 1741 2549 sed
1774 2516 1812 2549 in
1838 2516 1898 2549 illa
1930 2515 2135 2550 dulcissima

1135 2566 1392 2599 consuetudine
1410 2565 1494 2607 Dei,
1523 2566 1616 2600 inter
1635 2565 1769 2609 Patres,
1798 2565 2006 2611 Prophetas,
2035 2566 2133 2612 Apo-

1133 2617 1261 2657 stolos,
1289 2630 1442 2661 quorum
1460 2630 1582 2651 sumus
1601 2618 1786 2663 discipuli,
1815 2619 1879 2652 nbi
1895 2620 1939 2652 de
1960 2618 2134 2652 mirandis

1133 2668 1290 2701 consiliis
1304 2667 1371 2701 Dei
1390 2666 1739 2714 philosophabimur,
1768 2683 1830 2704 cur
1845 2669 2038 2705 Ecclesiam
2054 2677 2134 2704 tan-

1132 2718 1177 2752 tis
1196 2720 1377 2754 aerumnis
1398 2720 1436 2753 in
1456 2717 1521 2754 hac
1536 2721 1605 2756 vita
1623 2722 1822 2756 subiecerit.
