2379 2948
203 108 276 142 807

790 104 915 140 PHIL.
945 104 1059 144 MEL.
1086 104 1299 143 SCRIPTA
1326 104 1623 143 EXEGETICA.

2147 111 2220 150 808

468 683 543 724 111.
603 682 1037 733 ARGUMENTUM
1094 680 1159 722 IN
1216 680 1525 722 IEREMIAM
1582 677 1955 723 PROPHETAM

911 773 981 799 PER
1016 772 1205 798 PfflmPPUM
1241 771 1528 798 MELANTHONEM.

309 857 385 895 (Hoc
406 867 522 896 quoque
548 865 750 897 argumentum
774 865 837 898 post
860 865 982 887 mortem
1004 859 1077 890 Mel.
1099 868 1136 888 ex
1159 860 1221 888 eius
1244 858 1359 886 schedis
1384 858 1494 887 editum
1517 863 1561 886 est
1584 857 1614 885 in
1637 866 1706 895 opp.
1734 857 1803 885 wit.
1825 857 1862 885 T.
1880 857 1914 885 11.
1939 867 1968 895 p.
1982 854 2047 886 407
2062 855 2123 895 sq.)

202 1030 476 1093 Argumentum
500 1051 747 1095 complectitur
769 1051 899 1085 multos
914 1052 1138 1095 gravissimos
1156 1059 1189 1087 et

203 1101 407 1135 utilissimos
422 1102 528 1142 locos,
548 1114 698 1146 quorum
716 1102 923 1146 praecipuos
935 1103 1035 1136 valde
1048 1105 1188 1148 prodest

204 1163 340 1235 szlmper
366 1152 404 1184 in
429 1159 618 1196 conspectu
643 1151 770 1187 habere
791 1153 828 1185 in
846 1160 916 1187 tota
933 1153 1083 1188 lectione
1107 1167 1190 1200 pro-

203 1214 224 1247 p
254 1209 338 1238 etae.

245 1340 395 1373 Primus
412 1339 516 1373 locus
534 1343 571 1373 et
586 1342 796 1384 praecipua
809 1351 902 1384 pars
916 1342 1150 1388 Argumenti.

305 1404 452 1438 Summa
489 1403 694 1449 prophetiae
727 1406 931 1450 principalis
965 1416 1031 1446 est,
1076 1420 1191 1442 exem-

204 1455 302 1499 plum
325 1463 481 1489 servatae
495 1453 691 1498 Ecclesiae,
718 1456 874 1491 mirabili
897 1465 929 1492 et
953 1471 1049 1493 novo
1073 1461 1191 1500 modo,

203 1507 242 1539 in
265 1506 395 1550 populo
423 1505 529 1547 Iuda,
554 1513 587 1540 et
607 1507 880 1550 promissionum
904 1508 1061 1543 mirabili
1085 1511 1190 1543 modo

205 1564 240 1590 et
264 1557 331 1590 fide
357 1558 669 1602 expectandarum,
704 1570 777 1591 non
801 1558 889 1592 sicut
913 1560 1046 1595 iudicat
1063 1563 1190 1598 huma-

206 1620 250 1642 na
270 1615 372 1643 ratio.

308 1664 415 1709 Quod
432 1664 526 1697 enirn
543 1665 740 1710 exemplum
757 1673 912 1700 servatae
929 1666 1106 1701 Ecclesiae
1123 1680 1190 1701 no-

206 1729 289 1751 vum
306 1717 369 1757 sit,
397 1727 450 1749 res
473 1716 641 1750 ostendit.
693 1716 902 1761 Superiores
916 1716 1030 1751 Duces
1055 1725 1087 1752 et
1104 1718 1191 1752 Pro-

205 1766 329 1812 phetae
347 1773 575 1800 servaverunt
596 1767 765 1811 populum
782 1768 942 1811 gloriosis
960 1768 1126 1810 victoriis,
1153 1776 1191 1803 ut

206 1818 342 1858 Moses,
372 1816 492 1855 Iosua,
519 1816 674 1858 Samuel,
699 1816 835 1858 David,
862 1817 995 1855 Esaias.
1047 1819 1115 1854 Sed
1134 1818 1191 1853 hic

205 1869 369 1904 Ieremias
399 1874 513 1901 servat
543 1868 714 1912 populum
748 1870 929 1903 suadendo
963 1871 1192 1912 deditionem,

206 1931 296 1965 quae
313 1919 498 1951 videbatur
516 1918 691 1952 excidium
710 1920 843 1963 populi.
887 1919 1077 1963 Quomodo
1096 1922 1189 1955 enim

207 1969 340 2016 sperari
355 1967 470 2012 potuit
488 1968 620 2002 reditus
637 1981 677 2001 ex
691 1969 920 2013 dissipatione
935 1971 1041 2005 totius
1057 1973 1193 2016 gentis?

206 2020 281 2055 Aut
297 2031 386 2065 quae
403 2030 559 2063 unquam
576 2030 660 2062 gens
675 2019 840 2064 dissipata
854 2047 863 2061 ,
890 2021 927 2054 in
944 2022 1014 2055 ulla
1031 2020 1192 2067 historia,

207 2079 340 2106 veteres
363 2071 461 2103 sedes
484 2076 562 2113 post
587 2077 658 2103 tam
683 2070 828 2113 longum
854 2078 991 2116 tempus
1007 2085 1193 2118 recupera-

207 2123 282 2156 vit'?
316 2119 369 2155 Ac
397 2120 554 2165 profecto
578 2121 794 2164 recuperatio
825 2122 936 2155 maius
962 2129 1013 2157 est
1040 2124 1191 2158 miracu—

206 2174 279 2207 lum
291 2199 300 2214 ,
327 2183 432 2217 quam
450 2170 562 2215 prima
578 2171 774 2215 occupatio.

306 2230 462 2270 Deinde,
485 2242 590 2275 quam
615 2230 758 2263 difficile
781 2231 847 2265 fuit
870 2233 1017 2266 suadere
1041 2234 1192 2267 deditio-

207 2295 305 2322 nem,
331 2293 410 2315 cum
436 2288 513 2325 post
537 2281 752 2314 deditionem
775 2282 866 2326 regis
894 2281 1054 2317 Ieconiae
1082 2284 1192 2318 iuter-

208 2334 372 2368 cederent
387 2331 472 2365 anni
489 2331 653 2364 undecim
669 2344 779 2377 usque
795 2334 838 2365 ad
854 2334 1092 2370 obsidionem.
1133 2334 1193 2368 ln-

210 2392 301 2418 terea
328 2384 387 2428 qui
413 2389 613 2415 manserant
635 2383 782 2428 reliqui,
815 2385 1087 2419 exercrabantur
1104 2384 1191 2419 Pro—

209 2433 368 2478 phetam,
395 2440 428 2467 et
451 2433 615 2466 dicebant
636 2445 715 2466 eum
738 2446 888 2473 errasse,
915 2441 949 2469 et
974 2447 1046 2469 esse
1076 2436 1191 2480 impo—

208 2492 353 2522 storem,
378 2481 742 2528 pseudoprophetam,
777 2485 850 2529 ipse
875 2493 990 2519 tamen
1015 2494 1131 2520 manet
1154 2487 1189 2519 in

208 2533 380 2568 sententia
397 2541 518 2567 contra
534 2534 694 2567 omnium
719 2535 867 2575 iudicia,
895 2543 928 2570 et
945 2544 1064 2571 contra
1093 2537 1189 2570 illam

207 2592 397 2619 eventuum
421 2585 578 2627 speciem.
632 2584 727 2619 Haec
748 2598 852 2631 quam
878 2586 950 2622 sint
974 2588 1130 2622 difficilia
1152 2588 1188 2621 in

207 2635 312 2670 tantis
336 2634 459 2673 rebuS,
485 2635 547 2667 ubi
573 2647 736 2678 regnum,
769 2637 896 2681 patria,
932 2639 1083 2682 populus
1109 2637 1188 2677 Dei,

205 2685 393 2731 templum,
419 2684 543 2726 cultus,
570 2686 702 2721 suntin
717 2693 872 2722 extremo
888 2689 1102 2732 discrimine,
1128 2702 1187 2724 co-

1241 1035 1345 1078 gitari
1361 1046 1379 1067 a
1397 1033 1632 1078 prudentibus
1647 1039 1828 1080 utcunque
1844 1039 2012 1079 possunt,
2038 1032 2155 1067 verbis
2171 1044 2231 1067 ex·

1242 1085 1366 1130 plicari
1384 1097 1457 1118 non
1475 1091 1633 1129 possunt.

1479 1170 1547 1204 De
1573 1168 1997 1205 Promis-sionibus.

1346 1234 1502 1269 Maxime
1521 1244 1637 1271 autem
1657 1237 1850 1280 urgebatur
1873 1235 2038 1270 Ieremias
2061 1235 2234 1281 oppositis

1248 1286 1553 1330 promissionibuS.
1582 1286 1663 1320 Non
1677 1287 1856 1321 auferetur
1879 1293 2056 1331 sceptrum
2072 1289 2116 1321 de
2134 1286 2234 1327 Iuda,

1247 1339 1359 1370 donec
1383 1338 1519 1372 venerit
1542 1335 1654 1371 Siloh.
1715 1336 1821 1377 Item,
1848 1338 1958 1370 Hunc
1980 1338 2134 1379 cultum,
2166 1335 2234 1371 hoe

1246 1388 1416 1431 templum
1434 1399 1642 1421 mansurum
1660 1399 1733 1421 esse
1751 1399 1861 1433 usque
1882 1389 1924 1421 ad
1941 1388 2121 1422 Messinm.

1346 1445 1414 1479 Hic
1447 1446 1614 1480 Ieremiae
1638 1446 1704 1480 suit
1730 1458 1817 1490 opus
1842 1447 2019 1490 spirituali
2049 1447 2233 1491 sapientia,

1246 1497 1499 1541 interpretante
1531 1497 1790 1542 promissiones.
1850 1497 2008 1532 Praestat
2041 1510 2096 1531 eas
2126 1496 2234 1538 Deus,

1245 1549 1305 1580 sed
1327 1560 1401 1581 non
1427 1560 1525 1582 more
1555 1547 1706 1590 cogitato
1735 1559 1754 1580 a
1779 1547 1915 1581 ratione
1945 1545 2112 1583 humana.
2165 1546 2236 1582 Dat

1248 1596 1414 1632 Abrahae
1439 1597 1695 1642 posteritatem,
1722 1599 1782 1630 sed
1802 1610 1875 1632 non
1898 1610 1996 1632 more
2021 1599 2171 1643 cogitato
2188 1599 2233 1632 ab

1245 1649 1333 1692 ipso.
1387 1647 1438 1683 lta
1461 1655 1575 1682 servat
1599 1647 1695 1682 Deus
1722 1645 1816 1682 hunc
1841 1650 2012 1694 populum
2029 1657 2063 1684 et
2084 1649 2231 1690 cultum,

1246 1700 1305 1732 sed
1325 1711 1399 1732 non
1422 1705 1462 1733 ιη
1488 1699 1662 1742 cogitabat
1688 1696 1842 1733 humana
1866 1699 1968 1734 ratio.
2022 1699 2126 1734 Prius
2149 1699 2234 1733 uni-

1246 1761 1379 1783 versam
1397 1757 1534 1793 gentem
1550 1750 1714 1794 dissipat,
1749 1750 1918 1794 templum
1947 1751 2108 1785 funditus
2133 1762 2233 1784 ever-

1246 1801 1305 1841 tit,
1356 1801 1489 1834 cultum
1523 1800 1656 1841 abolet,
1697 1807 1730 1835 et
1765 1806 1881 1834 tamen
1917 1803 2063 1836 reducto
2099 1801 2232 1846 populo

1248 1857 1398 1896 praestat
1414 1851 1696 1896 promissionem.

1347 1909 1444 1943 Haec
1469 1910 1634 1944 discenda
1658 1917 1757 1949 sunt,
1791 1916 1831 1943 ut
1854 1910 1999 1944 verbu'm
2019 1910 2088 1944 Dei
2112 1910 2232 1943 omni—

1247 1963 1311 1996 bus
1327 1961 1512 1995 eventibus
1529 1967 1560 1994 et
1583 1961 1713 1994 nostris
1735 1960 1893 1994 consiliis
1911 1967 1944 1994 et
1959 1960 2232 2004 cogitationibus

1246 2013 1491 2047 anteferamus.
1553 2010 1733 2055 Apostolis
1763 2011 1932 2055 promissa
1957 2018 2031 2045 erat
2054 2010 2232 2045 Ecclesiae

1246 2062 1477 2108 conservatio,
1528 2060 1599 2106 Ipsi
1615 2068 1652 2096 et
1666 2061 1843 2095 auditores
1861 2061 2093 2103 trucidantur,
2120 2069 2154 2096 et
2176 2069 2232 2097 ta-

1247 2126 1327 2147 men
1352 2113 1493 2147 interim
1519 2119 1747 2157 propagatur,
1779 2119 1813 2145 et
1835 2112 1942 2156 magis
1965 2113 2143 2158 magisque
2164 2113 2231 2146 sso-

1246 2164 1349 2198 rescit
1363 2163 1529 2198 Ecclesia.
1584 2163 1635 2197 lta
1654 2163 1692 2196 in
1708 2162 1807 2196 omni
1825 2162 1894 2196 vita
1914 2163 2122 2208 cogitemus,
2148 2174 2231 2208 pro-

1246 2215 1431 2249 missiones
1448 2214 1603 2248 mirabili
1620 2215 1725 2247 modo
1742 2213 1922 2258 praestari.

1349 2274 1468 2308 Moses
1490 2285 1711 2319 nequaquam
1740 2272 1906 2316 cogitavit
1936 2284 1972 2306 se
1996 2273 2229 2319 quadraginta

1246 2326 1347 2359 annis
1366 2325 1402 2358 in
1418 2326 1553 2358 deserto
1573 2331 1779 2368 vagaturum
1795 2335 1878 2359 esse.
1916 2322 2033 2366 Quam
2053 2323 2156 2357 multi
2171 2323 2228 2356 in-

1246 2377 1347 2411 terim
1367 2377 1641 2420 desperaverunt
1658 2382 1691 2408 et
1709 2374 1859 2408 execrati
1877 2381 1960 2408 sunt
1978 2373 2121 2414 Mosen,
2147 2379 2228 2407 tan—

1246 2440 1351 2473 quam
1369 2426 1615 2471 impostorem,
1642 2426 1847 2460 seditiosum
1869 2431 1902 2458 et
1927 2432 2128 2470 tyrannum.
2180 2421 2227 2458 Et

1244 2485 1361 2511 tamen
1384 2477 1480 2510 Deus
1501 2478 1641 2511 tandem
1669 2476 1822 2521 perficit,
1848 2475 1886 2508 id
1904 2476 1997 2520 quod
2019 2485 2081 2519 per
2097 2473 2226 2508 Mosen

1244 2527 1411 2562 incoarat.

1345 2585 1422 2620 Hoc
1445 2587 1641 2630 exemplum
1666 2586 1855 2630 diligenter
1879 2583 2138 2618 observandum
2164 2591 2228 2625 est,

1243 2639 1337 2684 quod
1355 2636 1450 2671 Deus
1467 2637 1718 2681 promissiones
1732 2641 1892 2681 praestet,
1917 2633 2020 2668 aliter
2033 2646 2137 2680 quam
2155 2634 2224 2670 hur

1243 2702 1347 2724 mana
1366 2688 1454 2723 ratio
1472 2688 1611 2732 cogitat.
