2379 2948
170 102 262 138 1161

164 199 271 227 mam,
299 186 392 220 tollit
411 194 589 230 peccatum
609 194 641 222 et
660 195 823 230 mortem,
850 189 965 223 reddit
985 189 1160 223 iusticiam

165 244 199 271 et
221 238 330 271 vitam
358 244 555 279 aeternam,
589 239 742 273 vivificat
775 247 804 273 et
834 240 1039 275 sanctificat.
1092 239 1162 272 Hie

163 290 325 322 sacerdos
345 301 483 332 semper
507 290 692 323 nobiscum
718 298 789 330 est,
817 302 956 334 semper
973 291 1107 333 colligit
1129 297 1162 323 et

163 340 315 384 protegit
332 339 550 380 Ecclesiam,
577 347 609 373 et
629 347 746 384 postea
773 341 808 372 in
836 342 933 373 omni
954 341 1161 375 aeternitate

162 403 242 424 cum
258 402 320 425 sua
335 390 493 425 Ecclesia
510 397 692 425 aeternum
712 398 846 435 patrem
866 393 1070 426 celebrabit.

263 466 397 502 Eadem
429 467 599 500 dicuntur
630 467 667 500 in
699 468 935 511 appellatione
966 467 1161 502 Melchize-

161 517 270 560 dech,
306 519 476 562 significat
502 518 596 550 enim
626 515 721 551 hunc
745 518 912 553 Messiam
942 532 1059 562 regem
1086 533 1160 553 esse

162 571 340 610 iusticiae,
366 570 401 602 id
423 575 492 606 est,
521 568 582 613 qui
601 580 681 601 vere
702 570 814 603 iustus
830 578 879 604 est
897 578 1036 604 aeterna
1058 571 1159 605 iusti-

161 623 233 662 cia,
261 632 366 666 quam
386 630 530 652 nascens
549 620 677 663 accipit
695 633 712 652 a
730 628 846 664 patre,
876 634 955 654 cum
979 622 1025 656 sit
1043 622 1157 664 imago

160 672 294 706 aeterni
329 670 458 716 patris,
493 682 574 703 vere
607 671 719 714 placet
744 679 888 705 aeterno
921 673 1032 717 patri,
1068 673 1159 706 sicut

160 725 234 768 ipse
251 722 382 768 inquit:
410 720 477 753 Hic
495 727 545 754 est
565 720 680 755 Filius
697 735 794 756 meus
812 724 979 763 dilectus,
1007 736 1076 769 quo
1096 725 1157 756 de-

159 776 287 811 lector,
314 779 346 805 et
372 778 516 815 propter
538 784 618 805 eum
644 773 814 817 recipitur
835 773 1011 814 Ecclesia,
1038 781 1071 807 et
1096 787 1157 818 per

158 837 237 859 eum
258 824 372 857 deleto
392 829 532 866 peccato
556 830 588 856 et
606 825 717 857 deleta
738 832 852 859 morte
871 826 1033 858 redditur
1052 826 1156 858 nobis

157 875 294 909 iusticia
313 881 467 909 aeterna.
525 873 574 907 lta
599 876 807 909 nominatur
825 888 884 910 rex
912 876 1090 915 iusticiae‚
1120 876 1155 909 id

156 933 229 967 est,
255 926 368 959 iustus
386 931 419 958 et
438 925 643 959 iustificans.

258 997 465 1034 Secundum
486 998 650 1033 ordinem
668 998 961 1037 fllelclzizedeclz.
1003 1001 1043 1035 In
1061 1003 1154 1036 anti-

155 1052 246 1088 thesi
273 1052 461 1085 sacerdotii
483 1051 633 1085 Messiae
658 1060 692 1086 et
710 1052 882 1093 Levitici,
910 1053 1155 1098 principaliter

154 1107 198 1139 de
215 1115 363 1149 persona
382 1102 465 1135 Filii
485 1101 569 1144 Dei,
605 1111 637 1138 et
662 1105 704 1136 de
730 1104 979 1137 benedictione
1004 1117 1094 1149 quae
1117 1106 1154 1138 fit

154 1168 218 1202 per
242 1166 340 1191 eum,
375 1154 538 1187 videlicet
563 1155 606 1187 de
634 1155 708 1187 eius
735 1155 932 1196 beneficiis,
958 1156 1002 1188 de
1028 1156 1153 1189 remis-

154 1208 254 1242 sione
273 1212 514 1249 peccatorum,
536 1206 579 1238 de
594 1206 818 1239 restitutione
834 1206 993 1240 iusticiae
1011 1213 1043 1239 et
1061 1207 1152 1240 vitae

763 101 824 140 IX.
877 101 1249 139 COMMENTARH
1286 102 1336 138 IN
1373 103 1615 143 PSALMOS.

153 1265 316 1293 aeternae
333 1256 524 1289 dicendum
544 1263 606 1291 est.
661 1256 762 1289 Hanc
783 1269 968 1300 personam
989 1265 1022 1290 et
1043 1258 1151 1291 bene-

153 1309 345 1343 dictionem
365 1307 518 1349 primum
544 1314 684 1350 oportet
704 1308 837 1350 opponi
854 1307 1014 1341 Levitico
1036 1320 1150 1341 sacer-

152 1361 268 1395 dotio:
298 1357 400 1390 multi
427 1369 490 1390 nec
516 1358 558 1390 de
585 1370 734 1401 persona
753 1370 816 1391 nec
835 1360 878 1391 de
902 1359 1150 1392 benedictione

151 1413 337 1449 dixerunt,
364 1409 422 1441 sed
441 1414 578 1441 tantum
596 1409 825 1442 contulerunt
841 1409 931 1442 ritus
946 1410 1043 1442 illius
1061 1416 1150 1442 tem-

150 1463 248 1508 poris
265 1469 297 1495 et
312 1459 443 1497 nostri,
472 1460 597 1493 dicunt
613 1457 881 1493 Melchizedech
899 1460 1069 1494 obtulisse
1087 1472 1150 1504 pa·-

150 1526 232 1548 nem
251 1519 284 1546 et
302 1511 437 1552 vinum,
466 1517 500 1544 et
517 1510 552 1543 id
572 1511 781 1544 sacrificium
799 1511 905 1544 fuisse
922 1518 1045 1557 typum
1063 1523 1148 1544 ven-

150 1565 222 1600 turi
241 1562 421 1597 sacrificii:
450 1558 508 1594 hic
529 1562 684 1605 primum
711 1562 869 1595 iuniores
889 1563 933 1595 de
959 1560 1149 1595 Gramma-

149 1618 218 1652 tica
236 1612 455 1648 admonendi
469 1618 562 1645 sunt.
615 1611 736 1646 Lectio
757 1612 794 1645 in
814 1620 908 1646 textu
933 1610 999 1645 hoc
1017 1620 1148 1652 narrat,

150 1680 229 1702 cum
251 1662 433 1699 Abraham
452 1663 612 1697 rediisset
628 1675 669 1696 ex
687 1664 820 1707 praelio
839 1663 998 1696 confecto
1019 1663 1146 1696 itinere

148 1718 287 1763 aliquot
304 1715 464 1755 dierum,
491 1727 509 1747 a
531 1713 702 1748 Damasco
722 1726 832 1759 usque
853 1715 895 1747 ad
922 1713 1145 1746 Hierusalem

149 1771 230 1816 plus
257 1767 306 1801 40
341 1765 555 1799 milliaribus
595 1765 746 1805 nostris,
792 1762 1059 1798 Melchizedech
1090 1777 1146 1797 re-

148 1823 317 1855 deuntem
339 1817 475 1861 excepit
498 1824 531 1850 et
550 1817 644 1859 pavit
663 1816 778 1860 ipsum
802 1824 835 1850 et
850 1815 925 1849 eius
943 1815 1145 1854 exercitum,

147 1873 186 1906 in
204 1870 296 1905 hanc
316 1868 526 1902 sententiam
545 1867 679 1912 inquit:
708 1866 902 1900 Protulisse
921 1879 1000 1900 eum
1017 1878 1142 1910 panem

147 1930 182 1958 et
198 1922 332 1956 vinum.
376 1917 511 1953 Eodem
530 1930 612 1952 vero
632 1926 790 1962 tempore
805 1915 1073 1951 Melchizedech
1096 1918 1143 1951 ibi

146 1972 329 2009 benedixit
353 1967 537 2010 Abrahae,
572 1977 605 2004 et
628 1976 778 2015 utraque
812 1981 849 2003 re
871 1969 1065 2012 significata
1094 1977 1144 2003 est

146 2023 323 2059 Ecclesiae
355 2021 430 2055 eius
461 2021 632 2064 temporis
661 2021 824 2059 societas,
869 2020 1142 2053 communicatio

147 2076 332 2121 epularum
356 2080 389 2106 et
409 2070 574 2116 hospitii,
602 2072 670 2106 fuit
694 2072 834 2115 signum
855 2071 1054 2109 amiciciae,
1082 2072 1141 2104 sed

145 2124 348 2162 benedictio
374 2123 440 2157 fuit
465 2123 648 2168 proprium
676 2121 918 2156 testimonium
951 2133 1143 2155 consensus

146 2180 189 2213 de
205 2176 293 2212 Deo.
342 2173 435 2218 Quia
452 2174 546 2208 enim
564 2174 720 2218 agnoscit
739 2171 920 2207 Abraham
933 2197 943 2212 ,
972 2170 1067 2207 hunc
1087 2174 1142 2206 vi-

145 2241 226 2266 rum
251 2227 467 2261 sacerdotem
491 2237 564 2259 esse
588 2226 662 2259 veri
686 2224 774 2266 Dei,
801 2225 930 2269 expetit
957 2224 1033 2257 eius
1057 2237 1140 2258 con-

144 2282 283 2316 cionem
303 2284 335 2311 et
354 2276 610 2321 precationem,
638 2284 671 2312 et
696 2277 793 2310 audit
812 2275 1082 2320 promissionem
1103 2276 1139 2309 in

144 2344 213 2379 qua
232 2328 290 2364 hic
308 2328 469 2362 sacerdos
487 2326 638 2362 affirmat
652 2340 736 2361 voce
752 2328 889 2361 divina:
918 2324 1140 2360 Benedictus

144 2395 180 2418 es
198 2377 395 2416 Abraham
411 2390 435 2411 a
451 2375 536 2410 Deo
553 2376 759 2420 altissimo,
792 2379 827 2412 id
846 2385 914 2419 est,
941 2376 1037 2412 Deus
1059 2390 1140 2411 vere

143 2435 211 2471 tihi
234 2431 414 2478 propicius
440 2435 511 2470 est,
539 2436 577 2463 tu
601 2430 721 2464 vivum
739 2430 938 2463 membrum
962 2441 997 2462 es
1015 2427 1140 2467 Eccle-

143 2487 214 2521 siae
227 2483 315 2524 Dei,
343 2489 376 2515 te
397 2480 486 2524 regit
503 2487 535 2514 et
550 2481 704 2524 protegit
719 2479 834 2522 Deus,
862 2487 899 2514 tu
917 2492 952 2514 es
976 2481 1089 2514 iustus
1107 2488 1140 2514 et

141 2536 264 2572 haeres
280 2535 371 2568 vitae
389 2539 560 2566 aeternae.
607 2530 682 2565 Hac
699 2543 783 2565 voce
801 2533 1031 2566 confirmatur
1052 2532 1138 2565 fides
1161 2559 1164 2584 Ι

142 2590 181 2622 in
204 2582 405 2625 Abraham,
439 2591 473 2617 et
498 2582 604 2616 simul
630 2583 700 2625 agit
730 2583 858 2625 gratias
885 2595 967 2616 vero
990 2582 1066 2617 Deo
1093 2584 1137 2616 de
1161 2589 1163 2611 l

143 2638 310 2681 victoria,
337 2646 426 2680 quae
443 2635 610 2678 proderat
627 2634 702 2667 eius
726 2633 794 2666 loci
813 2632 1005 2676 Ecclesiae,
1031 2641 1063 2668 et
1084 2634 1135 2668 ibi

143 2692 245 2726 docet
260 2695 294 2723 et
312 2686 497 2721 confirmat
513 2685 643 2719 multos
665 2685 703 2718 in
726 2684 890 2719 exercitu.

2110 113 2208 148 1162

1323 187 1374 222 Ita
1393 191 1656 226 consideremus
1675 205 1764 238 quae
1791 200 1875 228 tnnc
1892 203 1924 230 et
1946 196 2007 231 ubi
2026 198 2128 232 fuerit
2146 197 2214 233 Ec-

1218 238 1319 272 clesia
1333 266 1340 280 ‚
1367 247 1399 274 et
1416 238 1483 274 hoc
1501 243 1629 277 moniti
1648 245 1817 289 exemplo,
1846 247 2019 281 discamus
2042 249 2211 284 Ecclesias

1218 291 1345 323 debere
1364 293 1658 327 consociationem
1682 308 1867 340 quaerere,
1899 305 1933 332 et
1953 300 2044 333 tueri
2062 312 2212 333 consen-

1216 353 1292 374 sum
1316 342 1519 383 doctrinae,
1547 346 1727 378 communi
1758 347 2002 391 invocatione,
2029 352 2209 385 communi

1216 392 1453 433 confessione,
1480 402 1600 428 mutua
1626 397 1871 432 benevolentia
1896 407 1930 434 et
1950 401 2092 441 officiis,
2121 409 2153 436 et
2171 409 2210 436 ut

1216 442 1252 475 in
1279 444 1481 487 precatione
1507 446 1655 486 dicitur,
1682 448 1810 482 debere
1832 462 1942 483 unum
1965 463 2037 485 esse
2064 453 2100 486 in
2119 453 2209 494 Deo,

1215 505 1286 526 non
1309 506 1478 539 quaerere
1497 497 1698 531 occasiones
1719 499 2023 537 dilacerationum.

1318 545 1501 579 Praeterea
1527 548 1744 582 considerata
1778 548 1841 584 hac
1868 549 2013 586 historia
2042 561 2075 588 et
2099 555 2207 588 hene-

1214 595 1388 636 dictione,
1417 597 1578 630 videmus
1595 611 1701 643 quare
1719 600 1755 632 in
1773 599 1912 635 Psalmo
1930 604 2129 638 conferatur
2152 617 2207 639 sa-

1213 647 1411 680 cerdotium
1430 647 1581 681 Messiae
1609 651 1650 682 ad
1671 652 1906 686 sacerdotium
1927 652 2206 697 Melchizedech,

1212 697 1343 731 scilicet
1358 705 1503 742 propter
1520 699 1802 735 benedictionem
1814 729 1823 743 ,
1851 716 1939 748 quae
1957 712 2018 746 est,
2046 713 2084 739 ut
2102 717 2206 750 supra

1212 748 1304 789 dixi,
1330 750 1562 783 annunciatio
1578 751 1710 794 gratiae
1727 759 1759 786 et
1775 760 1998 788 aeternornm
2018 757 2206 797 bonorum,

1211 805 1245 832 et
1261 811 1341 832 cum
1361 800 1398 833 in
1423 801 1484 833 illo
1511 798 1676 846 hospitali
1698 814 1902 847 congressu,
1931 806 2040 840 multa
2064 814 2096 841 et
2114 807 2205 841 dicta

1210 855 1243 882 et
1267 856 1340 882 acta
1367 851 1456 892 sint,
1485 858 1523 885 ut
1548 853 1727 894 narratio,
1755 866 1958 901 quanquam
1986 858 2120 899 brevis,
2148 859 2205 891 in-

1210 900 1319 934 dicat:
1349 914 1422 935 non
1446 908 1496 936 est
1518 904 1732 945 absurdum,
1765 913 1846 940 ante
1871 907 1992 951 epulas
2021 909 2124 942 etiam
2150 921 2205 942 sa-

1209 950 1381 985 crificium
1399 965 1458 986 seu
1484 953 1694 988 libationem
1712 956 1837 990 factam
1856 969 1947 998 esse,
1976 966 2015 992 ut
2034 972 2108 993 mos
2127 960 2204 999 fuit,

1210 1003 1269 1034 sed
1302 1000 1386 1036 hinc
1417 1016 1490 1037 non
1519 1013 1717 1050 sequuntur
1745 1007 1805 1041 illa
1836 1015 1922 1042 tetra
1957 1010 2202 1052 deliramenta,

1209 1064 1299 1097 quac
1330 1054 1412 1087 inde
1429 1053 1593 1088 monachi
1613 1058 1655 1089 (le
1672 1056 1781 1091 Missa
1799 1066 2038 1095 extruxerunt.
2091 1060 2203 1105 Lega-

1208 1116 1285 1136 mus
1303 1116 1522 1139 summorum
1541 1104 1726 1140 hominnm
1752 1106 1916 1143 historias
1942 1124 2015 1144 non
2032 1118 2069 1145 ut
2090 1113 2203 1156 pueri,

1206 1155 1263 1187 sed
1285 1156 1478 1198 cogitemus
1495 1158 1538 1189 de
1555 1159 1705 1191 consilio
1722 1158 1807 1201 Dei,
1835 1162 1878 1193 de
1902 1162 2110 1196 collectione
2133 1161 2202 1196 Ec-

1206 1205 1340 1242 clesiae.
1396 1206 1520 1241 Voluit
1536 1208 1633 1242 Deus
1649 1212 1833 1244 ostendere
1849 1213 2009 1257 quolibet
2031 1219 2202 1258 tempore,

1205 1269 1295 1301 quae
1312 1265 1344 1291 et
1364 1258 1425 1290 uhi
1443 1259 1548 1292 suerit
1565 1258 1740 1302 Ecclesia,
1763 1262 1857 1295 misit
1874 1263 1925 1295 illi
1945 1263 2079 1307 primae
2096 1265 2201 1298 aetati

1205 1308 1520 1342 excellentissimos
1547 1311 1726 1350 doctores,
1763 1309 1828 1345 hos
1858 1313 1954 1347 viros
1983 1315 2059 1347 vult
2083 1315 2201 1348 consi-

1205 1359 1337 1399 derari,
1366 1360 1442 1393 vult
1467 1372 1588 1393 eorum
1614 1362 1730 1395 audiri
1756 1364 1976 1407 doctrinam,
2010 1365 2086 1399 vult
2114 1378 2199 1400 con-

1203 1408 1290 1453 spici
1312 1410 1601 1444 coniunetionem
1619 1418 1683 1448 etc.

1304 1459 1373 1493 Hic
1396 1461 1501 1495 etiam
1528 1463 1692 1497 doctrina
1717 1463 1968 1498 sacrificiorum
1990 1472 2022 1499 et
2043 1478 2198 1500 ceremo-

1202 1510 1342 1544 niarum
1366 1518 1459 1546 recte
1486 1513 1723 1556 intelligatur,
1752 1515 1907 1550 sciebant
1930 1515 2198 1552 Melchizedech

1201 1569 1235 1595 et
1251 1560 1434 1595 Abraham
1448 1590 1457 1603 ‚
1485 1576 1520 1596 se
1548 1561 1677 1597 habere
1700 1566 1946 1600 remissionem
1964 1576 2198 1611 peccatorum,

1202 1619 1234 1646 et
1253 1613 1362 1646 iustos
1381 1626 1474 1652 esse,
1503 1615 1537 1647 id
1564 1622 1634 1656 est,
1663 1616 1799 1659 placere
1823 1616 1919 1658 Deo,
1946 1626 2090 1662 propter
2108 1631 2196 1652 ven—

1202 1670 1321 1696 turum
1345 1675 1482 1705 semen,
1512 1673 1642 1700 norant
1678 1674 1866 1701 venturum
1890 1666 2106 1710 Dominum,
2134 1671 2196 1715 qui

1201 1714 1358 1747 aboleret
1377 1723 1555 1757 peccatum
1575 1724 1605 1750 et
1623 1724 1772 1751 mortem
1786 1746 1795 1758 ‚
1822 1726 1853 1751 et
1879 1719 2076 1753 restitueret
2094 1721 2196 1754 insti-

1200 1765 1288 1798 ciam
1309 1773 1341 1798 et
1359 1766 1467 1799 vitam
1486 1775 1677 1811 aeternam,
1708 1770 1863 1802 sciebant
1880 1782 1916 1803 se
1932 1772 1976 1803 ab
1994 1783 2033 1805 eo
2051 1773 2196 1813 servari,

1199 1823 1232 1849 et
1258 1816 1432 1849 efficacem
1459 1830 1537 1851 eum
1569 1819 1605 1850 in
1630 1818 1769 1853 Sanctis
1795 1832 1887 1862 esse,
1922 1833 1986 1854 nec
2016 1823 2195 1864 sacrificia,

1199 1879 1263 1900 nec
1282 1868 1498 1902 ceremonias
1518 1881 1581 1902 nec
1600 1870 1671 1903 ulla
1695 1883 1802 1914 opera
1825 1879 1965 1913 nostra,
1993 1873 2121 1906 mereri
2138 1886 2194 1907 re-

1198 1918 1400 1951 missionem
1421 1928 1640 1963 peccatorum
1653 1947 1662 1962 ‚
1689 1923 1748 1955 sed
1768 1922 1985 1957 ceremonias
2001 1922 2104 1958 aDeo
2123 1931 2194 1959 tra-

1198 1970 1307 2008 ditas,
1336 1967 1466 2004 habere
1486 1971 1574 2004 alios
1597 1983 1692 2007 usus.

1299 2018 1474 2056 Addenda
1492 2029 1542 2056 est
1567 2029 1600 2056 et
1617 2021 1702 2057 haec
1719 2024 1937 2059 admonitio:
1968 2024 2113 2060 Dictum
2131 2034 2192 2069 est,

1197 2070 1365 2105 Messiam
1403 2085 1475 2106 esse
1505 2085 1684 2107 summum
1724 2077 1941 2110 sacerdotem
1977 2077 2040 2122 qui
2069 2090 2190 2112 vocem

1198 2120 1381 2166 Evangelii
1406 2136 1446 2158 ex
1467 2136 1597 2158 arcano
1623 2125 1704 2159 sinu
1734 2127 1868 2160 aeterni
1902 2128 2009 2171 patris
2032 2129 2191 2172 protulit,

1196 2181 1233 2207 ut
1248 2171 1443 2208 Ecclesiam
1468 2188 1508 2209 ex
1526 2187 1653 2219 genere
1679 2174 1835 2210 humano
1855 2178 2014 2221 colligat,
2042 2179 2189 2213 incoan-

1195 2225 1332 2258 damin
1350 2223 1415 2259 hac
1432 2227 1573 2261 mortali
1599 2227 1689 2268 vita,
1718 2234 1756 2262 ut
1781 2227 1877 2264 Ioan.
1899 2230 1930 2263 1.
1956 2229 2104 2263 dicitur:
2140 2230 2188 2263 Il-

1194 2276 1346 2310 luminat
1384 2289 1526 2311 omnem
1567 2276 1747 2311 hominem
1783 2280 1983 2313 venientem
2015 2281 2053 2313 in
2093 2279 2188 2315 hunc

1193 2329 1388 2368 mundum,
1417 2329 1496 2362 ideo
1524 2335 1663 2373 oportet
1688 2329 1725 2362 in
1748 2327 1812 2362 hac
1839 2331 1980 2364 mortali
2008 2331 2079 2365 vita
2102 2333 2188 2366 reti—

1193 2378 1271 2412 neri
1287 2391 1407 2413 vocem
1425 2377 1629 2423 Evangelii,
1657 2381 1700 2413 ad
1719 2392 1825 2425 quam
1844 2383 2107 2425 propagandam
2129 2381 2186 2417 hic

1191 2441 1350 2463 summus
1366 2432 1527 2464 sacerdos
1543 2430 1649 2464 mittit
1666 2431 1869 2472 ministros,
1899 2432 1961 2477 qui
1980 2433 2186 2468 discernen-

1191 2480 1227 2514 di
1245 2486 1328 2514 sunt
1345 2492 1363 2513 a
1382 2493 1520 2514 summo
1536 2482 1731 2523 sacerdote,
1760 2488 1792 2515 et
1808 2489 1846 2516 ut
1863 2494 1968 2527 supra
1990 2485 2185 2527 nominavi,

1190 2539 1272 2566 sunt
1290 2532 1559 2576 participatione
1575 2533 1791 2574 sacerdotes,
1819 2534 1901 2578 quia
1924 2546 2044 2567 vocem
2063 2533 2183 2570 Evan-

1189 2583 1271 2626 gelii
1289 2589 1414 2615 sonant
1434 2589 1610 2627 acceptam
1628 2595 1645 2616 a
1667 2596 1804 2617 summo
1829 2586 2025 2627 sacerdote,
2054 2587 2114 2631 qui
2133 2595 2182 2621 est

1189 2634 1308 2667 efficax
1338 2644 1400 2676 per
1432 2645 1528 2675 eam,
1555 2631 1665 2668 trahit
1696 2635 1898 2677 audientes,
1925 2644 1964 2670 ut
1992 2646 2182 2680 agnoscant

1187 2684 1328 2719 unicam
1355 2684 1551 2728 victimam,
1587 2697 1655 2730 qua
1678 2686 1834 2731 placatus
1863 2693 1912 2721 est
1930 2685 2051 2730 -Deus‚
2086 2695 2118 2722 et
2144 2690 2182 2722 in
