2379 2948
223 126 297 161 383

460 115 668 156 SCRIPTA
694 114 769 149 PII.
794 112 912 149 MEL.
937 111 1003 147 AD
1030 112 1156 149 HlST.
1186 112 1329 152 PROF.
1356 113 1421 152 ET
1449 113 1639 150 PHILOS.
1666 88 1984 152 SPECTANTIA.

229 211 320 242 ciora
345 205 419 246 bis,
446 215 534 249 quae
557 203 605 235 sic
627 205 854 238 moveantur,
885 204 967 231 sunt
990 198 1098 241 igitur
1123 209 1211 243 qua·
1236 207 1240 227 ῑ

230 268 311 294 tuor
328 258 513 291 elementa:
544 250 657 294 Ignis,
684 249 774 292 Aer,
804 247 906 293 Aqua
928 255 960 282 et
976 248 1100 284 Terra.

467 334 683 371 Secundum
708 337 984 380 aryumentum.

333 406 376 438 ln
392 401 599 446 corporibus
615 399 731 433 mixtis
749 406 829 432 sunt
845 400 1002 432 diversae
1016 397 1211 444 qualitates.

234 458 396 499 Quatuor
411 460 526 486 autem
546 457 628 484 sunt
645 450 779 494 primae
802 450 1004 494 qualitates,
1031 454 1063 481 et
1086 446 1212 480 harum

235 502 404 552 συζυγίαι
430 508 600 548 quatuor,
634 512 672 533 ac
695 511 832 532 necesse
859 506 908 532 est
933 498 1126 544 quamlibet
1149 506 1214 530 συ-

235 554 369 603 ζυγίαν
393 555 430 586 in
459 552 528 586 alio
557 562 703 594 corpore
728 560 811 582 esse.
863 547 981 582 Erunt
1006 548 1112 590 igitur
1127 558 1213 591 qua-

233 614 316 640 tuor
334 604 447 649 prima
469 613 626 645 corpora.
677 600 782 633 Calor
806 599 900 632 enim
924 606 956 632 et
979 598 1088 640 frigus
1116 596 1214 639 iungi

234 668 309 690 non
327 660 482 699 possunt.
536 651 606 686 Nec
625 647 819 682 humiditas
836 656 868 682 et
890 648 1025 682 siccitas
1038 674 1046 687 ‚
1073 647 1131 680 sed
1158 658 1215 679 ca-

236 707 356 740 liditas
379 711 413 737 et
436 702 571 736 siccitas
596 701 810 742 iunguntur,
843 706 883 732 ut
904 699 942 730 in
971 697 1057 740 igni.
1118 696 1216 736 Item,

237 756 396 790 caliditas
420 760 454 786 et
469 751 680 787 humiditas,
706 756 745 782 ut
762 749 798 781 in
816 750 910 783 a'e're.
962 746 1099 781 Deinde
1115 747 1216 789 frigi-

237 807 328 839 ditas
345 812 377 837 et
394 802 603 840 humiditas,
629 806 667 832 ut
686 799 723 831 in
740 811 847 843 aqua,
876 804 1051 841 postremo
1072 797 1216 840 frigidi-
1242 823 1244 825 .

237 864 289 890 tas
314 862 346 888 et
367 853 517 891 siccitas,
546 857 585 883 ut
611 850 649 881 in
674 855 777 883 terra.
830 848 901 882 Nec
926 854 1071 892 possunt
1096 848 1213 891 plures

239 917 310 938 esse
327 904 413 937 tales
429 898 612 947 συζυγίαι
646 898 693 932 Et
710 899 922 942 experientia
941 898 1113 938 ostendit,
1133 909 1218 930 con-

240 966 362 997 gruere
385 951 448 985 has
471 950 709 994 copulationes
726 961 804 982 cum
820 947 875 981 his
891 955 1042 993 quatuor
1062 947 1219 991 corpori-

238 1007 315 1039 l›118.

237 1067 301 1088 nec
318 1054 419 1098 plura
432 1079 441 1093 ,
468 1063 531 1084 nec
547 1050 723 1094 pauciora.

496 1136 663 1168 Tertium
690 1136 961 1179 argumentum.

341 1202 421 1236 Non
447 1207 595 1245 possunt
620 1200 811 1232 monstrari
837 1209 982 1242 corpora
1007 1198 1220 1242 simpliciora

236 1255 295 1288 bis
313 1260 483 1298 quatuor,
510 1258 543 1284 et
560 1250 758 1293 insignibus
776 1250 861 1282 locis
885 1249 922 1281 in
944 1254 1070 1281 natura
1093 1249 1220 1281 distin-

240 1313 294 1338 cta
317 1305 356 1337 ad
383 1301 617 1335 animantium
644 1300 852 1339 utilitatem,
880 1305 913 1332 et
934 1310 1085 1342 quorum
1108 1305 1222 1341 partes

240 1354 424 1387 manifeste
448 1348 760 1394 deprehendantur
784 1350 820 1381 in
847 1349 977 1381 mixtis.
1037 1347 1146 1380 Terra
1169 1348 1223 1389 gi-

238 1405 316 1447 gnit
338 1410 371 1436 et
394 1407 582 1440 sustentat,
615 1399 772 1442 proxima
798 1405 848 1431 est
875 1410 977 1442 aqua,
1000 1409 1089 1441 quae
1110 1398 1223 1441 pluri-

240 1465 340 1486 mum
357 1451 516 1485 alimenti
533 1449 742 1492 suppeditat.
782 1447 919 1481 Deinde
933 1448 1012 1487 ae'r,
1039 1447 1101 1491 qui
1118 1448 1222 1480 etiam

243 1504 305 1536 alit
331 1510 364 1535 et
390 1501 484 1534 fovet
512 1500 699 1533 nascentia.
758 1498 916 1540 Longius
948 1497 1088 1530 recessit
1123 1498 1224 1540 ignis,

244 1554 326 1598 quia
344 1552 545 1584 moderatus
563 1549 657 1582 calor
675 1550 746 1581 vim
765 1547 951 1593 gignendi,
978 1553 1009 1579 et
1038 1547 1224 1580 efficaciam

241 1610 357 1635 terrae
372 1608 405 1634 et
422 1601 538 1633 mixtis
557 1599 767 1642 suppeditat.
806 1597 897 1631 Sunt
914 1597 1021 1638 igitur
1036 1594 1120 1629 haec
1138 1608 1225 1642 qua-

244 1661 324 1685 tuor
343 1652 406 1684 sub
426 1650 520 1682 coelo
538 1649 649 1692 prima
667 1660 813 1691 corpora
829 1654 862 1680 et
887 1646 1164 1689 simplicissima,
1192 1653 1226 1680 et

244 1699 462 1745 deprehendi
479 1698 562 1733 baec
583 1699 619 1730 in
637 1699 754 1732 mixtis
773 1697 999 1730 manifestum
1018 1703 1080 1732 est.

497 1787 682 1824 charium
708 1784 977 1828 aryumentum.

348 1852 390 1885 In
425 1851 664 1885 animantibus
688 1856 770 1883 sunt
793 1849 950 1883 diversae
971 1855 1103 1893 partes,
1139 1859 1228 1893 quae

246 1905 290 1937 ad
315 1903 535 1945 singulorum
563 1901 817 1933 elementorum
845 1906 988 1933 naturas
1017 1905 1228 1942 congruunt.

247 1954 393 1987 Necesse
427 1958 477 1984 est
498 1951 605 1993 igitur
630 1950 823 1983 animantia
848 1961 887 1982 ex
914 1949 1096 1982 elementis
1120 1949 1227 1982 mixta

249 2016 333 2038 esse.
394 2001 614 2034 Antecedens
644 2000 869 2032 manifestum
897 2006 957 2032 est.
1009 2000 1052 2032 In
1083 1996 1228 2031 homine

249 2060 330 2087 sunt
345 2063 420 2084 ossa
437 2057 469 2084 et
485 2063 564 2083 caro
576 2077 583 2089 ,
610 2061 698 2094 quae
716 2056 916 2091 congruunt
934 2061 1013 2081 cum
1031 2056 1135 2089 terra,
1162 2047 1229 2081 llu-

249 2103 425 2136 miditates
444 2106 644 2144 congruunt
660 2111 739 2133 cum
758 2110 864 2143 aqua,
891 2099 1034 2142 spiritus
1054 2111 1133 2132 cum
1151 2106 1228 2133 aere

248 2160 281 2187 et
300 2153 383 2196 igni.

352 2203 408 2235 Ad
427 2201 576 2235 eundem
597 2200 739 2232 modum
759 2206 957 2241 congruunt
973 2211 1051 2232 cum
1076 2199 1230 2232 elemen-

250 2255 314 2293 tis,
347 2264 419 2284 non
445 2252 558 2284 solum
582 2250 816 2287 nutrimenta,
851 2250 908 2281 sed
933 2249 1036 2282 etiam
1064 2249 1229 2284 remedia.

253 2303 294 2335 ln
314 2301 555 2335 calefaciendis
572 2300 780 2343 corporibus
798 2298 932 2331 utimur
950 2300 1065 2339 rebus,
1082 2311 1229 2343 quarum

255 2403 424 2435 sumimus
440 2413 494 2435 res
510 2412 654 2445 aqueas,
678 2407 718 2433 ut
733 2400 771 2431 in
791 2398 881 2431 febri
904 2400 1008 2432 datur
1032 2411 1122 2443 aqua
1147 2397 1233 2433 hor-

255 2452 332 2491 dei,
357 2452 485 2484 dantur
504 2462 628 2493 pruna.
680 2448 769 2483 Cum
786 2447 1028 2483 humectamus
1051 2456 1084 2482 et
1107 2450 1232 2483 calefa-

256 2502 384 2540 chnus,
411 2499 617 2533 adhibemus
633 2511 688 2533 res
709 2501 846 2538 ae'reas,
873 2506 912 2533 ut
934 2500 1075 2539 vinum,
1103 2500 1232 2534 oleum.

252 2550 344 2584 Cum
362 2551 604 2592 refrigeramus
628 2562 667 2583 ac
691 2550 922 2591 desiccamus,
960 2550 1093 2583 utimur
1116 2550 1231 2593 rebus,

256 2612 345 2644 quae
369 2607 481 2633 terrae
508 2607 668 2633 naturam
693 2601 868 2641 referunt,
898 2607 937 2634 ut
965 2607 1080 2639 aceto,
1108 2601 1233 2641 acacia,

255 2652 336 2684 holo
364 2662 517 2684 armeno,

370 1002 440 1035 Tot
457 1007 539 1034 sunt
555 1000 661 1042 igitur
675 1000 787 1043 prima
805 1005 837 1032 et
862 999 1034 1043 simplicia
1060 1008 1218 1041 corpora,
1244 1022 1246 1029 ,

1237 447 1243 479 l

1254 2017 1256 2035 ;
1282 2007 1316 2033 et
1335 2012 1396 2044 per
1412 2012 1467 2033 eas
1483 2008 1589 2043 agunt
1605 2001 1774 2033 elementa
1791 2000 1923 2040 verius,
1951 2010 2055 2044 quam
2072 1999 2159 2031 luce.

1282 2301 1415 2333 formae
1435 2300 1472 2332 in
1493 2301 1683 2334 elementis.

254 2354 353 2394 ignea
372 2360 421 2386 est
436 2358 579 2390 natura,
606 2350 643 2382 in
672 2349 922 2391 frigefaciendo
940 2356 974 2383 et
997 2347 1230 2382 humectando
1256 2337 1258 2355 ἲ

2156 113 2231 149 384

1364 200 1438 234 Imo
1457 208 1489 236 et
1504 207 1655 246 quatuor
1670 198 1837 233 humores
1854 200 1891 233 in
1907 201 2109 245 corporeita
2120 199 2241 233 distri-

1261 252 1338 286 buti
1358 259 1459 293 sunt,
1485 258 1525 285 ut
1542 257 1735 295 congruant
1754 251 1797 283 ad
1814 257 1964 294 quatuor
1981 252 2161 284 elementa.
2196 249 2240 282 ln

1263 314 1373 335 massa
1397 302 1586 345 sanguinea
1611 301 1785 334 ebulliens
1809 312 1949 343 spuma,
1985 313 2072 344 quae
2099 308 2147 333 est
2171 300 2242 332 fer-

1237 383 1239 393 ,
1264 353 1477 392 ventissima‚
1505 353 1610 385 rubra
1626 351 1727 390 bilis,
1753 357 1803 384 est
1819 357 1964 383 naturae
1982 350 2116 392 igneae.
2154 349 2242 383 Atra

1264 403 1364 441 bilis,
1388 414 1475 447 quae
1492 409 1542 435 est
1557 402 1594 435 in
1618 403 1687 434 imo
1711 409 1743 435 et
1764 401 1924 441 densior,
1950 400 2074 432 similis
2098 400 2243 437 fecibus,

1266 453 1409 496 propior
1425 459 1475 485 est
1491 459 1635 486 naturae
1653 451 1820 485 terrestri.
1872 449 2021 483 Dulcior
2043 450 2182 491 sanguis
2204 449 2243 483 in

1266 503 1382 534 medio
1419 503 1543 535 similis
1578 503 1673 535 dulci
1708 502 1810 542 vino,
1852 502 1972 534 a'e'reae
2006 505 2150 533 naturae
2184 505 2245 534 est.

1267 551 1448 595 Pblegma,
1472 559 1511 585 ut
1530 560 1667 592 vocant,
1684 563 1854 596 aquosum
1874 557 1934 584 est.

1367 601 1457 634 Cum
1484 609 1598 636 autem
1623 613 1662 634 ex
1690 602 1814 634 iisdem
1838 601 1942 634 rebus
1965 601 2099 633 oriatur
2121 606 2246 633 natura

1267 651 1525 692 animantium,
1566 652 1693 695 quibus
1727 652 1852 691 alitur,
1885 658 1918 684 et
1951 649 2007 684 his
2037 648 2246 683 humoribus

1269 713 1417 746 corpora
1441 702 1597 741 alantur,
1632 708 1905 734 consentaneum
1933 709 1983 735 est
2007 708 2059 735 tot
2082 711 2153 733 esse
2176 699 2246 732 ele-

1269 758 1406 793 menta,
1430 752 1549 795 priora
1567 758 1599 785 et
1617 751 1788 794 simplicia
1805 763 1963 794 corpora.

1494 846 1642 878 Suntne
1668 854 1765 889 pura
1792 841 2010 877 Elementa?

1371 918 1519 963 Propter
1545 919 1732 952 utilitatem
1756 918 2009 958 animantium,
2043 924 2075 951 et
2105 928 2158 950 res
2185 927 2251 949 na-

1271 975 1423 1010 scentes,
1452 971 1622 1002 elementa
1645 981 1718 1002 non
1742 975 1824 1002 sunt
1845 979 1988 1012 prorsus
2010 979 2116 1012 pura,
2143 973 2183 1000 ut
2197 965 2250 997 vi-

1274 1021 1397 1052 demus
1422 1020 1522 1064 aquis
1548 1019 1738 1052 admixtam
1766 1030 1837 1052 esse
1860 1026 2000 1052 terram.
2050 1017 2139 1051 Nam
2165 1027 2253 1060 pura

1273 1081 1362 1113 aqua
1379 1070 1534 1113 insipida
1555 1076 1651 1102 esset.
1705 1069 1779 1102 Nec
1800 1076 1892 1102 terra
1915 1066 2099 1101 humorem
2125 1076 2252 1110 suppe-

1271 1120 1398 1153 ditaret
1416 1120 1521 1153 rebus
1539 1120 1764 1153 nascentibus
1776 1146 1786 1160 ,
1813 1119 1841 1151 si
1859 1131 1946 1163 pura
1966 1125 2063 1153 esset.

1399 1218 1585 1260 Quomodo
1614 1217 1871 1253 discernuntur
1898 1216 2117 1252 Elementa?

1375 1284 1622 1329 principaliter
1638 1285 1866 1329 qualitatibus
1879 1283 2016 1328 primis,
2041 1283 2169 1316 deinde
2187 1282 2254 1314 mi-

1248 1337 1249 1342 ’
1274 1346 1340 1367 nus
1358 1335 1598 1378 principaliter
1615 1335 1844 1379 qualitatibus
1859 1334 2030 1366 secundis.

1454 1436 1546 1474 Quot
1572 1439 1661 1468 sunt
1686 1436 1830 1478 prinme
1857 1431 2087 1478 qualitates?

1378 1498 1554 1540 Quatuor:
1591 1500 1715 1539 Calor,
1750 1500 1877 1541 frigus,
1912 1497 2125 1537 humiditas,
2156 1497 2255 1529 sicci-

1277 1556 1342 1583 tas,
1395 1548 1570 1581 Dicuntur
1589 1556 1703 1582 antem
1721 1550 1874 1592 primae,
1900 1549 1982 1592 quia
2003 1559 2064 1591 per
2088 1544 2150 1579 has
2172 1558 2255 1590 pro-

1251 1626 1252 1631 ,
1278 1600 1352 1643 prie
1368 1599 1460 1632 inter
1477 1610 1511 1631 se
1531 1607 1654 1632 mutuo
1676 1607 1784 1642 agunt
1804 1599 1994 1638 elementa,
2022 1604 2055 1631 et
2074 1597 2200 1630 deinde
2219 1597 2256 1628 in

1277 1649 1396 1682 mixtis
1427 1660 1548 1682 causae
1576 1656 1658 1683 sunt
1687 1650 1835 1682 aliarum
1861 1648 2083 1682 sensibilium
2105 1647 2257 1692 qualita-

1278 1707 1371 1736 tum,
1411 1706 1449 1732 ut
1471 1711 1656 1743 saporum,
1688 1701 1857 1739 odorum,
1894 1699 2059 1739 duriciei,
2090 1697 2257 1730 molliciei

1279 1757 1312 1783 et
1329 1750 1488 1782 aliarum.
1540 1748 1626 1782 Erat
1642 1756 1757 1783 autem
1776 1757 1807 1783 et
1826 1751 1885 1782 lux
1901 1749 1994 1783 inter
2016 1748 2147 1791 primas
2170 1759 2255 1792 qua-

1279 1800 1393 1832 litates
1424 1801 1598 1842 ponenda.
1665 1799 1752 1833 Nam
1777 1802 1913 1843 ignem,
1947 1807 2082 1838 aerem,
2129 1809 2255 1842 aquarn

1282 1861 1426 1892 corpora
1449 1850 1565 1883 lucida
1581 1861 1653 1883 esse
1670 1850 1894 1884 manifestum
1912 1856 1971 1883 est.
2024 1849 2093 1883 Sed
2109 1848 2169 1881 lux
2183 1859 2256 1880 non

1280 1907 1415 1934 tantum
1434 1900 1632 1941 elementis,
1658 1901 1717 1933 sed
1734 1900 1838 1934 etiam
1854 1900 1950 1933 coelo
1967 1898 2143 1942 competit.
2168 1896 2258 1931 Cae-

1282 1958 1375 1983 terae
1391 1957 1541 1994 quatuor
1558 1951 1691 1994 primae
1707 1951 1890 1995 qualitates
1906 1956 1988 1983 sunt
2010 1949 2047 1981 in
2065 1948 2257 1985 elementis,

2210 1996 2257 2030 Et

1280 2062 1482 2095 quanquam
1516 2051 1564 2083 sic
1589 2051 1784 2096 loquuntur
1812 2047 1992 2089 homines,
2026 2049 2112 2082 alias
2141 2047 2257 2081 stellas

1281 2101 1411 2134 calidas
1435 2112 1524 2138 esse,
1551 2107 1590 2134 ut
1615 2101 1752 2141 Solem,
1786 2099 1959 2143 Martem,
1993 2099 2078 2132 alias
2102 2098 2258 2141 frigidas,

1282 2157 1321 2183 ut
1344 2150 1556 2189 Saturnum,
1592 2158 1710 2184 tamen
1739 2150 1833 2182 iuxta
1867 2150 2030 2183 usitatam
2057 2148 2257 2183 Aristotelis

1255 2211 1257 2231 1
1285 2201 1481 2234 doctrinam
1502 2201 1648 2239 dicitnr,
1676 2200 1710 2232 id
1732 2200 1999 2242 intelligendum
2026 2211 2097 2232 esse
2119 2200 2162 2232 de
2184 2198 2257 2231 effi-

1283 2251 1395 2290 cacia,
1422 2262 1495 2283 non
1511 2251 1605 2294 quod
1622 2250 1805 2294 qualitates
1828 2251 1909 2283 illae
1925 2250 2033 2283 stellis
2057 2250 2185 2289 insint,
2218 2255 2256 2281 ut

1737 2300 1910 2334 Saturnus
1936 2300 2085 2333 efficacia
2107 2311 2167 2331 seu
2190 2295 2256 2332 ‹yv—

1282 2349 1390 2394 αόἱμει
1411 2349 1559 2392 frigidus
1580 2356 1652 2389 est,
1685 2362 1757 2383 non
1779 2352 1874 2395 quod
1889 2351 1997 2394 frigus
2020 2349 2104 2382 insit
2133 2349 2183 2389 ei,
2216 2356 2256 2382 ut

1282 2401 1395 2433 forma
1420 2400 1457 2432 in
1480 2400 1599 2442 glacie.
1658 2399 1733 2434 Hac
1755 2401 1997 2435 admonitione
2017 2399 2145 2442 puerili
2172 2410 2256 2432 con-

1284 2450 1371 2483 tenti
1396 2450 1522 2491 simus,
1548 2457 1588 2484 ut
1613 2452 1791 2495 quomodo
1816 2450 2031 2484 Aristotelici
2055 2450 2256 2494 loquantur,

1285 2499 1479 2533 consideret
1495 2500 1669 2537 iuventus.
1721 2500 1792 2535 Nec
1811 2502 1949 2544 disputo
1965 2501 2007 2533 de
2023 2498 2087 2532 bac
2110 2512 2148 2532 re
2172 2499 2256 2532 sub-

1285 2550 1399 2591 tilius,
1426 2551 1484 2583 sed
1502 2552 1760 2596 qualescunque
1780 2558 1860 2585 sunt
1876 2551 1957 2583 illae
1976 2551 2015 2583 vin
2039 2550 2148 2583 stellis
2170 2561 2258 2593 qua-

1283 2600 1414 2641 litates,
1440 2601 1644 2635 Aristoteles
1662 2602 1854 2645 significare
1877 2601 2008 2641 voluit,
2035 2599 2256 2634 dissimilitu-

1287 2651 1406 2684 dinem
1425 2663 1495 2684 esse
1512 2653 1669 2686 coelestis
1687 2659 1831 2686 naturae
1857 2658 1891 2686 et
1916 2650 2145 2685 elementaris.
