2379 2948
207 108 280 143 407

210 193 338 226 multas
361 204 478 225 rerum
502 197 721 224 aeternarum
748 185 851 219 nobis
875 185 1006 219 inditas
1023 197 1094 219 esse
1111 197 1185 218 non

210 250 259 277 est
276 243 436 276 dubium.

210 294 417 328 institutum.
469 288 697 331 Extinguitur
717 294 840 321 natura
865 287 1052 320 immodico
1074 287 1188 320 calore

211 352 243 377 et
266 344 450 376 immodica
476 340 704 379 humiditate,
731 345 769 371 ut
795 339 962 371 mediocri
983 339 1059 371 oleo
1083 338 1188 370 alitur

211 392 328 428 lvchni
355 394 512 431 flamma,
546 390 734 422 immodico
758 389 835 421 oleo
866 389 983 422 infuso
1015 387 1188 429 extingui-

210 434 277 477 tiir.
316 443 385 475 Nec
402 443 468 475 alia
485 452 584 474 causa
603 441 802 484 quaerenda
820 446 887 478 est,
914 439 981 471 nisi
998 439 1078 483 quia
1094 438 1189 470 Deus

210 495 256 526 ita
290 493 449 526 condidit
476 498 656 530 naturam,
688 497 726 524 ut
755 490 967 523 conveniant
993 489 1130 532 agentia
1157 495 1190 521 et

210 544 377 588 patientia
398 551 490 578 certo
512 542 628 576 modo.

463 683 560 725 Quid
583 688 634 718 est
662 681 943 730 augmentatio?

313 771 380 804 IIic
410 772 452 803 de
487 769 692 803 animalium
732 767 1015 811 augmentatione
1050 763 1190 809 proprie

209 825 300 856 dicta
320 822 509 866 loquimur,
537 821 573 851 in
590 831 657 864 qua
676 819 754 852 talis
770 819 808 852 fit
824 818 990 855 nutritio,
1015 823 1053 850 ut
1070 816 1190 858 singu-

209 876 262 907 lae
287 879 399 917 partes
425 871 504 914 plus
526 868 722 911 attrahant,
751 881 855 914 quam
882 869 1106 910 absumptum
1131 872 1191 905 est,

209 931 249 957 ut
274 924 310 956 fit
334 927 507 955 crescente
532 932 676 963 corpore
702 926 782 953 ante
804 916 937 964 ἀκμὴν.
991 917 1071 951 Non
1088 928 1190 949 voca-

209 985 287 1007 mus
316 971 373 1005 hic
405 971 722 1014 augmentationem
749 971 943 1014 quamlibet
972 968 1189 1001 additionem

207 1037 267 1057 seu
303 1022 634 1061 accumulationem,
675 1027 713 1054 ut
742 1021 880 1054 flamma
917 1019 1040 1052 crescit
1072 1018 1190 1050 addita

208 1076 348 1107 flamma
365 1086 404 1106 ex
423 1073 488 1104 alia
507 1072 672 1110 materia,
699 1082 842 1105 acervus
860 1081 1049 1116 granorum
1070 1068 1191 1101 crescit

208 1125 328 1159 addito
346 1123 524 1158 medimno
543 1133 747 1166 granorum.

311 1197 383 1230 Nec
401 1195 638 1239 augmentatio
656 1200 706 1228 est
722 1194 864 1238 proprie
881 1194 992 1234 dicta,
1016 1205 1094 1226 cum
1110 1193 1191 1236 pin-

207 1249 356 1293 guedine
383 1247 540 1290 corporis
564 1246 673 1279 moles
698 1245 913 1285 extenditur,
948 1244 1030 1289 quia
1053 1250 1189 1277 tantum

206 1300 343 1345 aliquae
366 1304 479 1341 partes
504 1295 741 1334 humidiores,
776 1302 816 1329 ut
840 1307 938 1333 caro,
974 1295 1053 1336 plus
1084 1301 1190 1327 attra-

207 1349 313 1390 hunt,
348 1349 385 1380 in
410 1348 539 1392 quibus
565 1347 676 1379 facilis
705 1353 756 1379 est
779 1358 818 1378 ex
849 1346 990 1389 copioso
1021 1345 1191 1387 sanguine

206 1399 407 1437 conversio,
442 1404 475 1430 et
500 1397 617 1430 minor
639 1404 689 1430 est
713 1396 891 1440 expulsio,
916 1396 1009 1440 quod
1032 1395 1137 1428 etiam
1153 1395 1190 1426 in

208 1448 468 1484 senescentibus
485 1447 559 1480 fieri
583 1453 707 1491 potest.

309 1524 379 1558 Sed
404 1522 641 1566 augmentatio
666 1521 807 1565 proprie
838 1521 928 1553 dicta
958 1526 1007 1553 est
1035 1518 1191 1563 partialis

206 1575 403 1620 generatio,
437 1571 503 1606 hoc
533 1579 601 1613 est,
636 1572 715 1605 talis
747 1572 916 1611 nutritio,
951 1571 987 1602 in
1013 1582 1079 1614 qua
1112 1569 1192 1612 plus

206 1625 417 1671 acquiritur,
453 1635 556 1668 quam
580 1624 806 1665 absumptum
836 1628 902 1661 est,
937 1632 1026 1665 quae
1049 1620 1190 1664 quidem

206 1678 243 1710 fit
260 1677 352 1709 iuxta
369 1674 632 1718 proportionem
651 1673 844 1705 secundum
864 1682 985 1704 omnes
1002 1671 1192 1703 diametros

207 1726 382 1770 corporiS‚
410 1731 449 1758 ut
465 1724 590 1756 medici
614 1723 821 1768 loquuntur.
872 1721 960 1754 Nam
979 1722 1091 1754 donec
1114 1732 1191 1753 cor-

207 1789 271 1822 pus
296 1782 458 1819 augetur,
493 1773 629 1817 singula
655 1774 812 1806 membra
841 1772 1098 1806 nutrimentum
1127 1783 1191 1815 pro

207 1827 437 1871 proportione
458 1822 652 1859 attrahunt.

309 1900 348 1933 ln
365 1897 455 1932 lianc
470 1899 678 1933 sententiam
694 1898 812 1943 inquit
822 1895 1028 1931 Aristoteles
1044 1896 1081 1929 in
1099 1896 1191 1928 libro

207 1954 249 1986 de
287 1950 525 1995 generatione:
565 1947 652 1982 Eius
688 1949 780 1994 quod
817 1955 980 1991 augetur,
1015 1947 1192 1992 quaelibet

208 2014 288 2047 pars
311 2008 456 2044 augetur
481 2000 671 2032 secundum
702 1999 869 2043 speciem,
903 2011 976 2031 non
999 1998 1191 2031 secundum

209 2052 411 2090 materiam,
445 2052 487 2083 de
513 2063 582 2094 quo
608 2050 719 2086 dicto,
754 2049 809 2081 vel
840 2049 1033 2091 aenigmate
1063 2048 1193 2091 potius,

210 2114 334 2145 magna
355 2108 435 2134 sunt
453 2100 654 2133 certamina.
709 2098 777 2132 Sed
801 2110 897 2131 suam
916 2111 1034 2131 vocem
1054 2098 1191 2131 Aristo-

211 2154 293 2186 teles
321 2153 392 2196 ipse
418 2151 684 2194 interpretatur:
723 2148 763 2181 ln
792 2149 1077 2191 augmentatione
1110 2160 1191 2191 pro-

212 2204 286 2247 prie
302 2203 412 2242 dicta,
440 2202 557 2244 augeri
576 2200 713 2243 singula
733 2200 887 2232 membra
905 2200 1097 2232 secundum
1115 2211 1192 2242 spe-

213 2254 299 2287 ciem
323 2265 381 2285 seu
408 2252 579 2289 sormam,
614 2251 647 2282 id
675 2256 742 2290 est,
777 2250 913 2292 singula
946 2261 1098 2282 crescere
1128 2262 1191 2292 pro

214 2303 453 2348 proportione,
482 2303 527 2335 ita
548 2309 584 2335 ut
598 2313 695 2334 suam
719 2301 869 2343 speciem
888 2307 1095 2333 conservent
1113 2301 1192 2332 bra—

215 2352 312 2394 chia,
339 2360 370 2386 et
388 2353 424 2385 in
443 2350 596 2385 brachiis
612 2351 748 2391 lacerti,
777 2350 935 2389 articuli,
963 2361 1106 2388 manus,
1135 2350 1191 2382 di-

215 2404 278 2447 giti
302 2404 349 2436 ita
374 2410 531 2435 crescunt
556 2415 618 2446 pro
643 2401 890 2445 proportione,
918 2406 955 2433 ut
975 2401 1191 2443 singularum

218 2453 369 2498 partium
401 2453 525 2495 speciei
554 2452 726 2495 congruit.
779 2451 850 2484 Nec
882 2458 1041 2484 crescunt
1068 2463 1192 2483 secun-

218 2506 302 2536 dum
328 2503 526 2541 materiam,
560 2503 594 2534 id
620 2510 685 2541 est,
713 2514 784 2535 non
812 2501 885 2545 pari
911 2502 1001 2534 mole
1023 2509 1192 2541 crescunt,

219 2562 257 2587 ut
279 2553 391 2585 maior
416 2559 464 2584 est
491 2553 598 2584 moles
620 2553 784 2585 foemoris
808 2565 912 2596 quam
945 2549 1093 2584 humeri.
1147 2550 1191 2584 Et

218 2604 296 2637 aliis
319 2602 483 2635 membris
506 2602 573 2634 alia
599 2603 803 2636 nutrimenti
837 2614 915 2645 pars
945 2603 1124 2643 congruit,
1154 2610 1193 2636 ut

218 2666 311 2695 ossa,
338 2653 437 2697 splen
456 2652 599 2686 aluntur
621 2651 876 2686 melancholico
900 2653 1086 2696 sanguine,
1114 2653 1191 2698 pul-

489 240 534 273 Et
551 240 624 272 vult
641 237 735 270 Deus
750 248 813 270 nos
831 237 919 270 tueri
936 236 1096 269 ordinem
1116 248 1133 268 a
1151 248 1186 268 se
1211 251 1213 259 ·

409 102 616 141 SCRIPTA
643 102 718 136 PH.
746 99 859 135 MEL.
889 98 955 134 AD
983 98 1108 135 HIST.
1136 96 1278 135 PROF.
1310 96 1375 132 ET
1403 96 1591 134 PHILOS.
1620 97 1938 135 SPECTANTIA.

2141 101 2215 135 408

1238 196 1295 217 mo
1317 180 1460 217 attrahit
1483 183 1687 226 sanguinem
1712 184 1907 218 tenuiorem
1931 186 2040 230 magis
2057 186 2216 231 ‚dilutum

1239 235 1345 268 rubra
1363 234 1453 272 bile,
1479 241 1511 267 et
1533 235 1686 267 naturali
1705 232 1914 278 phlegmate.

1341 308 1436 342 Haec
1454 315 1503 341 est
1526 309 1707 353 perspicua
1734 310 1919 345 enarratio,
1974 310 2073 343 Aliae
2095 312 2220 344 obscu-

1241 359 1351 392 riores
1369 360 1517 394 traditae
1532 366 1632 400 sunt,
1659 371 1745 403 quas
1763 361 1885 393 volens
1910 360 2086 404 relinquo,
2136 361 2221 394 Plus

1241 417 1355 443 autem
1386 422 1485 442 verae
1519 417 1551 443 et
1582 408 1745 455 physicae
1773 411 1954 443 doctrinae
1988 418 2038 444 est
2072 411 2109 442 in
2137 423 2220 444 con-

1215 461 1452 493 isideratione
1488 461 1722 503 potentiarum
1758 468 1790 494 et
1825 462 1921 493 modi
1949 460 2156 494 nutritionis
2190 468 2223 494 et

1215 551 1217 557 A
1243 510 1548 553 augmentationis,
1576 513 1619 543 de
1638 511 1765 556 quibus
1782 512 1818 543 in
1835 512 1926 544 libro
1944 512 1986 544 de
2001 511 2118 543 anima
2136 510 2224 544 dici-

1245 568 1318 600 tur,
1345 573 1449 605 quam
1467 561 1504 593 in
1528 560 1582 593 his
1606 562 1772 594 tenuibus
1790 563 1954 605 argutiis,
1980 562 2022 594 de
2038 561 2166 606 quibus
2188 561 2225 593 in

1245 609 1308 643 hac
1330 618 1426 654 parte
1455 609 1614 656 physices
1638 612 1847 655 disputatur.
1900 612 2029 655 Magna
2056 611 2226 655 sapientia

1245 668 1312 701 est,
1348 667 1526 705 utcunque
1561 673 1660 693 nosse
1690 674 1818 705 organa
1844 663 2086 706 principaliter
2110 662 2226 695 nutri—

1245 711 1351 745 tionis
1375 723 1477 744 causa
1501 712 1661 751 condita,
1695 719 1733 744 ut
1758 711 2014 757 oesophagum,
2049 712 2227 746 ventricu-

1245 763 1317 795 lum
1333 789 1342 802 ,
1371 762 1554 802 intestina,
1587 773 1689 805 epar,
1717 774 1832 797 venas.
1894 762 2031 797 Deinde
2056 763 2093 795 in
2115 760 2170 795 his
2195 769 2228 796 et

1247 813 1343 851 aliis,
1377 824 1465 857 quae
1500 812 1571 845 sint
1605 812 1769 852 virtutes,
1807 814 2005 852 attractiva,
2045 813 2229 853 retentiva,

1245 863 1426 896 alterativa
1454 868 1486 895 et
1510 862 1708 906 expulsiva,
1736 869 1769 896 et
1794 865 1974 908 quomodo
1996 864 2150 898 actiones
2172 874 2228 896 re-

1245 921 1370 957 gantur
1394 914 1509 946 calore
1535 913 1633 946 vitali
1655 913 1779 946 cordis.
1834 913 1957 948 Postea
1980 914 2040 959 qui
2064 911 2230 946 humores

1244 971 1455 1007 generentur
1475 975 1642 996 converso
1664 964 1904 1005 nutrimento,
1936 971 1970 998 et
1995 976 2035 997 ex
2062 962 2116 996 his
2140 975 2229 1008 quae

1244 1016 1315 1048 sint
1339 1016 1511 1047 secundae
1534 1011 1777 1054 humiditates,
1806 1027 1894 1059 quae
1920 1015 2120 1048 immediate
2145 1025 2230 1047 con-

1245 1071 1431 1098 vertuntur
1454 1064 1491 1096 in
1510 1064 1741 1098 substantiam
1760 1065 1845 1098 aliti.

1346 1145 1419 1179 Has
1444 1146 1601 1180 officinas
1626 1158 1768 1187 omneS,
1796 1154 1829 1180 et
1855 1148 1982 1189 gradus
2009 1147 2231 1187 nutrimenti,

1246 1204 1279 1231 et
1296 1198 1515 1230 officinarum
1536 1198 1721 1242 qualitates
1738 1205 1770 1231 et
1794 1197 1995 1231 effectiones
2012 1205 2084 1231 arte
2103 1198 2230 1231 distin—

1244 1248 1294 1281 xit
1317 1248 1595 1292 sapientissimus
1617 1246 1845 1288 architectus,
1871 1254 1911 1281 ut
1926 1255 1960 1282 et
1984 1248 2154 1292 paulatim
2171 1248 2231 1280 fie—

1245 1305 1297 1331 ret
1325 1299 1507 1331 conversio
1543 1299 1769 1338 nutrimenti,
1811 1305 1844 1331 et
1879 1298 2097 1342 praeparatio
2134 1299 2231 1331 fieret

1245 1349 1470 1388 conveniens,
1496 1355 1528 1381 et
1544 1349 1749 1382 diuturnior
1766 1355 1853 1381 esset
1865 1349 2026 1386 nutritio,
2053 1361 2130 1381 cum
2151 1360 2230 1391 par—

1245 1407 1294 1433 tes
1316 1399 1404 1431 aliae
1429 1398 1508 1430 aliis
1538 1400 1780 1438 succederent,
1816 1410 1965 1442 quarum
1994 1410 2112 1431 rerum
2143 1400 2231 1431 ordo

1245 1450 1418 1489 ostendit,
1463 1455 1622 1481 naturam
1658 1450 1700 1481 ad
1737 1448 2015 1480 moderationem
2052 1450 2230 1481 conditam

1245 1511 1334 1539 esse,
1363 1499 1438 1532 sine
1457 1511 1524 1543 qua
1543 1511 1615 1531 non
1635 1506 1748 1542 potest
1764 1498 1823 1530 illa
1842 1499 2149 1541 praeparationum
2169 1510 2229 1531 va—

1245 1550 1349 1583 rietas
1367 1549 1494 1593 perfici.
1544 1548 1640 1581 Haec
1654 1548 1816 1582 doctrina
1836 1549 2013 1581 uberrima
2031 1555 2064 1582 et
2082 1548 2230 1582 utilissi-

1246 1612 1301 1633 ma
1317 1606 1383 1641 est,
1408 1600 1451 1632 de
1465 1611 1533 1644 qua
1549 1599 1586 1632 in
1608 1599 1700 1633 libro
1716 1601 1758 1632 de
1782 1599 1899 1632 anima
1916 1599 2104 1633 dicendum
2122 1606 2182 1633 est.

1542 1753 1600 1786 De
1623 1750 1921 1798 putrefactione.

1348 1835 1389 1869 In
1429 1833 1492 1870 hac
1523 1838 1683 1870 doctrina
1712 1837 1960 1870 alterationum
1995 1835 2229 1869 consideratio

1246 1887 1512 1931 putrefactionis
1538 1888 1721 1931 praecipue
1751 1887 1941 1920 necessaria
1969 1893 2028 1921 est.
2080 1885 2169 1918 Nam
2197 1892 2229 1918 et

1246 1937 1373 1981 passim
1392 1937 1429 1969 in
1447 1939 1612 1971 omnibus
1632 1938 1839 1980 corporibus
1863 1937 1977 1970 mixtis
1994 1937 2124 1969 multae
2140 1935 2230 1969 fiunt

1246 1988 1489 2031 corruptiones
1511 2000 1571 2031 per
1599 1988 1908 2031 putrefactionem,
1944 1994 1976 2020 et
2000 1987 2036 2019 in
2063 1984 2229 2019 humanis

1246 2039 1452 2082 corporibus
1477 2038 1592 2070 morbi
1620 2051 1637 2070 a
1665 2038 1917 2081 putrefactione
1935 2037 2079 2081 plurimi
2105 2037 2230 2070 oriun-

1245 2096 1316 2129 tur,
1343 2095 1380 2121 ut
1396 2088 1546 2121 febrium
1564 2089 1694 2132 species
1711 2088 1935 2132 praecipuae,
1958 2088 2110 2126 scabies,
2132 2087 2230 2130 pleu-

1245 2139 1387 2180 ritides,
1416 2139 1637 2183 apoplexiae,
1671 2146 1703 2171 et
1734 2139 1794 2171 alii
1817 2139 1931 2173 multi.
1983 2138 2102 2180 Quare
2127 2144 2159 2170 et
2184 2139 2227 2170 ad

1246 2190 1483 2223 valetudinem
1511 2190 1651 2234 prodest
1672 2201 1773 2222 nosse
1791 2189 2085 2232 putrefactionum
2110 2199 2229 2221 causas

1246 2247 1279 2274 et
1295 2240 1448 2275 effectus.

1347 2299 1506 2332 Primum
1542 2306 1657 2332 autem
1693 2298 1850 2332 definitio
1885 2299 2123 2341 cognoscenda
2160 2305 2228 2337 est,

1247 2362 1352 2395 quam
1374 2351 1419 2383 ab
1437 2348 1629 2383 Aristotele
1651 2350 1833 2388 traditam,
1862 2349 2021 2383 Galenus
2043 2348 2145 2381 etiam
2172 2360 2227 2381 re-

1246 2401 1328 2434 citat
1364 2407 1396 2434 et
1430 2401 1568 2444 probat.
1631 2399 1745 2433 Verba
1775 2400 1882 2443 igitur
1909 2398 2108 2433 Aristotelis
2144 2395 2227 2431 haec

1247 2457 1344 2484 sunt:

1342 2500 1554 2534 Putrefactio
1571 2508 1621 2534 est
1637 2501 1816 2545 corruptio
1834 2499 1943 2533 nativi
1961 2499 2086 2531 caloris
2104 2498 2140 2532 in
2159 2498 2227 2533 hu-

1246 2551 1361 2591 mido,
1389 2564 1477 2596 quae
1495 2552 1530 2584 fit
1549 2553 1592 2584 ab
1616 2553 1729 2585 alieno
1747 2552 1870 2584 calore.
1925 2549 1972 2583 Ut
2000 2550 2033 2581 in
2053 2549 2136 2582 vino
2159 2562 2226 2593 pu-

1246 2602 1402 2635 trefactio
1428 2602 1484 2641 fit,
1511 2615 1589 2635 cum
1616 2603 1651 2634 in
1677 2609 1771 2635 aestu
1786 2599 1942 2637 vellitur,
1971 2600 2051 2644 quia
2077 2600 2113 2632 in
2130 2600 2226 2632 dolio

1245 2653 1383 2696 agitatis
1403 2650 1571 2686 halitihus
1595 2653 1630 2686 fit
1648 2652 1825 2691 dilatatio,
1849 2657 1882 2684 et
1898 2650 1993 2684 calor
2009 2657 2173 2693 augetur,
2195 2657 2228 2683 et
