2379 2948
93 100 168 135 929
495 96 541 134 V.

90 183 234 229 gremio.
280 181 420 217 Deinde
439 194 570 228 poenas
587 182 682 216 dedit
700 188 880 215 tantorum
898 178 1081 219 scelerum,

90 235 296 269 interfectus
312 247 331 268 a
350 234 486 268 Brenni
503 234 668 269 exercitu.
720 232 815 265 Haec
842 228 991 265 historia
1020 242 1079 263 co-

90 286 190 331 piose
208 286 377 319 recitatur
393 298 412 319 a
432 285 618 319 Pausania.

193 336 242 370 At
255 334 508 380 Philadelphus
524 336 560 368 in
572 333 744 380 Aegyptio
760 343 869 376 regno
887 331 1082 372 consenuit,

90 387 129 420 in
152 388 411 433 tranquillitate
434 394 467 421 et
491 387 676 419 doctorum
701 383 976 422 consuetudine,
1012 394 1080 427 qua

89 438 193 472 leniit
217 438 356 471 dolores
376 437 625 477 articulorum,
653 446 741 481 quos
765 434 972 467 sustinuisse
998 433 1081 466 satis

90 500 187 522 acres
206 489 347 524 dicitur.
380 487 467 521 Eius
484 498 567 531 opes
585 493 618 520 et
635 484 877 519 munificentia
895 484 1081 518 celebran-

90 546 149 574 tur
169 552 188 573 a
205 538 414 581 Theocrito,
444 538 503 583 qui
528 537 579 571 ibi
601 549 681 571 cum
702 533 940 578 Callimacho,
968 534 1082 580 Apol-

90 591 190 624 lonio
206 597 239 624 et
257 590 335 624 aliis
352 590 467 637 poe'tis
485 588 585 624 vixit.

359 672 427 697 Pto
438 672 531 697 lema
543 678 607 697 eus
632 672 800 704 Everyetes.

191 731 413 766 Ptolemaeus
436 729 624 774 Evergetes
648 731 772 774 ingens
798 730 932 764 bellum
957 729 1080 763 intulit

89 783 232 830 Syriae,
260 788 298 815 ut
323 781 553 814 ulcisceretur
574 793 695 815 necem
723 782 855 814 sororis
876 780 1077 821 Berenices,

89 846 178 880 quae
201 833 314 866 fuerat
337 840 447 876 nupta
471 833 545 876 regi
561 833 684 878 Syriae
701 830 881 865 Antiocho
899 830 1000 864 Theo
1013 858 1021 871 ,
1048 838 1080 865 et

87 891 206 930 postea
224 895 242 916 a
262 883 435 927 privignis
452 883 634 917 interfecta
651 890 712 918 est.
755 881 947 927 Occupatis
964 889 1079 916 autem

86 934 209 968 multis
226 934 376 968 urbibus
396 934 433 966 in
451 934 570 980 Syria,
597 933 788 976 Evergetes
809 946 882 967 non
908 933 1079 977 gravatim

87 985 236 1020 Seleuco
255 984 430 1018 Callinico
453 997 572 1029 pacem
600 985 733 1029 petenti
750 985 865 1026 dedit,
891 985 1080 1018 revocaba—

86 1043 146 1071 tur
164 1036 258 1070 enim
278 1036 315 1069 in
335 1036 536 1081 Aegyptum
553 1037 754 1069 domesticis
768 1036 1013 1071 seditionibus.

188 1094 242 1128 De
265 1092 334 1128 hoc
354 1093 527 1137 Evergete
551 1094 714 1139 loquitur
727 1094 875 1133 Daniel,
898 1094 1080 1139 inquiens:

87 1143 142 1179 Et
173 1144 288 1179 stabit
326 1143 365 1178 in
386 1144 549 1190 germine
578 1142 745 1179 radicum
779 1145 855 1179 eius
877 1143 1081 1192 plantatio,

86 1197 253 1230 videlicet
278 1195 501 1229 Ptolemaeus
533 1195 744 1240 Evergetes,
797 1201 828 1230 et
861 1196 973 1230 veniet
1002 1208 1079 1229 cum

87 1247 246 1281 exercim
269 1251 395 1280 contra
416 1259 532 1292 regem
553 1246 772 1294 Aquilonis,
799 1248 835 1282 id
862 1255 931 1289 est,
958 1255 1079 1282 contra

88 1298 276 1334 Seleucum
292 1297 528 1339 Callinicum,
557 1302 587 1331 el
611 1297 796 1332 obtinebit.

186 1357 264 1391 Hoc
289 1364 447 1402 tempore
463 1357 591 1391 Iudaea
610 1357 734 1392 victori
752 1357 945 1401 Evergetae
964 1357 1079 1391 tribu-

85 1416 160 1444 tum
177 1410 331 1453 pendere
351 1415 468 1442 coacta
493 1414 562 1444 est.
590 1409 654 1442 etsi
681 1406 798 1442 adhuc
822 1409 966 1454 quidem
990 1408 1080 1442 tole-

86 1460 210 1494 rabilis
234 1460 302 1493 fuit
325 1459 474 1493 Iudaeae
499 1466 619 1495 status.
673 1459 763 1494 Nam
793 1473 873 1494 cum
904 1460 1078 1493 tributum

86 1523 162 1545 non
196 1512 414 1551 solveretur,
447 1511 550 1544 facile
576 1511 735 1555 placatus
759 1518 809 1545 est
837 1509 1026 1555 Evergetes
1056 1522 1073 1543 a

87 1560 238 1607 Iosepho
271 1562 376 1602 duce,
410 1561 509 1594 cuius
532 1562 664 1595 mentio
690 1563 725 1596 fit
754 1562 791 1595 in
816 1561 911 1596 Luca
942 1574 1016 1606 cap.
1035 1561 1079 1601 3.,

85 1613 149 1647 ubi
168 1613 376 1646 nominatur
392 1610 518 1656 Ioseph
538 1620 635 1655 pater
653 1612 773 1646 Iannis
784 1612 943 1659 Hyrcani
957 1638 966 1652 ‚
994 1613 1079 1647 ulti-

87 1664 136 1697 mi
155 1664 256 1698 ducis
275 1676 314 1697 ex
333 1664 441 1707 stirpe
459 1664 592 1697 David.

366 1746 450 1771 Ptol
461 1752 532 1771 ema
541 1752 555 1770 e
564 1752 604 1770 us
624 1745 806 1776 Philopator.

187 1806 411 1842 Ptolemaeus
423 1805 648 1851 Philopator,
671 1807 719 1839 sic
737 1807 851 1839 dictus
867 1812 917 1839 est
935 1805 1080 1846 ironice,

87 1871 167 1894 cum
202 1865 357 1903 patrem,
402 1864 551 1890 matrem
593 1864 626 1891 et
667 1857 812 1891 fratrem
853 1857 1079 1897 interfecerit,

88 1910 228 1955 ignavia
253 1910 329 1942 eius
343 1906 523 1942 Antiocho
548 1907 682 1951 RIagno
708 1920 804 1952 spem
828 1908 908 1941 fecit
934 1920 1078 1951 recupe-

89 1962 280 1995 mandarum
306 1960 449 1993 urbium
473 1959 510 1992 in
537 1958 658 2005 Syria,
692 1971 778 2003 quas
800 1958 948 1993 Seleuco
967 1957 1079 1991 Ever-

91 2019 183 2055 getes
208 2013 396 2044 ademerat.
448 2009 568 2053 Quare
595 2007 795 2044 Antiochus
822 2009 995 2052 Magnus,
1024 2010 1079 2043 iu-

93 2062 192 2094 venis
207 2062 370 2095 incensus
386 2062 577 2109 cupiditate
599 2062 732 2104 gloriae
748 2062 922 2099 militaris,
946 2061 1077 2094 bellum

92 2113 198 2146 infert
217 2110 300 2145 huic
324 2113 394 2156 regi
413 2112 608 2160 Aegyptio,
634 2120 668 2147 et
691 2113 819 2145 multas
842 2112 1000 2146 civitates
1022 2124 1077 2145 re-

92 2164 190 2211 cipit.
243 2162 403 2196 Tandem
421 2176 503 2197 vero
521 2164 675 2198 occurrit
691 2161 922 2211 Philopator,
948 2170 981 2197 et
998 2175 1076 2196 cum

92 2221 242 2261 uterque
258 2225 401 2257 magnas
416 2211 562 2249 haberet
577 2216 695 2263 copias
706 2242 716 2256 ,
743 2215 828 2248 vicit
848 2212 1078 2248 Antiochum.

92 2264 141 2299 Et
165 2271 313 2313 propter
337 2265 521 2308 segniciem
548 2273 581 2300 et
606 2267 727 2300 luxum
752 2266 870 2300 statim
898 2266 935 2298 in
961 2264 1076 2311 Aegy-

92 2323 192 2361 ptum
223 2315 339 2350 rediit.
400 2314 516 2350 Huius
551 2317 717 2351 victoriae
744 2318 961 2351 mentionem
995 2317 1077 2350 facit

92 2366 242 2407 Daniel,
279 2366 457 2411 inquiens:
499 2366 547 2401 Et
574 2369 828 2415 provocabitur
859 2380 919 2401 rex
944 2366 1078 2408 Austri,

92 2418 224 2452 scilicet
253 2417 475 2451 Ptolemaeus
499 2415 726 2466 Philopator,
761 2427 793 2454 et
818 2419 992 2468 pugnabit
1015 2420 1077 2452 ad-

93 2480 215 2503 versus
236 2480 351 2512 regem
378 2468 587 2513 Aquilonis,
610 2470 739 2504 scilicet
762 2468 981 2505 Antiochum
998 2469 1077 2503 Ma-

94 2532 213 2565 gnum.

195 2569 308 2604 Erant
332 2577 448 2604 autem
476 2569 599 2604 Iudaei
621 2571 723 2606 initio
748 2572 925 2606 coniuncti
949 2572 1077 2606 Antio-

594 95 645 131 ΙΝ
669 93 930 131 DANIELEM
956 90 1274 129 PROPHETAM
1299 88 1719 128 COMMENTARIUS.

94 2621 180 2664 cho,
220 2628 341 2666 postea
375 2628 509 2655 mutata
543 2622 685 2656 fortuna
719 2620 874 2670 hospitio
907 2623 1075 2657 victorem

94 2673 308 2720 Aegyptium
331 2679 558 2718 exceperunt,
589 2685 627 2707 ac
649 2673 836 2721 placarunt
859 2675 938 2708 data
970 2685 1076 2721 pecu—
1099 2691 1103 2717 l

148 2726 324 2757 metm-ni.
355 2726 457 2757 Ormi.
487 2726 569 2756 Yon.
590 2726 685 2759 XHI.

2046 92 2121 128 930

1133 177 1204 213 nia.
1256 177 1348 211 Cum
1371 185 1486 212 autem
1510 177 1731 212 Ptolemaeus
1746 175 1955 227 Philopator
1981 179 2121 213 visurus

1134 227 1327 275 templum,
1360 227 1398 261 in
1422 229 1637 262 vestibulum
1662 229 1838 273 ingressus
1864 237 1973 271 esset,
2009 242 2121 264 sacer-

1134 281 1232 313 dotes
1249 279 1378 312 obnixe
1391 286 1509 323 erant,
1531 291 1575 312 ne
1593 287 1731 323 pergat,
1747 292 1791 313 ne
1807 288 1965 324 penetret
1980 281 2017 314 in
2034 282 2121 326 ady-

1133 337 1208 364 tum
1226 330 1394 370 interius,
1423 342 1495 374 quo
1520 342 1593 363 non
1616 337 1689 364 erat
1720 331 1772 364 fas
1794 331 1932 375 ingredi
1955 332 2120 377 cuiquam

1134 388 1270 426 praeter
1294 380 1507 425 pontificem.
1568 378 1645 414 Etsi
1673 389 1776 424 negat
1800 394 1835 415 se
1857 384 2122 430 obtemperatu-

1135 444 1214 465 rum
1233 432 1300 476 piis
1317 430 1460 464 monitis
1481 443 1541 464 rex
1562 432 1752 474 superbus,
1777 440 1895 467 tamen
1912 432 2008 468 Deus
2032 441 2122 468 tem-

1133 483 1237 527 plum
1262 481 1440 522 defendit,
1466 488 1499 515 et
1516 493 1597 514 mox
1621 482 1738 515 subito
1763 489 1897 518 terrore
1916 491 2122 518 consterna-

1133 541 1208 568 tum
1226 545 1342 576 regem
1367 533 1415 567 ita
1438 532 1616 576 reprimit,
1644 539 1684 566 ut
1708 534 1899 568 semivivus
1922 548 1962 568 ex
1989 535 2121 580 templo

1134 590 1388 628 exportaretur.
1426 582 1546 625 Quare
1563 583 1699 616 ludaeis
1715 583 1842 625 iratus,
1869 598 1947 619 cum
1966 584 2121 620 Alexan-

1134 636 1248 669 driam
1266 635 1431 675 redisset,
1458 634 1614 667 crudelia
1633 634 1745 668 edicta
1765 637 1945 679 proponit,
1974 636 2123 670 ludaeos

1134 687 1231 720 iubet
1253 686 1290 719 in
1318 685 1460 718 vincula
1486 685 1579 729 rapi,
1607 691 1640 718 et
1664 686 1794 718 multos
1819 685 2015 731 elephantis
2034 699 2121 721 con-

1134 738 1324 771 culcandos
1345 736 1469 770 obiicit
1483 736 1520 768 in
1536 736 1754 780 spectaculis.

1236 787 1375 821 Interea
1407 787 1505 820 domi
1527 787 1621 831 ipse,
1655 787 1838 821 interfecta
1863 787 2032 830 coniuge,
2068 787 2124 820 in-

1133 839 1250 872 fandis
1276 851 1312 872 se
1335 838 1547 871 libidinibus
1573 837 1803 873 contaminat.
1856 836 1903 872 Et
1939 839 2125 881 regebatur

1133 891 1232 931 aula,
1256 902 1330 922 non
1347 890 1390 923 ab
1409 889 1484 933 ipso
1502 895 1561 922 aut
1580 888 1820 932 principibus,
1847 890 1907 922 sed
1926 901 1944 922 a
1961 890 2124 933 turpissi-

1133 941 1198 974 mis
1225 947 1257 974 et
1281 939 1533 985 flagitiossimis
1556 939 1749 973 libidinum
1774 940 1889 975 sociis.
1944 939 2043 973 Talis
2069 941 2126 974 fu-

1134 1004 1194 1025 ror
1211 1004 1397 1037 nunquam
1414 997 1464 1025 est
1484 991 1675 1024 diuturnus
1689 1017 1697 1031 ‚
1724 997 1764 1025 ut
1782 991 1912 1024 dicitur
1936 992 1980 1023 de
2005 1003 2126 1034 pecca-

1134 1043 1177 1076 tis
1195 1043 1431 1077 clamantibus
1448 1042 1486 1074 in
1504 1042 1653 1076 coelum.
1697 1040 1817 1084 Quare
1834 1049 1912 1086 post
1930 1042 2126 1084 victoriam,

1133 1095 1176 1127 de
1192 1105 1261 1140 qua
1279 1094 1412 1128 dictum
1433 1099 1501 1132 est,
1529 1104 1605 1126 non
1622 1092 1690 1126 fuit
1706 1092 1769 1126 diu
1785 1100 1971 1137 superstes,

1422 1185 1463 1210 Pe
1472 1191 1486 1208 ο
1497 1184 1560 1209 lem
1570 1192 1587 1208 a
1598 1191 1659 1209 eus
1679 1184 1855 1215 Epiphanes.

1234 1244 1457 1278 Ptolemaeus
1474 1241 1679 1287 Epiphanes
1696 1255 1785 1287 pene
1802 1244 1920 1277 infans
1937 1245 2028 1288 patri
2047 1257 2127 1280 suc-

1134 1295 1246 1329 cessit.
1302 1296 1392 1328 Cum
1416 1301 1532 1328 autem
1550 1291 1750 1328 Antiochus
1766 1294 1920 1338 Magnus
1949 1296 2128 1330 existima-

1134 1354 1185 1381 ret
1209 1346 1403 1392 Aegyptios
1428 1345 1569 1388 segnius
1595 1345 1803 1378 defensuros
1833 1357 1904 1379 esse
1928 1345 2069 1391 Syriam
2089 1347 2127 1380 in

1133 1395 1198 1430 hac
1224 1398 1314 1440 regis
1340 1396 1508 1437 infantia,
1536 1407 1658 1429 rursus
1679 1396 1790 1429 movit
1805 1397 1951 1430 bellum.
2008 1396 2129 1440 Quare

1134 1448 1298 1493 Aegyptii
1322 1446 1524 1481 diffidentes
1550 1447 1622 1480 suis
1652 1447 1788 1480 viribus
1816 1446 1969 1482 Romam
1995 1448 2128 1492 legatos

1134 1500 1325 1540 miserunt,
1353 1499 1414 1544 qni
1431 1504 1608 1542 peterent,
1633 1504 1672 1530 ut
1688 1496 1875 1532 Romanus
1893 1497 2044 1532 Senatus
2069 1507 2127 1534 tu-

1134 1551 1240 1584 telam
1265 1550 1355 1593 regis
1380 1549 1545 1594 Aegyptii
1569 1549 1771 1592 susciperet.
1827 1548 1972 1584 Interim
1996 1548 2127 1585 Antio-

1133 1599 1219 1634 chus
1240 1602 1423 1646 plerasque
1440 1601 1546 1633 urbes
1564 1600 1743 1633 inferioris
1761 1600 1885 1646 Syriae
1913 1613 1951 1634 ac
1968 1598 2127 1635 Phoeni-

1134 1664 1188 1686 ces
1207 1653 1347 1696 recipit,
1374 1658 1406 1684 et
1426 1652 1551 1684 ducem
1574 1650 1745 1694 Scopam,
1773 1652 1918 1685 missum
1946 1652 1991 1685 ab
2008 1652 2127 1698 Aegy-

1134 1704 1214 1747 ptiis
1232 1704 1275 1736 ad
1292 1703 1460 1736 tuendam
1478 1713 1552 1734 earn
1570 1713 1667 1734 oram
1680 1729 1689 1741 ‚
1718 1702 1929 1745 profligavit.
1984 1701 2052 1736 Hic
2064 1703 2126 1738 Iu-

1132 1755 1207 1787 daei
1229 1754 1382 1797 graviter
1399 1753 1519 1786 afflicti
1537 1759 1620 1786 sunt
1637 1753 1791 1796 primum
1816 1765 1833 1786 a
1853 1752 1984 1797 Scopa,
2004 1761 2125 1798 postea

1132 1818 1151 1839 a
1170 1805 1301 1839 victore
1321 1801 1513 1839 Antiocho.

1244 1856 1400 1895 Deinde,
1443 1867 1522 1888 cum
1562 1854 1666 1897 legati
1698 1853 1855 1888 Romani
1888 1855 2126 1898 advenissent,

1132 1907 1309 1940 iusserunt
1331 1902 1548 1939 Antiochum
1578 1906 1760 1939 restituere
1796 1912 1981 1950 occupatas
2004 1907 2125 1949 urbes,

1133 1958 1234 2002 eique
1253 1957 1385 1990 bellum
1410 1956 1733 1997 denunciaverunt,
1760 1956 1831 1990 nisi
1855 1957 2125 2000 obtemperaret.

1132 2008 1233 2041 Hanc
1258 2009 1467 2051 legationem
1493 2014 1530 2040 ut
1553 2014 1627 2040 arte
1652 2007 1829 2045 eluderet,
1857 2019 1921 2040 nec
1938 2006 2123 2043 Romanos

1132 2060 1304 2093 exercitus
1328 2059 1364 2092 in
1385 2058 1524 2104 Syriam
1550 2059 1755 2099 adduceret,
1784 2069 1904 2102 pacem
1932 2059 2012 2092 fecit
2041 2071 2121 2093 cum

1132 2110 1326 2156 Aegyptio,
1362 2111 1442 2143 data
1477 2110 1507 2142 ei
1543 2109 1613 2141 filia
1644 2107 1842 2152 Cleopatra.
1898 2108 2012 2142 Iratus
2038 2122 2121 2144 vero

1129 2161 1321 2202 Romanis,
1355 2162 1479 2195 foedus
1503 2160 1584 2194 fecit
1611 2172 1690 2192 cum
1718 2157 1887 2203 Philippo
1912 2158 2121 2202 Macedone,

1130 2219 1162 2246 et
1178 2213 1313 2247 traiecit
1331 2213 1368 2246 in
1386 2211 1590 2252 Graeciam,
1617 2218 1650 2244 et
1673 2210 1805 2244 bellum
1825 2210 1929 2254 gessit
1945 2222 2024 2244 cum
2043 2210 2120 2246 Ro-

1130 2265 1254 2299 manis.

1232 2314 1329 2348 Haec
1362 2314 1488 2348 ordine
1520 2312 1691 2357 praedicit
1724 2310 1872 2352 Daniel,
1915 2312 2119 2347 describens

1130 2367 1216 2400 duas
1241 2366 1481 2411 expeditiones
1505 2361 1673 2397 Antiochi
1698 2361 1823 2405 Magni
1854 2362 2021 2396 adversus
2047 2363 2119 2398 Ae-

1129 2418 1277 2463 gyptios.
1330 2414 1562 2453 Res-ertetur,
1590 2414 1728 2459 inquit,
1756 2423 1821 2445 rea·
1837 2411 2057 2459 Aquilonis,
2081 2415 2119 2449 id
2161 2408 2170 2411 “

1130 2477 1200 2510 est,
1227 2466 1428 2502 Antiochus
1452 2466 1622 2509 Magnus,
1646 2471 1748 2498 antea
1771 2464 1884 2497 victus
1906 2476 1924 2496 a
1949 2461 2118 2509 Philopa-

1129 2527 1224 2560 tore,
1259 2517 1394 2552 bellum
1422 2515 1629 2563 reparabit,
1663 2520 1693 2548 et
1717 2513 1855 2547 multas
1885 2515 1987 2547 urbes
2017 2528 2119 2550 occu-

1127 2570 1243 2617 pabit.
1288 2566 1437 2602 Deinde
1456 2572 1560 2600 vertet
1577 2578 1613 2600 se
1629 2563 1685 2600 ad
1707 2564 1872 2605 insulas,
1901 2566 1937 2599 id
1957 2573 2027 2608 est,
2055 2580 2119 2602 na-

1128 2622 1262 2665 vigavit
1294 2621 1332 2653 in
1357 2619 1562 2658 Graeciam,
1595 2624 1635 2652 ut
1662 2617 1795 2651 bellum
1829 2624 1926 2661 gerat
1949 2618 2116 2653 adversus

1127 2672 1323 2707 Romanos.

1596 2717 1646 2754 59
