2379 2948
177 94 250 129 437
810 94 872 131 IV.
925 91 1201 128 ELEMENTA
1230 91 1565 130 RHETORICES.
2133 96 2205 132 438

177 177 464 213 Christianorum
487 191 608 222 causa,
646 179 783 214 etiamsi
814 191 893 213 cum
920 177 1061 212 Licinio
1092 179 1166 211 foe·
1190 180 1194 202 ἕ
1319 176 1558 212 Tractandum
1589 186 1622 213 et
1645 177 1710 213 hoc
1735 186 1806 220 est,
1841 180 1935 224 quod
1962 182 2004 213 ad
2030 182 2204 226 principes

177 230 260 263 dere
276 237 309 264 et
325 231 501 265 adfinitati
518 232 729 265 coniunctus
746 236 830 264 erat.
1190 241 1192 277 g
1218 226 1390 270 pertineat
1411 241 1493 261 cura
1511 230 1715 263 retinendae
1739 242 1840 263 verae
1863 230 2081 275 relligionis,
2109 233 2204 266 iuxta

280 289 353 324 Iam
372 291 441 325 loci
459 289 670 335 inspiciendi
688 295 788 329 sum,
816 294 850 322 et
865 287 1076 327 videndum,
1104 287 1165 333 qui
1189 298 1192 339 Ι
1215 279 1411 311 secundum
1438 288 1677 323 praeceptum:
1704 280 1784 314 Non
1811 293 1963 314 assumes
1990 294 2121 315 nomen
2139 281 2204 316 Dei

176 341 389 376 conveniant
409 340 492 376 huic
511 351 645 375 causae·
1189 346 1191 360 ι
1216 340 1317 363 vane.
1370 327 1448 361 Hoc
1472 337 1697 373 praeceptum
1731 338 1823 366 vetat
1854 332 2004 366 tolerare
2039 331 2203 378 blasphe-

1189 363 1191 396 Ι
1215 378 1303 411 mias
1329 385 1363 412 et
1382 379 1510 423 impios
1529 380 1655 416 eutius.

560 426 593 460 A
618 429 770 459 natura.
1189 424 1191 463 l

1188 473 1191 501 Ι

278 494 320 529 ln
336 495 501 528 omnibus
519 493 687 534 materiis,
707 494 744 526 in
759 493 889 539 quibus
906 494 948 526 de
965 493 1041 526 iure
1058 503 1164 537 quae—
1188 502 1192 533 ³,
1595 471 1826 518 0⁰¹²f1‘fat20·

175 546 285 587 fitur,
312 545 496 589 praecipue
523 544 577 577 ius
600 552 747 578 naturae
771 544 873 578 etius
892 544 1054 577 divinum
1079 556 1163 576 con-
1318 539 1429 584 Saepe
1447 539 1642 574 confutatio
1668 541 1747 584 plus
1769 542 1968 584 suppeditat
1990 551 2022 577 et
2045 546 2204 589 disputa-

175 597 391 636 siderentur,
425 602 460 629 et
482 595 519 628 in
545 594 608 628 hac
633 595 839 641 quaestione
865 607 883 629 a
912 601 987 628 iure
1018 601 1164 628 naturae
1189 629 1190 632 Ἰ
1215 591 1353 624 tionum
1370 598 1402 625 et
1421 591 1747 635 amplificationum,
1765 592 1859 625 utin
1879 590 1942 626 hac
1961 606 2072 628 causa.
2106 597 2204 631 Mul-

175 648 315 681 firmum
332 653 365 681 et
382 646 519 679 illustre
536 653 784 689 argumentum
804 646 958 680 ducitur.
1188 635 1191 696 ἶ
1215 649 1248 676 ta
1266 642 1360 675 enim
1382 642 1611 675 obiiciuntur.

277 704 336 739 Ius
351 706 512 738 naturale
530 712 600 747 est,
626 707 801 750 suscipere
820 706 1060 739 defensionem
1079 716 1164 737 con—
1188 706 1191 749 ξ
1319 692 1479 726 Primum
1506 693 1614 726 ObiiCi
1645 700 1777 737 potem,
1820 694 1915 738 qu⁰d
1947 693 1982 725 5¹¹
2010 692 2203 739 EvaugssliO

172 764 226 791 tra
244 756 412 790 iniustam
429 757 686 795 crudelitatem,
715 758 920 801 praesertim
941 757 968 789 si
987 756 1030 789 sit
1050 755 1164 788 mani-
1189 759 1191 765 ’
1216 741 1427 801 Prqhibefflr
1444 744 1611 779 Vlfldlssffl-
1667 744 1706 777 ld
1726 745 1972 787 explicandum
1990 752 2050 780 ‘³⁵‘-
2085 745 2205 803 E}Vi1¹¹-

172 808 278 848 festa,
306 819 380 848 seu,
408 814 446 841 ut
462 815 599 849 vocant,
628 808 767 841 notoria
788 808 930 841 iniuria.
959 807 1085 840 Talem
1103 807 1164 838 ‹le-
1215 796 1346 838 &ellum
1373 795 1558 828 ⁶⁰¹¹firm³t
1585 801 1619 828 et
1654 796 1828 839 ³PP1'0b'dt
1862 807 1991 828 munus
2023 805 2205 839 ¹¹¹³'g1511'd-

172 858 368 892 sensionem
388 859 533 903 suscipit
549 858 826 899 Constantinus,
861 870 944 902 ergo
961 865 1054 891 recte
1072 858 1163 891 fecit.
1216 854 1327 880 mum·
1379 844 1476 903 Efgq
1501 845 1742 879 deseffiioneffi
1769 858 1857 903 ‘luae
1879 846 1916 878 fil
1939 858 2000 889 ΡΠ
2025 848 2208 890 ’Πὸἕῖὃίῐλ-

1189 901 1191 933 :
1216 904 1290 938 tus,
1319 904 1504 941 praecipit.
1557 897 1629 930 Nec
1646 896 1763 930 abolet
1783 909 1837 930 ius
1862 903 2028 938 naturae,
2060 900 2118 932 sed
2146 913 2207 944 ap-

1216 949 1352 993 probat.
1397 947 1553 981 Tantum
1572 948 1680 991 igitur
1700 948 1873 992 privatam
1890 947 2083 982 vindictam
2101 959 2132 984 et
2152 963 2208 984 se-

1217 1000 1368 1033 ditiones
1387 996 1563 1042 prohibet.

276 917 345 951 Hic
364 918 588 963 syllogismus
612 918 880 961 amplificandus
906 924 956 951 est
982 928 1165 960 exaggera-

172 968 270 1001 tione
288 969 427 1002 sceleris
448 969 589 1003 Licinii.
646 969 812 1003 Atrocius
829 969 940 1002 scelus
962 975 1029 1006 est,
1055 968 1165 1001 truci-

172 1021 255 1052 dare
271 1021 468 1053 sacerdotes
487 1027 519 1054 et
541 1021 628 1053 alios
643 1020 736 1064 pios,
766 1031 871 1064 quam
896 1019 1032 1064 reliqua
1057 1019 1165 1052 latro·
1446 1062 1449 1063 ⁷
1551 1050 1572 1056 ,,
1599 1050 1606 1057 ,
1817 1050 1823 1056 ,

172 1070 276 1106 cinia.
331 1070 475 1105 Sevitur
491 1071 585 1104 enim
603 1071 640 1104 in
659 1069 824 1104 homines
846 1071 1072 1114 peculiariter
1088 1068 1163 1102 Deo
1319 1049 1484 1107 3⁸⁶¹]de
1501 1051 1607 1107 ‘',bum
1625 1056 1737 1094 p⁰te⁵t
1754 1051 1797 1083 de
1815 1062 1891 1083 mre
1911 1050 2104 1108 foeflemm‘

1322 1100 1379 1133 An
1399 1101 1539 1134 licuerit
1555 1101 1804 1134 confoederato
1823 1101 1955 1133 bellum
1973 1102 2114 1139 inferre.
2152 1102 2208 1138 Ad

173 1128 406 1156 consecratos,
461 1120 508 1156 Et
524 1122 657 1155 accedit
676 1120 760 1155 haec
778 1122 962 1166 impietas,
991 1122 1086 1166 quod
1111 1128 1164 1166 ty-
1219 1151 1226 1158 ,
1836 1152 1842 1157 ,
2058 1154 2065 1161 ,

173 1172 278 1205 ranni
294 1184 366 1205 non
385 1179 520 1206 tantum
546 1171 611 1205 hos
627 1173 773 1206 miseros
789 1169 952 1205 homines
977 1172 1126 1216 cupiunt
1149 1183 1166 1204 e
1191 1170 1193 1199 ἱ
1218 1152 1253 1184 'd
1273 1153 1561 1194 respondendum
1578 1160 1640 1209 {³⁵¹⁸
1685 1151 1726 1184 1¹¹
1745 1153 1913 1184 ommbus
1934 1152 2135 1210 foedffnbus
2151 1168 2209 1188 ex·

1218 1210 1351 1246 ceptam
1371 1214 1443 1235 esse
1458 1203 1700 1235 defensionem
1719 1203 1887 1235 adversus
1911 1210 2086 1237 notoriam
2113 1206 2210 1239 iniu-

173 1223 290 1256 medio
307 1224 443 1264 tollere,
471 1225 529 1256 sed
546 1235 690 1267 prorsus
709 1236 840 1256 nomen
857 1222 943 1259 Dei,
974 1234 1092 1255 veram
1110 1234 1166 1255 re-
1238 1254 1244 1260 ,
1414 1253 1420 1259 ,
1756 1253 1762 1259 .
2033 1255 2039 1261 .
2072 1256 2079 1262 .
2184 1257 2191 1263 .

173 1274 341 1306 'inionem
373 1275 415 1307 ad
444 1275 643 1308 doctrinam
670 1274 788 1307 delere
815 1281 848 1307 et
872 1274 1075 1316 extinguere
1128 1285 1166 1305 ac
1217 1265 1318 1310 riam.
1355 1252 1493 1311 Fuuisset
1510 1253 1676 1310 scelerata
1693 1260 1839 1286 societas
1855 1252 2081 1288 Constantini
2099 1264 2133 1290 et
2150 1256 2212 1289 Li-

202 1299 220 1317 ¹³
1087 1300 1095 1313 ’
1218 1316 1315 1338 cinii.
1351 1303 1390 1337 Si
1407 1302 1666 1337 Constantinus
1693 1312 1837 1347 propter
1861 1304 2005 1347 foedus,
2030 1307 2130 1351 quasi
2151 1319 2211 1350 pa-

172 1325 313 1367 penitus
331 1325 481 1358 obruere
498 1326 648 1368 gloriam
670 1324 748 1359 Dei.
1256 1355 1262 1361 .
1620 1355 1625 1361 .
2203 1359 2210 1365 .

1219 1362 1336 1388 ctione
1366 1355 1519 1399 quadam
1555 1355 1749 1397 obligatus,
1786 1365 1906 1397 passus
1943 1364 2031 1390 esset
2062 1369 2212 1399 grassari

1218 1406 1386 1448 collegam
1406 1413 1438 1439 et
1457 1405 1632 1438 infinitam
1652 1405 1816 1438 seviciam
1840 1416 2009 1440 exercere.

274 1383 456 1415 Adversus
473 1380 558 1416 baec
580 1388 677 1416 tanta
702 1382 830 1415 scelera
854 1382 1042 1426 praecipue
1069 1393 1165 1414 arma

172 1445 297 1478 capere
321 1434 451 1466 debent
475 1445 573 1476 reges
599 1440 632 1467 et
650 1433 847 1477 principes,
869 1433 949 1478 qui,
978 1440 1016 1466 ut
1035 1432 1166 1465 Paulus

172 1485 239 1526 ait,
267 1491 393 1528 gerunt
413 1484 591 1527 gladium,
617 1490 656 1517 ut
674 1484 868 1518 defendant
885 1484 1019 1525 honos,
1047 1490 1080 1517 et
1102 1496 1164 1527 pu—

171 1536 273 1570 niant
290 1535 454 1571 iniustos.

1320 1462 1434 1497 Erant
1460 1464 1544 1496 socii
1562 1464 1903 1497 Lacedemoniorum
1921 1462 2105 1507 Thebani,
2134 1479 2212 1500 cum

1219 1514 1470 1547 Lacedemonii
1488 1512 1648 1548 Athenas
1674 1515 1857 1559 cepissent.
1913 1513 1960 1549 Et
1983 1523 2099 1550 tamen
2117 1516 2214 1550 The-

1220 1566 1304 1598 bani
1335 1566 1551 1599 adiuverunt
1582 1563 1868 1611 Thrasybulum,
1906 1574 2121 1610 repetentem
2153 1581 2215 1612 pa-

503 1621 535 1654 A
561 1621 642 1666 lege
671 1621 827 1664 scripta.
1219 1617 1322 1650 triam
1340 1617 1466 1655 armis,
1497 1624 1619 1650 contra
1636 1616 1925 1650 Lacedemoiiios.

275 1688 386 1732 Leges
411 1687 554 1721 divinae
580 1694 613 1720 et
639 1684 813 1719 humanae
836 1686 1058 1730 praecipiunt
1075 1685 1166 1729 regi-
1322 1673 1409 1710 Erat
1425 1677 1519 1708 enim
1537 1676 1721 1709 manifesta
1746 1676 1935 1709 crudelitas
1962 1677 2127 1720 praesidii
2145 1678 2216 1711 La-

173 1742 239 1774 bus
258 1746 291 1773 et
306 1739 474 1772 omnibus
491 1737 771 1782 magistratibus,
798 1744 837 1770 ut
853 1739 1044 1771 defendam
1061 1737 1167 1769 inno-
1220 1727 1347 1761 conici.
1395 1726 1444 1760 lta
1463 1734 1495 1760 et
1514 1726 1771 1761 Constantinus
1788 1728 1998 1769 abrumpere
2014 1729 2214 1762 societatem

174 1798 310 1831 centes,
338 1802 377 1824 ac
402 1791 554 1836 maxime
581 1800 659 1829 eos,
691 1787 751 1833 qui
777 1795 922 1833 propter
943 1788 1166 1831 relligionem
1220 1790 1310 1823 quae
1327 1790 1406 1811 cum
1424 1777 1566 1811 LlCinlO
1584 1778 1720 1815 fuerat>
1749 1778 1944 1810 ⁰0⁰355ffl'50
1965 1779 2098 1812 delmi?-

172 1843 404 1884 adfliguntur.

275 1900 344 1934 Hic
363 1900 558 1934 sententiae
575 1911 615 1932 ex
631 1899 818 1944 scripturis
842 1898 1061 1941 colligendae
1085 1904 1167 1931 sunt

173 1954 216 1986 de
234 1953 349 1986 officio
369 1952 648 1995 magistratuum,
668 1951 788 1996 quales
805 1956 887 1983 sunt
904 1950 997 1993 apud
1008 1947 1166 1982 Esaiam:

174 2003 370 2037 Subvenite
388 2013 567 2047 oppresso,
596 2001 749 2034 iudicate
768 2001 917 2046 pupillo,
954 1998 999 2033 Et
1020 2000 1054 2032 in
1066 1999 1166 2033 Psal-

174 2066 249 2087 mo:
277 2053 416 2099 Eripite
431 2053 612 2087 adflictum
630 2053 672 2086 de
691 2064 799 2086 manu
818 2051 1023 2097 peccatoris.

1322 1837 1464 1871 Cedunt
1489 1838 1557 1870 iuri
1580 1845 1728 1871 naturae
1745 1845 1879 1871 caetera
1897 1845 2012 1881 pacta,
2036 1847 2072 1872 ut
2090 1841 2215 1873 subdi-

1220 1896 1254 1923 to
1282 1890 1448 1921 adversus
1479 1888 1666 1922 dominum
1689 1900 1851 1921 concessa
1879 1896 1929 1922 est
1951 1890 2132 1933 defensio,
2169 1894 2213 1925 ad

1220 1940 1466 1984 depellendam
1485 1940 1654 1973 iniustam
1674 1940 1940 1980 crudelitatem,
1968 1941 1994 1972 si
2017 1941 2059 1975 sit
2082 1942 2212 1976 iniuria

1221 1991 1370 2025 notoria.

1323 2049 1448 2083 Tertio
1464 2049 1569 2083 obiici
1590 2055 1713 2093 potest.
1741 2047 1787 2083 At
1806 2047 2062 2084 Constantinus
2079 2051 2213 2086 alienos

1219 2101 1395 2142 defendit,
1422 2101 1583 2134 subditos
1598 2099 1748 2136 Licinio.
1784 2100 1881 2143 Quid
1898 2102 1940 2134 ad
1961 2113 2039 2134 eum
2055 2103 2212 2145 pertine-

1220 2154 1344 2193 nebat,
1372 2153 1552 2197 quomodo
1572 2152 1630 2184 ille
1655 2163 1752 2184 suam
1777 2152 1949 2185 ditionem
1976 2153 2212 2195 gubernaret?

277 2205 461 2240 Pertinent
499 2208 542 2240 ad
578 2206 773 2240 iudicatum
817 2204 974 2248 exempla
1007 2204 1166 2248 probata.
1191 2203 1194 2269 j
1218 2203 1452 2249 Respondeo:
1487 2201 1605 2236 Etiam
1631 2202 1800 2241 subditis,
1837 2202 1864 2234 si
1887 2203 1931 2237 sit
1951 2203 2132 2237 manifesta
2156 2217 2211 2238 se-

176 2257 376 2290 Honestum
406 2258 475 2291 fuit
496 2255 797 2298 Atheniensibus,
838 2256 1014 2300 suscipere
1045 2256 1164 2288 defen-
1219 2256 1331 2296 vicia,
1366 2255 1448 2287 licet
1474 2253 1547 2286 fieri
1576 2253 1767 2297 supplices,
1796 2253 1987 2296 implorare
2012 2255 2142 2288 auxilia
2165 2257 2209 2290 ab

177 2309 312 2341 sionem
338 2308 532 2342 liberorum
558 2308 723 2342 Herculis
754 2309 922 2341 adversus
947 2304 1167 2352 Eurysthea,
1219 2307 1317 2345 aliis,
1346 2313 1378 2339 et
1403 2305 1578 2349 suscipere
1604 2316 1726 2336 eorum
1755 2303 1995 2336 defensionem
2020 2305 2098 2338 aliis
2117 2308 2209 2351 regi-

177 2366 310 2405 quanto
343 2357 527 2392 honestius
558 2367 608 2393 est
632 2359 840 2404 imperatori
870 2358 950 2403 pio,
991 2358 1167 2401 suscipere
1220 2359 1285 2392 bus
1310 2357 1411 2398 licet,
1446 2363 1483 2389 ut
1509 2353 1745 2388 Athenienses
1779 2362 2008 2398 susceperunt
2030 2356 2208 2391 defensio-

176 2410 417 2444 defensionem
434 2411 666 2444 sacerdotum.
1219 2421 1299 2442 nem
1319 2409 1514 2442 liberorum
1532 2405 1708 2439 Herculis.

281 2470 462 2504 Accedant
485 2469 773 2513 amplificationes
799 2482 817 2503 a
850 2468 973 2514 poenis
998 2468 1167 2501 idolatra·
1321 2467 1460 2500 Deinde
1484 2477 1556 2497 non
1579 2469 1660 2496 sunt
1685 2463 1812 2504 alieni,
1839 2464 1900 2509 qui
1925 2465 2029 2500 nobis
2043 2467 2207 2503 societate

178 2534 275 2562 rum,
302 2520 398 2555 Deus
424 2522 615 2554 detestatur
634 2526 666 2553 et
682 2521 757 2554 odit
771 2521 951 2555 idolatras.
1007 2519 1089 2552 [deo
1106 2520 1167 2552 de·
1220 2518 1397 2553 Ecclesiae
1416 2515 1593 2549 coniuncti
1612 2520 1704 2549 sunt.
1758 2513 1992 2560 Praecipuum
2008 2529 2139 2552 munus
2156 2527 2207 2554 est

178 2574 335 2606 fensores
362 2572 554 2617 impiorum
581 2571 760 2611 cultuum,
800 2569 984 2605 habebunt
1017 2571 1167 2613 tragicos
1220 2580 1439 2604 summorum
1456 2577 1575 2608 regum
1592 2577 1630 2598 ac
1650 2565 1867 2609 principum,
1894 2567 1985 2601 tueri
2002 2566 2206 2612 Ecclesiam,

179 2625 303 2658 exitus.
337 2622 435 2658 Sicut
467 2623 504 2655 in
534 2623 649 2666 primo
681 2629 865 2666 praecepto
894 2622 1051 2655 minatur
1072 2621 1168 2653 Deus
1220 2632 1326 2666 quam
1345 2620 1391 2652 oh
1408 2629 1546 2650 causam
1565 2614 1686 2649 Esaias
1705 2623 1803 2650 vocat
1819 2629 1925 2662 reges,
1945 2616 2121 2653 Ecclesiae
2138 2633 2206 2655 nu·-

179 2675 359 2714 idolatris,
389 2682 422 2709 et
437 2672 605 2709 historiae
623 2672 851 2717 suppeditant
865 2672 975 2707 multa
997 2671 1165 2716 exempla.
1221 2672 1380 2711 tritores‚
1408 2669 1443 2701 id
1464 2675 1525 2707 est,
1543 2668 1807 2752 defensores&

1730 2722 1753 2754 2

539 2139 593 2174 Ab
622 2140 816 2184 exemplis.
