2379 2948
248 114 314 147 711

250 198 382 244 ubique
413 200 515 233 obvia
549 207 648 239 sunt,
680 198 718 233 Si
756 212 860 244 quem
891 197 1027 234 hortari
1054 201 1158 238 velis.
1192 208 1230 235 ut

250 250 362 283 amico
387 250 424 283 in
446 251 639 283 calamitate
662 262 764 293 opem
789 251 895 292 ferat,
921 253 1117 295 argumenti
1133 264 1231 285 sum-

250 312 305 333 ma
326 301 402 334 talis
421 302 676 344 propemodum
693 301 915 346 syllogismus
934 304 1013 336 erit:

402 359 525 392 Yirtus
548 367 597 393 est
627 366 723 403 grata
747 360 843 402 Deo,
876 362 966 395 affici
993 361 1231 396 misericordia

451 408 607 444 hominis
623 412 847 456 aerumnosi,
875 413 936 458 qui
959 426 1031 446 non
1053 413 1232 447 accersivit

453 461 519 495 sibi
537 462 669 494 malum
686 463 812 496 scelere
831 464 970 509 aliquo,
999 466 1057 498 sed
1085 463 1231 497 fortuito

451 524 531 545 casu
551 513 700 546 afflictus
718 521 779 554 est,

400 561 504 596 Nunc
527 570 642 597 autem
664 563 722 596 isti
746 565 878 598 bellum
897 563 1088 598 Turcicum
1110 575 1232 598 omnes

453 615 613 647 fortunas
638 614 778 657 eripuit,

404 664 523 707 Quare
539 665 628 697 affici
647 665 887 699 misericordia
905 664 1014 708 ipsius
1030 664 1126 708 pium
1147 671 1207 697 est.

352 731 471 765 Blaior
490 731 681 775 propositio
702 733 806 765 etiam
825 732 900 764 sine
922 731 1139 764 ornamentis
1156 731 1233 764 aliis

249 782 391 816 recitata
419 783 483 815 erit
510 793 654 824 gnome,
681 788 719 815 ut
744 783 940 826 plerunque
966 782 1001 814 fit
1019 782 1054 813 in
1078 782 1234 815 materiis

249 833 457 868 moralibus.
497 832 566 866 Sed
596 832 766 866 illustrari
793 840 909 866 tamen
942 839 1055 876 potest
1082 833 1233 865 aliorum

249 883 370 923 dictis,
397 889 429 916 et
452 882 682 925 imaginibus,
711 883 875 916 videlicet
900 881 966 916 hoe
984 884 1106 916 modo:
1137 881 1234 916 The-

250 945 327 966 seus
342 935 435 977 apud
451 931 660 976 Euripidem
677 934 770 968 lavat
793 934 867 978 ipse
888 934 961 968 suis
987 935 1150 967 manibus
1168 935 1235 967 du-

250 996 330 1017 cum
344 985 387 1017 ad
404 982 544 1017 Thebas
564 984 830 1018 interfectorum
849 986 1030 1020 cadavera.
1073 984 1111 1017 ld
1131 986 1234 1017 fune-

251 1042 343 1068 stum
360 1035 514 1068 osficium
540 1046 619 1067 cum
639 1046 717 1078 rege
744 1036 929 1077 indignum
949 1035 1145 1075 videretur,
1172 1036 1232 1068 ad-

249 1086 321 1119 dita
340 1093 390 1119 est
407 1083 651 1118 honestissima
669 1085 772 1125 ratio,
796 1098 836 1118 ex
852 1085 1031 1118 communi
1049 1083 1234 1118 hominum

249 1136 390 1169 foedere
413 1142 538 1169 sumta.
597 1134 678 1168 Non
704 1143 754 1170 est
780 1143 882 1180 turpe
914 1133 1120 1170 hominibus
1144 1137 1235 1169 affici

248 1187 382 1220 mutuis
401 1186 550 1219 miseriis
562 1213 570 1226 ‚
597 1185 665 1220 οὐκ
680 1184 835 1233 αἰσχρὸν
852 1183 1110 1233 ἀνθρώποισιν
1128 1183 1235 1232 ἀλλή-

249 1240 324 1272 λων
339 1233 447 1271 κακά.
503 1236 622 1271 Potest
644 1244 760 1271 autem
787 1238 871 1271 addi
896 1235 980 1270 haec
997 1238 1235 1281 amplificatio,

250 1288 391 1322 collatio
426 1288 614 1321 illustriori
643 1289 822 1332 exemplo,
857 1288 1021 1322 videlicet
1047 1286 1130 1322 hoc:
1164 1289 1234 1323 Sed

249 1350 315 1372 nos
340 1339 377 1371 in
395 1336 550 1372 Ecclesia
569 1339 766 1383 exemplum
791 1337 961 1372 habemus
983 1339 1048 1371 filii
1064 1338 1147 1379 Dei,
1173 1340 1234 1384 qui

249 1389 287 1422 in
303 1400 375 1422 sese
392 1389 564 1422 derivavit
582 1400 719 1422 summa
738 1390 829 1422 mala
847 1391 983 1433 generis
1002 1388 1169 1431 humani,
1196 1397 1235 1423 ut

248 1451 313 1473 nos
328 1440 504 1474 liberaret.
547 1439 649 1472 Talia
669 1447 875 1474 ornamenta
900 1444 932 1473 et
949 1441 986 1473 in
1005 1440 1153 1474 lectione
1170 1442 1233 1474 bo-

248 1502 377 1524 norum
400 1489 610 1533 scriptorum
633 1490 821 1525 observent
843 1491 1017 1532 iuniores,
1045 1498 1078 1525 et
1103 1491 1234 1526 imitari

249 1541 286 1574 in
304 1541 492 1575 scribendo
507 1546 539 1574 et
555 1540 734 1585 loquendo
753 1541 902 1577 discant.

543 1664 610 1704 De
640 1664 958 1717 comparatione.

349 1745 611 1787 Utimurlocis,
640 1752 698 1779 aut
716 1745 752 1778 in
777 1745 927 1790 simplici
947 1745 1167 1790 quaestione,
1195 1752 1233 1779 ut

247 1809 325 1830 cum
354 1797 570 1841 quaerimus:
608 1796 665 1829 An
690 1796 826 1829 coelum
851 1797 893 1829 sit
918 1797 1076 1836 finitum,
1115 1796 1233 1839 Quare

249 1848 397 1881 ebrietas
420 1847 535 1880 laedat
558 1848 752 1881 cerebrum.
806 1846 879 1880 Aut
904 1847 941 1879 in
960 1848 1233 1890 comparatione,

247 1905 303 1931 ut:
338 1896 427 1931 Cum
451 1898 609 1930 medicus
633 1897 788 1943 quaerit,
822 1898 919 1930 unde
942 1897 1012 1931 sint
1042 1898 1232 1937 insomnia,

249 1956 367 1982 utrum
387 1960 427 1980 ex
449 1948 584 1981 cerebri
601 1948 771 1986 siccitate,
800 1960 860 1982 seu
877 1948 992 1983 calore
1011 1949 1124 1982 nimio
1137 1976 1145 1989 ‚
1173 1961 1232 1982 seu

248 2011 287 2032 ex
324 1998 494 2031 cruditate
528 1998 565 2031 in
601 1999 798 2032 ventriculo
832 2008 905 2032 non
939 2000 1063 2033 edente
1099 1997 1230 2033 halitus

248 2061 372 2083 somno
391 2048 504 2083 utiles,
553 2048 765 2082 Traduntur
779 2056 893 2082 autem
910 2050 953 2083 de
971 2051 1232 2094 comparatione

247 2100 438 2142 singularia
470 2106 671 2143 praecepta,
706 2111 794 2143 quae
817 2107 934 2132 tamen
963 2102 1131 2135 sumenda
1151 2109 1233 2135 sunt

248 2163 287 2184 ex
307 2148 361 2183 his
378 2150 462 2194 ipsis
478 2150 581 2190 locis,
607 2162 694 2195 quos
712 2147 881 2183 hactenus
895 2152 1066 2185 recensui.

612 2256 724 2288 Prima
748 2255 872 2297 requlu.

352 2326 499 2360 Inventa
525 2338 585 2360 seu
605 2326 846 2359 animadversa
871 2327 1168 2361 demonstratione
1194 2327 1231 2360 in

238 2378 523 2421 -speculabilibus
540 2385 598 2411 aut
616 2377 794 2421 practicis,
820 2377 1044 2411 manifestum
1061 2385 1122 2418 est,
1149 2378 1232 2411 reii-
1255 2383 1257 2398 ¹¹

251 2428 409 2461 ciendam
427 2439 498 2461 esse
522 2428 732 2462 contrariam
757 2428 1061 2471 imaginationem,
1086 2441 1149 2461 nec
1165 2430 1231 2462 du-

249 2478 371 2511 bitatio
405 2480 447 2511 de
476 2479 737 2522 comparatione
769 2486 927 2517 maneat,
962 2486 1016 2512 ut:
1053 2478 1142 2513 Cum
1170 2480 1232 2514 scit

250 2526 378 2561 Curius
402 2541 520 2562 revera
545 2529 736 2564 Catilinam
760 2530 878 2563 moliri
903 2530 1134 2573 seditionem,
1162 2537 1231 2563 sta-

250 2585 342 2621 tuat,
378 2579 447 2611 iam
481 2581 553 2614 sine
579 2580 800 2614 dubitatione
830 2581 1032 2625 fugiendam
1060 2593 1131 2614 esse
1159 2581 1232 2615 eius

250 2629 453 2663 amicitiam.

484 114 690 151 SCRIPTA
724 114 798 150 PH.
826 112 942 151 MEL.
969 112 1037 149 AD
1061 113 1187 150 HIST.
1214 113 1357 152 PROF.
1384 114 1452 150 ET
1477 113 1670 151 PHILOS.
1702 114 2022 153 SPECTANTIA.

2188 119 2262 155 712

1624 197 1774 229 Secunda
1797 198 1920 239 reyula.

1380 257 1421 292 In
1443 258 1717 302 speculabilibus
1736 259 1929 302 ambiguis,
1956 272 2035 293 cum
2052 261 2123 294 duo
2140 259 2264 294 verisi-

1279 309 1377 343 milia
1400 317 1669 354 proponuntur,
1696 310 1896 355 quaeritur,
1922 317 2042 344 utrum
2070 311 2114 344 sit
2140 311 2264 344 verisi-

1280 359 1418 399 milius,
1445 366 1482 395 ut
1499 372 1579 394 cum
1597 362 1639 394 de
1657 360 1751 395 Iride
1772 360 1973 406 quaeritur,
2000 373 2089 407 quae
2106 361 2150 395 sit
2162 373 2264 396 causa

1282 421 1392 445 arcus.

1645 484 1758 516 Tertia
1781 484 1905 527 reyula.

1388 543 1429 577 ln
1450 544 1610 588 practicis
1627 546 1840 590 comparatio
1857 547 1894 579 fit
1910 546 1953 579 de
1967 544 2150 580 electione.
2174 542 2266 578 Sunt

1282 600 1398 627 autem
1423 595 1580 638 eligenda
1608 596 1717 637 bona,
1751 604 1783 630 et
1809 597 1899 630 mala
1923 596 2101 640 fugienda.
2152 591 2201 628 Et
2226 594 2265 628 in

1282 642 1337 677 his
1358 645 1485 688 gradus
1508 652 1605 680 sunt:
1635 644 1841 686 honestum,
1867 647 1972 688 utile,
1999 657 2117 680 suave.
2169 644 2266 679 Haec

1282 695 1310 728 si
1341 707 1415 728 non
1447 695 1517 730 sint
1546 696 1755 741 coniuncta,
1787 695 1976 732 honestum
2000 697 2266 731 anteferendum

1282 752 1344 780 est.
1397 747 1449 779 Ac
1473 753 1511 780 ut
1536 753 1636 780 antea
1661 747 1754 786 dixi,
1782 749 2022 781 animadversa
2045 748 2266 781 demonstra-

1257 822 1259 828 ,
1282 796 1398 837 tione,
1425 797 1640 831 contrarium
1656 797 1731 830 siue
1745 798 1966 832 dubitatione
1982 799 2182 838 reiiciatur,
2209 804 2264 831 ut:

1282 847 1425 880 Danieli
1461 860 1533 881 non
1566 849 1714 881 dubium
1745 855 1796 882 est
1825 856 1971 882 mortem
2002 849 2266 883 anteferendam

1283 910 1355 931 esse
1371 898 1570 932 adorationi
1594 905 1737 932 statuae.
1790 898 1864 933 Scit
1886 898 1962 932 Deo
1985 899 2023 932 in
2048 898 2266 933 confessione

1283 949 1520 982 obediendum
1563 960 1654 989 esse,
1701 949 1838 983 etiamsi
1879 947 1964 984 haec
2005 949 2074 983 vita
2108 949 2266 994 corporis

1283 1000 1475 1033 amittenda
1494 1000 1549 1034 sit.
1590 999 1658 1033 Sed
1675 1001 1785 1034 multa
1802 1007 1884 1034 sunt
1901 1001 2063 1044 ambigua
2084 1000 2120 1033 in
2138 1000 2267 1045 practi-

1282 1050 1350 1088 cis,
1378 1057 1417 1083 ut
1435 1063 1513 1083 cum
1533 1057 1708 1095 quaerunt
1725 1049 1977 1092 Athenienses,
2004 1058 2123 1086 utrum
2145 1051 2267 1084 defen—

1283 1102 1368 1134 dant
1384 1112 1419 1134 se
1436 1107 1556 1134 contra
1574 1099 1799 1145 Philippum,
1823 1115 1868 1135 an
1892 1114 1973 1135 vero
1998 1113 2118 1146 pacem
2145 1107 2268 1144 petant

1283 1152 1520 1185 mediocribus
1544 1152 1810 1186 conditionibus
1841 1153 1917 1186 sine
1947 1153 2086 1187 scelere.
2138 1150 2208 1185 Hic
2229 1152 2268 1185 fit

1283 1203 1441 1243 collatio,
1467 1209 1586 1236 utrum
1605 1202 1648 1235 sit
1666 1203 1868 1246 eligendum
1885 1203 2039 1244 bellum,
2065 1214 2111 1235 an
2129 1214 2206 1246 pax,
2228 1202 2268 1235 in

1284 1265 1352 1298 qua
1369 1253 1432 1287 etsi
1452 1253 1566 1297 pactio
1583 1253 1722 1287 sceleris
1739 1254 1837 1287 nulla
1855 1260 1946 1294 erat,
1972 1261 2089 1287 tamen
2115 1253 2267 1287 servitus

1282 1305 1400 1337 futura
1418 1311 1502 1345 erat,
1527 1315 1633 1349 quam
1649 1305 1758 1338 multa
1773 1305 1997 1338 incommoda
2016 1305 2266 1350 sequebantur.

1283 1354 1352 1388 Sed
1371 1353 1521 1388 Demadi
1538 1355 1679 1388 videtur
1703 1355 1741 1387 in
1763 1356 1858 1388 bello
1877 1354 1954 1399 plus
1974 1355 2057 1388 mali
2074 1355 2160 1390 fore.
2213 1354 2267 1388 Ac

1282 1405 1374 1439 inter
1398 1406 1469 1438 duo
1491 1405 1602 1444 mala,
1629 1406 1665 1438 id
1689 1406 1783 1448 quod
1806 1406 1925 1438 minus
1948 1405 2081 1438 malum
2104 1413 2173 1446 est,
2199 1405 2267 1438 eli—

1282 1457 1436 1498 gendum
1457 1462 1519 1491 est.
1573 1455 1641 1489 Sed
1668 1453 1758 1488 nihil
1783 1456 1826 1490 sit
1851 1456 1989 1489 sceleris
2014 1456 2051 1488 in
2075 1468 2135 1496 eo,
2170 1457 2266 1500 quod

1281 1507 1435 1549 eligitur.
1488 1506 1540 1539 lta
1554 1518 1632 1539 cum
1650 1506 1740 1540 latro
1756 1507 1941 1540 minitatur
1959 1513 2108 1539 mortem
2126 1505 2267 1547 viatori,

1282 1557 1352 1589 nisi
1377 1557 1560 1601 pecuniam
1583 1554 1763 1595 exhibeat,
1795 1557 1914 1590 minus
1940 1556 2025 1590 mali
2043 1563 2094 1590 est
2107 1557 2267 1591 amittere

1282 1607 1485 1649 pecuniam,
1513 1619 1618 1651 quam
1645 1608 1765 1641 vitam.
1818 1606 1894 1640 Etsi
1920 1613 2008 1640 esset
2032 1605 2177 1641 honesta
2203 1608 2267 1641 de-

1282 1657 1411 1698 fensio,
1438 1664 1556 1690 tamen
1581 1657 1610 1689 si
1626 1663 1675 1690 est
1692 1657 1941 1701 impossibilis,
1967 1663 2028 1691 aut
2047 1657 2155 1691 nimis
2172 1658 2266 1702 peri-

1282 1709 1417 1749 culosa,
1446 1707 1549 1751 eligat
1568 1708 1687 1741 minus
1710 1708 1858 1748 malum,
1886 1707 2019 1742 scilicet
2041 1708 2268 1742 amissionem

1284 1759 1462 1803 pecuniae.
1498 1759 1548 1792 lta
1565 1770 1643 1791 cum
1663 1758 1790 1792 Iudaea
1808 1759 1947 1793 redacta
1963 1766 2050 1793 esset
2065 1759 2101 1792 in
2118 1759 2266 1793 formam

1284 1810 1505 1853 provinciae,
1534 1816 1617 1842 nato
1641 1809 1711 1842 iam
1736 1807 1898 1850 Christo,
1927 1816 1959 1843 et
1975 1808 2131 1844 Romani
2155 1811 2266 1854 magi-

1282 1867 1409 1894 stratus
1444 1867 1603 1894 tenerent
1637 1860 1853 1905 superiorem
1889 1860 2188 1901 iurisdictionem,
2226 1868 2265 1895 ut

1281 1911 1408 1945 usitate
1425 1923 1605 1944 vocamus:
1632 1910 1677 1944 Et
1702 1918 1819 1944 tamen
1837 1911 1874 1943 in
1891 1911 2050 1944 doctrina
2075 1912 2117 1943 de
2133 1910 2208 1945 Deo
2231 1919 2265 1946 et

1282 1961 1491 1996 ceremoniis
1508 1962 1755 1994 concessissent
1766 1961 1903 1995 Iudaeis
1918 1958 2161 2005 αὐτονομίαν,
2189 1973 2265 1996 sae-

1284 2025 1324 2056 pe
1343 2012 1463 2046 ludaei
1479 2012 1724 2055 disputarunt,
1751 2018 1869 2046 utrum
1896 2012 2028 2045 bellurn
2047 2014 2264 2046 movendum

1254 2352 1257 2380 l

1283 2070 1369 2097 esset
1393 2069 1514 2096 contra
1531 2062 1732 2103 Romanos,
1761 2070 1793 2096 et
1817 2062 1923 2095 armis
1942 2064 2182 2107 recuperanda
2207 2064 2263 2097 in-

1282 2123 1375 2158 tegra
1399 2114 1562 2153 libertas,
1595 2113 1799 2157 praesertim
1827 2126 1906 2147 cum
1928 2112 2023 2147 Deus
2047 2114 2264 2158 promisisset

1282 2164 1364 2199 huic
1383 2165 1515 2209 populo
1533 2164 1728 2197 libertatem
1751 2171 1786 2198 et
1803 2164 2054 2200 defensionem.
2107 2163 2190 2199 Fuit
2205 2163 2263 2199 hic

1282 2228 1421 2262 quoque
1437 2215 1631 2253 dubitatio,
1658 2223 1777 2248 utrum
1795 2215 1998 2258 eligendum
2016 2221 2102 2249 esset
2118 2215 2262 2254 bellum,

1282 2280 1325 2300 an
1345 2279 1430 2313 pax,
1457 2267 1493 2299 in
1510 2278 1576 2311 qua
1595 2266 1745 2299 servitus
1770 2273 1843 2300 erat
1867 2266 1949 2299 satis
1969 2267 2056 2300 dura
2083 2272 2116 2300 et
2140 2266 2259 2300 tristis.

1255 2328 1257 2341 ³
1282 2317 1349 2352 Sed
1369 2324 1486 2351 tamen
1510 2315 1602 2350 haud
1621 2317 1728 2350 dubie
1745 2315 1934 2350 Zacharias
1955 2323 1987 2350 et
2012 2317 2144 2351 similes
2168 2316 2261 2350 iudi-

1281 2375 1416 2410 carunt,
1441 2368 1659 2402 tolerandam
1677 2379 1748 2401 esse
1765 2368 1984 2409 servitutem,
2007 2374 2039 2401 et
2054 2374 2259 2410 argumenta

1282 2420 1457 2454 contraria
1476 2419 1706 2462 explicarunt.

1433 2469 1528 2503 Deus
1546 2470 1707 2513 promisit
1725 2469 1964 2502 defensionem
1983 2465 2171 2508 Ecclesiae,

1434 2519 1497 2553 Ille
1515 2521 1665 2564 populus
1682 2528 1755 2554 erat
1769 2519 1935 2559 Ecclesia,

1432 2569 1526 2614 Ergo
1543 2583 1560 2604 a
1577 2570 1652 2605 Deo
1672 2572 1890 2605 defendetur.

1382 2629 1451 2664 Hic
1473 2631 1677 2676 responderi
1707 2630 1840 2675 potuit,
1875 2635 1986 2661 totum
2018 2629 2259 2674 syllogismum

1252 2685 1258 2725 1
1280 2693 1403 2716 verum
1430 2693 1512 2718 esse.
1553 2681 1642 2715 Nam
1661 2688 1693 2714 et
1711 2688 1795 2715 tunc
1813 2679 2068 2713 defendebatur
2092 2687 2124 2714 et
2141 2691 2259 2714 serva-
