2379 2948
190 116 263 152 795

194 204 238 237 ad
257 200 356 235 initia
373 192 638 242 gubernationis
653 188 790 225 Esaiae.
842 186 1026 228 Ieremias,
1047 192 1087 220 ut
1106 183 1179 218 exi-

196 253 320 290 stimo,
350 249 440 284 vidit
460 245 621 282 Esaiam,
655 240 837 276 Ieremiam
865 238 956 272 vidit
978 243 1013 272 et
1041 235 1178 270 audivit

195 302 343 341 Daniel,
375 306 479 344 atque
509 296 555 330 ita
579 294 745 336 deinceps
770 290 940 324 continuo
964 287 1075 334 aliqui
1098 287 1176 320 sue-

196 361 281 388 runt
294 352 463 385 Doctores
478 346 595 382 ornati
611 342 850 388 singularibus
865 339 1088 379 testimoniis,
1115 336 1177 371 alii

197 405 275 439 aliis
292 398 577 447 praestantiores.

303 459 372 499 Et,
403 467 442 494 ut
465 457 560 501 dixi,
598 454 827 501 praecipuum
859 460 988 485 munus
1019 447 1086 482 fuit
1120 456 1177 479 re-

195 512 356 560 purgatio
373 509 564 549 doctrinae,
586 513 769 552 postquam
787 503 882 537 enim
899 499 1084 546 promissio
1101 502 1179 541 post

197 567 333 609 lapsum
351 561 548 606 primorum
571 563 758 603 parentum
781 554 873 588 edita
898 559 968 593 est,
993 550 1088 583 Deus
1111 547 1178 580 im-

196 625 318 649 mensa
346 612 504 647 bonitate
537 621 613 643 eam
640 618 741 651 saepe
764 604 944 650 repetivit,
978 613 1069 635 nova
1095 609 1178 631 voce

198 667 310 705 edita,
347 670 386 698 ut
418 674 498 696 curn
530 661 574 694 ad
598 655 763 694 Abrahae
790 667 907 690 semen
937 651 1095 687 restricta
1118 655 1179 684 est.

196 716 337 752 Deinde
353 722 387 749 et
399 714 573 747 illustrata
591 717 652 748 est,
678 716 717 742 ut
734 709 776 742 de
793 705 968 741 abolendo
991 707 1129 747 peccato
1148 705 1180 733 et

197 774 329 807 morte,
354 772 388 799 et
403 766 446 798 de
461 761 715 797 instauratione
729 757 887 793 iusticiae
908 762 940 789 et
957 755 1049 788 vitae
1068 758 1178 785 aeter-

199 831 263 852 nae
295 816 562 859 intelligeretur.
619 810 735 845 Fulsit
764 809 872 853 igitur
903 803 1092 849 singularis
1120 803 1181 836 lux

198 869 320 903 divina
334 868 371 900 in
387 864 442 900 his
456 863 689 900 Doctoribus,
717 860 777 906 qui
793 857 1062 904 promissionem
1079 865 1180 888 enar-

198 925 386 956 raverunt,
412 923 452 951 ut
475 916 513 948 in
534 913 644 959 priori
666 910 825 956 Epistola
850 908 945 942 Petri
964 907 1110 944 dicitur,
1138 905 1181 938 de

199 982 267 1017 qua
292 969 404 1003 salute
427 966 569 1001 scrutati
594 970 675 998 sunt
698 959 913 1004 Prophetae,
940 966 1076 1002 tempus
1096 968 1181 990 con-

198 1022 410 1058 siderantes,
443 1018 539 1064 quod
556 1014 710 1050 ostendit
727 1013 775 1047 eis
791 1011 944 1056 Spiritus
960 1007 1106 1043 Christi.

303 1088 372 1123 Sed
396 1087 550 1125 interea,
582 1089 623 1117 ut
645 1087 733 1115 esset
756 1079 890 1113 occasio
919 1076 1183 1117 miraculorum,

198 1148 232 1176 et
247 1148 286 1174 ut
302 1136 454 1182 hospitia
465 1133 642 1170 Ecclesiae
657 1136 893 1169 servarentur,
908 1128 1014 1163 simul
1029 1128 1073 1161 ad
1089 1133 1182 1161 certa

199 1190 345 1225 consilia
368 1185 636 1232 gubernationis
664 1183 761 1216 missi
785 1187 867 1215 sunt
892 1176 1108 1223 Prophetae,
1143 1184 1183 1211 ut

199 1239 324 1276 Nobae
343 1239 548 1273 mandatum
566 1242 635 1277 est,
660 1241 701 1268 ut
716 1245 830 1267 arcam
849 1236 1034 1270 extrueret,
1060 1229 1098 1262 in
1114 1240 1182 1274 qua

199 1291 367 1337 reliquias
382 1289 518 1334 generis
534 1284 685 1321 humani
699 1282 796 1319 Deus
813 1281 945 1316 servari
963 1280 1088 1315 voluit.
1124 1279 1183 1314 Sic

199 1344 259 1377 alii
284 1343 327 1375 ad
352 1342 419 1375 alia
442 1338 587 1383 negocia
619 1336 673 1370 sui
698 1334 867 1379 temporis
892 1332 1035 1377 politiae
1055 1342 1184 1364 conve-

200 1393 337 1427 nientia
365 1397 555 1429 vocantur,
579 1385 698 1421 David
720 1386 764 1418 ad
786 1395 934 1428 regnum
956 1388 1122 1421 vocatur,
1151 1387 1185 1414 et

201 1450 349 1479 ornatur
367 1440 566 1475 illustribus
581 1435 778 1476 miraculis,
805 1446 895 1480 quae
919 1438 1001 1466 sunt
1026 1431 1184 1465 testimo-

201 1497 262 1530 nia
278 1492 471 1527 doctrinae.
523 1489 582 1524 Sic
597 1485 720 1522 Esaias
735 1496 894 1529 expressa
910 1482 978 1518 Dei
993 1494 1077 1515 voce
1101 1481 1186 1514 mit-

200 1547 288 1581 titur
318 1545 360 1578 ad
395 1541 592 1577 docendum
624 1539 662 1571 in
692 1537 824 1582 populo
851 1534 938 1575 Dei,
977 1532 1114 1567 etiamsi
1145 1543 1185 1564 ex

201 1594 406 1640 stirpeluda
423 1599 513 1633 erat,
539 1601 613 1624 non
630 1600 671 1622 ex
687 1587 784 1621 tribu
802 1585 908 1626 Levi,
934 1591 968 1618 et
983 1584 1027 1616 ad
1045 1582 1184 1626 Regum

202 1647 349 1682 consilia
365 1642 614 1687 gubernanda,
641 1645 675 1673 et
694 1644 841 1671 ornatur
858 1634 1062 1679 ingentibus
1077 1633 1186 1666 mira-

202 1698 302 1733 culis.
354 1694 408 1729 Eo
425 1695 633 1738 deprecante
650 1701 714 1734 pro
734 1686 886 1733 populu,
913 1686 999 1719 urbs
1015 1682 1187 1717 Hieroso-

202 1751 296 1796 lyma
320 1747 490 1780 liberatur
513 1741 717 1779 obsidione,
745 1746 779 1773 et
796 1738 919 1781 ingens
945 1735 1115 1770 exercitus
1130 1745 1187 1767 re-

203 1801 254 1844 gis
287 1797 422 1844 Assyrii
451 1791 694 1830 Sennacherib
725 1789 933 1824 trucidatur.

203 1851 331 1886 omisso
350 1848 478 1882 usitato
496 1846 621 1880 itinere
637 1840 844 1886 regreditur.
892 1837 959 1871 His
977 1835 1188 1871 testimoniis

202 1899 423 1936 confirmavit
444 1896 539 1932 Deus
553 1894 770 1933 doctrinam,
796 1901 902 1936 quam
919 1886 1042 1922 Esaias
1059 1898 1188 1931 propa-

202 1953 323 1996 gabat,
351 1961 438 1995 quae
457 1954 542 1987 erat,
568 1952 607 1979 ut
624 1950 740 1990 postea
757 1942 882 1982 dicam,
910 1938 1085 1973 enarratio
1104 1950 1188 1982 pro-

204 2001 382 2038 missionis
398 2001 441 2033 de
455 1997 598 2032 Messia.

306 2068 497 2113 Postquam
517 2064 625 2108 igitur
643 2063 681 2096 in
701 2072 826 2106 genere
842 2060 976 2094 dictum
994 2064 1055 2099 est,
1081 2067 1189 2102 quare

206 2128 239 2155 et
255 2120 434 2166 quomodo
451 2113 650 2161 Prophetae
668 2118 850 2150 vocentur,
874 2117 907 2144 et
923 2109 1046 2142 monui
1063 2108 1189 2141 ordine

207 2170 427 2215 singulorum
463 2175 620 2212 tempora
659 2171 695 2199 et
735 2162 877 2208 politias
915 2159 1189 2194 considerandas

207 2234 296 2263 esse,
323 2221 392 2254 iam
419 2231 489 2265 quo
513 2225 688 2262 tempore,
716 2221 750 2248 et
772 2213 810 2246 in
834 2224 902 2258 qua
927 2210 1049 2256 politia
1064 2210 1190 2244 vixerit

207 2272 348 2311 Esaias,
384 2278 417 2305 et
438 2280 586 2316 quarum
613 2265 848 2301 calamitatum
875 2268 1048 2307 spectator
1072 2260 1191 2302 suerit,

210 2324 295 2370 quid
313 2322 491 2360 docuerit,
519 2326 551 2354 et
569 2318 654 2364 quid
673 2316 800 2360 egerit,
827 2323 1049 2360 quaeramus.

311 2381 392 2416 Non
414 2381 519 2424 longo
542 2385 699 2422 tempore
717 2381 796 2421 post
817 2379 964 2408 mortem
981 2369 1111 2405 Elisaei
1128 2382 1191 2403 vo-

210 2441 305 2468 catus
322 2439 373 2466 est
389 2430 528 2472 Esaias,
554 2434 721 2472 regnante
738 2427 775 2459 in
796 2424 882 2459 Iuda
899 2421 987 2458 Ozia
1000 2449 1008 2463 ,
1036 2421 1102 2455 sub
1120 2433 1190 2466 quo

211 2481 321 2518 Amos
352 2482 524 2526 praedixit
555 2479 699 2513 exilium
733 2478 852 2511 decem
884 2474 1040 2509 tribuum
1072 2471 1191 2506 Israel.

212 2532 264 2568 Ac
283 2534 327 2567 ab
344 2533 446 2566 initio
463 2528 713 2576 praedictionis
729 2526 839 2562 Amos
854 2532 1009 2561 sumtum
1033 2534 1105 2557 esse
1123 2534 1191 2555 nu-

212 2595 349 2618 merum
380 2583 555 2621 scribunt,
599 2580 661 2626 qui
693 2578 861 2613 recitatur
888 2575 1010 2621 Capite
1042 2572 1190 2618 septimo

211 2634 337 2670 Esaiae
366 2631 421 2667 his
451 2632 580 2666 verbis:
614 2628 743 2664 Adhuc
772 2628 949 2672 sexaginta
978 2633 1010 2661 et
1033 2625 1191 2671 quinque

207 2686 315 2727 anni,
342 2691 375 2719 et
397 2683 531 2718 desinet
548 2678 719 2726 Ephraim
743 2692 815 2715 esse
834 2679 996 2725 populus.
1048 2675 1192 2712 Constat

787 101 911 138 PHlL.
940 97 1055 135 MEL.
1081 95 1290 134 SCRIPTA
1316 93 1613 132 EXEGETICA.

994 1785 1056 1820 Sol
1083 1785 1186 1818 etiam
1220 1810 1222 1812 v

2136 97 2209 134 796

1230 189 1347 217 autem
1375 180 1570 216 Samariam
1595 180 1746 214 deletam
1771 191 1843 214 esse
1872 189 1966 216 sexto
1994 195 2088 218 anno
2118 183 2210 228 regis

1231 231 1317 267 Iuda
1339 229 1529 273 Ezechiae,
1556 231 1656 273 inde,
1682 243 1762 265 cum
1785 238 1878 265 retro
1900 244 2125 268 numeramus
2146 246 2211 268 an-

1230 295 1294 317 nos
1309 283 1466 329 quinque
1482 289 1515 316 et
1533 282 1709 326 sexaginta
1756 282 2001 326 perveniemus
2018 285 2062 317 ad
2077 296 2208 319 annum

1230 334 1322 378 regis
1355 332 1464 368 Oziae
1494 333 1699 367 vicesimum
1730 339 1913 378 quartum,
1953 346 2023 379 quo
2056 340 2211 379 tempore

1232 384 1342 419 Amos
1367 384 1576 418 vaticinatus
1603 391 1671 422 est,
1698 385 1741 417 ad
1765 384 1865 418 cuius
1891 384 2097 418 vaticinium
2123 385 2212 418 refe-

1231 442 1316 470 runt
1332 435 1407 469 eius
1424 435 1565 469 numeri
1591 434 1754 476 initium,
1781 441 1820 468 ut
1845 446 1908 469 suo
1933 435 2011 469 loco
2037 435 2214 481 copiosius

1233 486 1380 521 dicetur.

1333 536 1403 571 Sed
1420 543 1580 570 vocatum
1597 548 1668 570 esse
1677 533 1816 570 Esaiam
1833 544 2000 580 regnante
2015 534 2117 579 Ozia,
2139 548 2215 571 ma-

1232 587 1397 622 nifestum
1415 593 1465 621 est
1481 599 1521 620 ex
1546 587 1630 631 ipsis
1658 588 1924 621 narrationibus
1941 586 2075 622 Esaiae.
2127 587 2216 622 Inde

1233 650 1344 672 annos
1379 637 1529 681 amplius
1571 638 1746 680 octoginta
1787 639 1852 672 sub
1893 639 2034 682 regibus
2070 636 2217 680 lothan,

1234 687 1367 730 Achas,
1391 686 1560 727 Ezechia,
1588 694 1621 721 et
1639 695 1810 732 spectator
1826 690 1894 724 suit
1909 690 2108 733 ingentium
2124 690 2217 724 cala

1234 740 1394 774 mitatum
1414 739 1521 773 lsrael
1538 746 1570 773 et
1587 737 1692 780 Iuda,
1716 745 1749 772 et
1765 751 1826 773 sua
1843 752 1927 774 voce
1944 739 2136 775 Ecclesiam
2161 740 2217 774 fo-
2256 762 2259 764 -

1235 792 1302 833 vit,
1329 797 1362 824 et
1377 791 1486 824 multa
1507 789 1653 823 consilia
1669 790 1811 833 publica
1827 791 2046 834 gubernavit.

1335 841 1409 875 Nec
1439 841 1534 874 solus
1561 840 1630 874 fuit
1659 840 1840 875 doctrinae
1873 848 1906 876 et
1936 842 2216 887 praedictionum

1235 894 1352 937 testis,
1386 892 1445 925 sed
1470 893 1590 924 eadem
1614 897 1727 925 aetate
1753 891 1912 926 vixerunt
1939 894 2064 934 Ionas,
2098 893 2219 934 Amos,

1236 945 1296 990 qui
1314 943 1413 988 prius
1428 942 1541 976 vocati
1557 942 1701 976 suerunt
1718 943 1761 975 ad
1778 953 1840 977 sua
1857 945 2038 990 mysteria,
2065 949 2098 978 et
2116 943 2218 977 dein-

1235 997 1279 1030 de
1294 991 1464 1030 Micheas.

1339 1044 1439 1078 Vidit
1454 1051 1570 1078 autem
1586 1042 1707 1078 Esaias
1723 1044 1813 1078 bella
1832 1045 1949 1079 civilia
1965 1045 2002 1079 in
2017 1046 2135 1080 decem
2153 1046 2219 1080 tri-

1237 1097 1372 1136 bubus,
1398 1108 1476 1129 cum
1504 1095 1671 1129 brevibus
1698 1095 1894 1130 intervallis
1911 1097 2063 1130 subinde
2080 1097 2140 1130 alii
2163 1108 2220 1130 re-

1236 1159 1345 1192 gnum
1368 1147 1598 1187 invaderent,
1624 1146 1739 1191 qualia
1766 1147 1955 1181 certamina
1981 1148 2141 1182 omnium
2162 1159 2220 1181 re-

1237 1210 1386 1243 gnorum
1418 1197 1581 1231 interitus
1613 1198 1837 1234 antecedunt.
1899 1198 1999 1233 Vidit
2029 1211 2047 1232 a
2079 1197 2220 1242 regibus

1237 1249 1393 1295 Assyriis
1418 1247 1560 1282 duobus
1585 1246 1704 1291 Tiglat
1725 1245 1818 1281 Phul
1843 1246 1974 1291 Assur,
2001 1255 2034 1283 et
2058 1250 2187 1284 deinde
2202 1261 2221 1283 a

1238 1301 1478 1335 Salmanassar
1499 1298 1683 1332 dilacerari
1714 1304 1748 1332 et
1771 1299 1934 1344 dissipari
1958 1301 2078 1334 decem
2109 1300 2222 1334 tribus

1238 1351 1356 1385 Israel.
1408 1347 1508 1383 Nihil
1523 1355 1639 1382 autem
1657 1348 1791 1383 tristius
1808 1350 1845 1381 in
1863 1350 1934 1383 vita
1960 1348 2147 1385 hominum
2162 1363 2221 1384 co-

1237 1401 1339 1445 gitari
1362 1407 1474 1443 potest
1489 1399 1720 1442 dissipatione
1737 1399 1905 1441 gentium,
1933 1401 2061 1434 eversis
2077 1401 2221 1445 politiis

1238 1453 1277 1484 in
1299 1451 1427 1497 quibus
1453 1450 1509 1483 vel
1535 1449 1721 1482 mediocris
1740 1450 1927 1493 disciplina
1951 1451 2030 1487 fuit.
2083 1451 2136 1485 Ac
2158 1452 2223 1485 do-

1238 1502 1325 1536 loris
1342 1501 1395 1534 sui
1414 1499 1692 1544 magnitudinem
1712 1498 1891 1543 Propheta
1908 1501 2080 1544 significat
2095 1502 2132 1534 in
2148 1514 2224 1535 cre-

1238 1553 1312 1587 bris
1330 1559 1362 1585 et
1379 1551 1591 1594 lugubribus
1602 1550 1908 1594 deplorationibus
1925 1548 2050 1586 harum
2065 1552 2224 1586 miseria-

1238 1615 1328 1637 rum.
1382 1601 1485 1635 Vidit
1505 1601 1637 1634 interea
1663 1607 1695 1634 et
1720 1600 1757 1633 in
1775 1599 1861 1634 Iuda
1884 1613 1999 1645 regem
2024 1603 2175 1648 impium
2190 1609 2223 1637 et

1239 1653 1415 1687 infelicem
1425 1649 1553 1693 Achas,
1578 1663 1649 1696 quo
1668 1650 2093 1699 regnanteHierosolyma
2111 1654 2224 1688 cincta

1240 1711 1291 1738 est
1306 1703 1492 1737 obsidione
1509 1714 1528 1735 a
1544 1713 1623 1745 rege
1641 1701 1763 1748 Syriae
1812 1709 1845 1737 et
1861 1715 1879 1736 a
1901 1715 1982 1747 rege
1997 1703 2123 1746 Israel,
2153 1717 2223 1750 quo

1240 1762 1397 1798 tempore
1423 1760 1457 1787 et
1479 1752 1569 1796 regis
1591 1750 1794 1798 hypocritae
1817 1753 1978 1798 impietas
2007 1762 2041 1789 et
2070 1755 2224 1790 stulticia

1240 1805 1338 1840 auxit
1352 1805 1511 1838 dolorem
1528 1802 1665 1837 Esaiae.

1345 1854 1433 1890 Cum
1450 1855 1544 1889 enim
1562 1855 1723 1889 suaderet
1739 1853 1881 1898 Esaias,
1908 1869 1952 1890 ne
1970 1855 2086 1892 Achas
2101 1857 2224 1891 foedus

1241 1909 1372 1942 faceret
1387 1918 1465 1940 cum
1483 1917 1563 1950 rege
1583 1903 1745 1951 Assyrio,
1771 1913 1804 1940 et
1820 1908 2018 1942 ostenderet
2034 1906 2149 1941 Deum
2172 1908 2225 1941 af-

1241 1960 1400 1993 futurum
1429 1968 1501 1990 esse
1523 1956 1715 2002 quiescenti
1741 1963 1774 1990 et
1799 1969 1871 1990 non
1896 1958 2053 1992 moventi
2079 1958 2225 2001 bellum,

1242 2007 1360 2045 Achas
1375 2008 1538 2042 diffidens
1552 2005 1628 2040 Deo
1640 2034 1649 2048 ,
1678 2013 1711 2041 et
1728 2004 1882 2042 humana
1903 2009 2075 2052 praesidia
2100 2016 2223 2043 contra

1242 2071 1364 2095 vocem
1382 2055 1580 2103 Prophetae
1605 2069 1793 2103 quaerens,
1818 2059 1980 2103 praebuit
2006 2059 2224 2094 occasionem

1243 2110 1437 2146 maioribus
1454 2109 1567 2150 malis,
1593 2120 1664 2153 quo
1679 2108 1716 2143 in
1736 2109 1813 2142 loco
1830 2110 1923 2154 apud
1943 2107 2084 2144 Esaiam
2102 2111 2139 2144 in
2156 2110 2225 2145 Ca-

1243 2163 1314 2208 pite
1335 2161 1484 2206 septimo
1507 2159 1657 2203 insignis
1682 2160 1842 2194 doctrina
1866 2167 1934 2200 est,
1962 2161 2055 2195 utin
2069 2162 2224 2196 adversis

1243 2214 1349 2248 rebus
1364 2212 1475 2246 simus
1492 2211 1618 2256 quieti,
1642 2210 1677 2244 id
1695 2217 1765 2252 est,
1793 2222 1864 2244 non
1881 2223 2087 2246 moveamur
2112 2212 2225 2258 impa-

1244 2264 1386 2305 tientia,
1425 2268 1464 2296 ut
1494 2260 1737 2304 confugiamus
1774 2262 1817 2295 ad
1851 2263 1980 2297 auxilia
2011 2263 2225 2305 inconcessa,

1244 2323 1304 2350 aut
1324 2314 1449 2349 ordine
1464 2324 1538 2346 non
1562 2312 1711 2357 probato
1728 2324 1935 2358 quaeramus
1953 2310 2106 2348 humana
2123 2325 2224 2358 prae-

1244 2367 1353 2408 sidia,
1375 2365 1465 2399 sicut
1487 2369 1607 2397 nostra
1630 2370 1740 2398 aetate
1763 2364 1918 2398 vidimus
1939 2364 1977 2397 in
2000 2363 2222 2398 Pannoniam

1244 2416 1373 2452 accersi
1395 2414 1544 2449 Turcica
1561 2414 1707 2456 auxilia,
1741 2414 1895 2449 vidimus
1926 2421 1959 2449 et
1987 2414 2074 2449 alibi
2098 2415 2224 2449 fiducia

1243 2469 1424 2503 foederum
1441 2465 1574 2499 moveri
1592 2465 1695 2504 bella,
1723 2477 1811 2511 quae
1827 2466 1930 2500 vitari
1946 2471 2118 2510 poterant.
2170 2463 2224 2499 Ac

1244 2530 1344 2563 saepe
1367 2518 1405 2550 fit
1428 2516 1465 2549 in
1490 2516 1642 2560 publicis
1665 2523 1699 2551 et
1724 2516 1868 2561 privatis
1885 2515 2157 2557 calamitatibus,
2183 2523 2224 2550 ut

1244 2576 1362 2604 errent
1376 2566 1539 2602 homines
1555 2567 1789 2611 impatientia,
1815 2566 1877 2601 ubi
1893 2573 2021 2610 augent
2042 2567 2132 2600 mala
2149 2578 2223 2600 me-

1244 2621 1414 2660 dicando,
1442 2630 1530 2664 quae
1545 2618 1648 2652 facile
1665 2623 1841 2658 sanarent,
1864 2617 1893 2650 si
1911 2617 2141 2663 quiescerent,
2163 2618 2222 2651 sed

1244 2670 1329 2707 haec
1343 2683 1406 2706 suo
1423 2669 1500 2704 loco
1517 2669 1689 2705 dicentur.
