2379 2948
228 142 319 177 1375

224 228 422 261 rificaturus
438 221 649 261 Ecclesiam,
678 221 766 254 sicut
790 228 964 257 testantur
987 225 1143 269 exempla
1171 226 1216 259 il-

226 279 294 311 lius
315 276 435 322 populi
454 282 486 307 et
503 272 671 306 historiae
688 273 850 306 omnium
869 281 1082 319 temporum.

278 383 365 418 ‚Yon
385 382 489 416 nobis
507 380 688 421 Domine,
706 393 779 414 non
797 381 921 422 nobis,
951 388 1010 419 etc.

231 528 422 573 superiore.
476 524 540 560 Est
566 526 660 559 enirn
683 527 871 570 applicatio
895 525 1062 561 historiae
1090 529 1133 560 de
1155 527 1217 560 illo

232 591 337 624 opere
360 585 392 611 et
417 577 619 618 miraculis,
647 589 735 622 quae
759 585 859 612 erant
875 579 1094 619 testimonia,
1123 579 1219 623 quod

232 630 328 664 Deus
346 629 504 672 elegisset
527 635 560 661 et
578 634 733 661 vocasset
763 625 859 662 hunc
880 630 1070 673 populum:
1098 642 1136 662 ac
1156 627 1220 662 ha-

233 682 291 714 bet
307 679 549 723 gravissimam
574 678 799 719 concionem,
826 692 914 724 quae
932 681 1031 714 docet
1055 681 1098 713 de
1115 680 1221 712 mise--

236 731 406 771 ricordia,
431 731 474 763 de
499 729 744 769 invocatione,
772 731 814 762 de
838 731 924 770 fide,
952 732 994 763 de
1015 731 1221 764 discrimine

235 794 336 815 verae
366 788 399 815 et
427 781 534 813 salsae
564 778 740 813 Ecclesiae
768 788 832 814 etc.
891 779 937 815 Et
968 782 1085 815 statim
1118 781 1221 814 initio

236 833 407 871 ostendit,
439 842 546 875 quare
571 830 770 863 recitaverit
796 828 978 865 historiam
1003 832 1223 865 liberationis

238 883 371 927 populi,
392 881 555 913 videlicet
567 888 603 913 ut
620 881 668 923 pii
684 881 942 914 discerenteam
955 884 1221 916 accommodare

237 935 280 966 ad
303 939 410 966 totam
429 929 623 964 Ecclesiam
649 932 816 964 omnibus
837 934 1074 977 temporibus,
1103 940 1142 967 ut
1167 932 1221 966 his

237 983 404 1028 operibus
418 983 694 1015 admonerentur
713 983 753 1013 ad
771 985 1032 1024 agnoscendum
1059 992 1092 1019 et
1113 984 1223 1027 glori-

238 1034 414 1067 ficandum
440 1031 572 1071 Deum,
607 1038 638 1064 et
660 1032 895 1066 excitarentur
917 1035 960 1067 ad
986 1035 1224 1068 invocandum

239 1092 271 1118 et
296 1084 484 1128 petendum
517 1082 687 1115 auxilium
721 1095 739 1115 a
764 1083 853 1118 Deo.
920 1084 1000 1118 ldeo
1035 1086 1174 1119 orditur
1206 1098 1223 1118 a

238 1134 455 1179 precatione,
483 1145 549 1177 qua
571 1133 674 1177 petit,
702 1140 740 1166 ut
757 1132 853 1167 Deus
871 1135 1034 1170 defendat
1057 1148 1095 1169 ac
1112 1144 1225 1170 servet

239 1235 445 1269 defenderat
471 1246 508 1267 ac
531 1234 753 1269 liberaverat.

239 1335 335 1370 Deus
362 1336 400 1369 in
423 1333 490 1368 hoe
513 1336 662 1380 populo,
687 1342 719 1368 et
745 1336 885 1371 invocat
903 1336 1017 1371 Deum
1046 1341 1225 1373 mentione

240 1386 535 1432 promissionum,
573 1398 661 1431 quae
694 1388 794 1419 datae
829 1395 927 1421 erant
964 1386 1047 1422 huic
1082 1391 1224 1434 populo,

241 1438 337 1483 quod
355 1437 460 1469 vellet
477 1448 548 1469 esse
565 1436 721 1479 ipsorum
741 1436 854 1479 Deus,
882 1440 976 1483 quod
995 1447 1083 1473 esset
1100 1442 1150 1474 eis
1167 1453 1225 1474 ex—

242 1486 422 1521 hibiturus
440 1498 557 1519 semen
582 1487 807 1531 promissum.

344 1562 409 1597 Est
431 1576 511 1607 ergo
536 1575 672 1597 summa
691 1562 818 1598 horum
839 1577 1020 1600 versuum:
1047 1565 1136 1602 Non
1159 1580 1225 1601 no—

242 1615 297 1649 bis
315 1612 490 1654 Domine,
519 1626 590 1646 non
611 1613 728 1653 nobis,
757 1619 816 1649 etc.
852 1616 1011 1650 Petimus
1025 1626 1062 1652 ut
1081 1630 1146 1651 nos
1163 1620 1227 1652 ad-

242 1668 340 1700 iuves
367 1673 399 1699 et
425 1666 599 1708 gubernes
623 1677 661 1698 ac
682 1677 796 1699 serves
814 1664 1027 1709 Ecclesiam,
1055 1671 1226 1713 quemad-

243 1717 390 1750 modum
425 1727 443 1748 a
469 1715 644 1759 principio
676 1728 749 1748 eam
785 1718 973 1752 defendisti
1000 1726 1033 1753 et
1057 1720 1227 1762 liberasti,

240 1768 445 1812 priusquam
463 1764 557 1799 hunc
576 1767 747 1810 populum
765 1768 910 1811 elegisti.

346 1841 414 1876 Sed
437 1841 535 1874 addit
554 1853 690 1874 causam
709 1843 910 1885 petitionis,
940 1857 1028 1889 quae
1053 1853 1102 1879 est
1127 1859 1227 1890 prae-

244 1894 344 1937 cipue
371 1893 637 1925 consideranda.
702 1891 839 1935 Allegat
865 1906 995 1928 nomen
1022 1904 1053 1930 et
1079 1898 1227 1940 gloriam

242 1943 320 1977 Dei.
358 1941 440 1974 Ideo
461 1943 544 1985 petit
561 1943 739 1983 exaudiri,
761 1951 800 1977 ut
817 1945 1012 1979 innotescat
1030 1948 1138 1991 ipsius
1152 1949 1228 1991 glo-

242 1995 313 2032 ria,
342 1994 436 2037 quod
457 1993 498 2024 sit
520 2005 598 2025 vere
614 1993 812 2027 misericors
837 2003 868 2028 et
886 2008 1028 2030 servans
1048 2000 1228 2042 promissa,

242 2044 337 2089 quod
355 2043 517 2087 respiciat
543 2050 575 2076 et
602 2045 764 2078 exaudiat
787 2047 1001 2081 confidentes
1026 2050 1228 2083 misericor-

244 2096 319 2134 dia,
353 2094 449 2126 iuxta
473 2094 734 2137 promissiones,
793 2095 844 2128 Ac
866 2104 905 2131 ut
932 2096 1017 2132 haec
1043 2111 1145 2133 causa
1169 2101 1228 2134 fiat

243 2144 435 2181 illustrior,
463 2144 586 2177 inserit
603 2142 811 2186 antithesin,
842 2159 909 2191 qua
933 2150 1087 2184 excludit
1109 2151 1227 2194 digni-

243 2202 351 2229 tatem
376 2206 436 2228 seu
461 2195 584 2227 merita
609 2192 780 2237 humana,
807 2199 889 2242 quia
913 2199 941 2232 si
959 2202 1085 2243 pendet
1109 2214 1163 2235 res
1187 2215 1226 2235 ex

243 2253 362 2279 nostra
388 2245 574 2287 dignitate,
600 2252 632 2279 et
655 2247 878 2281 sentiendum
905 2258 1012 2293 esset,
1040 2264 1111 2285 non
1130 2253 1227 2297 prius

244 2308 306 2330 nos
329 2296 506 2335 exaudiri,
544 2308 647 2340 quam
682 2298 764 2331 satis
793 2300 1000 2333 meritorum
1031 2303 1227 2343 afferemus,

242 2359 315 2380 non
333 2353 446 2391 posset
463 2346 574 2379 teneri
592 2347 677 2380 fides
699 2354 731 2381 et
748 2348 904 2384 vinceret
922 2351 959 2384 in
977 2353 1103 2386 animis
1121 2355 1226 2387 dubi-

242 2398 341 2431 tatio.
370 2396 456 2429 Nam
475 2397 512 2429 in
527 2409 609 2430 vero
629 2399 818 2433 certamine
836 2409 869 2435 et
885 2403 1056 2445 agonibus
1076 2405 1227 2447 piorum,

243 2447 378 2481 etiamsi
402 2459 489 2492 quae
514 2448 662 2481 virtutes
687 2456 719 2482 et
737 2450 918 2486 benefacta
934 2455 1080 2493 adsunt,
1110 2463 1225 2489 tamen

244 2498 445 2531 obruuntur
462 2506 646 2541 conspecta
665 2502 906 2543 magnitudine
922 2505 1070 2547 peccati,
1099 2513 1131 2540 et
1151 2507 1228 2549 piae

244 2554 378 2580 mentes
413 2548 615 2590 intelligunt
647 2547 731 2582 haec
761 2564 833 2585 non
857 2565 957 2596 posse
983 2556 1170 2590 consistere
1191 2558 1227 2590 in

244 2598 376 2630 iudicio
393 2598 472 2632 Dei.
528 2598 609 2631 Ideo
632 2612 769 2635 necesse
789 2611 839 2637 est
856 2605 891 2637 in
909 2617 988 2639 vera
1005 2607 1227 2641 invocatione

244 2648 415 2691 respicere
439 2649 481 2680 ad
499 2650 775 2686 misericordiam
795 2656 996 2697 gratuitam,
1013 2669 1100 2702 quae
1111 2665 1227 2692 osten-

244 2699 340 2733 ditur
355 2698 393 2731 in
408 2699 709 2741 promissionibus.

819 136 946 172 PHIL.
973 137 1091 176 MEL.
1118 138 1328 177 SCRIPTA
1356 141 1655 180 EXEGETICA.

1243 472 1245 477 ¹
1268 430 1505 466 B‘Iediatorem
1524 440 1587 468 etc.

331 476 400 509 Hic
426 475 605 516 psalmus,
639 481 679 508 Ut
710 475 801 516 (ῘῖΧῖ,
834 483 913 524 apte
945 475 1107 511 cohaeret
1138 488 1217 510 cum
1243 482 1245 500 ³
1268 481 1422 516 Domine
1438 483 1594 522 iusticia,
1622 484 1726 516 nobis
1741 490 1860 517 autem
1878 484 2038 517 confusio
2066 483 2167 516 faciei
2189 495 2256 517 no-

2157 146 2254 183 1576

1370 228 1428 263 Sic
1453 229 1585 275 ubique
1612 230 1647 262 in
1671 230 1932 273 precationibus
1950 228 2124 273 Ecclesia,
2148 244 2254 276 repu-

1268 279 1361 312 diata
1380 281 1562 314 mentione
1583 281 1745 324 propriae
1762 281 1943 324 dignitatis
1959 282 2126 325 implorat
2149 283 2254 316 mise-

1268 330 1477 372 ricordiam,
1504 331 1576 365 imo
1601 332 1731 365 fatetur
1754 339 1934 375 peccatum
1955 338 1989 365 et
2006 332 2254 374 indignitatem

1269 392 1379 421 suam,
1404 393 1443 415 ac
1463 383 1548 425 petit
1563 395 1598 415 se
1617 382 1775 415 exaudiri
1793 383 1900 425 gratis
1914 390 2057 426 propter
2073 380 2255 416 Christum

1641 432 1739 466 Sicut
1754 432 1880 467 Daniel
1900 445 1971 477 cap.
1989 432 2023 465 9.
2050 440 2141 466 orat:
2170 433 2255 467 Tibi

1270 539 1371 566 strae.
1425 532 1530 567 Item:
1551 534 1631 568 Non
1647 534 1686 567 in
1703 534 2010 568 iustificationibus
2025 534 2154 567 nostris
2172 546 2256 578 pro-

1270 584 1460 617 sternimus
1484 596 1601 628 preces
1621 591 1700 618 ante
1726 585 1849 618 faciem
1873 592 1988 626 tuam,
2016 585 2074 618 sed
2092 585 2131 617 in
2151 584 2257 618 mise-

1269 634 1469 668 rationibus
1494 635 1563 668 tuis
1588 635 1721 671 multis.
1774 635 1822 669 Et
1844 647 1945 680 saepe
1970 637 2008 668 in
2025 635 2192 676 Psalmis,
2217 642 2258 669 ut

1270 684 1411 718 Psalmo
1423 685 1499 719 84:
1527 685 1677 729 Propter
1695 685 1832 719 Nomen
1849 693 1949 720 tuum
1967 685 2121 720 Domine
2136 685 2258 730 propi-

1272 736 1345 769 cius
1361 743 1433 769 esto
1453 737 1602 780 peccatis
1616 737 1746 770 nostris
1766 744 1829 770 etc.

1373 811 1425 846 Ita
1443 810 1501 845 hic
1519 819 1596 845 orat
1619 812 1725 845 totius
1745 811 1920 846 Ecclesiae
1942 814 2106 856 nomine,
2135 821 2174 848 ut
2199 826 2258 847 ex-

1274 862 1439 896 audiatur
1464 871 1499 896 et
1524 863 1751 903 defendatur,
1778 875 1848 896 uon
1867 871 2008 907 propter
2024 876 2121 898 suam
2142 865 2258 908 digni—

1273 920 1398 956 tatem,
1424 920 1483 947 aut
1499 913 1654 947 iusticias
1675 914 1851 957 proprias:
1881 916 1940 947 sed
1958 922 2101 958 propter
2120 915 2258 949 miseri-

1275 964 1432 997 cordiam
1459 965 1565 1007 gratis
1591 965 1796 1007 promissam
1824 971 1887 1000 etc.
1952 964 2064 1010 quue
2086 966 2186 1006 ideo,
2219 973 2259 999 ut

1249 1014 1251 1036 ἶ
1276 1015 1343 1058 ipsi
1362 1015 1629 1048 tribuaturlaus
1648 1022 1679 1048 et
1704 1015 1832 1058 gloria,
1861 1016 1955 1057 quod
1984 1016 2028 1049 sit
2052 1028 2132 1049 vere
2155 1016 2259 1049 mise-

1250 1067 1252 1094 Γ
1276 1066 1404 1104 ricors,
1433 1075 1465 1099 et
1491 1078 1632 1099 servans
1650 1067 1838 1110 promissa,
1865 1067 1926 1111 qui
1951 1066 2113 1110 respiciat
2137 1078 2176 1100 ac
2201 1079 2258 1100 ex-

1250 1122 1252 1126 ‘
1277 1116 1397 1150 audiat
1428 1117 1613 1159 indignos,
1657 1116 1872 1150 confidentes
1906 1117 2147 1152 misericordia
2178 1129 2260 1162 pro-

237 1183 452 1224 Ecclesiam,
477 1184 566 1216 sicut
587 1190 687 1216 antea
710 1181 805 1217 hunc
823 1187 993 1228 populum
1014 1187 1225 1221 mirabiliter
1250 1180 1252 1218 ἶ
1277 1179 1379 1200 “ussa
1412 1175 1555 1211 psopter
1577 1165 1769 1202 Chmsmm·

808 1234 859 1268 Ita
876 1237 982 1270 sumit
1005 1239 1223 1271 occasionem
1250 1226 1252 1267 ἑ
1277 1218 1552 1251 misericordiam
1573 1225 1605 1252 et
1622 1219 1822 1257 veritatem,
1850 1225 1890 1252 ut
1906 1219 2091 1252 admoneat
2109 1219 2261 1263 promis-

239 1286 453 1330 precationis
471 1285 514 1317 ab
532 1285 602 1317 illis
621 1286 806 1328 operibus,
834 1299 922 1330 quae
939 1294 1042 1321 antea
1067 1289 1225 1322 ediderat
1250 1307 1251 1310 =

1839 1166 1923 1200 Ideo
1955 1168 2049 1200 enim
2079 1168 2261 1211 coniungit

1276 1269 1416 1302 sionum
1432 1269 1602 1302 factarum
1620 1270 1662 1302 de
1680 1267 1822 1303 Christo
1843 1276 1993 1303 venturo
2018 1270 2171 1310 semine,
2198 1269 2260 1314 qui

1277 1326 1348 1352 erat
1365 1320 1504 1353 futurus
1528 1320 1667 1353 victima
1689 1327 1722 1353 et
1741 1320 1968 1364 propiciatio,
1997 1327 2139 1364 propter
2156 1331 2261 1365 quam

1277 1382 1571 1415 consequeremur
1584 1371 1825 1403 remissionem
1851 1377 2091 1414 peccatorum,
2117 1383 2156 1404 ac
2173 1370 2262 1404 reci-

1277 1432 1441 1464 peremur
1460 1421 1498 1453 in
1517 1421 1664 1463 gratiam
1682 1433 1699 1453 a
1717 1420 1803 1455 Deo.

1379 1493 1557 1529 Admonet
1574 1495 1679 1538 igitur
1695 1491 1753 1528 hic
1767 1506 1904 1532 νει-ωε,
1932 1494 2046 1540 qualis
2062 1494 2105 1528 sit
2121 1494 2264 1528 invoca-

1278 1545 1326 1579 tio
1344 1544 1520 1578 Ecclesiae
1537 1552 1569 1578 et
1586 1546 1738 1589 piorum,
1765 1545 1928 1578 videlicet
1949 1556 2037 1589 quae
2052 1545 2179 1579 nititur
2195 1547 2263 1579 mi-

1278 1596 1467 1628 sericordia
1479 1622 1487 1635 ,
1504 1602 1536 1629 et
1551 1596 1672 1629 statuit
1691 1606 1725 1628 se
1743 1595 1902 1628 exaudiri
1921 1602 2064 1639 propter
2082 1593 2262 1630 Christum

1277 1644 1417 1690 gratis,
1443 1658 1516 1679 non
1542 1652 1684 1690 propter
1709 1646 1887 1690 propriam
1910 1646 2136 1689 dignitatem,
2162 1647 2263 1681 vide-

1280 1697 1377 1736 licet,
1404 1703 1444 1730 ut
1464 1697 1507 1730 sit
1528 1704 1638 1737 certa,
1666 1703 1699 1730 et
1714 1703 1753 1730 ut
1772 1697 1856 1729 fides
1873 1698 1981 1740 possit
2000 1697 2127 1740 teneri,
2154 1710 2260 1742 quam

1281 1759 1418 1780 necesse
1435 1754 1484 1780 est
1505 1748 1640 1787 excuti,
1667 1747 1695 1779 si
1713 1748 1940 1791 respiciamus
1959 1748 2001 1780 ad
2027 1754 2184 1781 nostram
2208 1750 2262 1781 di-

1252 1829 1253 1838 ,
1279 1799 1458 1841 gnitatem,
1485 1810 1549 1831 nec
1566 1805 1676 1842 potest
1695 1798 1769 1831 fieri
1787 1810 1866 1831 vera
1885 1799 2074 1838 invocatio,
2101 1810 2191 1843 quae
2207 1811 2262 1833 se—

1280 1850 1333 1881 rio
1363 1849 1448 1892 petit
1473 1855 1506 1882 et
1533 1855 1688 1893 expectat
1710 1850 1802 1882 bona
1823 1862 1841 1882 a
1870 1848 1965 1888 Deo,
1991 1861 2029 1882 ac
2053 1861 2190 1882 necesse
2213 1857 2262 1884 est

1281 1900 1365 1932 tales
1388 1900 1505 1932 vivere
1530 1900 1567 1932 in
1594 1906 1759 1943 perpetua
1783 1900 2022 1939 dubitatione,
2057 1911 2095 1932 ac
2119 1912 2262 1943 prorsus

1280 1962 1352 1983 esse
1372 1951 1446 1982 sine
1461 1948 1562 1989 Deo,
1590 1951 1886 1994 quemadmodum
1904 1950 2037 1982 faciunt
2053 1950 2173 1992 impii,
2200 1952 2262 1995 qui

1281 2013 1358 2034 cum
1379 2013 1451 2033 nou
1467 2007 1608 2034 teneant
1626 1998 1716 2034 hanc
1732 2001 1929 2034 doctrinam
1955 2002 1998 2033 de
2022 2000 2262 2035 misericordia

1281 2052 1449 2094 gratuita,
1476 2064 1548 2083 non
1567 2059 1713 2095 possunt
1728 2052 1903 2091 invocare,
1930 2063 1993 2083 nec
2012 2058 2186 2091 praestare
2202 2064 2261 2085 ve-

1280 2114 1337 2134 ros
1369 2103 1497 2135 cultus:
1533 2103 1592 2135 sed
1615 2108 1674 2135 aut
1700 2113 1845 2149 prorsus
1872 2108 1954 2134 sunt
1978 2100 2105 2142 ἄθεοι,
2133 2110 2262 2145 negant

1281 2153 1353 2186 Deo
1371 2165 1473 2186 curae
1490 2164 1562 2186 esse
1578 2165 1631 2185 res
1650 2150 1838 2192 humanas,
1864 2152 1977 2185 Deum
2002 2164 2074 2185 non
2098 2154 2262 2186 exaudire

1280 2201 1459 2241 homines,
1488 2211 1547 2237 aut
1569 2201 1714 2236 haerent
1738 2203 1775 2235 in
1800 2210 1966 2247 perpetua
1981 2203 2201 2237 dubitatione
2223 2205 2260 2237 in

1280 2255 1376 2287 omni
1401 2254 1490 2294 vita,
1518 2266 1606 2298 quae
1627 2255 1769 2287 tandem
1792 2254 1922 2297 abripit
1947 2265 1986 2286 ac
2010 2254 2179 2297 demergit
2204 2266 2262 2288 eos
2298 2294 2301 2297 Ι

1279 2306 1316 2337 in
1336 2305 1624 2349 desperationem.
1679 2303 1798 2346 Quare
1814 2311 1996 2338 teneamus
2011 2302 2103 2337 hanc
2127 2306 2261 2338 doctri-

1280 2368 1380 2395 nam,
1409 2357 1502 2400 quod
1527 2356 1564 2387 in
1587 2355 1811 2388 invocatione
1836 2355 1921 2388 fides
1946 2355 2011 2387 niti
2037 2355 2159 2388 debeat
2184 2367 2262 2399 gra-

1279 2407 1365 2440 tuita
1384 2406 1623 2439 misericordia
1635 2434 1643 2446 ‚
1670 2413 1707 2439 ut
1724 2406 1767 2439 sit
1785 2413 1887 2446 certa,
1913 2412 1945 2439 et
1963 2412 2000 2439 ut
2017 2405 2178 2439 vincatur
2196 2407 2260 2439 du-

1279 2457 1414 2490 bitatio.
1467 2455 1544 2489 Hoc
1567 2464 1617 2489 est
1646 2457 1872 2501 praecipuum
1899 2456 2104 2490 beneficium
2130 2457 2262 2490 doctri-

1279 2519 1344 2540 nae
1361 2507 1562 2549 Evangelii,
1590 2519 1656 2552 qua
1675 2519 1754 2540 vere
1772 2507 1889 2550 patefit
1909 2514 1941 2541 et
1964 2507 2161 2539 illustratur
2185 2507 2261 2549 glo-

1278 2559 1330 2591 ria
1356 2557 1439 2597 Dei,
1470 2565 1502 2591 et
1526 2558 1680 2592 existunt
1699 2559 1772 2592 veri
1792 2558 1906 2592 cultus
1923 2556 2140 2605 spirituales,
2170 2558 2259 2591 sicut

1280 2621 1379 2652 saepe
1400 2609 1530 2642 dictum
1548 2616 1606 2643 est.
