2379 2948
113 88 209 125 1273

209 173 321 208 Primi
339 174 392 208 illi
409 182 579 219 parentes,
596 175 656 220 qui
669 175 842 209 divinitus
854 176 1003 220 acceptis
1019 189 1102 220 pro-

105 224 337 259 missionibus
378 233 411 260 et
450 228 616 260 mandato
646 227 816 267 docendi,
855 228 1101 270 gubernabant

105 284 244 310 coetum
270 276 428 320 piorum,
456 275 523 311 hoc
547 284 614 315 est,
643 277 811 321 optimam
834 285 969 322 partem
994 289 1099 321 gene-

105 327 155 360 ris
188 325 354 366 humani,
397 329 617 361 vocabantur
646 328 850 363 sacerdotes.
903 327 976 362 Nec
1010 329 1098 364 alius

105 379 266 423 superior
282 375 395 412 honos
406 385 466 412 aut
476 377 551 411 Deo
566 378 711 423 propior
721 379 950 421 cogitabatur.
987 378 1097 413 Cum-

103 441 172 475 que
194 429 246 462 illi
271 429 401 462 summi
424 437 458 463 et
482 427 616 461 heroici
637 429 703 462 viri
723 430 827 472 longe
846 430 1096 464 antecellerent

101 480 249 525 reliquis
271 478 477 513 hominibus
496 480 688 523 sapientia,
716 480 962 523 spiritualibus
979 482 1095 525 donis,

100 538 135 566 et
165 531 263 565 omni
293 542 418 574 genere
443 531 633 569 virtutum,
669 538 702 564 et
728 529 901 565 haberent
928 532 1092 566 vaticinia

101 583 145 616 de
165 582 377 627 posteritate,
404 582 447 614 de
464 582 635 615 secuturis
654 581 822 626 imperiis,
849 583 892 615 de
910 583 1092 626 religione,

99 634 216 678 deque
254 632 421 665 omnibus
461 633 718 666 mutationibus
758 633 895 676 generis
935 631 1092 675 humani,

98 685 329 718 versabantur
346 682 438 716 inter
454 680 619 716 homines
637 696 717 717 vere
735 685 930 727 utAngeli‚
958 697 997 718 ac
1013 698 1091 718 coe-

97 736 200 769 lestes
231 733 377 777 nuncii,
410 734 498 768 sicut
527 741 558 768 et
585 733 781 768 Malachias
806 736 941 780 inquit,
976 747 1090 769 sacer-

97 787 214 820 dotem
239 796 311 818 esse
334 785 513 827 Angelum
538 784 615 818 Dei.
679 785 785 819 Tales
803 786 947 820 fuerunt
965 785 1088 820 Sacer-

96 838 195 871 dotes
225 834 360 876 Adam,
402 834 547 877 Enoch,
588 834 733 877 Nohae,
768 836 868 870 Sem:
905 844 937 870 et
970 844 1086 881 postea

93 885 300 927 Abraham,
334 885 448 929 Isaac,
483 886 599 923 [acob.
666 886 714 922 Ut
738 888 832 921 enim
857 888 971 921 voluit
992 887 1088 922 Deus

91 939 223 973 alicubi
247 939 447 984 conservari
469 950 549 972 suas
568 938 816 983 promissiones
834 946 866 972 et
885 951 1003 972 veram
1023 940 1086 973 do-

92 990 243 1025 ctrinam
267 989 469 1028 coelestem,
499 990 545 1022 ita
573 1001 709 1033 semper
731 990 875 1035 aliquod
894 990 961 1024 fuit
978 990 1085 1023 mini-

91 1041 238 1077 sterium
263 1052 324 1073 seu
349 1041 595 1074 sacerdotium.
662 1040 733 1074 Nec
757 1053 839 1073 vero
864 1048 945 1075 ante
969 1039 1084 1074 Abra-

90 1090 159 1126 hae
183 1091 403 1125 vocationem
420 1103 567 1136 usquam
589 1091 657 1125 suit
674 1092 784 1132 alius,
812 1091 880 1124 nisi
897 1091 996 1132 Sem,
1024 1093 1083 1136 qni

90 1144 163 1177 illis
193 1142 413 1189 temporibus
446 1143 605 1181 vivebat,
641 1149 675 1176 et
699 1155 717 1175 a
742 1142 816 1176 Noe
841 1143 987 1176 verbum
1015 1144 1083 1176 Dei

89 1200 284 1237 acceperat,
318 1199 351 1226 et
383 1200 422 1227 ut
446 1200 577 1233 aetate,
611 1193 659 1226 sic
684 1191 780 1227 haud
804 1193 913 1226 dubie
938 1194 1083 1226 caeteris

89 1246 233 1280 dotibus
263 1255 386 1277 omnes
414 1241 577 1277 homines
606 1251 690 1278 tunc
721 1244 960 1278 antecedebat.
1015 1244 1083 1278 Hic

87 1297 226 1330 viderat
251 1294 378 1328 mundi
401 1295 606 1328 dissimilem
624 1295 772 1327 formam
792 1302 872 1328 ante
892 1295 1081 1335 diluvium,

85 1348 248 1382 audierat
274 1357 348 1378 non
370 1346 478 1378 modo
503 1352 637 1389 patrem
662 1344 739 1378 Noe'
763 1346 805 1378 de
830 1346 1081 1389 propagatione

84 1397 186 1433 verbi
210 1395 345 1437 divini,
380 1396 424 1429 de
450 1396 672 1440 superiorum
699 1402 838 1440 patrum
864 1397 1025 1430 doctrina
1048 1404 1080 1430 et

85 1448 272 1493 exemplis,
299 1447 413 1492 deque
429 1448 575 1481 caeteris
590 1447 726 1490 magnis
742 1447 846 1480 rebus
863 1448 1079 1481 concionan-

84 1508 175 1541 tem,
209 1499 270 1532 sed
299 1498 404 1531 etiam
436 1498 524 1531 alios
550 1499 721 1543 quosdam
748 1505 881 1542 patres,
911 1498 973 1543 qni
999 1511 1076 1532 cnm

83 1550 201 1586 Adam
224 1549 383 1583 vixerant
407 1555 440 1582 et
463 1549 656 1592 primordia
674 1549 820 1587 mundi,
848 1561 886 1582 ac
906 1550 1077 1584 miracula

81 1603 216 1648 prima,
244 1600 373 1646 quibus
392 1598 487 1633 Dens
505 1611 540 1632 se
558 1600 738 1644 patefecit,
766 1607 905 1633 norant.
959 1599 1078 1642 Quare

82 1666 157 1688 non
173 1652 298 1686 dubito
315 1648 411 1684 hunc
429 1651 545 1684 virum
564 1651 830 1684 antecellentem
850 1663 972 1683 omnes
990 1651 1078 1684 alios

81 1703 268 1743 homines,
312 1708 444 1743 aetate,
487 1702 678 1745 sapientia,
721 1702 872 1739 virtute,
916 1702 1076 1739 consilio„

80 1757 189 1790 fuisse
220 1765 300 1787 eum
332 1753 389 1786 cui
414 1752 585 1786 tribuitur
608 1750 693 1785 haec
716 1750 911 1785 honorifica
937 1759 970 1785 et
996 1765 1075 1785 vere

80 1807 174 1851 regia
199 1803 389 1849 appellatio
409 1801 694 1843 Melchisedech,
720 1803 754 1835 id
779 1810 843 1843 est,
870 1801 947 1836 Rex
974 1803 1073 1836 iusti-

80 1859 173 1898 ciae,
200 1855 366 1889 videlicet
390 1855 471 1900 quia
496 1863 529 1888 et
552 1855 625 1898 ipse
650 1854 845 1897 praestabat
861 1853 991 1886 noticia
1008 1853 1072 1888 Dei

81 1917 115 1944 et
142 1909 271 1953 pietate
296 1906 484 1946 omnibus,
512 1912 544 1939 et
570 1905 717 1938 docebat
735 1903 927 1938 Ecclesiam
951 1905 994 1937 de
1018 1905 1072 1938 in—

80 1960 197 2001 sticia‚
225 1959 268 1991 de
291 1957 390 1990 cultu
406 1955 492 1998 Dei,
519 1957 562 1989 de
584 1955 761 1989 mandatis
778 1963 811 1988 et
828 1955 1072 1999 promissioni-

78 2013 146 2045 bus
166 2009 310 2044 divinis.
363 2005 588 2052 Epiphanius
602 2013 721 2040 narrat
738 2007 822 2039 olim
841 2006 947 2040 fuisse
966 2019 1072 2051 pecu-

79 2063 202 2096 liarem
225 2066 373 2100 sectam,
406 2070 496 2104 quae
520 2059 662 2092 sceleste
688 2057 845 2101 corrupit
871 2055 966 2090 hunc
993 2070 1071 2091 ver-

79 2113 250 2152 siculum,
281 2122 413 2154 negans
442 2107 709 2144 Melchisedech
738 2109 844 2142 fuisse
877 2105 1070 2142 hominem.

77 2163 126 2199 Et
149 2161 244 2197 hunc
271 2173 426 2195 errorem
451 2161 588 2205 prolixe
611 2161 758 2200 refutat,
793 2159 923 2193 deinde
948 2160 1071 2194 recitat

77 2215 257 2261 publicam
283 2212 489 2256 opinionem
505 2212 612 2245 fuisse
627 2212 664 2244 in
683 2218 784 2255 gente
802 2210 1071 2253 Samaritarum,

77 2267 172 2313 quod
192 2259 456 2298 Melchisedech
477 2263 584 2297 fuerit
606 2261 689 2297 Sem
712 2263 805 2295 filius
819 2260 907 2295 Noe‘.
961 2261 1067 2306 Quod

76 2330 160 2352 vero
179 2312 404 2360 Epiphanius
428 2310 497 2347 hoc
520 2314 625 2348 etiam
648 2314 816 2347 revellere
836 2319 1002 2352 conatur,
1028 2326 1068 2346 ex

75 2367 327 2413 supputatione
345 2372 564 2409 temporum,
592 2377 660 2410 qua
676 2365 810 2407 colligit
827 2364 920 2397 inter
935 2364 1017 2398 Sem
1036 2372 1068 2399 et

74 2417 257 2455 Abraham
286 2417 354 2450 iam
374 2416 639 2458 octogenarium
658 2416 810 2460 amplius
832 2415 929 2449 1100
946 2427 1068 2457 annos,

75 2483 156 2506 cum
181 2478 296 2504 tamen
314 2467 396 2502 Sem
420 2473 558 2501 tantum
582 2473 761 2500 sexcentos
787 2466 914 2500 vixisse
935 2467 1066 2500 scriba-

74 2530 153 2564 tur,
181 2532 290 2567 quare
306 2531 378 2552 non
396 2517 552 2563 potuisse
568 2529 647 2551 eum
664 2518 849 2565 pervenire
866 2519 909 2551 ad
929 2525 1067 2562 tempus

74 2571 241 2608 Abrahae
264 2571 334 2603 iam
356 2569 450 2603 senis
474 2568 601 2612 egressi
627 2580 667 2601 ex
689 2568 958 2613 Mesopotamia.

75 2637 115 2659 eo
148 2623 374 2657 manifestum
403 2627 471 2661 est,
501 2621 685 2664 deceptum
710 2631 781 2652 esse
806 2618 1066 2664 Epiphanium‚

75 2676 171 2723 quod
200 2674 348 2708 usitatae
378 2670 535 2706 Graecae
565 2670 760 2715 versionis,
795 2682 902 2716 quam
936 2678 1066 2706 vocant

1024 2568 1079 2602 In'

712 90 773 126 lx.
827 89 1191 128 COMMENTARII
1218 92 1269 128 IN
1295 92 1539 133 PSALMOS.

1125 285 1127 298 l

2050 100 2147 137 1274

1154 179 1373 223 septuaginta
1399 181 1631 226 interpretum
1650 181 1981 228 Cbronographiam
2007 194 2145 221 secutus

1154 237 1222 268 est,
1250 243 1338 275 quae
1362 244 1381 265 a
1405 245 1486 266 vero
1504 232 1656 268 Ebraico
1677 242 1771 268 textu
1787 237 1940 269 multum
1958 237 2143 281 discrepat,

1153 281 1247 314 iuxta
1274 293 1379 326 quam
1401 294 1419 315 a
1435 282 1516 316 Sem
1544 297 1655 330 usque
1678 287 1720 319 ad
1738 287 1990 329 octogesimum
2009 300 2143 321 annum

1153 329 1318 365 Abrahae
1342 339 1479 367 tantum
1504 335 1680 370 intersunt
1703 337 1788 370 anni
1804 337 1891 378 470,
1918 338 2008 372 sicut
2032 345 2065 372 et
2085 337 2143 372 Io-

1151 379 1249 426 sephi
1273 385 1476 426 supputatio
1501 397 1579 419 cnm
1598 386 1748 421 Ebraica
1770 389 1953 431 congruit,
1980 388 2027 422 ita
2046 396 2086 423 ut
2103 401 2143 423 ex

1150 434 1270 466 eadem
1296 434 1500 476 colligatur,
1527 434 1623 470 hunc
1648 450 1764 471 senem
1790 440 1917 472 vixisse
1942 446 2019 483 post
2044 452 2141 474 mor-

1149 491 1217 517 tem
1237 482 1403 518 Abrahae
1427 498 1539 519 annos
1557 485 1618 528 35,
1640 496 1674 522 et
1697 489 1850 532 attigisse
1875 502 2007 523 annum
2032 491 2140 535 quin-

1148 535 1386 579 quagesimum
1413 536 1630 580 patriarchae
1658 538 1773 573 Iacob.
1842 539 1940 573 Nihil
1965 553 2045 584 ergo
2070 541 2139 574 im-

1148 586 1242 629 pedit
1260 587 1430 629 temporis
1445 588 1553 631 ratio,
1583 602 1652 633 qno
1667 591 1785 623 minus
1799 588 1857 623 hic
1875 589 2138 625 Melchisedech

1145 638 1306 670 sacerdos
1331 638 1436 671 fuerit
1455 638 1556 679 Sem,
1584 640 1643 684 qui
1669 653 1747 673 cnm
1773 648 1882 674 aetate
1899 648 1931 675 et
1950 643 2136 675 autoritate

1145 699 1266 720 omnes
1291 689 1534 728 antecelleret,
1563 691 1773 734 praecipuus
1796 699 1895 735 pater
1912 699 1944 726 et
1961 693 2135 735 gnberna-

1144 744 1199 771 tor
1213 736 1392 772 Ecclesiae
1410 740 1506 773 illius
1524 742 1691 785 temporis
1710 739 1852 776 habitus
1871 749 1932 778 est.

1247 804 1417 850 Iosephus
1442 807 1558 841 Salem
1589 809 1636 842 ait
1668 820 1740 842 esse
1766 821 1841 842 eam
1866 810 2010 851 urbem,
2046 823 2134 856 quae

1143 863 1258 899 postea
1283 856 1505 891 Hierusalem
1534 867 1734 904 nuncupata
1761 867 1821 894 est.
1893 859 2135 907 Hieronymus

1141 907 1227 941 dicit
1259 908 1356 941 aliud
1389 909 1495 942 fuisse
1527 910 1697 954 oppidum
1731 911 1768 943 in
1795 910 1974 953 Samaria,
2010 924 2070 946 seu
2095 912 2133 945 in

1139 955 1332 1002 Ephraim,
1371 960 1536 994 videlicet
1561 959 1721 1004 Sichem,
1756 974 1844 1007 qnae
1870 968 1954 996 tunc
1981 964 2132 996 vocaba—

1140 1016 1197 1043 tur
1214 1008 1350 1050 Salem,
1377 1017 1416 1045 nt
1440 1018 1586 1045 testatur
1608 1012 1706 1045 locus
1730 1013 1767 1045 in
1784 1012 1916 1046 Genesi
1942 1014 2052 1058 capite
2072 1014 2132 1050 33.

1140 1072 1229 1105 quae
1255 1073 1272 1093 a
1298 1060 1556 1107 Hierosolymis
1581 1063 1732 1097 distabat
1757 1065 1903 1097 fortasse
1932 1065 1977 1099 12
2000 1065 2132 1098 nostris

1138 1111 1348 1146 miliaribus.
1402 1112 1449 1146 Et
1465 1113 1686 1159 Hieronymo
1704 1115 1888 1148 assentior.

1242 1169 1384 1213 Tertio,
1410 1170 1514 1205 Nunc
1533 1173 1721 1206 dicendum
1743 1180 1793 1207 est
1811 1174 1914 1218 quale
1930 1172 2056 1208 sithoc
2075 1186 2130 1208 sa-

1137 1221 1356 1263 cerdotium,
1385 1224 1480 1267 quod
1505 1224 1698 1267 opponitur
1716 1223 1892 1265 Levitico,
1920 1232 1952 1258 et
1974 1226 2036 1270 qui
2059 1226 2130 1260 sint

1136 1272 1250 1305 cultus
1273 1272 1310 1305 in
1331 1270 1397 1306 hoc
1415 1281 1536 1306 nostro
1554 1275 1761 1310 sacerdotio.
1814 1274 2005 1319 Praecipua
2024 1277 2128 1311 diffe-

1135 1323 1247 1356 rentia
1274 1330 1323 1356 est
1346 1323 1383 1356 in
1408 1321 1474 1357 hoc
1498 1325 1712 1363 sacerdotio,
1746 1327 1840 1370 quod
1863 1325 2127 1363 Melchisedech

1134 1380 1183 1407 est
1214 1375 1377 1407 sacerdos
1409 1387 1568 1419 expresse
1593 1376 1824 1417 benedicens,
1858 1383 1892 1410 et
1914 1378 2127 1421 promittens

1134 1421 1302 1457 Abrahae
1325 1425 1497 1458 auxilinm
1521 1425 1598 1458 Dei.
1659 1426 1748 1460 Nam
1773 1427 1826 1460 lex
1850 1428 1964 1471 arguit
1986 1437 2127 1473 peccata

1132 1481 1165 1508 et
1183 1475 1351 1520 proponit
1370 1477 1647 1513 maledictiones.

1234 1532 1391 1569 Econtra
1421 1549 1524 1576 vero,
1561 1537 1643 1581 qnia
1674 1538 1927 1581 promissiones
1958 1540 2003 1573 ob
2034 1538 2126 1574 hanc

1132 1585 1242 1629 ipsam
1274 1598 1414 1619 causam
1439 1588 1587 1620 traditae
1613 1595 1713 1629 sunt,
1747 1597 1785 1622 ut
1809 1596 1936 1623 certam
1963 1592 2125 1624 consola-

1131 1636 1262 1669 tionem
1288 1634 1517 1678 haberemus,
1546 1639 1639 1681 ipsae
1661 1640 1913 1682 promissiones
1937 1642 2043 1685 gratis
2061 1655 2125 1675 an-

1132 1687 1303 1720 nunciant
1319 1688 1560 1721 remissionem
1578 1697 1816 1732 peccatorum,
1845 1698 1877 1724 et
1890 1693 2034 1735 gratiam
2046 1692 2124 1729 Dei.

1132 1736 1214 1769 Ideo
1232 1738 1430 1772 benedictio
1449 1737 1712 1774 Melchisedech
1729 1741 1804 1775 sine
1822 1743 1895 1786 lege
1912 1744 2016 1785 sacta,
2043 1757 2124 1778 vere

1130 1789 1324 1822 annunciat
1349 1787 1515 1823 Abrahae
1543 1791 1785 1825 remissionem
1812 1801 2054 1836 peccatorum,
2090 1802 2123 1829 et.

1131 1839 1189 1871 ille
1221 1836 1312 1873 hanc
1345 1840 1413 1873 fide
1442 1842 1616 1885 accipiens
1640 1854 1713 1875 non
1737 1843 1909 1878 efficiebat
1936 1845 2121 1880 incertam:

1128 1893 1186 1923 sed
1211 1891 1388 1925 statuebat
1412 1898 1520 1924 ratam
1547 1904 1619 1925 esse
1643 1893 1719 1926 sine
1738 1895 1942 1928 conditione
1959 1897 2122 1940 propriae

1128 1941 1323 1984 dignitatis.
1384 1941 1484 1976 Sicut
1510 1943 1618 1986 igitur
1640 1942 1902 1979 Melchisedech
1927 1947 2122 1982 annunciat

1126 1992 1313 2034 gratuitam
1346 2000 1380 2027 et
1407 2000 1518 2026 ratam
1549 1995 1849 2029 benedictionem:
1886 1997 1934 2031 ita
1958 1995 2120 2032 Christus

1126 2043 1227 2076 affert
1245 2043 1353 2086 gratis
1370 2045 1615 2077 remissionem
1635 2053 1871 2090 peccatorum.

1228 2109 1325 2145 Haec
1349 2118 1399 2146 est
1426 2112 1634 2157 principalis
1659 2115 1908 2149 convenientia
1931 2116 2119 2150 sacerdotii

1126 2159 1389 2196 Melchisedech
1405 2164 1448 2196 ad
1465 2165 1698 2198 sacerdotium
1711 2164 1855 2206 Christi,
1880 2166 1968 2200 sicut
1985 2174 2018 2201 et
2033 2165 2119 2201 haec

1124 2213 1332 2258 principalis
1362 2214 1563 2248 differentia
1595 2222 1661 2256 est,
1696 2222 1729 2249 et
1759 2217 1911 2250 maxime
1935 2218 2118 2262 perspicua

1124 2264 1210 2307 legis
1233 2271 1266 2298 et
1283 2263 1487 2309 Evangelii,
1516 2267 1612 2310 quod
1637 2267 1692 2299 lex
1718 2279 1791 2300 non
1818 2268 1994 2312 promittit
2011 2269 2117 2311 gratis

1123 2315 1368 2349 remissionem
1393 2323 1634 2360 peccatorum,
1662 2317 1733 2350 imo
1760 2325 1897 2352 accusat
1917 2326 1950 2352 et
1972 2320 2117 2354 damnat

1123 2378 1261 2400 omnes:
1290 2365 1525 2410 Evangelium
1552 2379 1634 2400 vero
1658 2369 1834 2412 promittit
1860 2370 1967 2412 gratis
1992 2371 2116 2404 remis-

1121 2417 1258 2450 sionem
1285 2425 1507 2461 peccatorum
1536 2425 1680 2462 propter
1705 2417 1897 2456 Christum.
1958 2418 2005 2454 Et
2030 2419 2116 2456 haec

1122 2469 1245 2502 concio
1269 2466 1532 2502 Melchisedech
1555 2469 1709 2503 declarat
1730 2470 1873 2504 effectus
1896 2472 2115 2506 benedictio-

1120 2520 1196 2560 nis,
1225 2519 1405 2559 videlicet,
1433 2532 1511 2552 cum
1534 2520 1632 2553 addit
1656 2521 1700 2553 de
1724 2521 1873 2562 auxilio,
1901 2522 2116 2569 quodeeus

1119 2576 1278 2614 protegat
1304 2567 1505 2607 Abraham,
1541 2577 1575 2603 et
1598 2571 1742 2605 adiuvet
1763 2572 1801 2605 in
1826 2573 1972 2616 praelio.
2032 2574 2114 2608 Non

1119 2622 1212 2654 enim
1244 2621 1360 2654 ociose
1390 2621 1542 2663 intelligi
1570 2622 1672 2656 debet
1696 2623 1856 2656 remissio
1878 2631 2116 2668 peccatorum,

1117 2673 1176 2706 sed
1195 2684 1274 2706 cum
1291 2672 1390 2706 Deus
1407 2672 1556 2706 remittit
1570 2680 1728 2718 peccata,
1755 2674 1881 2719 recipit
1899 2687 1964 2709 nos
1980 2676 2017 2709 in
2036 2688 2115 2720 gra-
