2379 2948
240 121 333 156 1347

240 213 407 247 mortem,
433 205 503 239 nisi
528 212 644 250 postea
662 215 783 238 rursus
800 210 902 247 agant
921 204 1172 248 poenitentiam
1192 211 1225 238 et

241 264 502 291 convertantur.

343 307 396 342 De
418 306 483 341 hoc
505 318 629 349 genere
647 306 762 352 inquit
778 305 928 346 Paulus,
954 307 995 339 ad
1014 305 1156 340 Galatas
1173 303 1224 339 5.:

243 357 568 403 Concupiscentiam
600 358 714 390 carnis
740 369 783 390 ne
807 358 970 401 perficite.
1036 356 1225 391 Manifesta

244 418 325 443 sunt
347 421 450 453 opera
475 409 609 447 carnis,
642 409 873 448 adulterium,
908 409 1074 442 scortatio
1094 415 1156 441 etc.
1183 408 1226 439 de

246 461 372 505 quibus
396 461 494 502 dico,
523 459 610 492 sicut
634 467 665 492 et
688 467 787 493 antea
805 460 896 499 dixi,
924 460 1040 504 quod,
1067 459 1127 504 qui
1146 458 1228 492 talia

244 511 398 551 faciunt,
427 522 573 553 regnum
591 510 657 543 Dei
675 522 747 543 non
767 511 1007 554 possidebunt.

345 569 402 604 Ad
433 567 563 613 Ephes.
588 568 639 604 5.:
682 568 905 609 Fornicator,
947 569 1147 614 impudicus
1167 574 1229 601 etc.

248 633 321 654 non
334 618 475 653 habebit
495 618 709 654 baereditam
727 621 764 653 in
782 633 887 664 regno
906 619 1037 655 Christi
1055 627 1086 653 et
1103 618 1180 655 Dei.

347 678 402 712 Ad
421 678 537 714 Colos.
555 679 608 713 3.;
638 679 849 713 Mortificate
866 681 1020 713 membra
1040 683 1152 712 vestra
1169 686 1232 714 etc.

248 729 505 764 Scortationem
519 757 527 770 ‚
556 731 837 775 impudiciciam,
865 738 1009 775 qropter
1030 742 1119 775 qnae
1137 730 1233 763 venit

249 782 298 814 ira
317 780 383 815 Dei
399 793 504 825 super
522 782 777 816 inobedientes.

353 835 370 867 1
391 831 547 866 loan.3.:
577 831 649 874 Qui
665 832 746 865 facit
762 838 940 875 peccatum
957 844 996 864 ex
1014 832 1156 865 diabolo
1174 838 1234 867 est.

349 889 406 924 Ad
422 888 548 924 Ebrae.
571 891 642 925 12:
675 889 800 923 Pacem
824 891 1004 924 sectamini
1031 898 1063 924 et
1080 891 1233 923 sanctifi-

249 941 440 981 cationem,
468 941 504 973 id
528 947 596 979 est,
624 941 852 985 pudiciciam,
880 941 955 974 sinc
974 954 1042 986 qua
1062 954 1165 975 nemo
1184 942 1236 974 vi-

250 992 345 1025 debit
367 990 573 1026 Dominum.

355 1044 371 1076 1
390 1039 548 1075 Timotb.
571 1044 619 1077 l.:
648 1040 747 1075 Finis
766 1043 922 1076 mandati
942 1043 1084 1076 dilectio
1102 1054 1141 1075 ex
1159 1055 1238 1076 cor-

252 1094 295 1125 de
312 1105 414 1138 puro,
442 1092 654 1126 conscientia
670 1093 775 1134 bona,
803 1099 835 1126 et
852 1093 919 1126 fide
936 1106 1009 1127 non
1027 1095 1116 1130 ficta.
1170 1093 1238 1127 Hic

252 1144 399 1188 requirit
417 1143 667 1176 conscientiam
687 1144 828 1179 bonam.

352 1191 399 1227 Et
422 1194 456 1227 2.
475 1192 636 1229 Corinth.
656 1195 701 1229 1.:
731 1193 909 1229 Gloriatio
935 1203 1055 1229 nostra
1075 1193 1159 1228 haec
1178 1202 1238 1234 est,

251 1245 491 1278 testimonium
508 1245 740 1278 conscientiae
757 1253 909 1281 nostrae.

355 1301 402 1337 Et
426 1301 584 1337 Ebraeos
611 1304 683 1339 13.:
718 1303 958 1346 Confiilimus,
993 1305 1075 1350 quia
1109 1306 1238 1338 bonam

255 1354 502 1387 conscientiam
528 1352 700 1388 habemus
725 1355 761 1388 in
787 1356 953 1388 omnibus
976 1363 1066 1389 recte
1083 1356 1239 1388 volentes

255 1405 468 1438 conversari.
522 1404 591 1438 Hic
615 1413 694 1450 apte
719 1406 903 1445 describit,
941 1407 1054 1451 qualis
1079 1406 1123 1439 sit
1147 1408 1239 1439 bona

256 1455 487 1494 conscientia,
529 1456 660 1489 scilicet
694 1467 772 1488 cum
802 1457 964 1489 volumus
998 1464 1089 1489 recte
1117 1457 1240 1496 facere,

254 1518 317 1539 nec
334 1506 481 1538 scientes
499 1506 635 1539 ruimus
652 1514 772 1540 contra
792 1507 1007 1539 voluntatem
1024 1506 1103 1541 Dei.

360 1564 456 1598 ldem
499 1566 598 1599 docet
637 1567 829 1607 sententia,
868 1565 975 1602 Rom.
1002 1568 1077 1600 14.:
1121 1564 1241 1601 Omne

256 1617 349 1661 quod
376 1627 447 1648 non
475 1623 525 1649 cst
547 1628 587 1648 ex
611 1616 697 1656 fide,
730 1624 908 1660 peccatum
933 1624 993 1650 est.
1045 1616 1134 1650 Nam
1157 1617 1242 1649 fides

255 1667 408 1710 primum
426 1666 545 1699 statuit
563 1678 746 1709 personam
761 1665 835 1700 Deo
852 1667 987 1711 placere
1007 1675 1151 1715 propter
1169 1679 1242 1699 me-

257 1718 428 1750 diatorem
446 1715 644 1757 Christum,
672 1717 800 1750 deinde
825 1725 858 1751 et
881 1718 1053 1758 actiones,
1080 1729 1168 1762 quae
1191 1724 1242 1751 te-

255 1768 421 1801 stimonio
436 1767 500 1801 Dei
523 1768 787 1812 approbantur,
815 1769 898 1814 quia
914 1768 999 1802 fides
1017 1769 1144 1803 nititur
1164 1780 1240 1801 ver-

256 1819 301 1852 110
321 1819 400 1853 Dei.

360 1868 513 1911 Quando
530 1868 638 1911 igitur
653 1870 816 1904 voluntas
832 1870 1026 1904 delectatur
1043 1870 1243 1904 actionibus

258 1931 343 1965 quas
376 1920 588 1952 conscientia
620 1921 684 1953 scit
715 1921 896 1954 damnatas
925 1932 997 1954 esse
1027 1921 1135 1954 verbo
1166 1920 1243 1961 Dei,

259 1982 333 2003 non
359 1970 426 2002 iam
449 1971 582 2012 regitur
604 1983 703 2004 mens
722 1972 829 2004 verbo
845 1971 929 2013 Dei,
956 1973 1015 2004 sed
1034 1979 1085 2005 est
1102 1983 1242 2005 excussa

258 2022 360 2060 fides,
388 2027 419 2053 et
434 2020 593 2065 sequitur
606 2028 802 2055 contemtus
811 2021 876 2055 Dei
892 2029 952 2056 aut
967 2023 1164 2066 indignatio
1180 2023 1243 2055 ad-

258 2082 378 2104 versus
388 2069 515 2111 Deum,
540 2083 628 2115 quae
644 2078 725 2104 sunt
740 2069 833 2105 baud
853 2073 960 2106 dubie
980 2081 1128 2117 peccata,
1155 2085 1244 2119 quae

259 2123 288 2156 si
305 2128 488 2162 maneant,
515 2122 679 2156 adferunt
697 2128 873 2155 aeternam
891 2132 1051 2158 mortem.

360 2180 523 2226 Denique
539 2180 756 2225 impossibile
770 2189 832 2223 est,
859 2195 938 2216 cum
955 2182 1047 2216 mala
1062 2183 1244 2217 conscien-

260 2233 307 2266 tia
333 2232 438 2265 simul
462 2231 606 2264 existere
627 2232 752 2271 fidem,
789 2245 878 2279 quae
899 2240 947 2267 est
971 2233 1112 2274 fiducia,
1147 2235 1241 2279 quod

259 2282 334 2316 Deo
356 2282 570 2326 placeamuS,
598 2283 679 2327 quia
696 2284 786 2316 mala
805 2284 1017 2318 conscientia
1032 2285 1243 2329 pronunciat

259 2345 324 2367 nos
342 2334 523 2367 damnatos
542 2344 614 2366 esse
631 2334 739 2367 verbo
757 2334 833 2369 Dei.

360 2383 447 2417 Item
473 2384 558 2416 fides
583 2384 694 2418 credit
721 2385 851 2419 remitti
875 2392 1033 2434 peccata,
1069 2392 1103 2419 et
1127 2386 1170 2418 ab
1194 2386 1243 2419 eis

260 2435 402 2467 liberari
426 2434 540 2478 cupit,
567 2433 662 2478 Ergo
684 2447 757 2468 non
780 2443 894 2481 potest
910 2436 1015 2470 simul
1033 2449 1130 2470 mens
1147 2437 1243 2470 dele-

259 2485 345 2518 ctari
362 2485 520 2527 peccatis.

359 2533 455 2568 Haec
477 2535 563 2569 scire
586 2547 724 2570 necesse
746 2543 815 2578 est,
842 2544 875 2572 et
892 2544 930 2571 ut
947 2537 1164 2580 intelligatur
1179 2549 1242 2570 na-

261 2592 339 2618 tura
365 2585 465 2626 fidei,
500 2593 532 2619 et
556 2599 599 2620 ne
624 2587 870 2630 indulgeamus
895 2588 1035 2621 viciosis
1059 2587 1243 2621 affectibus

259 2641 381 2668 contra
402 2636 662 2673 conscientiam.
714 2637 761 2673 Et
785 2645 823 2673 ut
843 2639 1013 2683 scriptura
1034 2646 1171 2680 monet,
1198 2651 1242 2671 ne

827 117 949 152 PlllL.
979 116 1093 152 MEL.
1122 117 1329 153 SCRPITA
1358 114 1654 152 EXEGETICA.

2160 119 2256 155 1348

1277 209 1394 247 postea
1417 202 1643 242 abiiciamur,
1672 215 1709 236 ac
1730 203 1920 247 puniamur
1937 203 2118 246 coecitate,
2143 216 2182 238 ac
2199 217 2260 248 pe-

1277 265 1414 287 reamus
1454 254 1658 298 priusquam
1696 254 1823 287 iterum
1862 261 2130 296 convertamur,
2172 255 2261 289 sicut

1278 303 1371 338 Esau
1389 312 1421 338 et
1437 304 1523 338 Saul
1539 317 1611 337 non
1627 312 1709 338 sunt
1727 317 1847 338 rursus
1865 306 2037 340 conversi.

1382 363 1464 397 Ideo
1487 365 1583 397 iubet
1601 364 1731 398 Paulus
1752 371 1791 398 ut
1815 376 1892 398 cum
1916 366 2042 398 timore
2061 371 2093 398 et
2113 371 2263 398 tremore

1281 415 1427 449 salutem
1444 422 1597 448 nostram
1614 428 1812 459 operemur.
1862 414 2039 450 EtPetrus
2054 415 2118 449 ait:
2146 415 2264 449 Facite

1283 467 1418 499 firmam
1438 466 1656 500 vocationem
1676 474 1709 500 et
1727 466 1931 500 electionem
1951 473 2099 500 vestram
2112 493 2121 507 ,
2148 467 2184 499 id
2204 472 2267 507 est,

1283 529 1327 549 ne
1359 517 1499 550 abiicite
1530 518 1694 559 gratiam,
1729 530 1773 550 ne
1804 517 1959 559 deficite,
1992 517 2021 550 si
2047 518 2125 562 quis
2148 523 2264 550 autem

1284 569 1400 611 lapsus
1425 575 1492 607 est,
1519 565 1576 600 hic
1594 569 1714 601 audiat
1731 581 1849 601 vocem
1866 567 1951 609 Dei,
1978 581 2065 613 qnae
2083 569 2124 601 ad
2144 567 2266 611 poeni-

1285 618 1430 651 tentiam
1456 616 1637 659 hortatur,
1664 625 1697 652 et
1721 625 1921 663 expavescat
1939 627 2032 653 metu
2051 619 2173 652 iudicii
2187 617 2269 658 Dei,

1286 682 1324 702 ac
1350 670 1467 702 redeat
1493 669 1535 701 ad
1559 669 1674 704 fidem.
1727 668 1909 712 Fugienda
1930 678 1979 704 est
1996 671 2089 703 enim
2109 669 2269 712 impietas

1286 719 1436 759 Novati,
1464 719 1524 764 qui
1550 727 1652 763 negat
1675 720 1780 765 lapsis
1802 732 1901 764 posse
1925 733 2046 754 rursus
2066 720 2270 763 contingere

1288 771 1541 806 remissionem,

1340 862 1513 897 Erectum
1531 867 1579 897 est
1598 875 1657 896 cor
1672 863 1768 903 eius,
1795 876 1867 897 non
1885 864 2170 900 commovebitur.

1392 939 1533 985 Repetit
1558 946 1744 985 utramque
1767 941 1975 974 sententiam
1999 941 2042 974 de
2064 941 2153 982 fide,
2178 947 2210 974 et
2229 941 2273 974 de

1290 998 1435 1032 eventu,
1463 1004 1501 1023 ac
1526 990 1615 1024 sicut
1631 998 1730 1024 antea
1749 992 1791 1024 de
1808 992 1874 1024 fide
1892 992 2121 1025 concionatus
2138 998 2203 1032 est,
2226 991 2273 1024 ita

1291 1054 1412 1075 rursus
1439 1042 1501 1075 ait:
1534 1040 1699 1075 Erectum
1724 1055 1799 1080 cor,
1835 1042 1965 1075 scilicet
1987 1042 2112 1076 fiducia
2137 1042 2275 1075 miseri-

1292 1093 1431 1126 cordiae
1454 1099 1487 1126 et
1514 1092 1729 1135 praesentiae
1748 1091 1831 1133 Dei,
1856 1105 1924 1137 qua
1941 1094 2086 1126 credens
2103 1093 2224 1127 statuit
2241 1104 2276 1125 se

1292 1142 1421 1177 habere
1442 1142 1556 1176 Deum
1583 1143 1801 1187 propicium,
1828 1156 1863 1176 se
1888 1156 1989 1176 curae
2014 1156 2086 1176 esse
2102 1143 2195 1185 Deo,
2222 1155 2277 1176 re-

1291 1195 1396 1236 spici,
1432 1194 1609 1234 exaudiri‚
1646 1194 1827 1233 adiuvari,
1862 1207 1933 1227 non
1966 1195 2161 1238 periturum
2192 1205 2276 1228 esse.

1292 1245 1380 1278 Tale
1413 1257 1491 1285 cor,
1526 1253 1709 1287 expectans
1734 1257 1751 1277 a
1778 1244 1852 1278 Deo
1875 1245 2064 1286 auxilium,
2100 1245 2278 1279 defensio-

1293 1308 1397 1338 nem,
1432 1295 1694 1336 liberationem,
1731 1295 1826 1329 iuxta
1849 1297 2066 1330 voluntatem
2090 1295 2176 1338 Dei,
2202 1307 2276 1328 non

1292 1347 1513 1385 succumbet,
1540 1358 1612 1378 non
1631 1347 1770 1389 peribit.

1395 1403 1440 1437 Et
1465 1404 1631 1437 convenit
1658 1405 1829 1438 sententia
1855 1402 1932 1438 cum
1957 1406 2101 1439 caeteris
2125 1405 2277 1449 promis—

1293 1455 1453 1488 sionibus
1470 1456 1512 1487 (le
1531 1455 1616 1495 fide,
1643 1462 1681 1488 ut
1698 1455 1857 1488 Psalmus
1876 1457 1951 1491 28.;
1982 1455 2146 1490 Universi
2165 1456 2225 1500 qui
2245 1463 2278 1489 te

1293 1512 1475 1549 expectant
1494 1504 1665 1546 Domine,
1694 1518 1765 1538 non
1791 1507 2064 1539 confundentur.
2115 1505 2162 1540 Et
2179 1505 2278 1539 Psal-

1294 1569 1350 1589 rno
1375 1556 1450 1589 3³:
1487 1554 1635 1588 Gustate
1667 1563 1700 1590 et
1729 1556 1860 1596 videte,
1897 1557 2065 1601 quoniam
2090 1557 2205 1590 suavis
2228 1563 2279 1590 est

1293 1606 1488 1647 Dominus,
1522 1605 1652 1639 Beatus
1683 1606 1745 1651 qui
1776 1614 1891 1651 sperat
1922 1607 1958 1639 in
1989 1620 2042 1641 eo.
2104 1607 2201 1641 luxta
2228 1615 2279 1640 est

1294 1656 1470 1690 Dominus
1490 1656 1565 1695 his,
1594 1659 1654 1702 qui
1675 1658 1840 1691 tribulato
1859 1665 1940 1691 sunt
1958 1660 2080 1700 corde,
2107 1666 2142 1692 et
2159 1656 2278 1692 humi-

1294 1709 1342 1741 les
1360 1708 1486 1752 spiritu
1503 1708 1662 1741 salvabit.
1712 1707 1817 1748 Item,
1843 1708 1920 1744 49.:
1953 1708 2077 1742 lnvoca
2095 1722 2150 1742 me
2168 1709 2205 1742 in
2222 1709 2279 1742 die

1293 1758 1553 1799 tribulationis,
1580 1765 1614 1792 et
1630 1758 1776 1803 eripiam
1794 1765 1827 1792 te
1844 1766 1905 1793 etc.
1960 1759 2049 1793 Cum
2066 1758 2121 1793 his
2138 1768 2279 1794 senten-

1295 1810 1352 1842 tiis
1374 1808 1537 1851 congruit
1559 1817 1591 1843 et
1609 1809 1741 1842 dictum
1759 1808 1871 1843 Palmi
1890 1808 1956 1844 hoc
1973 1810 2063 1846 loco.
2116 1811 2279 1856 Suntque

1294 1860 1379 1894 tales
1402 1860 1595 1892 sententiae
1612 1860 1801 1903 diligenter
1819 1860 2050 1894 inculcandae
2068 1862 2213 1902 animis,
2238 1868 2278 1895 ut

1296 1912 1404 1944 verbo
1423 1908 1487 1943 Dei
1509 1911 1733 1944 consolemur
1756 1923 1820 1944 nos
1835 1913 2002 1945 adversus
2020 1913 2178 1955 ingentes
2194 1924 2277 1956 pro-

1294 1962 1415 2001 cellas,
1440 1972 1530 2005 quae
1549 1968 1708 1994 excutere
1726 1962 1828 1995 nobis
1847 1962 1950 1995 fidem
1968 1969 2001 1996 et
2016 1962 2277 1998 invocationem

1295 2012 1332 2045 in
1349 2024 1430 2045 vero
1449 2011 1571 2044 dolore
1585 2019 1768 2046 conantur.

1396 2072 1448 2106 Ac
1471 2069 1656 2115 praecipue
1681 2078 1838 2104 exercent
1862 2072 2019 2106 animum
2041 2069 2106 2105 hae
2128 2078 2197 2106 tres
2211 2072 2279 2105 du-

1295 2122 1492 2156 bitationes.
1553 2120 1690 2163 Prima,
1716 2134 1761 2154 an
1785 2122 1828 2155 sit
1852 2122 2091 2166 providentia,
2116 2134 2161 2156 an
2184 2121 2279 2156 Deus

1294 2180 1391 2206 curet
1415 2170 1582 2208 humana.
1634 2171 1815 2211 Secunda,
1841 2173 1976 2206 etiamsi
2000 2181 2118 2214 curat,
2145 2185 2190 2206 an
2213 2184 2279 2207 nos

1296 2223 1478 2267 respiciat,
1507 2235 1586 2256 cum
1610 2229 1752 2267 propter
1774 2230 1911 2267 peccata
1930 2224 2047 2259 meriti
2063 2224 2172 2258 simus
2188 2225 2277 2257 iram

1295 2282 1328 2308 et
1344 2274 1619 2309 damnationem.
1673 2273 1812 2314 Tertia,
1840 2274 1869 2307 si
1885 2274 2053 2317 ignoscit,
2079 2287 2142 2308 cur
2157 2275 2277 2309 differt

1294 2325 1540 2358 liberationem
1564 2330 1598 2357 et
1620 2324 1809 2366 auxilium,
1835 2325 1907 2359 imo
1928 2337 1992 2360 cur
2004 2325 2179 2361 contraria
2196 2337 2276 2359 eve-

1294 2377 1397 2409 niunt
1415 2382 1554 2410 nostrae
1570 2375 1755 2419 petitioni?

1396 2434 1474 2468 Hae
1496 2441 1564 2468 tres
1588 2434 1825 2468 dubitationes
1847 2447 1920 2468 non
1942 2442 2024 2470 sunt
2046 2436 2137 2470 leves
2160 2441 2276 2468 motus

1294 2487 1332 2520 in
1354 2486 1496 2520 animis:
1524 2485 1620 2518 nulla
1639 2485 1786 2529 cogitari
1803 2492 1873 2519 tam
1892 2498 1992 2520 saeva
2008 2493 2192 2531 tempestas
2210 2498 2274 2529 po-

1293 2544 1375 2576 test,
1408 2549 1497 2582 quae
1525 2536 1678 2569 conferri
1709 2537 1751 2569 ad
1777 2534 1905 2570 horum
1931 2538 2101 2571 fluctuum
2124 2537 2276 2580 impetus

1293 2589 1413 2633 possit.
1466 2586 1534 2620 Hic
1555 2599 1692 2620 necesse
1713 2595 1762 2622 est
1778 2588 1922 2620 verbum
1939 2586 2004 2621 Dei
2022 2599 2215 2631 opponere,
2241 2593 2275 2620 et

1292 2639 1402 2672 furori
1428 2638 1558 2671 diaboli
1576 2638 1735 2672 conantis
1751 2650 1816 2671 nos
1835 2650 1852 2672 a
1868 2637 1943 2672 Deo
1961 2638 2127 2675 avellere,
2155 2645 2187 2672 et
2206 2636 2272 2670 bu—

259 2686 412 2719 desimus
448 2687 576 2728 gratiae
607 2688 695 2728 Dei,
736 2702 779 2722 ne
818 2703 890 2723 eam
924 2690 1157 2730 excutiamus,
1198 2703 1241 2722 ne
1264 2704 1268 2734 ι
1293 2702 1415 2722 manae
1435 2689 1641 2722 infirmitati.
