2379 2948
121 113 198 149 997
486 110 569 147 VH.

118 200 251 233 iustum
278 204 309 232 et
336 197 568 238 salvatorem,
593 204 625 231 et
648 198 827 243 quomodo
845 196 889 230 sit
907 196 1114 237 salvaturus,

118 262 199 283 mox
223 249 356 302 inqui‘t:
384 248 464 282 Non
488 249 676 282 constituet
704 249 891 292 imperium
920 247 1114 290 politicum.

116 299 198 334 Erit
217 302 310 333 enim
331 312 481 344 pauper,
508 307 541 333 et
557 312 629 332 non
648 306 747 332 erant
765 298 955 343 quadrigae
972 299 1008 331 in
1026 297 1112 331 Hie-

117 352 291 390 rusalem,
319 351 352 385 id
378 358 448 392 est,
475 349 631 384 Ecclesia
653 362 725 382 non
744 350 810 382 erit
829 349 969 393 politica
988 356 1110 393 poten-

118 403 186 442 tia,
221 410 254 436 et
279 403 513 436 salvabuntur
536 399 697 434 homines
725 412 817 432 novo
843 407 875 433 et
899 401 1110 433 admirando

119 455 245 494 modo,
286 454 417 486 scilicet
458 452 628 495 sanguine
662 451 899 491 Testamenti,
942 448 1010 484 hoc
1049 458 1110 489 est,

118 511 233 538 morte
266 504 428 548 promissi
462 502 629 542 Messiae,
662 502 723 546 qui
751 501 1037 541 Testamentum,
1073 503 1107 535 id

119 563 188 594 est,
218 554 486 599 promissionem
512 565 610 585 suam
636 553 807 596 sanguine
833 565 895 587 suo
913 553 1109 594 confirmat,

117 613 149 640 et
168 619 232 651 pro
251 606 353 639 nobis
371 605 481 638 factus
498 611 549 637 est
568 605 720 638 victima.

217 663 276 700 Tu
294 663 333 697 in
349 662 534 708 sanguine
551 660 782 696 Testamenti
798 662 854 696 lui
870 668 931 698 etc.
989 663 1107 697 ludaei

117 717 322 760 sanguinem
357 715 555 748 testamenti
590 716 694 748 stulte
728 715 1006 759 interpretantur
1038 716 1106 748 cir—

116 767 365 801 cumcisionem
390 777 507 806 suam,
534 773 567 799 et
586 766 812 799 mactationes
830 768 1020 810 pecudum:
1048 767 1106 799 sed

115 815 293 861 Propheta
318 817 477 862 loquitur
500 818 543 850 (le
562 817 631 850 alio
650 816 900 857 Testamento‚
929 825 961 851 et
980 818 1021 850 de
1037 818 1107 850 alio

115 869 295 911 sanguine.
349 867 431 901 Fuit
448 869 541 900 enim
560 875 658 901 vetus
671 867 936 902 Testamentum
955 869 1107 912 promis—

115 919 166 952 sio
196 926 308 952 certae
339 919 430 952 sedis
454 926 487 952 et
512 920 609 962 regni
634 919 769 963 politici
798 933 877 953 cum
903 920 1107 952 conditione

114 970 200 1013 legis
223 978 253 1003 et
279 970 581 1011 ceremoniarum,
615 971 656 1003 ad
685 968 779 1003 hunc
802 971 907 1003 finem
930 970 1105 1011 ordinata,

112 1027 152 1055 ut
170 1022 207 1054 in
226 1018 292 1055 hoc
308 1028 401 1055 certo
422 1023 551 1066 populo
569 1029 770 1055 nasceretur
780 1021 940 1062 Messias,
970 1029 1003 1056 et
1021 1034 1106 1054 con-

113 1079 315 1106 servaretur
344 1072 393 1104 ihi
423 1072 591 1105 memoria
620 1072 864 1115 promissionis
887 1073 1039 1115 gratiae,
1075 1080 1107 1106 et

112 1124 232 1168 aliqua
255 1130 343 1157 esset
359 1122 536 1156 Ecclesiae
554 1120 692 1161 schola,
720 1135 831 1168 nsque
854 1124 897 1156 ad
914 1124 1105 1156 adventum

111 1173 277 1208 Messiae.
322 1173 446 1207 Postea
465 1174 673 1215 evertenda,
700 1180 738 1207 ut
758 1181 888 1207 extaret
907 1175 1104 1217 exemplum

113 1225 186 1258 irae
202 1224 293 1266 Dei,
319 1232 352 1259 et
373 1225 635 1265 testimoninm,
663 1225 756 1269 quod
775 1237 837 1257 nec
857 1225 909 1257 illi
929 1225 1003 1267 lege
1024 1225 1105 1258 iusti

112 1276 262 1310 fuissent
281 1283 344 1311 etc.
390 1275 468 1309 Hoc
485 1276 670 1320 politicum
689 1282 935 1309 testamentum
954 1288 1026 1308 non
1045 1277 1105 1309 de-

112 1327 165 1360 dit
190 1327 365 1360 iusticiam
391 1333 424 1360 et
448 1327 556 1360 vitam
584 1333 777 1361 aeternam.
831 1326 906 1359 lmo
931 1327 1104 1360 abolitum

112 1384 180 1419 est,
207 1389 287 1411 cum
303 1384 423 1420 gentes
438 1383 581 1410 vocatae
600 1384 693 1411 sunt.

213 1436 392 1482 Loquitur
421 1443 538 1470 autem
564 1433 623 1469 hic
645 1434 823 1480 Propheta
847 1437 890 1470 de
917 1449 957 1469 eo
981 1436 1103 1470 Testa—

111 1494 252 1529 mento,
285 1489 323 1521 id
355 1494 423 1527 est,
458 1488 501 1521 de
532 1499 570 1520 ea
596 1487 849 1531 promissione,
883 1500 972 1533 quae
995 1488 1104 1522 donat

111 1539 287 1573 iusticiam
314 1547 347 1573 et
373 1539 478 1573 vitam
505 1545 702 1577 aeternam,
731 1546 763 1572 et
787 1540 830 1571 de
847 1539 1018 1581 sanguine
1038 1537 1103 1572 hn-

111 1590 168 1625 ius
192 1590 429 1630 Testamenti,
463 1589 553 1622 sicut
584 1596 684 1623 antea
716 1590 934 1633 praedictum
969 1591 1036 1624 fuit
1062 1591 1103 1622 de

111 1640 258 1674 Messia:
307 1641 420 1674 Ponet
452 1641 607 1673 animam
640 1652 738 1673 suam
770 1653 835 1688 pro
870 1648 1011 1685 peccato
1041 1648 1102 1677 etc,

111 1691 157 1726 Et
181 1692 409 1725 mactationes
433 1693 607 1736 pecudum
632 1701 705 1724 non
729 1692 900 1725 tollebant
925 1699 1103 1736 peccatum

112 1750 146 1777 et
164 1751 332 1782 mortem,
358 1744 416 1776 sed
435 1742 681 1785 significabant
698 1742 850 1776 Messiae
868 1743 1090 1785 sanguinem.

215 1810 331 1844 Fovea
345 1837 353 1850 ‚
380 1810 417 1842 in
441 1822 508 1854 qua
526 1822 599 1842 non
616 1816 665 1842 est
684 1821 793 1854 aqua,
821 1810 991 1852 significat
1008 1823 1104 1843 mor-

112 1868 202 1902 tem,
238 1863 275 1894 in
303 1873 371 1906 qua
397 1861 494 1893 nulla
520 1868 570 1894 est
595 1861 775 1896 recreatio.
836 1860 889 1894 Ex
916 1859 980 1894 hac
1003 1862 1102 1894 fovea

112 1913 316 1953 educimur,
343 1912 378 1945 id
405 1919 474 1951 est,
502 1912 696 1945 liberamur
713 1924 730 1944 a
752 1919 891 1955 peccato
909 1919 974 1945 eta
994 1919 1104 1945 morte

112 1972 272 2002 aeterna,
301 1970 335 1997 et
357 1963 518 1996 redditur
536 1963 639 1995 nobis
659 1963 793 1996 iusticia
812 1970 844 1997 et
862 1964 931 1997 vita
949 1970 1104 2004 aeterna,

113 2022 146 2048 et
170 2013 236 2047 hoc
258 2015 295 2048 fit
319 2014 489 2058 sanguine
508 2012 660 2052 Christi,
688 2015 778 2048 sicut
798 2014 948 2048 loannes
974 2015 1103 2059 inquit:

113 2064 265 2109 Sanguis
283 2063 415 2100 Christi
433 2064 592 2110 pu'rificat
610 2077 674 2098 nos
693 2066 736 2098 ab
756 2066 922 2099 omnibns
942 2066 1102 2110 peccatiS.

219 2128 486 2166 Convertimini
510 2135 561 2166 ad
577 2144 694 2166 arcem
714 2132 825 2166 vincli
838 2132 926 2179 spei.

114 2185 309 2220 consolatio
337 2191 405 2224 est,
429 2197 496 2230 qua
516 2184 708 2218 Ecclesiam
729 2185 928 2218 nniversam
949 2185 1103 2230 alloqui-

114 2245 189 2277 tur,
217 2248 306 2281 quae
330 2242 485 2278 expectat
508 2235 696 2276 Messiam,
720 2234 812 2269 hanc
837 2236 997 2268 nominat
1024 2236 1104 2267 vin-

115 2296 189 2322 ctos
213 2287 304 2331 spei,
331 2287 367 2319 id
391 2293 460 2326 est,
485 2287 640 2330 captivos
659 2288 822 2332 quidem,
850 2288 906 2320 sed
926 2294 1104 2330 sperantes
1131 2313 1133 2318 .

116 2338 423 2373 conservationem
454 2345 488 2371 et
516 2338 781 2379 liberationem,
816 2345 856 2372 ut
887 2337 1017 2371 Paulus
1048 2338 1104 2370 in-

116 2391 208 2436 quit:
245 2390 315 2434 Spe
339 2389 425 2423 salvi
444 2389 525 2421 facti
543 2400 663 2422 sumus
680 2398 765 2431 etc.,
797 2390 832 2423 id
851 2396 920 2430 est,
948 2388 1105 2422 Ecclesia

116 2443 153 2475 in
177 2440 243 2475 hac
267 2442 337 2474 vita
363 2437 479 2473 adhuc
504 2446 554 2473 est
577 2440 771 2480 imbecilla,
798 2448 831 2475 et
855 2441 991 2483 maguis
1012 2441 1105 2473 cala-

116 2493 298 2526 mitatibus
324 2502 499 2536 oppressa.
552 2489 649 2524 Inter
673 2489 736 2524 has
754 2499 870 2536 sperat
886 2499 1003 2525 tamen
1021 2504 1105 2524 con-

116 2545 351 2578 servationem
368 2549 401 2576 et
417 2541 676 2575 liberationem.

116 2608 249 2638 arcem,
275 2595 310 2627 id
336 2601 405 2634 est,
433 2594 545 2637 ipsam
564 2593 854 2637 promissionem,
881 2606 947 2638 qna
967 2601 1105 2626 susten-

117 2647 295 2681 tabantur.
348 2644 394 2678 Et
418 2644 600 2677 manifeste
624 2644 762 2688 inquit,
788 2656 823 2676 se
842 2645 1106 2685 annunciando,

120 2697 155 2731 id
179 2705 247 2739 est,
275 2696 536 2742 praedicatione
557 2695 742 2738 Evangelii
766 2695 922 2740 duplicia
944 2696 1104 2729 redditu-

622 107 1034 146 COMMENTARIUS
1064 108 1112 143 IN
1140 106 1457 144 PROPHETAM
1484 107 1794 145 ZACHARIAM.

1130 1689 1132 1699 ¹
1160 1684 1251 1704 [lem.

980 2132 1103 2166 Dulcis
1131 2159 1132 2166 ,

727 2542 829 2576 Iubet
842 2550 956 2577 autem
974 2542 1103 2575 intueri
1132 2562 1134 2568 ν

2083 110 2157 145 998

1167 207 1246 228 rum
1280 207 1374 236 esse,
1405 196 1441 229 id
1475 202 1543 236 est,
1578 195 1752 229 iusticiam
1782 202 1814 229 et
1837 195 1945 229 vitam
1970 203 2158 239 aeternam,

1167 247 1222 279 vel
1245 246 1392 289 gratiam
1417 254 1449 280 et
1474 248 1627 284 donum,
1656 247 1744 280 sicut
1767 254 1798 280 et
1816 245 1909 280 Esai.
1927 246 1987 281 40.
2012 248 2154 281 dicitur:

1168 295 1313 340 Accepit
1331 298 1373 329 de
1390 309 1496 329 mann
1516 296 1660 330 Domini
1680 298 1846 341 duplicia,

1268 347 1428 392 Sequens
1457 348 1581 381 concio
1608 349 1767 392 loquitur
1791 350 1834 382 de
1859 349 2066 383 collectione
2088 348 2156 383 Ec-

1165 399 1289 432 clesiae
1313 411 1353 431 ex
1373 398 1511 431 Iudaeis
1527 405 1558 432 et
1576 399 1750 442 gentibus.
1802 399 1955 444 Lapides
1971 400 2082 434 sancti
2098 413 2156 434 ac-

1165 450 1445 484 cumulabuntur
1482 461 1588 492 super
1624 456 1772 490 terram,
1815 451 1850 483 id
1884 458 1953 492 est,
1995 453 2157 495 speculae

1165 509 1304 535 sanctae
1328 501 1610 539 constituentur,
1640 500 1673 532 id
1701 507 1769 540 est,
1796 500 1990 542 Ecclesiae,
2016 503 2052 535 in
2077 503 2156 548 qui-

1164 553 1229 585 bus
1253 553 1431 585 docebunt
1454 550 1618 595 Apostoli
1644 557 1676 584 et
1700 551 1761 583 alii
1780 553 1913 587 Sancti.
1967 553 2010 586 Et
2033 551 2155 586 Evan-

1164 603 1244 646 gelii
1261 616 1298 636 ac
1313 604 1489 636 donorum
1506 602 1695 645 descriptio
1709 609 1768 641 est,
1791 615 1868 635 cum
1883 603 2014 647 inquit:
2042 601 2154 638 Bona

1165 652 1354 687 Ecclesiae
1379 664 1448 686 esse
1462 652 1697 700 frumentum
1722 650 2011 693 adolescentum,
2047 659 2077 687 et
2102 655 2155 687 vi-

1164 718 1250 738 num
1275 704 1493 751 germinans
1519 702 1696 748 virgines,
1732 704 1764 736 id
1794 711 1859 743 est,
1894 704 2048 738 Ecclesia
2074 719 2156 750 pro-

1163 758 1367 801 pagabitur:
1397 763 1430 790 et
1451 756 1553 789 multi
1571 755 1761 798 gignentur
1777 755 2018 789 adolescentes
2035 764 2065 789 et
2084 757 2156 790 vir-

1162 808 1277 851 gines,
1304 807 1338 840 id
1365 814 1432 845 est,
1461 806 1613 839 animosi
1638 812 1668 838 et
1688 806 1789 837 fidem
1811 806 2052 849 incorruptam
2071 809 2155 841 reti—

1164 866 1298 894 nentes.
1352 858 1555 902 Gignentur
1577 865 1691 890 autem
1720 869 1791 889 non
1812 858 2063 900 propagatione
2079 871 2154 891 car-

1162 911 1254 951 nali,
1290 911 1348 943 sed
1383 909 1464 955 quia
1498 920 1559 953 per
1591 920 1710 941 vocem
1737 907 1921 951 Evangelii
1947 908 2059 942 Filius
2084 910 2152 943 Dei

1161 962 1226 995 erit
1250 961 1370 994 efficax
1396 961 1432 993 in
1459 960 1528 999 eis,
1556 967 1590 993 et
1613 959 1835 993 confirmabit
1859 971 1917 991 eos
1935 959 2071 1003 Spiritu
2091 973 2153 995 suo

1161 1019 1293 1046 sancto.

1545 1103 1682 1157 Caput
1712 1103 1767 1144 X.

1264 1186 1506 1222 Concionatur
1531 1187 1574 1219 de
1598 1186 1807 1219 collectione
1830 1184 2006 1218 Ecclesiae
2030 1198 2069 1218 ex
2095 1185 2153 1220 lu-

1161 1239 1255 1271 daeis
1288 1246 1320 1272 et
1343 1238 1527 1281 gentibus,
1561 1244 1594 1270 et
1616 1238 1810 1271 miscentur
1834 1234 2061 1280 reprehensio
2086 1237 2153 1270 im-

1161 1290 1300 1332 piorum
1320 1290 1617 1332 gubernatorum,
1645 1300 1750 1331 super
1769 1294 1940 1331 pastores:
1971 1287 2084 1322 Iratus
2102 1296 2152 1322 est

1160 1341 1260 1373 furor
1277 1352 1374 1373 meus
1391 1347 1455 1374 etc.

1531 1429 1668 1484 Caput
1698 1429 1776 1470 XI.

1260 1516 1460 1550 Praedictio
1486 1522 1537 1549 est
1560 1513 1810 1548 destructionis
1836 1513 1946 1548 totius
1969 1514 2068 1556 regni
2087 1526 2152 1558 po-

1161 1569 1246 1602 litici
1274 1567 1498 1602 ludaeorum.
1565 1566 1715 1600 Causam
1742 1578 1825 1598 vero
1847 1565 1962 1610 inquit
1988 1577 2059 1598 esse
2083 1566 2151 1597 im-

1159 1621 1321 1664 pietate-n
1341 1621 1617 1661 gubernatorum
1637 1624 1668 1650 et
1688 1617 1830 1660 populi,
1855 1625 1887 1650 et
1904 1616 2026 1650 intexit
2043 1616 2151 1648 visio-

1305 1669 1365 1704 Ait
1386 1670 1517 1702 Filium
1534 1668 1600 1701 Dei
1623 1675 1797 1712 pastorem
1824 1667 1958 1707 dicere,
1986 1667 2150 1700 sumsisse

1159 1724 1201 1755 de
1232 1723 1319 1755 duas
1351 1722 1486 1764 virgas,
1523 1732 1671 1764 quarum
1696 1720 1804 1751 altera
1828 1720 2008 1751 nominata
2036 1719 2150 1752 fuerat

1158 1774 1329 1812 suavitas,
1356 1773 1463 1805 altera
1484 1771 1690 1804 nominatur
1708 1776 1918 1810 vastatores,
1946 1771 1979 1801 id
1998 1776 2058 1810 est,
2086 1769 2149 1801 ali-

1159 1824 1318 1870 quandiu
1344 1822 1539 1866 gubernavi
1563 1833 1625 1855 vos
1648 1821 1823 1861 suaviter,
1859 1821 1940 1864 quia
1967 1832 2050 1853 vero
2075 1832 2148 1853 non

1158 1875 1442 1918 obtemperastis,
1470 1879 1667 1918 sequuntur
1683 1883 1830 1915 poenae,
1857 1871 2071 1904 dilaceratur
2088 1883 2149 1914 pa-

1158 1927 1223 1960 tria
1243 1939 1260 1959 a
1280 1926 1400 1959 multis
1417 1924 1664 1957 vastatoribus.
1718 1921 1813 1955 Dicit
1832 1928 1899 1954 tres
1918 1929 2072 1965 pastores
2088 1923 2150 1955 de-

1160 1979 1247 2011 letos
1265 1988 1354 2015 esse,
1382 1975 1534 2018 Regem,
1563 1974 1787 2007 Sacerdotem
1807 1979 1839 2006 et
1859 1971 2053 2016 Principes.

1260 2027 1384 2061 Postea
1401 2027 1570 2070 exprobat
1587 2025 1653 2068 eis,
1680 2025 1774 2069 quod
1792 2025 1879 2056 adeo
1895 2024 1998 2056 vilem
2018 2025 2149 2057 ducant

1159 2091 1231 2112 csse
1260 2076 1355 2112 hunc
1386 2084 1558 2122 pastorem
1583 2076 1714 2109 Filium
1738 2074 1824 2118 Dei,
1859 2083 1897 2108 ut
1921 2075 2149 2108 vendiderint

1159 2144 1238 2164 eum
1259 2130 1307 2162 30
1330 2129 1514 2173 argenteis.
1576 2126 1672 2160 Haec
1697 2127 1785 2159 visio
1810 2126 1847 2158 in
1871 2137 1997 2169 genere
2014 2126 2148 2168 signifi-

1159 2189 1231 2221 cat,
1256 2183 1350 2226 quod
1370 2192 1475 2224 parva
1493 2181 1587 2213 lucra
1606 2178 1802 2212 anteferant
1820 2177 1916 2215 Deo,
1945 2183 1977 2209 et
1994 2177 2148 2210 serviant

1161 2234 1296 2276 ventri,
1326 2240 1355 2265 et
1378 2240 1497 2265 tamen
1522 2237 1639 2275 postea
1660 2230 1696 2262 in
1714 2229 1874 2272 passione
1891 2226 2023 2261 Christi
2043 2239 2148 2260 even-

1159 2292 1214 2318 tus
1238 2284 1447 2327 simpliciter
1470 2281 1632 2325 congruit
1655 2292 1734 2313 cum
1758 2277 1813 2312 his
1829 2279 1965 2319 verbis,
1994 2290 2071 2312 cum
2089 2277 2148 2312 Iu-

1159 2337 1220 2369 das
1239 2333 1420 2368 Christum
1439 2334 1488 2369 30
1507 2331 1679 2376 argenteis
1697 2330 1869 2364 vendidit.

1260 2386 1446 2419 Postremo
1464 2385 1606 2417 additur
1625 2381 1816 2426 praedictio
1835 2382 1878 2413 de
1893 2380 2001 2413 stulto
2019 2387 2052 2413 et
2070 2392 2150 2423 per-

1158 2438 1294 2471 nicioso
1319 2444 1457 2482 pastore
1481 2443 1512 2469 et
1530 2436 1572 2468 de
1589 2445 1700 2478 poena
1718 2432 1848 2474 ipsius,
1875 2438 1913 2464 ut
1931 2438 2015 2464 tunc
2032 2431 2149 2464 domi-

1159 2490 1232 2523 nati
1265 2496 1347 2522 sunt
1378 2486 1557 2520 Pharisaei
1589 2492 1620 2517 et
1647 2482 1864 2522 Sadducaei,
1898 2488 1930 2515 et
1964 2482 2147 2527 aliquanto

1161 2547 1239 2584 post
1263 2539 1366 2572 deleti
1393 2546 1483 2572 suut.
1539 2535 1589 2569 lta
1613 2536 1650 2567 in
1677 2535 1744 2567 fine
1769 2532 1914 2572 mundi,
1939 2533 2003 2565 erit
2023 2534 2059 2566 in
2079 2532 2148 2566 Ec-

1160 2592 1262 2624 clesia
1293 2602 1439 2632 regnum
1475 2587 1623 2631 impium
1656 2593 1689 2619 et
1716 2585 1856 2617 crudele
1879 2581 2088 2618 Antichristi
2117 2591 2149 2617 et

1158 2642 1394 2675 fanaticorum
1419 2640 1623 2679 doctorum,
1650 2637 1745 2682 quod
1764 2636 1906 2669 tandem
1926 2633 2150 2668 horribiliter

1160 2692 1348 2727 delebitur.

1581 2738 1629 2774 63
1645 2734 1664 2753 '⁸
