2379 2948
212 102 284 137 735

217 190 308 222 aere.
360 184 450 219 Nam
478 183 594 217 coelos
618 187 650 214 et
676 180 814 212 aeream
841 177 1022 221 regionem
1046 188 1115 210 una
1142 186 1204 219 ap-

215 237 406 282 pellatione
430 234 607 268 coelorum
633 227 960 274 comprehendunt,
986 234 1027 262 ut
1049 239 1127 260 cum
1150 226 1205 259 di-

215 296 317 324 cunt:
348 287 518 319 Volucres
535 282 636 316 coeli.

319 338 375 372 Ad
402 334 574 370 fallaciam
602 333 733 376 figurae
759 330 928 365 dictionis
952 337 1044 364 recte
1068 340 1203 363 accom-

217 391 407 424 modantur
425 393 457 420 et
475 380 727 431 civaoZoyt'ffl.

371 436 552 482 Quicquid
573 447 646 468 non
663 433 830 474 amisisti,
857 431 976 471 habes,

369 488 514 523 Cornua
532 498 604 519 non
623 485 783 524 amisisti,

369 538 467 585 Ergo
486 548 617 571 cornua
636 534 755 569 habes.

322 598 388 632 Vel
406 599 471 631 sic:

373 648 551 693 Quicquid
573 658 645 679 non
665 645 831 683 amisisti,
860 641 978 683 hahes,

373 700 494 734 Croesi
515 697 657 731 divitias
675 708 749 728 non
767 694 925 731 amisisti,

374 749 469 793 Ergo
486 748 606 783 Croesi
627 746 770 779 divitias
786 744 903 778 habes.

323 802 419 844 Nego
438 798 725 843 consequentiam
741 824 749 835 ,
777 803 809 830 et
825 796 913 829 ratio
931 802 991 835 est,
1020 794 1101 839 quia
1120 791 1210 828 ἀκυ-

222 851 374 901 ρολογία
405 853 441 884 in
474 851 582 883 verbo
619 848 785 887 amisisti,
820 847 902 880 facit
934 846 1210 888 ambiguitatem.

223 907 340 941 Maior
367 910 511 947 propter
534 896 785 946 ἇκύρολογιάν
808 904 858 931 est
875 897 975 930 salsa.
1029 896 1210 939 Significat

222 958 314 991 enim
338 953 421 988 hoe:
451 951 628 996 Quicquid
658 962 731 982 non
759 949 924 987 amisisti,
952 948 1024 979 sive
1044 947 1080 979 id
1100 947 1211 987 affuit,

222 1009 294 1042 sive
326 1017 399 1039 non
432 1004 554 1043 affuit,
588 1002 624 1034 id
655 999 780 1040 habes,
815 999 986 1044 Sequitur
1017 1010 1098 1040 ergo
1125 998 1210 1030 salsa

223 1058 413 1093 conclusio.

343 1140 346 1142 .
374 1107 470 1141 Deus
490 1104 622 1148 inquit:
652 1100 727 1145 Ego
747 1101 935 1139 indui-alio,

376 1156 469 1200 Ergo
493 1155 586 1188 Deus
607 1160 657 1186 est
676 1164 776 1186 causa
798 1153 938 1197 peccati,

324 1209 420 1251 Nego
447 1204 753 1250 consequentiam,
782 1212 814 1237 et
839 1204 928 1237 ratio
956 1209 1025 1240 est,
1055 1201 1135 1245 quia
1164 1207 1213 1233 est.

224 1256 450 1306 ἄκυρολογία
484 1258 520 1289 in
552 1256 678 1289 verbo:
723 1255 919 1294 indurabo,
963 1261 993 1287 et
1031 1252 1214 1295 significat,

223 1316 335 1347 sinam
355 1312 549 1344 durescere.

635 1394 806 1425 Accentus.

327 1452 573 1488 Recensentur
599 1449 636 1480 in
663 1446 728 1480 hoc
754 1447 857 1480 titulo
876 1446 1051 1489 exempla,
1080 1446 1116 1477 in
1135 1445 1215 1489 qui-

225 1509 292 1541 bus
324 1502 536 1545 ambiguitas
562 1499 676 1533 oritur
705 1510 744 1530 ex
769 1504 936 1537 accentu,
971 1494 1215 1540 diphthongis,

226 1565 286 1591 aut
302 1563 399 1599 gestu
417 1550 733 1598 pronunciationiS.
778 1547 830 1581 De
849 1545 1082 1591 diphthongis
1099 1559 1214 1579 exem-

226 1610 326 1651 plum
352 1610 539 1638 venustum
565 1601 745 1634 recitatur:
781 1597 871 1632 Cum
896 1598 1090 1641 imperator
1115 1597 1214 1630 Hen-

226 1660 321 1693 ricus
338 1651 634 1698 Lucelpurgensis
658 1662 730 1682 non
753 1649 873 1692 procul
895 1659 911 1680 a
931 1648 1094 1681 Bononia
1116 1660 1214 1691 prae-

226 1710 349 1744 teriret
374 1717 486 1739 arcem
516 1702 692 1748 quandam
718 1699 895 1744 propriam
917 1698 984 1731 viri
1003 1699 1153 1738 nobilis,
1182 1704 1215 1731 et

228 1758 386 1806 quaestio
408 1763 502 1790 mota
527 1759 633 1793 esset,
660 1763 704 1784 an
728 1763 765 1783 ea
788 1762 848 1783 arx
871 1749 975 1782 etiam
993 1749 1215 1793 imperatoris

229 1818 336 1848 esset,
363 1809 432 1841 duo
452 1802 698 1840 Iurisconsulti
723 1802 813 1835 inter
841 1812 874 1833 se
898 1801 1095 1841 certabant,
1124 1811 1214 1845 quo-

228 1874 306 1896 rum
333 1859 420 1892 alter
443 1856 671 1894 defendebat,
698 1859 789 1886 recte
807 1852 894 1892 dici,
922 1852 1040 1884 omnia
1061 1863 1131 1884 esse
1148 1851 1214 1883 im-

228 1910 418 1958 peratoris,
454 1908 557 1940 etiam
583 1904 743 1950 proprias
771 1903 951 1936 facultates
979 1903 1213 1946 privatorum:

230 1965 320 1997 alter
343 1966 504 1999 econtra,
530 1966 808 2000 unumquenque
828 1954 1033 1987 facultatum
1053 1953 1215 1997 propria-

229 2026 308 2048 rum
333 2011 519 2045 dominum
545 2019 634 2045 esse,
667 2018 731 2039 nec
755 2012 845 2038 recte
870 2005 959 2045 dici,
990 2004 1215 2048 Imperatoris

231 2076 303 2099 esse
327 2073 381 2096 res
398 2059 559 2106 proprias
577 2057 807 2102 privatorum.
858 2054 911 2089 De
930 2053 995 2088 hac
1010 2055 1216 2100 quaestione

231 2127 310 2150 cum
344 2112 406 2146 diu
430 2115 637 2148 certassent,
676 2107 817 2140 tandem
843 2106 1089 2150 imperatorem
1118 2105 1217 2139 Hen-

231 2168 346 2201 ricum
365 2163 517 2197 iudicem
536 2160 688 2198 faciunt,
717 2165 749 2191 et
765 2157 948 2196 convenit,
972 2163 1009 2189 ut
1026 2168 1135 2201 equus
1153 2158 1217 2190 do-

232 2223 378 2251 naretur
409 2212 553 2251 victori,
595 2210 694 2243 cuius
725 2208 881 2253 precium
914 2208 1062 2240 solveret
1095 2209 1218 2242 victus,

233 2268 430 2312 Imperator
446 2275 525 2297 cum
542 2261 743 2295 Bononiam
761 2259 940 2299 rediisset,
969 2258 1219 2302 pronunciavit

459 94 667 133 SCRIPTA
696 92 772 128 PH.
801 88 916 126 MEL.
946 88 1013 125 AD
1038 88 1164 124 HIST.
1190 87 1334 126 PROF.
1361 88 1427 124 ΕΤ
1456 86 1647 125 PHILOS.
1675 87 1995 126 SPECTANTIA.

233 2326 324 2354 recte
343 2316 433 2356 dici,
460 2314 577 2348 omnia
595 2323 666 2345 esse
683 2310 924 2355 imperatoris,
950 2316 989 2342 ut
1006 2321 1106 2353 saepe
1125 2309 1219 2342 iudi-

235 2381 290 2404 ces
306 2368 373 2403 sibi
391 2366 476 2411 ipsis
492 2363 739 2399 blandiuntur.
790 2360 903 2395 Datus
922 2367 971 2394 est
986 2360 1094 2402 igitur
1109 2372 1218 2405 equus

235 2420 373 2453 victori.
426 2418 494 2451 Sed
518 2415 620 2449 faceti
645 2411 807 2447 homines
831 2409 1126 2455 reprehendentes
1148 2412 1218 2443 ini·
1243 2442 1245 2465 ἱ

236 2482 341 2516 quam
366 2467 593 2506 sententiam,
620 2466 724 2508 vulgo
749 2461 845 2496 hunc
869 2463 983 2496 iocum
1003 2470 1219 2506 sparserunt:
1244 2472 1245 2509 ᾗ

237 2521 338 2555 Alter
360 2518 543 2562 respondit
569 2528 738 2562 aequum,
766 2515 823 2547 sed
850 2514 937 2547 alter
956 2511 1061 2546 habet
1080 2525 1220 2558 equum.
1243 2535 1246 2588 ἑ

238 2571 367 2605 Gestus
390 2569 492 2602 etiam
516 2569 552 2601 in
576 2566 871 2612 pronunciatione
890 2564 1079 2598 sententias
1099 2571 1220 2605 mutat,
1244 2599 1246 2618 ι

236 2630 275 2656 ut
298 2622 335 2654 in
358 2619 489 2659 ironia,
522 2618 608 2652 Cum
633 2617 840 2651 affirmativa
863 2616 1023 2649 oratione
1046 2615 1220 2658 significa·
1244 2633 1246 2681 Ι

236 2683 315 2707 mus
339 2671 553 2714 negativam,
583 2676 641 2702 aut
666 2675 819 2702 econtra.
874 2666 968 2700 Inest
990 2667 1083 2700 enim
1108 2667 1220 2700 inter·
1244 2685 1246 2702 ι

1243 2356 1245 2395 ,“
1271 2361 1390 2394 videre
1414 2367 1676 2404 praeceptorum
1703 2360 1828 2396 fontes.

2165 91 2241 126 736

1254 175 1388 219 rogatio
1420 175 1458 208 in
1483 174 1619 218 ironia,
1654 181 1753 218 gestu
1777 181 1811 208 et
1835 176 1936 209 vultu
1961 176 2159 219 significans
2185 189 2241 211 re-

1254 224 1526 271 prehensionem
1538 251 1548 267 ,
1577 232 1616 259 ut
1632 225 1668 259 in
1689 237 1799 269 agone
1816 223 1965 260 Christi:
1992 225 2155 261 Dormite
2172 228 2240 262 iam

1256 284 1289 310 et
1318 277 1544 322 requiescite,
1579 288 1639 310 seu
1671 277 1834 310 dormitis
1865 276 1935 309 iam
1959 283 1993 310 et
2015 278 2242 323 requiesciti5‚

1256 328 1355 373 quasi
1380 329 1488 362 dicat:
1517 327 1612 362 Num
1637 328 1675 360 in
1695 325 1763 362 hoc
1779 327 1942 372 'periculo
1962 334 2058 361 tanta
2076 330 2241 363 securitas

1257 386 1307 413 est
1329 379 1550 420 animorum,
1576 386 1616 413 ut
1636 379 1792 412 dormire
1814 378 1980 423 possitis?
2030 377 2134 412 Nunc
2148 381 2241 414 enim

1256 429 1407 463 maxime
1429 431 1649 474 vigilandum
1673 436 1758 465 erat.
1810 428 1875 464 Est
1899 430 1991 462 enim
2012 427 2241 473 reprehensio

1257 480 1453 514 securitatis
1479 488 1511 515 et
1534 481 1786 525 negligentiae,
1811 493 1883 515 non
1911 481 2016 513 modo
2040 480 2137 513 illius
2154 488 2243 515 tem-

1258 532 1373 574 poris,
1410 533 1466 565 sed
1498 532 1602 566 etiam
1635 531 1740 566 huius
1768 532 1914 566 ultimae
1944 538 2083 565 nostrae
2109 532 2245 566 aetatis.

1258 579 1305 614 Et
1331 582 1474 615 deinde:
1511 582 1606 625 Quid
1634 590 1683 617 est
1707 583 1859 617 veritas?
1918 582 2007 616 Nam
2028 582 2136 616 iudex
2162 595 2245 627 pro-

1260 629 1398 677 phanus
1432 634 1548 666 omnia
1576 634 1612 666 in
1638 634 1869 678 religionibus
1893 633 2052 667 fabulosa
2079 644 2151 666 esse
2174 634 2246 666 exi-

1259 683 1395 722 stimat,
1429 695 1493 716 nec
1517 685 1729 717 turbandam
1753 697 1824 718 esse
1847 685 2157 730 tranquillitatem,
2190 685 2246 717 in-

1261 734 1452 779 quisitione
1478 735 1656 776 veritatis,
1685 747 1789 780 quam
1814 748 1886 769 non
1902 747 2002 780 posse
2020 735 2172 768 inveniri
2190 747 2247 768 ar-

1261 785 1422 819 bitratur.
1475 785 1594 828 Quare
1619 793 1651 819 et
1677 798 1772 819 nunc
1788 798 1927 831 quoque
1946 787 2154 820 deridentur
2172 793 2247 819 stu—

1261 836 1349 869 diosi
1383 836 1556 877 veritatis,
1591 838 1637 869 ita
1670 837 1705 869 in
1732 834 1788 869 his
1815 837 1931 870 verbis
1958 837 2092 871 ironica
2117 837 2247 870 derisio

1262 894 1327 920 est:
1363 886 1459 929 Quid
1491 895 1541 921 est
1571 888 1720 921 veritas?
1787 886 1968 921 Recenseo
2002 889 2040 920 in
2071 886 2138 921 hoc
2171 889 2247 921 loco

1262 938 1365 972 etiam
1393 938 1483 972 dicta
1507 941 1728 984 μιλιιητικᾱς,
1758 950 1839 971 nam
1867 939 1903 971 in
1930 936 1986 971 his
2007 950 2146 983 quoque
2168 950 2248 971 sen-

1261 989 1369 1023 tentia
1402 995 1499 1031 gestu
1525 996 1699 1034 mutatur,
1738 997 1770 1023 et
1796 990 1904 1024 lector
1929 1001 2001 1022 non
2026 989 2250 1022 animadver-

1262 1047 1340 1073 tens
1372 1040 1599 1074 mutationem
1632 1052 1799 1084 personae
1824 1041 2021 1085 loquentis,
2065 1040 2249 1084 decipitur,

1263 1090 1425 1135 Suntque
1445 1092 1661 1125 admonendi
1683 1092 1858 1130 iuniores,
1886 1098 1925 1125 ut
1941 1092 1977 1124 in
1997 1091 2154 1136 qualibet
2170 1100 2250 1124 o'ra-

1263 1142 1360 1175 tione
1390 1139 1457 1174 hoe
1489 1143 1679 1176 discrimen
1705 1143 1947 1183 considerent,
1982 1154 2070 1187 quae
2092 1142 2249 1175 membra

1263 1193 1335 1226 sint
1364 1194 1576 1228 asseveratio
1603 1206 1663 1227 seu
1688 1194 1871 1238 dispositio
1895 1193 2073 1233 docentis,
2106 1200 2138 1226 et
2162 1205 2250 1238 quae

1263 1251 1443 1287 ponantur
1458 1245 1638 1279 recitative
1653 1273 1660 1286 ,
1688 1245 1722 1278 id
1741 1253 1810 1286 est,
1836 1256 1924 1290 quae
1939 1250 2083 1278 narrent
2100 1243 2250 1277 aliorum

1264 1295 1355 1328 dicta
1384 1301 1444 1328 aut
1468 1297 1576 1337 sacta,
1609 1304 1648 1330 ut
1671 1294 1737 1329 hoc
1762 1296 1893 1330 dictum
1920 1295 1956 1328 in
1983 1293 2130 1329 historia
2156 1305 2250 1327 sacra

1265 1346 1443 1379 recitative
1466 1347 1626 1390 ponitur:
1655 1346 1753 1381 Reus
1777 1353 1828 1378 est
1849 1346 1984 1378 mortis.
2038 1344 2097 1378 Sic
2120 1343 2157 1376 in
2181 1343 2250 1378 Co-

1264 1396 1479 1428 lossensibus
1507 1396 1686 1429 recitative
1711 1401 1894 1439 ponuntur
1917 1393 2002 1428 haec
2026 1394 2134 1428 dicta:
2169 1394 2249 1428 Non

1265 1446 1427 1488 attingas,
1455 1458 1527 1479 non
1544 1454 1669 1489 gustes,
1698 1459 1767 1479 non
1784 1452 1986 1482 contrectes.
2027 1444 2123 1478 Haec
2139 1458 2250 1478 mem-

1265 1497 1327 1530 bra
1353 1508 1431 1530 cum
1449 1496 1581 1531 Paulus
1605 1497 1745 1537 recitet,
1773 1504 1941 1541 tanquam
1965 1496 2121 1540 exempla
2140 1497 2252 1530 tradi-

1265 1548 1423 1588 tionum,
1452 1559 1538 1592 quas
1558 1545 1806 1592 reprehendit,
1835 1553 1951 1580 tamen
1972 1546 2081 1592 aliqui
2101 1547 2252 1580 oscitan-

1266 1605 1315 1631 tes
1350 1605 1560 1631 enarrarunt
1591 1606 1762 1643 tanquam,
1788 1597 1891 1632 Pauli
1922 1603 2119 1642 praecepta.
2183 1597 2252 1630 Hic

1266 1661 1365 1682 error
1396 1649 1593 1693 corruptela
1627 1656 1678 1682 est
1710 1649 1817 1682 totius
1845 1648 2106 1693 disputationis.
2169 1647 2251 1682 Ideo

1267 1700 1497 1732 discernenda
1529 1707 1611 1733 sunt
1644 1700 1735 1732 dicta
1764 1701 1970 1744 μιμητικῶς
2000 1699 2044 1732 ab
2077 1711 2252 1732 assevera-

1266 1750 1361 1783 tione
1379 1750 1546 1783 docentis.
1601 1749 1638 1784 Si
1659 1751 1738 1795 quis
1756 1757 1871 1783 autem
1888 1751 2023 1784 mavult
2041 1750 2123 1784 talia
2139 1757 2250 1783 errata

1266 1802 1302 1834 in
1329 1801 1433 1834 aliam
1455 1801 1651 1842 fallaciam,
1679 1808 1717 1834 ut
1743 1813 1846 1845 supra
1870 1801 1906 1834 in
1924 1801 2109 1844 ambigua,
2137 1808 2252 1834 trans-

1266 1853 1375 1892 ferre,
1410 1853 1491 1897 quia
1518 1852 1668 1885 stolidus
1692 1852 1801 1885 lector
1825 1864 1896 1885 non
1922 1853 2034 1893 videt,
2062 1863 2149 1897 quae
2174 1864 2252 1896 per-

1269 1915 1352 1936 sona
1373 1903 1556 1948 loquatur,
1585 1915 1657 1936 non
1678 1915 1847 1947 repugno.

1451 2022 1669 2062 Fallaciae
1700 2026 1819 2062 extra
1846 2022 2076 2062 dictionem.

1370 2105 1449 2138 Non
1475 2106 1669 2138 existiment
1700 2105 1856 2138 iuniores
1882 2103 1965 2138 haec
1992 2114 2172 2151 praecepta
2200 2114 2251 2140 te-

1270 2169 1363 2190 mere
1386 2157 1460 2189 sine
1484 2157 1575 2189 veris
1599 2157 1711 2190 causis
1727 2157 1854 2190 tradita
1873 2168 1962 2195 esse,
1988 2157 2076 2191 sicut
2095 2158 2129 2190 in
2149 2159 2252 2198 ludis,

1269 2209 1306 2240 in
1331 2208 1423 2247 alea,
1452 2208 1485 2240 in
1516 2208 1743 2247 latrunculis,
1769 2208 1805 2239 in
1831 2208 1928 2247 talis,
1955 2209 2102 2242 arbitrio
2125 2209 2250 2242 luden-

1270 2259 1356 2292 tium
1379 2259 1468 2302 leges
1490 2258 1599 2291 factae
1623 2265 1703 2290 sunt
1718 2286 1726 2295 ,
1755 2270 1816 2291 nec
1834 2266 1914 2292 sunt
1934 2271 1972 2291 ex
1992 2267 2116 2292 natura
2134 2272 2247 2292 rerum

1270 2317 1403 2343 sumtae
1433 2321 1565 2344 causae.
1625 2308 1773 2343 Prodest
1803 2317 1916 2343 autem
1949 2311 1991 2342 ad
2023 2310 2249 2343 iudicandum

1882 2360 2000 2403 Quare
2028 2359 2093 2393 hoc
2113 2361 2188 2393 loco
2208 2362 2250 2393 de

1271 2412 1418 2445 consilio
1435 2410 1636 2444 Aristotelis
1658 2424 1764 2455 pauca
1784 2411 1966 2449 adiiciam,
1994 2412 2087 2456 quod
2106 2411 2141 2443 in
2162 2423 2250 2444 enu-

1270 2463 1465 2496 meratione
1492 2463 1714 2508 sequentium
1746 2463 1964 2496 fallaciarum
1989 2469 2125 2495 secutus
2150 2463 2250 2496 vide-

1270 2521 1340 2548 tur.
1403 2512 1490 2546 Nam
1523 2515 1655 2557 primae
1679 2514 1879 2557 partitionis
1902 2524 2002 2546 causa
2027 2525 2249 2558 nequaquam

1271 2566 1418 2598 obscura
1448 2572 1513 2598 est:
1553 2563 1592 2598 In
1622 2565 1720 2598 omni
1745 2564 1949 2607 deceptione
1971 2564 2057 2596 oriri
2083 2577 2250 2603 errorem,

1271 2623 1330 2649 aut
1360 2627 1399 2648 ex
1429 2627 1553 2659 genere
1584 2616 1772 2655 sermonis,
1810 2621 1868 2647 aut
1891 2625 1931 2646 ex
1956 2614 2069 2650 rebus,
2132 2615 2183 2649 Ac
2209 2617 2250 2648 de

1273 2667 1461 2701 verborum
1502 2674 1535 2701 et
1570 2667 1770 2701 orationum
1797 2665 1991 2709 praestigiis
2020 2666 2087 2699 iam
2120 2667 2250 2700 dictum

2372 1102 2375 1114 ι

2372 1135 2375 1156 l

2373 1160 2376 1190 ἶ
