2379 2948
111 94 210 130 1321

104 179 257 219 aiones,
293 180 353 212 sed
378 179 629 224 promissiones
655 180 697 213 de
721 180 964 214 consolatione
987 192 1026 215 ac
1049 181 1094 213 li-

102 229 286 265 beratione
305 230 565 274 intelligantur,
594 238 631 264 ut
647 232 779 265 dictum
798 238 858 265 est.

153 310 189 345 A
214 311 455 348 misericorde.

202 379 299 414 Haec
326 381 498 425 particula
521 387 572 415 est
599 381 787 428 praecipua
807 380 937 415 Psalmi
955 381 1092 422 concio,

102 438 135 466 et
151 431 293 475 proprie
310 438 360 465 est
374 432 586 475 evangelica.
642 431 710 464 Hic
734 432 825 465 clare
844 434 945 466 docet
969 433 1011 465 de
1028 434 1093 465 do-

101 482 212 515 ctrina
233 482 336 522 fidei,
364 489 397 515 et
422 483 465 515 de
490 494 573 516 vera
598 483 775 526 spirituali
800 484 1042 517 consolatione
1060 491 1093 516 et

101 533 253 566 iusticia:
290 533 406 573 iubet,
440 539 479 566 ut
503 545 749 577 agnoscamus,
784 534 897 568 Deum
925 546 997 568 esse
1022 535 1090 567 mi-

100 584 333 623 sericordem,
362 584 604 618 miseratorem
622 592 654 619 et
673 585 816 621 iustum.

738 93 802 128 IX.
855 91 1219 129 COMMENTARII
1248 93 1297 128 IN
1321 91 1561 130 PSALMOS.

202 641 261 676 An
285 655 358 675 non
386 642 491 676 etiam
515 642 648 677 Gentes
674 644 720 677 ita
746 645 902 678 sentiunt
928 646 972 678 de
994 643 1092 678 Deo?
1118 676 1120 679 .

1119 698 1120 701 ’
1148 691 1301 736 proponi
1327 691 1514 734 gratuitam
1532 691 1829 729 misericordiam,
1855 691 1891 723 id
1916 698 1985 731 est,
2013 689 2136 723 remis-

99 693 211 738 Saepe
228 693 312 727 alias
333 694 467 727 dictum
487 701 536 728 est
548 719 556 733 ,
573 695 711 739 quoties
727 694 858 728 Psalmi
875 696 1091 729 concionan-

98 751 156 778 tur
175 745 218 777 de
234 745 495 786 misericordia,
523 746 791 789 intelligendam
809 758 881 780 esse
903 748 1091 790 gratuitam

98 795 396 837 misericordiam,
425 797 632 840 promissam
657 804 800 841 propter
815 795 967 831 hostiam
986 796 1091 831 Chri-

98 853 202 881 stum.
263 845 365 880 Hanc
391 848 607 890 agnitionem
633 849 804 891 gratuitae
830 850 1091 882 misericordiae

98 910 172 930 non
191 895 325 931 habent
345 897 487 931 Gentes.
541 899 611 933 Sed
637 897 742 932 homo
770 901 963 933 secundum
980 900 1089 933 ratio-

98 960 178 981 nem
196 955 332 982 tantum
350 961 389 982 ex
407 950 480 993 lege
497 950 746 991 ratiocinatur,
774 949 869 984 Deus
885 958 935 985 est
953 952 1088 984 miseri-

97 1011 174 1033 cors
190 1000 310 1041 iustis‚
338 1011 399 1043 ego
420 1012 496 1034 sum
515 1001 686 1042 iniustus,
713 1000 808 1046 Ergo
827 1000 923 1036 Deus
939 1014 1013 1035 non
1039 1009 1088 1036 est

97 1062 297 1084 mlsericors
315 1062 398 1095 erga
417 1064 483 1087 me.

198 1107 380 1143 Adversus
409 1107 500 1143 hanc
525 1111 610 1154 legis
634 1111 839 1155 opinionem
858 1111 1091 1144 concionatur

95 1161 282 1204 promissio
306 1161 529 1204 evangelica,
557 1163 654 1207 quod
680 1161 775 1196 Deus
798 1163 905 1205 gratis
933 1164 1090 1205 ignoscat

93 1212 218 1255 nobis,
246 1218 279 1245 et
303 1223 367 1245 nos
395 1213 541 1256 recipiat
560 1220 706 1257 propter
723 1211 920 1247 Christum:
950 1221 983 1247 et
1008 1213 1088 1259 qui-

93 1264 173 1295 dem
192 1263 383 1307 praecipit,
411 1271 449 1297 ut
466 1262 549 1297 huic
567 1264 796 1308 promissioni
813 1266 1016 1305 credamus,
1045 1276 1089 1297 ne

93 1313 208 1348 Deum
226 1314 402 1347 mendacii
418 1326 630 1350 accusemus,

195 1372 279 1406 Ideo
297 1381 330 1408 et
347 1370 404 1406 hic
420 1372 581 1407 Psalmus
597 1372 664 1407 hoc
687 1375 764 1407 loco
792 1374 947 1418 primum
968 1374 1087 1419 requi-

95 1424 142 1458 rit
157 1422 284 1465 fidem,
310 1431 349 1458 ut
365 1430 559 1458 statuamus
581 1424 692 1458 Deum
710 1437 790 1458 vere
815 1437 893 1469 erga
912 1436 976 1458 nos
994 1425 1088 1469 ipsos

93 1475 357 1508 misericordem
385 1487 475 1516 esse,
504 1483 537 1509 et
562 1477 666 1509 nobis
683 1476 881 1519 ignoscere,
909 1489 973 1509 nos
996 1476 1087 1509 reci-

98 1538 181 1570 pere
201 1526 238 1558 in
255 1526 403 1569 gratiam
417 1553 426 1567 ,
454 1534 487 1561 et
502 1539 567 1560 nos
585 1528 674 1560 velle
689 1528 836 1560 salvare.
890 1527 985 1560 Haec
1002 1527 1086 1560 fides

95 1584 146 1611 est
161 1577 370 1622 principalis
389 1578 515 1612 cultus.

195 1643 335 1678 Deinde
351 1642 435 1677 haec
453 1645 550 1686 fides,
575 1657 635 1678 seu
652 1645 785 1688 agnitio
802 1643 886 1686 Dei,
914 1652 965 1679 est
982 1646 1088 1679 uber-

92 1697 180 1730 rima
200 1695 414 1736 consolatio,
446 1695 585 1729 etiamsi
613 1696 776 1730 liberatio
800 1697 994 1740 corporalis
1019 1697 1088 1730 dif-

91 1748 220 1787 fertur,
246 1747 319 1780 imo
343 1746 381 1780 in
409 1747 523 1780 media
548 1754 684 1788 morte,
712 1748 794 1792 quia
821 1745 906 1780 haec
931 1748 1016 1780 fides
1040 1755 1088 1781 est

95 1797 248 1832 incoatio
266 1809 379 1830 novae
396 1798 483 1831 lucis
500 1805 532 1831 et
551 1797 710 1832 iusticiae
728 1799 764 1831 in
782 1799 966 1839 cordibus,
994 1805 1024 1832 et
1043 1799 1088 1831 li-

92 1851 191 1883 berat
207 1861 225 1881 a
245 1855 384 1892 peccato
403 1856 434 1883 et
453 1861 471 1882 a
490 1856 622 1890 morte,
640 1850 730 1883 sicut
749 1850 797 1883 ait
815 1848 965 1883 Paulus:
995 1848 1089 1883 Gra—

94 1901 141 1934 tia
152 1900 237 1940 Deo,
256 1899 317 1945 qui
332 1900 430 1933 dedit
449 1900 553 1933 nobis
571 1900 754 1934 victoriam
773 1912 836 1948 per
856 1900 969 1933 Iesum
980 1898 1085 1934 Chri-

93 1959 204 1992 stum,
232 1951 320 1984 sicut
339 1951 509 1995 scriptum
527 1958 592 1985 est:
622 1950 656 1985 O
677 1964 788 1992 mors,
817 1964 875 1984 ero
893 1964 987 1985 mors
1005 1959 1076 1986 tua.

145 2040 374 2077 stlt'seralore
391 2049 420 2077 et
436 2043 545 2080 iusto.

196 2119 276 2153 Non
295 2125 344 2152 est
361 2130 450 2163 opus
475 2120 654 2154 subtiliter
677 2121 876 2154 discernere
902 2117 986 2154 haec
1005 2121 1088 2162 duo,

93 2171 293 2205 misericors
313 2176 345 2203 et
364 2170 559 2208 miserator.
613 2170 703 2204 Nam
721 2178 871 2217 utraque
891 2184 956 2204 vox
976 2172 1086 2215 signi-

93 2224 190 2263 ficat,
213 2221 321 2265 gratis
338 2221 596 2265 ignoscentem,
625 2222 854 2266 recipientem
873 2223 909 2255 in
927 2224 1087 2266 gratiam,

91 2276 271 2308 iuvantem
290 2279 324 2306 et
341 2272 548 2309 salvantem.
602 2273 672 2309 Sed
691 2274 781 2307 illud
802 2285 890 2318 opus
906 2281 957 2308 est
972 2276 1011 2307 in
1030 2271 1084 2307 his

93 2324 327 2359 concionibus
350 2323 394 2355 de
411 2324 671 2366 misericordia,
700 2324 883 2358 admoneri
908 2325 1086 2366 lectorem,

91 2384 131 2411 ut
152 2374 397 2421 principaliter
421 2374 594 2419 intelligat
618 2377 773 2410 inclusas
789 2388 861 2410 esse
877 2376 1085 2421 promissio-

92 2439 153 2461 nes
173 2428 215 2460 dc
235 2425 442 2459 remissione
461 2434 683 2470 peccatorum
696 2452 705 2466 ‚
733 2435 766 2462 et
785 2427 1084 2462 reconciliatione.

92 2478 201 2518 Item,
236 2483 275 2510 ut
298 2476 427 2510 diserte
449 2479 703 2522 complectatur
725 2479 959 2520 exclusivam,
987 2480 1084 2524 qnod

91 2529 255 2563 videlicet
280 2528 388 2572 gratis
414 2529 597 2562 donentur
623 2536 766 2573 propter
789 2528 994 2571 Christum,
1028 2542 1084 2563 re-

91 2580 210 2614 missio
234 2585 477 2624 peccatorum,
512 2587 545 2614 et
571 2577 767 2614 haereditas
792 2582 885 2615 vitae
911 2588 1084 2615 aeternae.
1107 2602 1109 2612 s

93 2632 180 2665 Nam
217 2629 301 2664 haec
335 2630 427 2665 dicta
455 2632 621 2665 oriuntur
653 2644 693 2665 ex
717 2632 1013 2676 promissionibus
1039 2633 1081 2665 de

2042 96 2058 129 1
2065 95 2138 130 322

1150 180 1235 216 vidi.
1288 177 1388 213 Nihil
1413 180 1507 213 enim
1532 187 1674 225 possent
1698 180 1871 214 affirmare
1889 181 2137 224 conscientiae,

1148 233 1191 265 de
1207 231 1468 270 misericordia,
1496 232 1525 265 si
1543 244 1616 265 non
1634 230 1804 266 haberent
1821 243 2021 276 expressum
2038 233 2136 266 testi-

1147 283 1308 316 moninm
1333 294 1372 315 ac
1399 285 1556 317 verbum.
1616 283 1689 317 Nec
1720 284 1803 317 fides
1826 290 1942 328 posset
1976 284 2134 321 existere,

1148 335 1216 367 nisi
1233 347 1235 349 ’
1251 334 1403 377 gratuita
1438 334 1679 368 misericordia
1709 335 1986 379 intelligeretur,
2023 341 2062 368 ut
2082 334 2136 366 di-

1147 392 1240 419 ctum
1257 391 1318 418 est.

1249 435 1344 469 Haec
1361 447 1500 468 necesse
1515 442 1565 470 est
1581 436 1718 469 moneri
1736 437 1900 470 lectorem
1912 463 1920 477 ‚
1949 443 1981 470 et
1996 435 2137 479 longior

1148 487 1332 531 explicatio
1357 487 1507 530 petenda
1531 493 1581 520 est
1605 499 1645 520 ex
1668 499 1762 520 novo
1789 487 2036 527 Testamento,
2073 487 2135 520 ubi

1148 539 1244 572 locus
1276 539 1319 571 de
1351 538 1599 571 iustificatione
1632 538 1767 582 prolixe
1799 545 1985 579 tractatur,
2029 539 2135 570 modo

1146 596 1185 623 ut
1220 587 1303 622 haec
1330 589 1449 632 regula
1474 600 1610 632 semper
1633 590 1677 623 sit
1708 590 1745 622 in
1769 597 1974 633 conspectu,
2021 589 2056 621 in
2082 586 2136 621 his

1147 640 1378 674 concionibus
1409 641 1452 673 de
1483 639 1743 680 misericordia,
1780 640 1914 685 requiri
1945 640 2067 680 fidem,
2104 646 2136 672 et

1146 743 1281 776 sionem
1304 749 1528 786 peccatorum
1561 748 1593 775 et
1625 741 1950 775 reconciliationem
1982 741 2136 785 promis-

1118 802 1119 807 *
1145 805 1219 827 sam
1244 801 1387 837 propter
1402 791 1595 827 Christum.

1248 844 1316 878 Sed
1337 845 1480 877 additur
1497 843 1667 888 particula
1681 870 1690 884 ,
1712 843 1806 888 quod
1817 840 1924 876 Deus
1939 842 1986 875 sil
2004 841 2136 875 iustus.

1146 896 1252 929 Hanc
1269 895 1541 940 appellationem
1563 895 1722 938 intelligo
1741 895 1918 938 legaliter,
1934 895 2028 939 quod
2040 893 2136 925 Deus

1144 947 1188 980 sit
1213 947 1341 987 iustus,
1378 946 1411 979 id
1444 953 1513 986 est,
1549 946 1771 979 benefaciens
1801 945 1888 990 piis,
1926 951 1959 978 et
1983 944 2135 989 puniens

1144 998 1284 1042 impios.
1336 995 1400 1031 Est
1418 995 1502 1030 haec
1517 997 1649 1040 agnitio
1674 997 1833 1030 iusticiae
1859 996 2048 1030 comitatur
2073 1007 2135 1038 ap-

1145 1048 1414 1093 prehensionem
1439 1049 1719 1089 misericordIae‚
1747 1055 1933 1093 postquam
1959 1047 2052 1079 enim
2082 1057 2136 1078 rc—

1116 1117 1117 1126 1
1144 1099 1323 1132 conciliati
1340 1100 1580 1142 agnoscimus,
1611 1101 1790 1144 quomodo
1808 1099 1954 1144 recipiat
1979 1105 2011 1131 et
2034 1096 2136 1130 iusti-

1116 1162 1118 1181 ξ
1144 1151 1219 1184 ficet
1242 1150 1428 1193 indiguos,
1457 1158 1575 1194 postea
1600 1151 1822 1194 agnoscimus
1850 1162 1929 1183 enm
1961 1147 2136 1182 credenti-

1144 1202 1228 1240 bus,
1262 1213 1349 1246 quos
1376 1201 1519 1245 recipit,
1555 1202 1694 1235 tametsi
1729 1199 1845 1235 adhuc
1879 1207 1961 1234 sunt
1991 1198 2137 1235 infirmi,

1115 1268 1117 1277 ι
1143 1259 1261 1285 tamen
1281 1259 1457 1296 praestare
1473 1252 1628 1296 ingentia
1646 1253 1837 1291 beneficia,
1862 1252 1932 1284 imo
1952 1251 2057 1285 etiam
2081 1249 2137 1281 vi-

1106 2640 1108 2663 s

1143 1310 1213 1336 tam
1231 1310 1425 1337 aeternam:
1454 1310 1487 1337 et
1513 1310 1654 1337 econtra
1679 1303 1901 1347 agnoscimus
1918 1314 1998 1335 eum
2018 1299 2137 1334 horri-

1142 1354 1261 1387 biliter
1277 1354 1379 1387 irasci
1398 1366 1470 1387 non
1491 1355 1734 1396 credentibus,
1761 1353 1947 1399 Epicureis
1968 1359 2000 1386 et
2020 1349 2135 1397 hypo-

1142 1412 1250 1440 critis.

1243 1453 1290 1489 Et
1306 1455 1395 1489 sicut
1410 1467 1484 1488 non
1501 1455 1663 1488 incoatur
1681 1456 1755 1496 lex,
1786 1455 1855 1488 nisi
1881 1461 1960 1499 post
1982 1453 2136 1497 agnitio·

1141 1518 1223 1539 nem
1241 1507 1389 1550 gratiae,
1418 1507 1466 1540 ita
1483 1519 1558 1539 non
1575 1507 1746 1540 tribuitur
1762 1505 1837 1540 Deo
1864 1506 1940 1539 laus
1966 1504 2137 1544 iusticiae,

1141 1557 1211 1590 nisi
1237 1564 1315 1602 post
1339 1557 1557 1600 agnitionem
1581 1558 1678 1591 illius
1700 1558 1832 1601 gratiae
1855 1569 1916 1590 seu
1935 1556 2136 1589 misericor-

1141 1609 1233 1641 diae.
1286 1606 1334 1641 Et
1361 1609 1435 1642 sola
1461 1620 1542 1641 vera
1566 1606 1722 1642 Ecclesia
1749 1608 1876 1642 tribuit
1892 1607 1965 1641 Deo
1992 1607 2134 1640 laudem

1142 1659 1312 1692 iusticiae.
1367 1658 1458 1692 Nam
1490 1671 1569 1692 cum
1594 1659 1716 1693 vident
1746 1659 1848 1704 impii
1872 1669 1982 1702 genus
2007 1655 2134 1690 huma-

1142 1722 1229 1743 num
1262 1722 1469 1754 oppressum
1504 1721 1575 1743 esse
1603 1710 1883 1751 calamitatibus,
1916 1721 1980 1742 nec
2012 1708 2135 1741 vident

1142 1772 1298 1802 causam,
1326 1761 1476 1801 scilicet,
1504 1768 1696 1805 peccatum.
1736 1761 1873 1795 Deinde
1890 1761 1994 1794 etiam
2012 1759 2135 1791 vident

1141 1812 1245 1845 bonis
1275 1813 1386 1855 male,
1422 1819 1454 1844 et
1484 1813 1585 1846 malis
1616 1813 1705 1846 bene
1736 1824 1829 1853 esse,
1867 1812 1945 1852 alii,
1971 1811 2136 1843 videlicet

1141 1862 1331 1906 Epicurei,
1357 1863 1513 1906 cogitant
1531 1861 1615 1897 haec
1631 1863 1750 1896 omnia
1768 1875 1867 1904 casu,
1888 1863 1963 1896 sine
1980 1861 2052 1895 ulla
2071 1872 2135 1904 gu-

1141 1914 1351 1947 bernatione
1377 1913 1444 1948 Dei
1468 1914 1645 1959 accidere,
1682 1922 1812 1958 negant
1833 1912 1909 1947 Deo
1935 1924 2038 1946 curae
2065 1923 2135 1944 esse

1141 1963 1332 2005 humanas,
1360 1965 1432 1997 imo
1452 1977 1594 2008 prorsus
1610 1966 1870 2008 immerguntur
1894 1964 2070 2003 tenebris,
2098 1975 2136 1995 ac

1140 2023 1270 2059 negant
1291 2017 1432 2049 tandem
1456 2027 1527 2049 esse
1550 2015 1676 2050 Deum.
1731 2015 1805 2049 Alii
1831 2016 2022 2050 sentientes
2045 2015 2134 2047 iram

1139 2066 1227 2108 Dei,
1261 2074 1301 2101 ut
1327 2067 1430 2107 Saul,
1466 2068 1622 2101 fremunt
1654 2068 1822 2100 adversus
1856 2066 2028 2100 iudicium
2058 2063 2136 2102 Dei,

1140 2118 1294 2162 cogitent
1321 2118 1512 2152 crudeliter
1538 2125 1648 2153 totum
1673 2130 1782 2162 genus
1803 2116 2000 2151 humanum
2027 2115 2134 2148 tantis

1139 2169 1317 2203 aerumnis
1351 2170 1526 2214 opprimi,
1563 2177 1596 2204 et
1627 2169 1831 2214 praesertim
1862 2169 2004 2201 videtur
2038 2167 2134 2199 iniu-

1139 2228 1251 2262 stum,
1280 2223 1374 2266 quod
1392 2221 1496 2254 bonis
1510 2221 1657 2264 indigna
1675 2220 1840 2264 patienda
1858 2226 1951 2253 sunt.

1242 2272 1331 2306 Tale
1354 2279 1405 2306 est
1431 2272 1602 2305 iudicium
1635 2271 1761 2304 mundi
1792 2271 1835 2304 de
1862 2269 1949 2304 Deo.
2013 2268 2132 2311 Quare

1138 2336 1211 2357 non
1225 2324 1301 2357 sine
1318 2324 1416 2367 gravi
1432 2334 1535 2356 causa
1552 2320 1643 2356 hanc
1660 2323 1799 2356 laudem
1810 2320 1877 2355 Dei
1897 2319 2132 2354 addiditPro-

1138 2373 1261 2419 pheta,
1289 2382 1328 2408 ut
1344 2376 1525 2417 ostendat,
1554 2374 1650 2419 quod
1667 2373 1739 2406 sola
1759 2372 1917 2406 Ecclesia
1937 2372 1985 2405 sic
2002 2382 2131 2414 appre-

1137 2424 1272 2460 hendat
1297 2433 1330 2459 et
1360 2433 1525 2468 agnoscat
1551 2424 1687 2467 Deum,
1723 2424 1818 2469 quod
1845 2423 1890 2457 sit
1921 2422 2133 2461 misericors,

1137 2478 1322 2511 miserator
1346 2484 1379 2510 et
1404 2477 1527 2509 iustus.
1578 2475 1668 2509 Nam
1697 2476 1879 2508 credentes
1904 2473 2026 2507 vident
2049 2485 2132 2506 cau-

1136 2541 1230 2569 sam,
1258 2540 1366 2573 quare
1384 2527 1538 2560 mundus
1557 2527 1602 2560 sit
1619 2533 1785 2560 oneratus
1811 2525 1916 2559 tantis
1941 2524 2132 2561 aerumnis,

1136 2580 1267 2613 scilicet
1280 2607 1288 2623 ,
1306 2585 1450 2623 propter
1468 2585 1661 2622 peccatum.
1697 2576 1904 2620 intelligunt
1924 2576 2029 2610 etiam
2048 2586 2132 2607 san-

1135 2638 1209 2665 ctos
1235 2637 1398 2675 oportere
1426 2630 1565 2673 adfligi,
1592 2637 1630 2663 ut
1657 2629 1825 2674 reliquiae
1850 2628 1979 2673 peccati
2007 2625 2131 2659 morti-

90 2681 252 2723 Christo,
279 2692 369 2727 quae
394 2689 475 2717 sunt
501 2683 673 2716 revelatae
698 2683 857 2728 patribus
876 2690 908 2717 et
925 2684 992 2727 ipsi
1008 2682 1079 2717 Da-
1105 2675 1107 2702 l
1134 2682 1294 2718 ficentur,
