2379 2948
191 127 259 161 211

194 209 388 247 invocatio,
417 219 495 240 cum
513 205 673 238 videlicet
703 211 799 234 mens
823 199 970 242 cogitat,
1003 198 1088 242 quid
1114 209 1176 241 pe-
1202 209 1204 244 Ι

196 261 258 298 tis,
293 270 371 291 cum
407 257 503 290 alind
529 255 667 287 evenire
697 263 769 283 non
795 250 920 292 possit,
953 260 1057 293 quam
1080 248 1174 293 quod
1202 249 1203 255 ¹

196 311 314 342 terunt
331 318 452 340 causae
477 305 665 340 secundae,
694 308 726 334 et
752 299 926 344 quidquid
951 299 1068 331 ferunt
1095 310 1175 330 cau-
1201 309 1203 346 2

198 371 254 391 sae
275 358 463 395 secundae,
492 356 524 386 id
551 353 698 385 omnino
725 357 931 383 eventurum
959 349 1014 383 sit.
1067 347 1104 381 Si
1130 348 1176 379 si-

199 416 283 441 nent
298 418 417 440 causae
436 405 625 442 secundae,
652 401 891 443 convalesces,
919 400 945 432 si
963 410 1035 431 non
1050 398 1176 436 sinent,

198 470 269 491 non
289 456 515 489 convalesces.
570 452 664 485 Haec
683 459 733 485 est
753 463 824 483 non
848 451 959 483 solum
978 448 1175 482 Stoicorum
1202 475 1203 497 ¹

200 505 420 549 imaginatiO,
445 504 503 536 sed
521 504 623 536 etiam
647 502 880 546 plurimorum
907 497 1110 535 hominum,
1137 503 1177 529 ut
1202 510 1203 539 j

200 556 476 589 animadvertere
493 554 597 587 multi
614 559 777 596 possunt,
805 563 865 584 sua
884 556 1021 593 pectora
1038 547 1103 591 ipsi
1121 547 1177 578 in-
1201 583 1203 590 Ι

199 605 451 649 trospicientes.
496 603 564 637 Sed
581 604 624 636 ab
640 601 705 635 hoc
722 613 838 635 errore
855 599 1078 633 abducendae
1095 603 1177 630 sunt

199 662 353 695 mentes,
397 664 429 687 et
461 653 696 687 invocationis
728 651 886 684 doctrina
914 648 1121 682 illustranda
1144 654 1177 680 et

200 706 454 750 propugnanda
479 711 538 737 est.
607 704 715 735 Adest
740 701 833 734 Deus
863 699 1024 733 secundis
1055 698 1176 735 causis,

200 768 273 789 non
298 762 337 788 ut
365 755 494 788 stoicus
526 755 629 791 deus,
673 753 732 785 sed
756 758 791 784 ut
818 762 920 793 agens
944 748 1176 784 liberrimum,
1202 779 1204 783 ,

198 806 311 839 multa
340 805 512 847 gubernat
550 804 586 836 in
618 802 860 835 voluntatibus
894 798 1079 832 hominum
1114 809 1175 830 suo
1202 794 1204 843 ξ

200 863 320 895 motu,
358 862 396 887 ut
420 854 578 887 accendit
605 860 636 886 et
660 853 802 885 adiuvat
828 851 996 894 impetum
1020 848 1177 887 Davidis,
1202 845 1204 853 '

201 914 240 939 ut
257 905 501 947 congrediatur
521 916 599 936 cum
617 899 773 936 Goliath.
828 900 878 933 Ita
906 899 1063 944 quotidie
1084 898 1178 930 mnl-
1202 920 1205 959 ἢ

201 964 253 988 tos
280 955 448 988 salutares
472 960 586 986 motus
608 952 776 985 exuscitet
799 951 835 983 in
860 950 997 989 multis,
1032 948 1177 981 materia
1202 963 1205 968 ·

202 1016 259 1038 eos
283 1012 400 1038 motus
423 1016 495 1037 non
524 1004 645 1038 ciente.
697 1001 834 1035 Multae
860 1007 942 1034 sunt
967 1000 1069 1032 etiam
1085 998 1177 1031 mul·
1203 1022 1205 1038 Ι

201 1063 318 1088 torum
335 1055 561 1087 liberationes
580 1054 616 1085 in
634 1052 784 1091 morbis,
812 1052 847 1083 in
867 1050 1024 1093 praeliis,
1052 1056 1084 1081 et
1101 1048 1179 1080 aliis

201 1105 386 1148 periculis,
420 1116 507 1148 quae
529 1115 600 1135 non
625 1103 788 1135 oriuntur
811 1113 829 1132 a
863 1101 974 1132 causis
1005 1098 1177 1131 secundis.
1204 1097 1205 1103 ¹

201 1154 302 1187 Hanc
322 1154 529 1186 sententiam
546 1153 654 1185 multa
675 1151 784 1187 dicta,
809 1161 896 1194 quae
917 1150 958 1181 de
984 1148 1180 1180 invocatio-
1204 1159 1207 1184 ζ

201 1216 245 1236 ne
262 1204 534 1242 concionantur,
562 1202 665 1234 nobis
689 1201 885 1239 inculcant,
913 1199 1091 1231 videlicet:
1121 1197 1179 1229 ln-

200 1266 283 1287 voca
303 1265 357 1285 me
375 1253 411 1284 in
428 1253 483 1285 (lie
500 1252 759 1291 tribulationis,
789 1257 820 1283 et
838 1249 983 1293 eripiam
1003 1256 1044 1282 te.
1073 1247 1180 1280 Item:

201 1303 258 1336 Illi
275 1304 311 1335 in
330 1302 490 1336 curribus
509 1309 541 1335 et
558 1303 595 1334 in
612 1302 730 1346 equis,
757 1312 821 1333 nos
839 1307 953 1333 antem
970 1310 1098 1331 nomen
1117 1299 1180 1330 do·
1206 1333 1208 1348 ;

201 1354 289 1386 mini
305 1352 371 1387 Dei
387 1352 499 1385 nostri
519 1352 772 1386 invocabimus

303 1411 505 1444 Secundum
525 1416 770 1453 argumentum
787 1407 853 1440 hoc
869 1415 934 1439 est:

304 1467 440 1502 Omnes
458 1470 629 1501 secundae
647 1479 768 1500 causae
787 1464 980 1499 necessario
1006 1473 1181 1496 connexae

203 1526 283 1554 sunt
301 1531 378 1552 cum
396 1519 520 1562 prima.

303 1576 397 1620 Ergo
417 1577 509 1609 inter
525 1587 597 1608 sese
614 1575 808 1608 necessario
827 1586 1002 1607 connexae
1019 1580 1110 1607 sunt.

302 1634 530 1678 Respondeo:
560 1633 717 1666 Primum
736 1634 777 1665 ad
796 1632 1021 1671 antecedens,
1047 1631 1183 1665 Omnes

204 1686 375 1719 secundae
402 1685 594 1717 necessario
629 1695 804 1715 connexae
836 1688 916 1715 sunt
950 1694 1026 1714 cum
1060 1681 1209 1724 prima,‘

204 1736 350 1775 scilicet,
379 1742 538 1767 servante
556 1734 761 1766 dissimilem
781 1733 849 1765 vim
868 1733 903 1764 in
921 1732 1009 1766 aliis.
1051 1730 1090 1763 ln
1111 1731 1182 1773 igni

204 1792 315 1818 servat
341 1786 410 1816 vim
446 1784 653 1817 naturaliter
686 1784 828 1825 agendi,
870 1783 906 1814 in
941 1782 1183 1815 voluntatibus

204 1842 315 1868 servat
335 1835 405 1866 vim
427 1835 536 1867 libere
555 1834 697 1876 agendi,
725 1831 791 1865 hoc
817 1839 884 1871 est,
910 1833 1061 1873 eligendi
1088 1832 1184 1864 obie-

204 1892 256 1917 cta
283 1892 473 1917 monstrata
499 1896 515 1916 a
541 1885 694 1923 ratione,
735 1892 793 1916 aut
815 1883 997 1915 reiiciendi
1022 1894 1081 1922 ea,
1125 1888 1184 1914 aut

204 1935 467 1977 suspendendae
484 1933 641 1966 actionis.

307 1991 373 2025 Hic
392 1999 506 2025 autem
526 1992 648 2024 omitto
667 1991 938 2034 disputationem
959 1992 1000 2024 de
1014 1991 1183 2024 libertatis

206 2043 382 2086 gradibus,
436 2041 553 2074 Maior
571 2042 637 2074 fuit
654 2041 812 2080 libertas,
839 2054 916 2074 cum
941 2038 1096 2073 hominis
1121 2054 1183 2073 na—

205 2101 281 2126 tura
302 2093 367 2125 fnit
384 2092 536 2134 integra,
563 2103 656 2123 nunc
674 2091 874 2133 languidior
892 2099 961 2130 est,
989 2093 1048 2123 sed
1068 2099 1183 2123 tamen

206 2144 359 2186 aliquam
386 2153 457 2174 esse
481 2141 701 2184 perspicuum
726 2148 792 2179 est,
821 2141 901 2184 qnia
926 2153 1021 2173 nunc
1046 2154 1184 2185 quoque
1209 2154 1211 2157 ’

206 2193 389 2225 retinenda
408 2199 456 2224 cst
474 2190 558 2224 haec
575 2191 765 2230 sententia,
793 2191 908 2223 Deum
927 2203 996 2223 non
1018 2203 1087 2223 esse
1105 2204 1184 2224 can-

208 2255 278 2275 sam
296 2249 534 2285 peccatorum,
560 2249 599 2274 ut
615 2241 783 2274 scelerum
801 2240 951 2273 Neronis
971 2251 1003 2274 et
1022 2242 1183 2276 aliorum.

308 2299 444 2344 Deinde
469 2301 626 2342 neganda
645 2306 693 2332 est
710 2300 965 2344 consequentia.
994 2298 1072 2332 Non
1091 2301 1183 2332 enim

209 2361 347 2383 necesse
363 2357 411 2382 est
428 2350 624 2382 voluntates
641 2349 828 2392 glutinatas
846 2361 916 2382 esse
934 2362 1011 2382 cum
1028 2351 1183 2390 materia,

210 2400 342 2432 etiamsi
368 2407 400 2432 et
425 2399 518 2442 ipsae
541 2401 737 2432 voluntates
765 2407 798 2433 et
814 2400 970 2432 materia
1002 2401 1182 2442 copulatae
1207 2415 1210 2443 ἦ

212 2456 292 2481 sunt
307 2461 384 2482 cum
402 2449 510 2492 prima
536 2462 656 2489 causa,
684 2458 723 2483 ut
746 2456 825 2482 ante
847 2451 978 2483 dictum
1005 2456 1073 2489 est,
1103 2449 1181 2482 Me-
1206 2458 1209 2495 J

211 2500 326 2531 dicum
344 2499 452 2531 libere
469 2510 586 2540 agere,
613 2507 645 2533 et
664 2501 857 2533 remedium
875 2501 1089 2533 naturaliter.
1135 2499 1181 2534 Et
1205 2500 1209 2551 f

210 2556 325 2581 tamen
355 2556 533 2591 utrunque
564 2561 666 2591 agens
696 2557 853 2583 servatur
883 2563 900 2583 a
930 2552 1040 2594 prima
1068 2563 1179 2583 cansa.
1205 2577 1207 2580 .

211 2598 325 2631 luncti
342 2601 412 2631 dno
431 2598 526 2642 equi,
555 2599 686 2630 etiamsi
703 2602 745 2633 ab
764 2613 834 2633 uno
859 2601 977 2643 auriga
1003 2609 1180 2641 reguntur,
1204 2591 1207 2612 ἵ

209 2656 325 2682 tamen
341 2649 433 2682 inter
449 2659 520 2681 sese
535 2661 607 2681 non
625 2657 705 2682 sunt
728 2652 920 2684 necessario
945 2652 1116 2695 copulati,
1142 2659 1179 2685 ut
1202 2654 1207 2693 1

433 120 639 157 SCRIPTA
668 118 742 153 PH.
769 115 882 150 MEL.
911 112 981 146 AD
1007 111 1133 147 HIST.
1161 109 1304 148 PROF.
1330 109 1395 146 ET
1423 108 1613 144 PHILOS.
1641 108 1960 150 SPECTANTIA.

1206 1401 1209 1412 ³
1235 1397 1272 1422 ut
1288 1389 1382 1422 Deus
1402 1397 1450 1420 est
1469 1391 1676 1429 intelligens.

2129 116 2206 149 212

1229 207 1290 229 suo
1310 196 1386 229 loco
1407 196 1449 228 de
1463 194 1651 238 multiplici
1669 205 1850 228 causarum
1868 197 2089 241 copulatione
2112 198 2206 231 dice-

1228 257 1316 280 mus.
1383 245 1434 278 Ac
1461 245 1578 287 regula
1613 245 1764 277 tenenda
1792 252 1843 278 est
1867 248 2041 280 contraria
2064 247 2205 288 Stoicis,

1228 297 1444 328 voluntatem
1471 293 1625 327 hominis
1657 306 1756 338 posse
1781 307 1853 328 non
1880 297 2120 340 obtemperare
2144 298 2208 331 ob-

1229 345 1326 378 iectis
1367 351 1399 378 et
1436 344 1671 379 inclinationi.
1732 343 1881 379 Etiamsi
1919 345 2108 380 Pausanias
2133 349 2202 381 dux

1228 396 1270 427 ad
1289 394 1424 428 Plateas
1441 402 1602 428 movetur
1618 395 1730 428 forma
1755 396 1909 439 captivae
1933 396 2089 428 mulieris
2105 396 2209 437 Coae,

1229 452 1261 478 et
1279 451 1550 488 temperamento
1573 444 1763 478 inclinatur
1786 447 1829 478 ad
1854 446 2067 490 voluptates,
2093 453 2208 479 tamen

1230 507 1301 527 non
1326 506 1464 528 necesse
1488 502 1538 528 est
1564 494 1779 528 voluntatem
1803 493 1858 528 his
1885 496 2058 529 illecebris
2074 497 2210 529 obtem·
2253 515 2259 519 -

1229 557 1362 588 perare.
1415 544 1484 578 Sed
1498 557 1534 577 re
1561 545 1634 588 ipsa
1660 552 1772 587 potest
1795 547 1979 589 refragari,
2013 547 2102 579 sicut
2128 554 2210 580 tunc

1229 608 1246 627 a
1272 596 1406 638 captiva
1429 594 1501 628 Coa
1528 594 1719 638 abstinuit,
1755 603 1871 639 postea
1899 608 1978 629 vero
2002 608 2021 628 a
2038 595 2209 642 Byzantia

1229 656 1300 677 non
1320 645 1500 678 abstinuit.
1524 642 1750 686 Experientia
1769 645 1875 687 igitur
1893 647 1988 679 testis
2003 653 2062 687 est,
2079 647 2207 679 volun-

1229 702 1314 727 tates
1331 693 1516 728 hominum
1536 705 1636 738 posse
1652 694 1819 737 refragari
1835 696 1976 729 obiectis
1999 704 2031 729 et
2058 697 2209 730 inclina-

1229 753 1327 780 ttoni.

1332 804 1492 838 Tertium
1510 810 1772 847 argumentum,
1802 806 1896 850 quod
1913 813 1960 839 est
1976 805 2210 844 dialecticum,

1229 855 1365 887 facilins
1381 856 1540 889 diluitur.

1333 912 1552 957 Impossibile
1582 924 1633 950 est
1666 917 1750 948 duas
1785 914 2076 948 contradictorias
2105 914 2210 947 simul

1231 974 1302 995 esse
1320 976 1434 1001 veras,
1463 967 1641 1000 autsimul
1662 966 1763 998 salsas
1779 976 1861 997 esse.

1332 1020 1427 1054 Haec
1444 1030 1494 1054 est
1511 1036 1608 1057 vcra:
1638 1023 1736 1057 Paris
1753 1023 1862 1065 rapiet
1879 1021 2064 1056 Helenam.

1334 1078 1426 1123 Ergo
1454 1082 1671 1125 impossibile
1697 1089 1745 1115 est
1763 1094 1837 1114 eam
1863 1093 1933 1114 esse
1950 1082 2097 1114 falsam-
2141 1079 2211 1113 Im-

1233 1130 1396 1172 possibile
1416 1138 1462 1163 est
1482 1131 1588 1174 igitur
1605 1145 1677 1165 non
1695 1133 1769 1175 rapi
1787 1131 1972 1164 Helenam.

1334 1188 1546 1232 Respondco
1581 1192 1622 1222 ad
1650 1191 1834 1222 maiorem:
1875 1189 2013 1222 Veritas
2046 1189 2094 1222 ita
2119 1201 2210 1221 com-

1206 1243 1207 1261 1
1233 1239 1317 1282 petit
1334 1240 1585 1281 propositioni,
1613 1240 1701 1272 sicut
1720 1241 1832 1283 ipsum
1852 1249 1941 1276 esse,
1970 1238 2019 1270 rei
2036 1238 2212 1281 competit.

1234 1289 1320 1321 Nam
1339 1290 1466 1322 veritas
1481 1297 1527 1322 est
1553 1290 1765 1334 prop1·ietaS‚
1802 1300 1889 1333 quae
1914 1288 2100 1321 comitatur
2129 1300 2212 1322 esse.

1235 1339 1271 1372 Si
1288 1350 1340 1371 res
1358 1347 1406 1372 est
1431 1341 1635 1379 necessario,
1664 1340 1729 1372 erit
1745 1347 1776 1368 et
1797 1338 1990 1379 propositio
2009 1339 2214 1379 necessaria,

1731 1385 1871 1418 Atrum
1892 1397 1945 1418 res
1970 1387 2214 1430 contingenter

1235 1437 1368 1476 evenit,
1403 1437 1505 1469 etiam
1531 1437 1720 1480 propositio
1757 1436 1886 1469 dicitur
1917 1438 2142 1479 contingens,
2175 1445 2214 1471 ut

1235 1487 1346 1531 Cyrus
1370 1488 1465 1519 iubet
1490 1499 1560 1519 non
1586 1487 1733 1520 interfici
1759 1485 1939 1520 Croesum.
1999 1486 2049 1520 Ita
2077 1494 2107 1520 et
2133 1500 2212 1520 cum

1235 1549 1288 1570 res
1305 1539 1462 1570 nondum
1481 1545 1546 1577 est,
1575 1539 1733 1570 nondum
1753 1538 1940 1569 asseverari
1961 1543 2073 1580 potest
2088 1538 2130 1570 de
2148 1535 2213 1570 hac

1236 1589 1422 1620 comitante
1438 1589 1668 1630 proprietate,
1697 1587 1827 1620 scilicet
1853 1588 1894 1619 de
1915 1588 2070 1621 veritate.
2099 1592 2105 1593 ’
2130 1587 2212 1620 ldeo

1208 1678 1209 1683 1
1237 1637 1442 1670 Aristoteles
1457 1646 1546 1671 recte
1563 1638 1650 1670 (lixit
1670 1639 1710 1670 de
1728 1637 1857 1669 iudicio
1883 1634 2058 1678 humano,
2084 1649 2214 1681 propo-

1235 1689 1378 1720 sitiones
1403 1689 1444 1720 de
1472 1690 1589 1721 futuro
1617 1688 1852 1730 contingenti,
1886 1699 1958 1719 non
1983 1688 2213 1721 determinate

1235 1750 1333 1770 veras
1357 1746 1415 1771 ant
1441 1739 1542 1771 falsas
1570 1751 1651 1771 esse.
1706 1738 1763 1771 Sic
1791 1738 1883 1769 enim
1919 1738 2033 1781 inquit
2063 1737 2099 1769 in
2123 1738 2213 1771 libro

1235 1786 1313 1833 περὶ
1333 1787 1537 1833 ἑρμηνείαςε
1565 1789 1597 1822 οἳ
1614 1785 1712 1835 λόγοι
1731 1786 1880 1832 ἀληθεῖς
1895 1786 2015 1832 ὥσπερ
2030 1785 2075 1821 τὰ
2094 1785 2212 1835 ’πράγ-

1234 1851 1344 1882 Διιαῖα.
1407 1838 1495 1871 Cum
1517 1847 1629 1872 autem
1649 1839 1792 1871 dicitur:
1828 1839 2047 1881 impossibile
2061 1844 2111 1871 est
2126 1840 2213 1871 duas

1208 1926 1209 1930 Ἰ
1237 1890 1524 1921 contradictorias
1540 1890 1643 1922 simul
1661 1900 1757 1921 veras
1775 1900 1857 1928 esse,
1890 1886 1972 1920 hinc
1987 1894 2122 1921 tantum
2139 1889 2214 1921 dia-

1236 1940 1375 1972 lecticae
1397 1940 1664 1983 consequentiae
1682 1939 1866 1971 necessitas
1882 1938 2065 1973 extruitur.

1337 1997 1438 2030 ‘Nunc
1463 1998 1568 2040 igitur
1584 1998 1625 2030 de
1643 1997 1777 2029 minore
1794 1997 2006 2040 respondeo:
2035 1995 2133 2029 Paris
2157 2008 2214 2030 ra—

1238 2050 1307 2092 piet
1321 2047 1512 2088 Helenam,
1537 2045 1620 2080 liaec
1637 2047 1767 2080 iudicio
1786 2044 1959 2086 humano,
1988 2053 2068 2080 ante
2084 2047 2214 2080 factum

1237 2101 1393 2131 nondum
1412 2099 1640 2131 determinate
1659 2105 1707 2131 est
1732 2109 1822 2130 vera.
1875 2097 2011 2130 Deinde
2037 2098 2140 2130 etiam
2165 2097 2213 2129 si—

1238 2150 1314 2193 quis
1339 2156 1436 2182 acute
1460 2150 1647 2181 contendat
1672 2160 1743 2180 esse
1764 2159 1900 2188 veram,
1935 2154 2050 2181 tamen
2076 2154 2213 2182 tantum

1237 2200 1480 2242 contingenter
1497 2211 1576 2231 vera
1602 2205 1668 2238 est,
1695 2210 1765 2230 non
1789 2199 1993 2231 necessario.
2049 2198 2147 2232 Sicut
2169 2199 2213 2230 de

1237 2250 1408 2293 praesenti
1427 2250 1494 2282 dici
1512 2257 1633 2293 potest,
1660 2261 1763 2281 omne
1781 2250 1874 2293 quod
1896 2255 1961 2288 est,
1989 2250 2130 2294 quando
2150 2256 2212 2288 est,

1236 2312 1373 2333 necesse
1390 2307 1439 2333 est
1457 2312 1538 2333 esse.
1593 2299 1637 2333 Ut
1658 2299 1766 2332 lulius
1782 2298 1890 2331 vincit
1910 2298 2124 2343 Pompeium.
2167 2297 2213 2331 Et

1236 2351 1450 2394 impossibile
1467 2358 1534 2389 est,
1563 2351 1647 2382 duas
1672 2349 1960 2382 contradictorias
1984 2350 2088 2382 simul
2114 2360 2212 2381 veras

1235 2413 1316 2433 esse.
1348 2400 1459 2443 Igitur
1479 2399 1561 2433 baec
1578 2400 1766 2432 necessaria
1785 2406 1834 2432 est
1853 2398 1973 2440 lulius,
1989 2398 2212 2432 vincitPom-

1235 2451 1361 2494 peium.
1413 2450 1538 2484 Facilis
1556 2457 1604 2483 est
1621 2450 1814 2492 explicatio.
1858 2450 1950 2483 Dico
1967 2450 2210 2492 contingenter

1234 2514 1350 2533 veram
1384 2513 1474 2540 esse,
1519 2500 1627 2533 lulius
1661 2500 1769 2533 vincit
1794 2499 2012 2543 Pompeium.
2072 2499 2210 2532 Deinde

1233 2552 1315 2595 qnia
1332 2554 1421 2583 duae
1444 2551 1736 2584 contradictoriae
1758 2562 1830 2583 non
1856 2557 2000 2593 possunt
2022 2550 2127 2583 simul
2151 2562 2210 2582 ve—

1231 2613 1289 2634 rae
1313 2612 1402 2640 esse,
1437 2601 1593 2645 sequitur
1628 2610 1769 2644 propter
1791 2600 2074 2644 consequentiam
2101 2600 2208 2632 diale-

1232 2653 1372 2691 cticam,
1402 2649 1491 2684 hanc
1509 2663 1580 2684 esse
1609 2651 1836 2684 necessariam
1859 2651 2061 2685 necessitate
2090 2663 2209 2684 conse-
