2379 2948
98 89 116 123 1
122 86 197 124 037

197 170 389 214 Querelam
413 170 573 217 sequitur
598 171 771 215 precatio:
806 166 980 216 Respice,
1017 180 1080 203 ex-

93 220 183 256 audi
204 233 277 264 me,
306 220 486 255 illumina
500 220 625 256 oculos
642 233 758 265 meos,
786 223 830 255 da
856 222 970 254 lucem
995 233 1079 254 ocu-

91 274 152 315 lis,
179 274 215 307 id
232 280 300 314 est,
327 275 434 307 redde
450 274 558 307 vitam
576 281 610 308 et
625 273 812 307 laeticiam.

193 332 364 378 Sequitur
387 330 601 379 αἲτιολογία.
657 331 804 365 Gloriae
828 338 908 365 tuae
934 331 1079 364 interest

89 396 148 417 me
163 384 308 418 servari.
362 382 438 428 Ego
454 383 597 429 quidem
623 389 765 426 paratus
787 393 865 415 sum
890 382 1009 415 animo
1035 383 1078 414 ad

89 435 292 469 tolerandas
314 446 462 480 poenas,
496 435 555 466 sed
580 440 618 467 tu
641 440 785 477 propter
807 433 956 476 gloriam
981 439 1077 466 tuam

91 486 203 520 libera
222 498 289 525 me,
308 482 527 529 *Epicurei
543 484 733 524 clamitent,
752 482 843 517 nihil
860 495 932 517 esse
949 483 1077 522 Deum,

89 548 178 570 neve
201 537 379 570 idolorum
400 536 552 569 cultores
574 535 791 578 glorientur,
817 547 879 568 sua
897 547 1076 568 commen-

44 609 47 610 ν
87 588 166 622 titia
196 588 344 621 numina
375 587 574 631 potentiora
606 597 695 626 esse,
730 599 835 631 qnam
870 594 919 622 tu.
982 586 1076 619 Haec

67 636 293 686 ξαἰτιολογία
321 649 421 681 saepe
453 637 490 670 in
510 636 659 670 Psalmis
686 638 875 681 repetitur,
909 644 949 671 ut
973 638 1075 671 alibi:

87 688 140 723 Ne
162 690 300 730 dicant,
327 689 389 722 ubi
407 695 456 722 est
474 688 568 722 Deus
591 700 725 722 eorum.

190 747 231 781 In
257 748 326 781 fine
349 747 494 781 additur
517 747 706 791 adplicatio
733 748 776 779 de
799 747 866 780 fide
887 754 919 781 et
935 759 1010 791 spe,
1038 754 1075 780 ut

86 811 191 845 supra
213 799 347 832 dictum
368 805 429 834 est.
482 797 562 831 Non
587 798 671 831 satis
692 804 743 831 est
760 795 850 830 hanc
864 799 1073 832 sententiam

85 850 123 883 in
147 861 272 893 genere
296 856 433 890 tenere,
461 850 556 894 quod
574 849 670 882 Deus
687 849 850 882 exaudiat
866 848 1077 890 Ecclesiam,

84 902 144 935 sed
161 907 298 945 oportet
317 913 381 934 nos
399 901 465 933 fide
489 901 651 945 amplecti
673 900 943 944 promissiones,
970 908 1002 934 et
1020 912 1074 932 eas

83 953 128 986 ad
142 963 208 985 nos
232 953 508 986 accommodare.
563 951 709 985 Include
727 958 759 984 te
777 964 918 996 quoque
944 952 980 984 in
1007 964 1074 983 nu-

83 1015 221 1037 merum
245 1015 387 1042 eorum,
416 1015 505 1048 quos
529 1002 625 1037 Deus
648 1002 861 1047 alloquitur,
888 1010 920 1036 et
945 1003 1074 1048 quibus

83 1054 230 1088 tradidit
254 1055 524 1099 promissiones,
553 1061 585 1087 et
609 1061 642 1087 te
666 1053 845 1092 exaudiri,
873 1054 1016 1086 defendi
1042 1061 1074 1087 et

81 1105 214 1139 servari
231 1105 386 1139 statuito.
438 1104 517 1138 Hoc
534 1117 611 1138 cum
633 1105 688 1144 fit,
715 1105 874 1149 sequitur
900 1105 1074 1144 liberatio,

82 1163 115 1191 et
132 1156 380 1190 liberationem
404 1163 571 1201 sequatur
595 1156 786 1198 gratiarum
810 1156 919 1195 actio,
948 1163 980 1189 et
1009 1154 1073 1189 boc

0 1185 3 1229 i
34 1213 38 1216 ⁴
80 1207 280 1251 exemplum
306 1208 477 1241 declarat:
513 1205 718 1240 Eaeullabc't
743 1217 803 1239 cor
827 1218 962 1244 meum,
990 1219 1072 1251 pro-

80 1266 160 1303 pter
177 1258 447 1299 liberationem,
467 1264 518 1291 et:
548 1254 719 1292 Cantabo
741 1257 924 1299 Domino,
952 1259 987 1290 id
1013 1265 1073 1299 est,

80 1321 180 1353 agam
217 1309 366 1353 gratias,
405 1309 592 1343 celebrabo
628 1321 728 1350 eum,
771 1309 974 1353 propagabo
1009 1310 1073 1342 do-

78 1361 242 1404 ctrinam.

181 1417 265 1452 Ενό
290 1417 409 1460 testis,
444 1416 546 1466 quod
572 1417 769 1460 retribuat,
804 1418 839 1451 id
866 1425 932 1459 est,
967 1431 1072 1452 exau-

78 1471 171 1512 diat,
206 1471 322 1511 iuvet,
356 1482 460 1514 opem
486 1471 594 1509 ferat,
630 1482 702 1503 non
738 1471 874 1503 deserat
902 1470 1072 1510 adflictos,

79 1523 139 1556 sed
166 1533 231 1566 pro
260 1521 458 1555 calamitate
490 1521 663 1554 retribuat
694 1521 954 1556 liberationem.
1013 1521 1072 1555 Sic

79 1573 175 1606 enim
199 1571 336 1617 phrasis
357 1584 459 1617 saepe
484 1572 716 1616 intelligenda
750 1579 820 1611 est,
855 1584 935 1605 cum
964 1573 1070 1605 verbo

78 1624 324 1659 retributionis
340 1623 464 1660 utitur.

218 1741 562 1790 Aryumentum
591 1753 641 1775 ac
663 1741 926 1786 dispositio

405 1809 564 1849 Psalmi
595 1808 733 1850 thll.

128 1884 243 1918 Dixit
262 1886 448 1929 insipiens
469 1886 507 1918 in
527 1883 636 1917 corde
659 1893 745 1916 suo:
774 1884 855 1918 Non
877 1888 933 1918 est
953 1885 1068 1927 Deus,

128 1941 202 1971 etc.

178 2002 340 2036 Psalmus
358 2009 408 2036 est
423 1998 694 2040 διδασκαλικὸς,
722 2000 788 2034 tria
807 2002 963 2035 membra
983 2014 1066 2035 con-

78 2053 206 2088 tinens.
266 2053 426 2087 Primum
464 2060 514 2086 est
548 2053 670 2085 concio
702 2053 958 2096 poenitentiae,
999 2066 1066 2098 qua

39 2148 42 2150 v
78 2105 193 2148 arguit
211 2116 333 2137 omnes
354 2102 534 2145 homines,
561 2110 593 2136 et
617 2104 719 2137 docet
745 2115 823 2136 reos
846 2103 919 2137 'esse
945 2117 1066 2137 omnes

78 2156 272 2189 secundum
296 2153 386 2188 hanc
408 2162 555 2189 naturae
574 2155 797 2198 pravitatem.
851 2155 910 2189 Sic
927 2163 957 2189 et
975 2155 1064 2190 Pau—

77 2207 132 2240 lus
149 2206 270 2240 citavit
286 2203 377 2239 hanc
393 2207 617 2246 concionem,
637 2213 670 2239 et
687 2206 814 2239 diserte
833 2207 948 2239 addit:
972 2206 1065 2240 Cau-

78 2258 142 2291 sati
167 2269 288 2291 sumus
319 2269 440 2290 omnes
473 2257 540 2291 sub
569 2264 709 2301 peccato
736 2269 821 2290 esse.
885 2257 988 2290 Item:
1018 2257 1062 2292 L't

77 2321 183 2342 omne
213 2320 251 2341 os
279 2309 487 2347 obturetur,
523 2315 555 2342 et
582 2320 660 2341 reus
693 2309 753 2342 fiat
780 2315 875 2342 totus
908 2310 1064 2343 mundus

75 2359 165 2394 Deo.

75 2423 165 2456 quae
182 2410 338 2444 iudicare
360 2410 450 2444 ratio
469 2416 597 2454 potest:
622 2410 684 2442 alii
702 2423 804 2449 vero,
832 2411 968 2444 etiamsi
990 2423 1063 2444 non

76 2459 209 2498 babent
236 2462 419 2495 manifesta
449 2461 596 2501 scelera,
629 2467 747 2494 tamen
771 2474 888 2495 secum
912 2463 1062 2496 circum-

76 2513 196 2547 ferunt
215 2513 252 2546 in
270 2519 388 2546 mente
405 2511 658 2551 dubitationes,
684 2512 723 2544 in
739 2513 920 2547 voluntate
937 2521 969 2547 et
984 2526 1062 2547 cor-

76 2565 119 2597 de
140 2565 360 2599 securitatem
389 2570 422 2597 et
439 2569 644 2597 contentum
664 2562 790 2596 iudicii
804 2564 937 2606 divini,
963 2577 1062 2599 amo-

75 2626 149 2648 rem
188 2616 263 2657 sui,
311 2615 512 2662 tyrannicas
555 2613 781 2656 cupiditates,
819 2616 1061 2656 ambitionem,

75 2668 230 2702 studium
260 2666 446 2713 premendi
479 2664 747 2707 imbecilliores,
780 2665 946 2700 fiduciam
977 2678 1060 2702 suae

691 82 755 120 IX.
804 81 1172 119 COMMENTARH
1201 80 1254 116 IN
1279 82 1525 120 PSALMOS.

218 2359 264 2393 Et
287 2359 347 2392 alii
376 2359 570 2392 manifestis
597 2359 787 2393 sceleribus
818 2360 947 2404 polluti
970 2368 1063 2401 sunt,
1090 2389 1092 2401 ‹,

2032 85 2125 119 1038

1135 167 1332 212 potentiae,
1359 169 1480 203 odium
1496 183 1597 204 verae
1615 171 1816 212 doctrinae,
1845 178 1877 205 et
1905 171 1992 205 alios
2017 172 2121 205 vitio-

1133 230 1190 252 sos
1206 219 1374 253 adfectus.

1235 270 1387 303 Accusat
1403 270 1510 313 igitur
1523 299 1531 312 ,
1548 279 1586 306 ut
1604 273 1696 311 dixi,
1713 286 1835 307 omnes
1853 271 2015 307 homines
2027 299 2035 311 ‚
2061 274 2120 305 sed

1134 327 1251 353 tamen
1279 321 1449 355 discernit
1475 324 1518 355 ab
1543 324 1662 367 impiis
1686 336 1803 358 veram
1830 323 2022 358 Ecclesiam
2040 322 2118 356 Dei.

1135 370 1237 414 [mpii
1261 372 1421 405 furenter
1438 373 1657 408 delectantur
1679 376 1733 408 vel
1756 375 1950 409 manifestis
1978 375 2120 408 sceleri-

1133 423 1214 463 bus,
1242 423 1296 455 vel
1314 422 1484 456 interiore
1501 425 1690 467 pravitate,
1718 439 1823 471 quam
1841 424 2044 472 hypocritae
2062 438 2120 458 ex-

1132 480 1274 514 cusant,
1309 485 1372 506 nec
1397 484 1592 517 agnoscunt
1623 488 1695 509 esse
1719 485 1908 521 peccatum.
1967 475 2014 510 Et
2039 475 2121 510 huic

1132 525 1223 568 parti
1249 525 1515 558 damnationem
1541 528 1732 561 denunciat
1764 527 1936 563 Psalmus.
1997 528 2043 561 At
2073 528 2121 571 pii

1102 559 1105 606 Ι
1131 582 1327 618 agnoscunt
1344 587 1440 609 suam
1457 576 1732 617 immunditiem,
1761 585 1791 611 et
1810 579 1976 613 invocant
1993 578 2120 616 Deum,

1131 634 1163 660 et
1181 634 1307 671 petunt
1323 627 1564 660 remissionem
1576 655 1583 668 ,
1611 627 1675 661 hos
1691 630 1895 662 consolatur
1911 629 2082 662 Psalmus.

1230 675 1294 710 Est
1318 677 1424 720 igitur
1450 680 1642 711 secundum
1671 681 1866 712 membrum
1889 679 2020 713 Psalmi
2046 681 2120 712 dis-

1131 727 1254 761 tinctio
1281 729 1472 772 impiornm
1498 731 1541 762 ab
1557 728 1724 770 Ecclesia,
1744 731 1881 763 incoata
1900 731 1937 762 in
1954 742 2057 763 versu
2068 731 2119 764 4.:

1129 775 1219 811 Non
1246 785 1450 824 agnoscunt
1479 780 1544 827 qui
1560 785 1756 826 operantur
1783 780 2031 828 iniquitatem,
2063 778 2122 812 (le-

1131 834 1260 862 rorant
1283 829 1461 876 populum
1484 843 1618 871 meum,
1645 836 1675 864 el
1698 830 1906 865 Dominum
1931 844 2000 865 non
2020 832 2122 864 imo-

1130 885 1234 921 cant,
1270 894 1305 926 q.
1332 884 1366 917 d.
1402 881 1479 915 Etsi
1512 884 1549 915 in
1584 885 1751 916 omnibus
1786 891 1834 917 est
1867 884 2120 919 immundities,

1129 939 1246 965 tamen
1277 933 1389 977 aliqui
1419 941 1679 977 perseverantes
1712 935 1751 968 in
1783 935 1949 978 peccatis,
1991 935 2119 967 nolunt

1129 994 1314 1025 agnoscere
1339 992 1496 1028 peccata,
1521 997 1583 1018 nec
1608 986 1773 1019 invocant
1797 984 1931 1024 Deum,
1961 986 2031 1018 imo
2061 993 2118 1018 aut

1130 1041 1257 1076 negant
1284 1046 1356 1067 esse
1385 1034 1519 1075 Deum,
1555 1043 1615 1069 aut
1647 1038 1804 1070 fremunt
1830 1038 1996 1069 adversus
2027 1048 2118 1072 eum,

1129 1086 1282 1118 oderunt
1298 1086 1372 1118 eius
1390 1087 1610 1126 doctrinam,
1634 1095 1666 1121 et
1683 1088 1749 1120 sibi
1769 1100 1876 1131 regua
1903 1094 1935 1120 et
1960 1088 2119 1132 tyranni-

1129 1137 1188 1168 des
1212 1137 1452 1175 constituunt,
1487 1144 1519 1171 et
1543 1138 1598 1181 pie
1625 1139 1788 1172 docentes
1814 1139 1929 1171 delere
1960 1138 2118 1182 cupiunt.

1130 1186 1198 1220 Sed
1222 1193 1273 1220 es't
1296 1189 1385 1220 alius
1404 1196 1523 1221 coetus
1542 1200 1733 1232 agnoscens
1750 1196 1890 1234 peccata
1909 1201 1989 1229 sua,
2016 1190 2118 1221 invo-

1129 1249 1210 1271 cans
1235 1237 1368 1278 Deum,
1404 1239 1440 1271 in
1467 1237 1533 1272 hoc
1556 1247 1655 1273 coetu
1683 1252 1754 1273 esse
1777 1240 1891 1273 Deum
1915 1239 2051 1285 inquit,
2086 1247 2118 1273 et

1128 1289 1293 1321 fiduciam
1313 1287 1419 1322 huius
1437 1298 1555 1323 coetus
1578 1291 1626 1324 ait
1649 1303 1721 1324 esse
1739 1291 1872 1324 Deum.

1233 1339 1330 1372 Ilaec
1361 1341 1543 1374 distinctio
1576 1341 1612 1373 iu
1639 1341 1779 1375 Psalmo
1813 1342 2032 1374 observanda
2058 1347 2119 1379 est,

1128 1396 1166 1422 ut
1199 1391 1394 1424 consolatio
1422 1392 1490 1434 piis
1518 1399 1755 1435 proponatur,
1792 1393 1853 1436 qui
1880 1399 2114 1435 expavescunt

1127 1440 1247 1473 audita
1263 1441 1455 1474 universali
1473 1443 1704 1478 accusatione.
1758 1441 1834 1476 Etsi
1860 1450 1910 1476 est
1932 1443 1969 1474 in
2000 1442 2117 1475 omni-

1128 1492 1193 1524 bus
1209 1499 1387 1535 peccatum
1400 1518 1409 1529 ‚
1435 1500 1552 1526 tamen
1577 1494 1750 1528 differunt
1770 1495 1974 1527 invocantes
1991 1492 2118 1529 Deum,

1127 1543 1170 1575 ab
1197 1543 1405 1585 insipiente,
1443 1545 1503 1589 qui
1538 1545 1641 1578 dicit:
1674 1543 1763 1580 lVon
1796 1550 1845 1578 est
1872 1543 1987 1579 Deus.
2049 1543 2118 1576 Hic

1126 1600 1245 1626 coetus
1263 1594 1454 1638 iusipiens,
1481 1607 1710 1639 perseverans
1728 1597 1890 1629 videlicet
1910 1596 1946 1628 in
1965 1593 2030 1627 liae
2048 1595 2116 1626 im-

1127 1645 1271 1687 pietate,
1299 1646 1498 1680 damuatur.
1553 1645 1599 1679 Et
1625 1648 1666 1680 de
1692 1660 1731 1680 eo
1751 1647 1964 1691 principium
1986 1645 2117 1678 Psalmi

1127 1696 1358 1738 intelligatur:
1386 1694 1504 1729 Dixi!
1522 1696 1712 1744 insipiens,
1743 1698 1777 1730 id
1797 1705 1865 1736 est,
1892 1697 2022 1742 impius
2039 1708 2118 1729 coe-

1126 1754 1180 1779 tus
1198 1759 1421 1790 perseverans
1439 1748 1474 1780 in
1494 1755 1673 1782 contemtu
1691 1748 1771 1782 Dei.

1226 1797 1366 1830 Deinde
1386 1799 1552 1832 attexitur
1577 1800 1788 1832 universalis
1807 1800 1991 1834 accusatio.
2045 1798 2114 1832 Sed

1125 1849 1162 1881 in
1178 1860 1281 1881 versu
1301 1857 1426 1893 quarto
1443 1861 1565 1882 rursus
1582 1851 1834 1884 discernuntur
1851 1850 1901 1895 pii
1917 1851 1958 1882 ab
1986 1850 2115 1894 impiis,

1124 1907 1156 1933 et
1181 1900 1248 1943 piis
1274 1908 1525 1943 proponuntur
1556 1901 1779 1934 dulcissimae
1809 1910 1841 1935 et
1875 1901 2114 1944 amplissimae

1124 1951 1392 1984 consolationes.
1431 1951 1630 1993 Quidenim
1643 1953 1898 1986 maiusbonum
1913 1959 1981 1997 est,
2009 1963 2113 1996 quam

1124 2003 1218 2046 quod
1238 1999 1294 2034 hic
1304 2002 1543 2035 describitur?
1566 2000 1670 2035 Deus
1689 2008 1738 2036 est
1755 2003 1792 2036 in
1805 2001 2039 2049 generatione
2057 2003 2112 2034 ι’(ι-

1094 2079 1095 2082 ,
1121 2057 1200 2091 sta,
1235 2052 1270 2084 id
1296 2061 1366 2091 est,
1402 2053 1437 2085 in
1465 2061 1565 2087 coetu
1589 2054 1696 2088 iusto:
1733 2056 1895 2089 adfirmat
1916 2053 2111 2088 Ecclesiam

1123 2116 1194 2137 esse
1212 2104 1433 2137 domicilium
1457 2103 1543 2145 Dei,
1568 2106 1657 2148 regi,
1682 2104 1842 2146 defendi,
1871 2113 1902 2139 et
1930 2105 2063 2138 servari
2091 2116 2109 2136 a

1121 2154 1206 2189 Deo.
1261 2153 1356 2188 Haec
1375 2162 1455 2188 sunt
1476 2168 1612 2189 summa
1629 2158 1737 2191 bona.
1791 2157 1889 2190 Idem
1907 2157 2006 2189 docet
2031 2167 2109 2188 cum

1120 2207 1183 2240 ait:
1208 2203 1553 2251 Dominusfiducz'a
1572 2207 1647 2239 eius
1663 2212 1726 2242 est.

1222 2257 1384 2291 Tertium
1404 2259 1601 2291 membrum
1620 2259 1849 2291 concionatur
1868 2258 1910 2290 de
1930 2258 2047 2290 futura
2066 2257 2110 2288 li-

1120 2309 1321 2349 beratione,
1363 2316 1395 2342 et
1428 2311 1471 2342 de
1506 2317 1655 2342 venturo
1693 2321 1818 2352 regno,
1861 2309 1961 2352 quasi
2000 2309 2108 2340 dicat:

1118 2358 1268 2394 Etiamsi
1288 2373 1383 2393 nunc
1402 2358 1557 2394 Ecclesia
1575 2371 1738 2404 oppressa
1756 2367 1806 2393 est
1822 2359 2025 2402 ingentibus
2051 2371 2108 2391 ae·

1118 2412 1256 2445 rumnis
1279 2412 1430 2444 maxima
1457 2423 1537 2454 pars
1563 2411 1701 2453 generis
1726 2408 1873 2444 humani
1900 2410 2021 2453 ignara
2040 2409 2107 2442 Dei

1118 2463 1311 2496 contemnit
1333 2471 1365 2496 et
1389 2462 1571 2495 conculcat
1587 2460 1800 2504 Ecclesiam,
1826 2468 2027 2504 grassantur
2045 2461 2108 2493 ad-

1118 2526 1238 2547 versus
1255 2526 1331 2547 eam
1355 2513 1498 2558 tyranni
1517 2519 1549 2545 et
1566 2513 1665 2556 impii
1682 2514 1842 2546 doctores
1865 2524 1903 2545 ac
1929 2510 2105 2546 haeretici.

1115 2565 1278 2610 Denique
1297 2576 1370 2597 non
1387 2571 1437 2597 est
1451 2564 1540 2596 alius
1561 2570 1678 2596 coetus
1702 2564 1739 2596 in
1757 2565 1891 2597 mundo
1915 2575 2106 2597 aerumno-

1115 2617 1206 2657 sior,
1233 2627 1337 2660 quam
1353 2614 1526 2649 Ecclesia:
1556 2621 1674 2648 tamen
1700 2614 1910 2648 liberabitur
1928 2621 1961 2648 et
1979 2625 2107 2657 regna-

1110 2667 1166 2701 ·bit
1182 2666 1350 2712 gloriose,
1380 2672 1464 2701 tunc
1487 2678 1567 2700 cum
1591 2677 1631 2699 ex
1654 2665 1746 2700 Zion
1769 2666 1913 2702 dabitur
1939 2666 2106 2708 salvator,
