2379 2948
245 114 319 150 847

350 198 456 242 Quod
474 203 587 230 autem
605 195 646 227 de
664 192 786 238 poenis
802 192 985 227 obiicitur:
1011 193 1139 232 Adam,
1156 191 1230 226 Da-

248 251 329 290 vid,
358 250 480 287 Osias‚
516 246 711 284 Manasses,
746 243 1044 287 Nabogdonosor,
1071 251 1103 277 et
1126 243 1229 277 multi

252 301 407 347 quotidie
431 298 648 343 puniuntur,
680 294 772 337 Ergo
791 306 870 328 cum
895 303 1034 339 peccata
1057 307 1130 327 non
1156 295 1231 327 sine

251 352 373 397 poenis
390 349 623 386 remittantur,
649 346 840 379 necessaria
859 353 908 379 est
924 346 1119 379 satisfactio.
1159 344 1231 378 Re-

251 403 422 447 spondeo:
459 399 627 441 Neganda
644 403 695 430 est
709 396 978 442 consequentia,
1001 409 1081 429 nam
1099 407 1231 440 poenae

250 454 330 486 illae
351 463 414 484 nec
428 448 700 488 satisfactiones,
724 459 788 480 nee
811 447 1113 491 compensationes
1138 452 1233 486 sunt,

250 515 314 536 nec
336 507 517 535 merentur
538 498 781 533 remissionem
807 498 928 542 culpae
954 510 1017 530 nec
1033 497 1230 530 damnatio-

250 555 316 587 nis.
370 552 439 586 Sed
456 558 537 584 sunt
554 549 745 592 singularia
760 547 826 581 Dei
843 559 959 592 opera,
988 548 1115 593 quibus
1132 553 1232 579 vocat

249 606 364 649 lapsos
382 604 424 637 ad
445 601 708 646 poenitentiam,
736 605 794 631 aut
812 606 945 632 exercet
963 598 1119 638 Sanctos‚
1144 599 1233 630 sicut

250 656 419 699 scriptum
444 661 508 686 est:
548 650 724 684 Iudicium
750 661 768 682 a
795 650 900 682 domo
926 650 995 682 Dei
1020 649 1165 692 incipit,
1200 655 1233 681 et

250 716 450 752 quanquam
475 702 569 736 Dens
602 700 677 733 vult
707 711 837 742 poenas
867 700 945 732 illas
977 700 1131 743 exempla
1162 710 1233 731 esse

250 756 428 794 omnibus,
452 765 539 798 quae
555 752 768 784 admoneant
787 762 907 783 omnes
926 751 1033 782 deira
1051 757 1084 782 et
1102 749 1233 782 iudicio

249 806 336 847 Dei,
372 813 488 839 tamen
521 802 641 835 multis
676 801 804 845 parcit,
839 808 876 833 ut
910 800 1098 841 Ninivitis,
1134 807 1167 834 et
1196 800 1233 832 in

248 856 442 899 Evangelio
463 854 589 898 passim
607 852 757 884 remittit
772 852 848 884 sine
863 851 994 894 poenis,

348 905 517 948 Exempla
547 914 739 947 poenarum
763 910 845 935 sunt
877 902 1077 935 testimonia
1112 901 1235 934 iudicii

249 958 330 997 Dei,
356 957 450 1002 quod
470 967 550 987 vere
567 954 662 987 Deus
678 953 868 997 aliquando
886 964 1006 986 omnes
1024 953 1151 996 impios
1170 964 1236 996 pu-

249 1010 391 1043 niturus
406 1007 469 1045 sit,
498 1006 587 1038 sicut
607 1004 717 1048 prima
735 1004 856 1036 concio
875 1004 1005 1048 inquit:
1035 1003 1073 1037 Si
1094 1003 1235 1035 malefe-

251 1061 357 1097 ceris,
383 1064 558 1102 peccatum
579 1062 678 1087 tuum
698 1055 849 1098 quiescet
872 1055 984 1086 donec
1008 1053 1236 1093 revelabitur,

250 1111 357 1153 Quasi
370 1109 477 1142 dicat:
495 1106 570 1140 Etsi
581 1106 786 1150 aliquandiu
796 1104 960 1138 differtur
977 1116 1099 1148 poena,
1119 1111 1152 1137 et
1169 1104 1236 1137 eris

250 1173 372 1194 securo
389 1171 426 1192 ac
443 1158 558 1191 ocioso
577 1156 707 1199 animo,
735 1162 853 1189 tamen
871 1157 1012 1188 tandem
1028 1154 1125 1188 Deus
1141 1155 1235 1188 iudi-

252 1212 344 1245 cabit
363 1218 394 1244 et
409 1209 541 1254 puniet.

352 1261 403 1294 Ex
421 1258 534 1293 Exod.
553 1258 631 1293 23.;
660 1255 735 1300 Ego
754 1264 869 1290 autem
895 1257 931 1289 in
949 1257 1006 1289 die
1024 1257 1237 1290 visitationis

250 1324 345 1347 meae
370 1311 518 1345 visitabo
541 1315 679 1353 peccata
705 1320 844 1346 eorum,
878 1306 988 1350 Quasi
1011 1308 1121 1341 dicat:
1158 1305 1237 1340 Etsi

252 1365 378 1398 differo
403 1372 549 1406 poenas,
585 1367 702 1392 tamen
733 1370 807 1391 non
837 1366 1021 1401 propterea
1043 1358 1237 1391 existimate

250 1427 306 1448 me
330 1412 490 1447 oblivisci
515 1410 664 1449 scelera,
694 1420 767 1441 non
794 1406 949 1440 humano
975 1409 1141 1448 consilio,
1175 1409 1235 1440 sed

253 1477 351 1502 meo,
376 1463 551 1496 constituo
569 1471 713 1505 poenas,
741 1460 785 1492 do
811 1459 965 1502 spacium
991 1459 1238 1502 poenitentiae,

252 1516 332 1549 ideo
351 1513 460 1547 metui
477 1512 577 1550 volo,
603 1518 635 1544 et
650 1522 712 1543 vos
729 1511 772 1542 ad
795 1509 1047 1553 poenitentiam
1065 1522 1163 1542 voco.

355 1564 412 1599 Sic
430 1565 472 1596 de
488 1562 612 1607 poenis
629 1561 850 1594 sentiendum
869 1567 938 1600 est,
967 1571 1039 1592 non
1058 1561 1150 1604 quod
1168 1559 1239 1592 sint

253 1615 523 1653 satisfactiones,
547 1614 606 1645 sed
633 1612 702 1644 sint
729 1610 927 1643 testimonia
951 1610 1073 1642 iudicii
1089 1610 1176 1650 Dei,
1206 1616 1239 1642 et

252 1679 318 1701 nos
332 1671 457 1699 vocent
471 1665 512 1697 ad
531 1661 794 1706 poenitentiam,
813 1668 872 1694 aut
890 1668 1068 1694 exerceant
1080 1660 1238 1694 SanctOS.

355 1717 436 1750 Alia
473 1713 647 1757 exempla,
681 1712 744 1745 ubi
774 1711 950 1753 mitigatae
985 1718 1044 1744 aut
1082 1711 1239 1743 sublatae

254 1776 336 1803 sunt
352 1778 496 1811 poenae,
519 1771 601 1798 sunt
617 1762 841 1795 dulcissimae
857 1761 1126 1800 consolationes,
1152 1772 1240 1806 quae

253 1826 426 1854 testantur
444 1815 627 1859 agentibus
645 1813 918 1857 poenitentiam,
946 1812 1076 1845 remitti
1093 1819 1153 1845 aut
1172 1812 1238 1844 mi-

253 1870 356 1914 tigari
373 1879 541 1912 poenam,
568 1866 657 1898 sicut
673 1865 774 1897 docet
792 1864 875 1898 Esa.
898 1875 970 1906 cap.
993 1865 1021 1896 1.

357 1919 542 1953 Caeterum
583 1916 737 1958 exempla
781 1913 1009 1954 Sanctorum,
1056 1920 1096 1946 ut
1131 1911 1241 1953 Abel,

254 1970 390 2010 Esaiae,
420 1967 597 2010 lei-emim,
625 1963 793 1998 Iohannis
809 1964 996 2008 Baptistae,
1020 1971 1052 1997 et
1070 1964 1239 1996 similium

255 2034 330 2055 non
354 2026 435 2053 sunt
460 2029 607 2062 poenae,
635 2017 693 2048 sed
720 2016 903 2055 exercitia,
937 2022 975 2048 ut
999 2022 1080 2048 ante
1107 2015 1239 2047 dictum

256 2081 317 2108 est,
358 2070 451 2113 Quia
469 2074 605 2112 oportet
622 2065 812 2100 Ecclesiam
834 2066 1024 2099 subiectam
1045 2077 1118 2098 esse
1136 2065 1242 2104 cruci,

255 2130 295 2156 ut
327 2127 491 2165 agnoscat
522 2116 799 2161 magnitudinem
837 2117 966 2159 peccati
1001 2114 1175 2149 haerentis
1204 2117 1239 2147 in

257 2185 378 2212 carne,
414 2178 446 2204 et
467 2180 588 2203 rursus
614 2167 743 2200 abolita
768 2178 887 2204 carne,
920 2167 1082 2202 incoe'tur
1104 2167 1242 2199 novitas

257 2222 451 2268 spiritualis
468 2221 561 2254 inter
575 2218 793 2252 afflictiones.

360 2274 459 2307 Haec
496 2271 649 2304 breviter
681 2270 724 2301 de
759 2267 1011 2300 afflictionibus
1041 2267 1170 2305 adieci,
1205 2274 1270 2300 ut,

258 2327 405 2359 lectores
428 2321 602 2356 admoniti
627 2319 813 2363 repudient
828 2319 1056 2351 deliramenta
1076 2319 1118 2350 de
1142 2318 1242 2350 satis-

259 2434 328 2466 tas,
354 2438 420 2457 nec.
443 2430 561 2456 nostra
578 2433 683 2466 opera
702 2420 953 2453 satisfactiones
971 2431 1053 2454 esse.

839 105 966 142 PHlL.
992 106 1110 144 MEL.
1136 106 1345 144 SCRIPTA
1372 108 1670 147 EXEGETICA.

2191 115 2263 150 848

1282 199 1375 241 quod
1391 198 1483 231 idem
1503 204 1564 238 est,
1591 195 1695 231 Cessa
1712 209 1730 230 a
1746 197 1896 241 peccatis
1911 204 1973 232 etc.
2025 198 2092 233 Sed
2111 212 2184 234 non
2203 212 2263 234 ero

1283 249 1439 290 prolixus
1457 249 1494 281 in
1511 246 1575 282 hac
1593 248 1817 291 grammatica
1834 248 2056 282 cavillatione
2073 252 2265 284 tractanda.

1283 296 1523 343 Opponantnr
1552 300 1619 332 alia
1649 299 1801 333 illustria
1834 300 2051 337 testimonia,
2093 312 2180 344 quae
2211 302 2264 335 lo-

1283 357 1441 394 quuntur
1455 352 1497 383 de
1514 351 1663 393 gratuita
1680 350 1897 389 remissione,
1923 357 1956 383 et
1972 351 2015 383 de
2030 350 2097 383 fide
2113 351 2149 382 in
2160 348 2264 385 Chri-

1284 407 1394 441 stum,
1422 407 1455 434 et
1474 401 1517 433 de
1533 401 1701 434 sacrificio
1719 399 1864 435 Christi.

1385 449 1559 495 Origenes
1586 452 1849 486 transformavit
1886 449 1977 485 hanc
2011 449 2195 485 historiam
2229 452 2267 485 in

1284 502 1487 545 allegoriam
1529 514 1673 545 prorsus
1715 503 1997 547 intempestivam
2036 503 2079 535 de
2111 502 2266 536 diabolo.

1284 552 1432 596 Scripsit
1451 553 1637 595 significari
1657 565 1718 596 per
1734 565 1847 595 regem
1859 552 2129 599 Babylonicum,
2146 553 2270 586 diabo-

1285 603 1358 635 lum
1384 602 1532 636 eiectum
1557 615 1618 646 per
1643 605 1841 647 superbiam
1860 610 1923 639 etc.
1975 603 2021 637 Et
2044 603 2144 637 aiunt
2168 604 2270 636 addi-

1285 654 1376 686 disse
1401 665 1553 686 errorem
1582 654 1624 685 de
1650 654 1857 688 liberatione
1881 655 2026 689 diaboli.
2088 653 2157 688 Sed
2184 651 2269 688 haec

1286 710 1486 747 portentosa
1510 703 1633 736 deliria
1657 704 1889 749 improbanda
1912 712 2012 746 sunt,
2036 711 2069 738 et
2085 705 2270 748 fugiendae

1286 756 1458 788 absurdae
1473 754 1669 797 allegoriae.

1388 804 1461 838 Nos
1485 802 1668 838 historiam
1693 805 1927 847 retineamus,
1955 813 1988 840 et
2004 804 2271 840 meminerimus

1288 855 1423 888 illustre
1452 856 1649 899 exemplum
1681 855 1916 899 poenitentiae
1943 857 2162 901 propositum
2189 867 2273 896 esse,

1288 907 1325 938 in
1350 918 1420 950 quo
1445 907 1680 939 admonemur
1704 908 1746 939 de
1771 908 1970 949 securitate,
1997 909 2039 941 de
2060 907 2201 952 poenis,
2228 907 2273 939 de

1288 957 1437 999 gratuita
1472 957 1678 990 remissione
1722 965 1962 1001 peccatorum,
2011 959 2054 991 de
2089 957 2273 991 vocatione

1289 1006 1470 1047 Gentium,
1487 1009 1530 1040 de
1548 1008 1791 1051 promissione,
1819 1009 1860 1040 de
1881 1021 1960 1041 vera
1981 1009 2060 1049 fide,
2089 1009 2132 1041 de
2147 1006 2273 1041 fructi-

1289 1059 1353 1091 bus
1368 1058 1626 1101 poenitentiae,
1657 1059 1700 1092 de
1719 1059 1919 1102 principum
1942 1058 2066 1092 officiis
2085 1065 2148 1093 etc.

1391 1107 1502 1141 Verae
1525 1109 1607 1141 fidei
1633 1122 1698 1142 vox
1723 1116 1790 1150 est,
1823 1122 1893 1154 qua
1917 1107 1975 1142 hic
1998 1109 2175 1153 cognoscit
2200 1120 2273 1142 non

1289 1159 1401 1192 solum
1419 1160 1610 1203 potentiam
1626 1158 1713 1200 Dei,
1741 1161 1800 1193 sed
1824 1161 1927 1194 etiam
1944 1161 2181 1200 voluntatem,
2208 1159 2275 1192 sci-

1289 1211 1386 1249 licet,
1417 1211 1510 1255 quod
1538 1211 1661 1254 puniat
1683 1211 1871 1255 superbos,
1900 1218 1932 1244 et
1954 1212 2111 1245 remittat
2136 1217 2274 1254 peccata

1289 1261 1474 1304 agentibus
1501 1262 1770 1304 poenitentiam,
1797 1262 1959 1294 exaudiat
1984 1269 2016 1295 et
2038 1262 2146 1294 salvet
2170 1261 2275 1293 invo-

1289 1320 1417 1345 cantes,
1480 1310 1575 1344 Haec
1602 1312 1737 1354 agnitio
1763 1319 1813 1345 est
1839 1324 1921 1344 vera
1945 1312 2048 1352 fides,
2085 1323 2189 1357 quam
2217 1309 2275 1344 hic

1289 1362 1484 1405 profitetur,
1503 1374 1580 1395 cum
1598 1363 1661 1395 ait:
1692 1361 1902 1395 Gradientes
1921 1362 1958 1394 in
1975 1363 2138 1406 superbia
2156 1359 2276 1394 humi-

1288 1413 1364 1445 liat.
1416 1411 1510 1455 Ergo
1527 1413 1684 1454 agnoscit
1701 1411 1814 1445 Deum
1830 1424 1902 1445 non
1919 1413 2088 1451 ociosum,
2117 1413 2177 1446 sed
2193 1423 2275 1445 vere

1288 1470 1507 1507 punientem.

1390 1512 1501 1546 Addit
1518 1513 1638 1546 etiam:
1668 1511 1804 1546 Omnes
1821 1514 1898 1545 viae
1911 1513 1984 1546 eius
2002 1513 2146 1554 iudicia,
2163 1513 2198 1546 id
2215 1519 2276 1551 est,

1290 1564 1465 1607 praedicat
1484 1563 1596 1596 Deum
1615 1576 1687 1596 esse
1712 1564 1862 1603 iustum,
1889 1563 2095 1606 punientem
2113 1575 2189 1605 e05‚
2215 1564 2277 1608 qui

1262 1615 1405 1657 ,ipsum
1438 1621 1691 1655 contemnunt,
1728 1621 1760 1647 et
1797 1614 2022 1658 recipientem
2056 1615 2092 1647 in
2130 1615 2275 1657 gratiam

1291 1671 1430 1706 agentes
1456 1665 1728 1708 poenitentiam,
1765 1665 1854 1697 sicut
1880 1665 1910 1697 ei
1937 1663 2112 1709 Propheta
2131 1666 2276 1698 dixerat.

1292 1715 1379 1748 Nam
1404 1716 1446 1747 ad
1474 1714 1670 1759 Prophetae
1696 1716 1902 1749 concionem
1934 1716 2193 1759 respiciendum
2217 1724 2277 1753 est,

1293 1766 1460 1808 Agnoscit
1477 1778 1536 1798 rex
1553 1779 1588 1799 se
1602 1780 1618 1799 a
1637 1767 1708 1800 Deo
1720 1766 1884 1810 punitum
1896 1777 1977 1807 esse,
2002 1774 2035 1800 et
2053 1778 2148 1799 nunc
2162 1777 2277 1814 poena

1292 1817 1491 1850 liberatum.
1543 1817 1626 1859 Agit
1644 1819 1750 1860 igitur
1764 1818 1892 1860 gratias
1914 1829 1976 1859 pro
1994 1817 2214 1857 liberatione,
2244 1823 2276 1849 et

1293 1868 1497 1900 recordatur
1515 1868 1778 1910 promissionis,
1806 1868 1917 1900 credit
1934 1868 2174 1901 remissionem
2197 1879 2276 1912 pec-

1294 1925 1450 1951 catorum
1469 1924 1532 1952 etc.

1675 2031 1811 2084 Caput
1842 2032 1896 2073 V.

1397 2114 1511 2159 Supra
1538 2114 1721 2158 proposuit
1753 2125 1867 2156 regem
1900 2120 2057 2156 agentem
2087 2112 2278 2157 poeniten-

1296 2167 1401 2206 tiam,
1432 2172 1463 2198 et
1488 2172 1738 2209 propagantem
1765 2176 1865 2197 veros
1890 2165 2021 2204 cultus,
2056 2175 2159 2209 quem
2184 2162 2278 2196 Deus

1296 2218 1399 2250 etiam
1424 2216 1562 2248 ornavit
1583 2215 1758 2258 praemiis.
1811 2214 1914 2248 Nunc
1935 2215 2033 2248 addit
2060 2214 2277 2248 contrarium

1296 2267 1492 2310 exemplum
1528 2266 1618 2308 regis
1653 2266 1771 2308 impii,
1812 2266 2029 2299 restituentis
2067 2265 2278 2304 idolatriam,

1268 2348 1270 2359 ,4
1297 2330 1369 2350 non
1392 2317 1524 2360 agentis
1557 2317 1829 2360 poenitentiam,
1864 2328 1967 2362 quem
1995 2315 2090 2349 Deus
2117 2315 2220 2359 punit
2244 2321 2278 2347 et

258 2375 488 2410 factionibus,
516 2379 550 2406 et
566 2372 677 2405 sciant
695 2382 759 2402 nec
776 2380 905 2414 poenas
922 2369 1092 2402 divinitus
1108 2369 1243 2410 irroga-

1296 2380 1403 2412 regno
1424 2368 1527 2401 exuit.

1398 2418 1556 2451 Primum
1591 2424 1706 2451 autem
1741 2416 1887 2451 historia
1921 2416 2172 2451 consideranda
2207 2421 2277 2454 est,

361 2475 428 2508 Sed
458 2473 515 2508 hic
543 2473 735 2511 obiiciunt,
764 2470 895 2504 Textus
922 2471 1052 2515 inquit:
1082 2469 1243 2504 Redime.
1268 2466 1272 2516 ξ
1295 2469 1575 2511 Nabogdonosor
1592 2470 1748 2511 regnavit
1767 2479 1878 2501 annos
1895 2467 1955 2501 45.
1983 2466 2095 2500 Patris
2114 2466 2275 2509 pietatem

261 2524 355 2567 Ergo
377 2525 544 2567 significat
568 2535 671 2567 opera
699 2534 770 2554 esse
794 2521 950 2565 precium
977 2532 1035 2553 seu
1066 2522 1241 2556 meritum.

260 2576 473 2618 Respondeo
496 2575 663 2607 breviter:
694 2571 916 2605 Vocabulum
940 2571 1111 2614 significat
1133 2584 1242 2605 cessa-

260 2627 406 2664 tionem,
432 2636 504 2656 non
521 2623 851 2667 compensationem,
880 2621 1109 2664 Quasidicat:
1137 2621 1240 2656 Cessa

260 2689 278 2710 a
295 2676 462 2720 peccatis,
491 2681 523 2706 et
546 2682 636 2707 recte
651 2674 775 2714 facito,
800 2684 860 2706 seu
879 2673 1025 2707 liberate
1041 2685 1058 2706 a
1081 2674 1239 2718 peccatis,

1296 2521 1450 2554 imitatus
1468 2527 1515 2552 est
1533 2519 1625 2551 silius
1639 2517 1924 2558 Evilmerodach,
1951 2517 2010 2563 qui
2031 2516 2188 2549 leconiae
2204 2516 2277 2559 regi

1299 2570 1381 2604 luda
1400 2570 1524 2604 tribuit
1541 2570 1674 2613 regium
1692 2568 1874 2609 honorem,
1902 2576 1934 2601 et
1951 2570 2084 2611 magnis
2101 2567 2277 2600 beneficiis

1294 2621 1408 2654 affecit
1436 2621 1606 2665 populum
1631 2620 1717 2659 Dei,
1752 2620 1910 2663 regnavit
1933 2626 2047 2652 autem
2074 2615 2276 2651 Evilmero-

1293 2670 1382 2706 dach
1400 2683 1510 2705 annos
1526 2671 1587 2706 23.
