2379 2948
805 92 851 128 11.
907 90 1056 128 LIBER

172 176 241 211 Hic
268 179 395 212 modus
418 186 469 213 est
496 178 723 217 nutritionis,
758 181 797 212 in
827 191 895 223 quo
925 179 1054 222 gradus

71 228 119 261 sic
135 227 398 265 discernuntur.
451 229 672 273 Digestiones
686 236 756 262 tres
780 241 940 265 numero.
974 228 1055 262 Pri-

71 279 216 312 mamin
241 281 449 314 ventriculo.
503 279 701 313 Secundam
732 280 769 312 in
801 287 911 324 epate.
965 279 1054 312 Ter-

71 329 154 362 tiam
174 330 210 362 in
229 331 506 363 extremitatibus
526 341 707 371 venarum,
734 331 796 364 ubi
814 331 957 374 sanguis
974 343 1054 363 ver-

71 380 157 413 titur
181 381 216 412 in
242 382 411 414 secundas
434 378 680 421 humiditates,
707 393 795 426 quae
822 382 1055 416 nominantur

70 431 258 465 cambium.
312 430 348 463 ld
377 437 493 474 postea
520 429 742 465 attrahitura
758 433 916 466 membro
939 432 1055 465 nutri-

70 483 180 522 endo,
214 481 306 515 etin
338 481 412 513 eius
442 481 673 515 substantiam
707 494 789 516 vera
824 483 1051 526 generatione

69 533 305 571 convertitur,
340 537 379 564 ut
401 531 533 565 dictum
558 539 619 567 est.
675 531 751 567 Etsi
776 541 892 568 autem
920 536 963 568 de
986 546 1054 567 nu-

69 594 167 615 mero
192 581 426 623 digestionum
452 582 513 615 alii
539 583 641 616 aliter
664 584 772 618 locuti
798 592 898 624 sunt,
935 592 1050 619 tamen

69 632 276 676 prolixiores
299 639 333 666 et
349 633 492 668 inutiles
508 634 764 678 disputationes
781 637 910 669 addere
929 636 1041 670 nolui.

72 95 117 129 95

68 742 126 775 De
160 744 328 777 materia
363 745 602 787 nutritionis,
639 749 678 778 et
709 746 799 780 aliis
831 744 939 780 rebus
968 756 1054 780 eam

413 794 697 830 adiuvantibus.

167 858 312 893 Dictum
331 866 379 893 est
397 860 441 893 de
457 862 626 905 potentia,
653 864 696 896 de
713 863 865 906 organis,
888 863 930 896 de
948 863 1054 896 modo

67 910 282 944 nutritionis.
337 910 409 943 Iam
427 914 517 945 etde
543 914 708 954 materia,
736 914 900 947 videlicet
925 915 968 947 de
987 926 1054 946 nu·

66 961 264 1002 trimentis‚
290 961 333 994 de
351 962 438 995 cibis
457 970 489 996 et
517 970 623 1007 potu,
649 972 681 998 et
706 966 748 997 de
776 965 927 999 externis
950 965 1055 998 rebus

66 1012 318 1045 adiuvantibus
350 1013 582 1048 nutritionem
609 1016 800 1050 dicendum
836 1023 930 1057 erat,
965 1027 1054 1061 quae

66 1069 301 1097 numerantur
319 1074 393 1097 sex:

168 1115 254 1147 Aer.

167 1164 279 1199 Cibus
295 1171 326 1198 et
351 1172 465 1209 potuS.

168 1214 324 1249 Somnus
341 1222 374 1249 et
396 1216 529 1258 vigilia.

170 1264 293 1298 Motus
318 1272 352 1298 et
371 1266 481 1309 quies.

169 1313 375 1348 Evacuatio.

168 1365 339 1399 Adfectus
366 1364 488 1398 animi.

65 1415 161 1450 Haec
198 1427 254 1449 sex
293 1427 419 1459 genera
451 1413 686 1448 nominantur
715 1427 769 1450 res
799 1428 873 1450 non
907 1423 1054 1450 natura-

66 1469 134 1509 les,
159 1467 241 1512 quia
263 1479 336 1500 non
361 1473 442 1500 sunt
466 1472 582 1511 partes
608 1465 645 1498 in
668 1464 823 1500 hominis
847 1468 1054 1504 substantia.

65 1518 138 1552 Nos
154 1516 213 1551 hic
230 1518 436 1558 recitamus,
463 1524 503 1551 ut
518 1516 708 1559 adpellatio
727 1530 844 1551 rerum
863 1530 936 1552 non
952 1525 1056 1552 natu-

66 1569 213 1609 ralium,
241 1581 329 1614 quae
350 1575 464 1602 tamen
482 1567 672 1601 nutritioni
691 1569 869 1610 serviunt,
895 1576 978 1603 nota
997 1570 1055 1603 sit.

66 1618 111 1653 Et
126 1620 266 1663 prodest
294 1631 392 1664 saepe
424 1618 722 1654 commonefacere
752 1619 908 1653 iuniores
933 1621 976 1653 (le
999 1617 1055 1653 his

66 1671 151 1714 ipsis
166 1671 290 1711 rebus,
314 1677 354 1704 ut
378 1670 511 1703 maiore
535 1681 617 1702 cura
634 1671 840 1710 observent,
866 1671 952 1715 quid
970 1682 1055 1704 con-

65 1722 169 1754 ducat
184 1721 406 1760 valetudinii,
434 1720 518 1765 quid
536 1727 669 1756 noceat.
696 1721 852 1755 Petenda
871 1728 921 1755 est
938 1728 1054 1755 autem

65 1772 206 1815 longior
222 1771 383 1804 doctrina
401 1782 419 1803 a
438 1770 594 1805 medicis.

168 1829 341 1863 Videmus
360 1827 541 1862 hominem
567 1840 640 1861 non
666 1828 736 1861 nisi
762 1828 799 1861 in
823 1830 904 1863 ae're
926 1829 1056 1864 vivere.

65 1879 111 1916 Et
136 1881 362 1914 manifestum
396 1887 464 1921 est,
509 1880 729 1924 expiratione
761 1891 850 1924 opus
882 1892 976 1921 esse,
1009 1893 1055 1914 ne

65 1931 296 1966 multitudine
320 1931 511 1976 spirituum
538 1930 668 1974 repleta
694 1930 775 1964 sede
800 1931 916 1964 cordis
941 1938 1056 1965 stran-

64 1984 231 2027 gulentur
261 1980 435 2016 homines.
504 1981 741 2026 Inspiratioue
771 1993 853 2014 vero
880 1994 968 2026 opus
995 1989 1055 2024 est,

65 2035 147 2079 quia
162 2037 222 2068 ae'r
238 2033 420 2076 refrigerat
445 2045 524 2073 cor,
560 2039 592 2066 et
619 2043 699 2076 pars
723 2032 813 2065 aeris
838 2040 995 2067 mutatur
1018 2034 1053 2066 in

66 2085 210 2129 spiritus
228 2084 381 2117 admixta
408 2081 598 2124 iuditibus,
635 2083 696 2129 qui
722 2094 761 2116 ex
789 2083 961 2126 sanguine
991 2096 1055 2117 na-

66 2142 223 2170 scuntur.
258 2133 353 2168 Hinc
370 2135 520 2178 intelligi
538 2140 663 2179 potest,
690 2133 843 2167 facilime
863 2134 958 2168 infici
975 2147 1053 2168 cor-

66 2187 110 2220 da
136 2192 308 2219 venenato
331 2187 420 2219 ae're.
475 2185 658 2219 Praeterea
683 2186 743 2218 aer
766 2191 879 2218 totum
896 2186 1055 2229 corporis

64 2242 380 2280 temperamentum
397 2236 518 2271 variat.
574 2234 655 2269 Alia
674 2241 799 2269 natura
823 2242 874 2270 est
897 2236 1055 2281 corporis

65 2288 138 2320 nati
156 2293 188 2320 et
205 2286 340 2320 educati
359 2286 395 2319 in
413 2294 492 2321 aere
509 2283 695 2331 Scythic0,
722 2286 785 2319 ubi
807 2293 888 2320 sunt
907 2299 1054 2331 corpora

65 2338 157 2371 ursis
176 2336 367 2377 similiora,
394 2338 461 2370 alia
482 2338 518 2370 in
538 2338 618 2370 ae‘re
635 2336 790 2381 Libyen,
819 2338 878 2370 ubi
907 2350 1053 2381 corpora

65 2395 147 2423 sunt
163 2387 335 2422 similiora
357 2386 478 2421 simiis.
531 2387 604 2421 Nec
621 2388 749 2420 addam
767 2388 868 2431 plura
894 2389 937 2421 de
964 2396 1054 2424 aere.

165 2454 218 2489 De
235 2454 323 2488 cibis
343 2460 375 2487 et
394 2459 479 2497 potu
495 2454 691 2488 consideret
708 2454 877 2499 quisque,
905 2455 965 2500 qui
983 2455 1054 2489 sint

66 2514 100 2541 et
119 2505 299 2539 communi
323 2501 511 2537 hominum
536 2511 700 2545 naturae,
728 2511 762 2538 et
785 2516 850 2538 suo
879 2511 1054 2550 tempera·
1077 2501 1079 2512 ¹

66 2563 185 2590 mento
200 2555 461 2590 convenientes,
514 2552 601 2587 Nam
622 2555 793 2598 sapientia
808 2554 876 2589 Dei
898 2568 954 2589 res
977 2569 1053 2590 cer-

65 2614 120 2640 tae
136 2607 184 2641 ita
198 2605 364 2640 conditae
379 2611 472 2646 sunt,
496 2611 535 2638 ut
552 2610 695 2647 propter
711 2606 955 2648 cognationem
972 2619 1051 2641 cum

65 2669 212 2703 corpore
230 2654 386 2690 humano
398 2682 407 2698 ,
435 2655 527 2690 verti
544 2655 582 2687 in
600 2653 806 2698 sanguinem
824 2663 858 2691 et
873 2657 957 2691 addi
974 2669 1052 2691 cor-

1083 90 1148 126 DE
1176 90 1350 131 ANIMA.
2038 98 2086 136 94

1107 177 1252 221 poribus
1269 181 1396 213 nostris
1415 182 1567 224 possint,
1595 183 1683 216 aliae
1701 183 1821 227 magis,
1849 184 1938 218 aliae
1957 185 2084 227 miuus,

1107 235 1145 260 ut
1165 239 1205 260 ex
1222 229 1339 262 tritico
1358 238 1389 263 et
1409 232 1491 265 vino
1514 234 1550 267 fit
1565 234 1717 276 sanguis.
1769 233 1821 268 Ex
1841 236 2008 269 arborum
2031 238 2086 269 fo-

1106 278 1162 311 liis
1186 285 1218 311 et
1243 279 1431 312 corticibus
1453 285 1591 325 sanguis
1615 285 1688 317 sieri
1712 297 1784 318 non
1809 292 1933 330 potest.
1987 285 2086 319 Tan-

1107 335 1179 361 tum
1199 341 1281 362 vero
1301 331 1425 362 addam
1444 329 1500 364 hic
1519 334 1589 366 duo
1609 336 1699 368 (licta
1726 335 1968 380 Hippocratis,
1996 348 2085 381 quo-

1106 391 1184 412 rum
1202 380 1350 413 alterum
1371 389 1489 414 monet
1502 409 1511 422 ,
1537 390 1575 416 ut
1593 385 1766 426 eligantur
1784 387 1852 420 cibi
1871 388 2084 420 convenien-

1105 437 1155 463 tes
1166 442 1228 463 suo
1240 431 1409 476 cuiusque
1419 439 1705 475 temperamentO,
1721 436 1781 479 qui
1792 438 1845 470 vel
1856 450 1972 471 arcere
1989 449 2088 471 mor-

1106 481 1187 519 bos,
1216 482 1269 514 vel
1289 482 1400 515 lenire
1418 483 1572 527 possint,
1601 491 1638 517 ut
1663 482 1697 516 hi
1723 486 1783 529 qui
1807 487 1973 531 frigidum
1998 500 2086 522 ven-

1106 531 1272 565 triculum
1298 530 1446 574 habent,
1483 546 1556 566 non
1580 534 1701 567 bibant
1725 547 1871 579 aquarn,
1899 546 1956 572 aut
1980 539 2085 572 nimis

1105 589 1246 615 tenuem
1278 584 1492 619 cerevisiam.
1553 583 1622 618 Sed
1656 585 1737 618 vina
1771 587 1978 628 mediocria,
2013 601 2087 622 non

1106 634 1225 667 cruda.
1282 633 1353 676 Qui
1379 642 1522 679 propter
1544 642 1858 679 temperamentum
1885 638 2031 671 calidius
2055 646 2088 673 et

1105 684 1246 725 siccius,
1273 692 1332 718 aut
1350 685 1453 719 etiam
1471 693 1615 730 propter
1631 687 1846 720 moesticiam
1865 699 1989 731 parum
2006 690 2089 721 dor-

1106 735 1241 774 miunt,
1275 743 1422 770 utantur
1446 737 1596 777 lactuca,
1630 737 1843 782 amygdalis,
1878 750 1993 772 croco.
2047 737 2089 771 In

1106 783 1197 818 hanc
1220 787 1429 820 sententiam
1455 787 1572 832 inquit
1595 786 1844 832 Hippocrates:
1872 787 1938 823 ³E11
1967 791 2090 834 τρυφῇ

1107 835 1302 882 φαρμακίη
1337 836 1502 883 ἄριστον.
1554 837 1656 871 Hauc
1685 839 1842 882 regulam
1869 851 1970 873 nosse
1986 846 2018 872 et
2035 851 2090 872 se-

1106 888 1167 931 qui
1196 888 1233 920 in
1256 888 1370 929 victu,
1410 889 1576 922 omnibus
1603 889 1803 923 iunioribus
1828 897 1861 924 et
1889 890 2089 923 senioribus

1107 938 1208 971 valde
1231 939 1317 971 utile
1353 945 1420 978 est,
1451 946 1668 985 possuntque
1691 938 1756 973 hac
1780 941 1965 984 diligentia
1990 952 2091 985 saepe

1106 989 1216 1022 arceri
1233 989 1422 1033 periculosi
1446 991 1574 1024 morbi.

1209 1039 1278 1073 Sed
1296 1040 1569 1082 medicamenta,
1597 1053 1684 1086 quae
1709 1054 1783 1075 non
1809 1049 1892 1077 sunt
1913 1042 2001 1083 cibi,
2029 1054 2091 1075 ne-

1107 1101 1283 1135 quaquam
1307 1091 1395 1124 cibis
1429 1092 1609 1125 miscenda
1639 1099 1732 1128 sunt.
1793 1092 1859 1133 Ut,
1896 1091 2092 1127 rhabarba-

1107 1153 1206 1179 rum,
1241 1147 1301 1174 aut
1335 1141 1513 1184 agaricum
1544 1154 1618 1175 non
1641 1143 1829 1177 misceatur
1854 1144 1951 1177 cibis.
2005 1143 2090 1176 Ideo

1107 1198 1139 1224 et
1154 1189 1239 1224 haec
1265 1192 1435 1226 sententia
1463 1193 1506 1225 ab
1531 1192 1747 1236 Hippocrate
1772 1194 1899 1227 tradita
1925 1200 1990 1227 est:
2024 1191 2093 1227 'Eu

1106 1244 1228 1287 τρο(Ῑῇ
1260 1240 1455 1287 ([αρμακίη
1490 1241 1680 1288 φλαυρόν,
1715 1244 1797 1289 quia
1822 1245 1980 1277 diversae
2009 1250 2092 1277 sunt

1107 1293 1260 1325 actiones
1278 1292 1347 1325 cibi
1365 1300 1398 1326 et
1420 1291 1621 1337 pharmaci,
1649 1301 1682 1327 et
1698 1294 1890 1338 impeditur
1915 1295 2005 1328 actio
2027 1305 2092 1327 na-

1106 1349 1205 1375 turae
1231 1343 1347 1375 cibum
1373 1344 1576 1388 coquentis,
1606 1355 1684 1375 cum
1708 1344 1840 1377 interea
1863 1343 2093 1389 pharmacum

1107 1390 1215 1426 trahit
1233 1398 1265 1424 et
1284 1392 1383 1435 pellit
1401 1393 1550 1426 viciosos
1575 1390 1753 1428 humores,

1208 1441 1260 1476 De
1293 1450 1391 1476 motu
1436 1450 1468 1476 et
1500 1443 1617 1488 quiete
1656 1441 1722 1477 hoc
1757 1451 1895 1479 tantum
1923 1445 2095 1479 monendi

1107 1500 1190 1526 sunt
1208 1493 1376 1529 iuniores.
1437 1493 1595 1537 Agitatio
1621 1507 1808 1539 corporum
1834 1497 2019 1539 praecedat
2042 1496 2093 1529 ci-

1106 1546 1179 1580 bos.
1233 1542 1415 1577 Excitatur
1432 1545 1526 1577 euim
1544 1545 1658 1585 calor,
1684 1546 1945 1589 superfluitates
1965 1558 2094 1580 consu-

1105 1602 1252 1627 muntur
1286 1602 1319 1628 et
1353 1596 1595 1638 expelluntur,
1642 1602 1674 1628 et
1715 1596 1876 1631 irritatur
1913 1597 2093 1641 adpetitio.

1106 1645 1157 1678 Ita
1199 1645 1316 1689 iuquit
1354 1645 1603 1690 Hippocrates:
1658 1643 1777 1681 Πόιόι
1821 1644 1949 1681 σιτίων
1996 1645 2094 1694 ἡγεί-

1107 1696 1276 1731 σθωσαν.

1206 1745 1346 1780 Maiore
1370 1746 1473 1779 etiam
1506 1758 1588 1780 cura
1615 1759 1736 1780 omnes
1769 1747 1914 1780 iuvenes
1937 1755 1970 1781 et
1995 1759 2094 1781 senes

1106 1803 1185 1842 post
1205 1802 1383 1840 sumptum
1402 1796 1521 1830 cibum
1537 1797 1650 1830 vitent
1666 1808 1788 1830 omnes
1813 1795 2094 1832 vehementiores

1106 1855 1223 1881 motus
1243 1848 1400 1890 corporis
1418 1853 1450 1880 et
1475 1847 1605 1886 animi,
1632 1848 1745 1881 vitent
1768 1854 1800 1881 et
1825 1850 1922 1882 vocis
1946 1856 2093 1882 conten-

1106 1899 1249 1932 tionem.
1312 1896 1522 1931 Tribuenda
1557 1904 1608 1931 est
1639 1898 1733 1931 enim
1763 1898 1862 1943 quies
1893 1899 2092 1933 ventriculo

1106 1949 1266 1992 amplexo
1291 1948 1359 1980 iam
1392 1948 1531 1988 cibum,
1568 1948 1629 1993 qui
1664 1960 1741 1981 cum
1771 1948 1942 1991 agitatur,
1977 1950 2094 1993 patefit

1106 1997 1324 2038 stomachus,
1352 2005 1384 2031 et
1401 1996 1566 2032 exhalant
1582 1998 1724 2042 spiritus
1740 2005 1773 2032 et
1788 1999 1894 2041 calor,
1920 2007 1953 2034 et
1971 2001 2008 2034 fit
2022 2001 2095 2032 dis-

1106 2050 1231 2094 sipatio
1264 2048 1344 2083 cibi.
1404 2048 1509 2082 Hunc
1535 2049 1643 2092 igitur
1668 2056 1700 2082 et
1728 2060 1868 2083 sensum
1900 2051 2094 2094 pecudibus

1106 2109 1230 2134 natura
1272 2099 1426 2133 inditum
1460 2100 1640 2140 videmus,
1677 2106 1717 2133 ut
1756 2106 1941 2145 postquam
1976 2107 2093 2144 pastae

1105 2158 1207 2192 sunt,
1234 2157 1351 2184 ament
1368 2150 1538 2195 quietem,
1567 2157 1600 2184 et
1622 2150 1790 2184 cubantes
1809 2150 1945 2194 placide
1969 2151 2092 2183 fruan-

1105 2210 1162 2237 tur
1179 2202 1309 2247 quiete.
1346 2200 1417 2234 Nec
1434 2201 1583 2235 dubium
1602 2209 1672 2241 est,
1700 2201 1830 2235 multos
1847 2198 2007 2233 homines
2024 2201 2091 2234 sibi

1105 2260 1236 2287 certum
1251 2252 1396 2285 exitium
1413 2262 1588 2285 accersere
1604 2251 1734 2285 talibus
1750 2250 2004 2293 intempestivis
2019 2251 2092 2294 agi-

1077 2304 1080 2473 }
1104 2304 1297 2337 tationibus
1335 2310 1414 2346 post
1444 2309 1626 2347 sumptum
1657 2302 1786 2336 cibum.
1852 2298 1901 2335 Et
1931 2302 2089 2346 exempla

1105 2356 1275 2400 quaedam
1298 2353 1461 2388 vidimus.

1205 2404 1258 2438 De
1300 2404 1527 2437 evacuatione
1578 2401 1664 2434 ordo
1707 2407 1854 2435 naturae
1887 2409 1993 2437 notus
2026 2409 2088 2437 est.

1077 2483 1078 2486 ,
1103 2454 1242 2489 Deinde
1258 2465 1383 2496 magua
1404 2453 1550 2486 varietas
1573 2458 1624 2485 est
1652 2452 1935 2494 evacuationum,
1961 2454 2004 2487 de
2021 2465 2091 2499 qua

1105 2504 1312 2540 consulendi
1332 2510 1415 2537 sunt
1440 2501 1577 2535 medici.

1205 2555 1258 2590 De
1279 2553 1473 2587 adfectibus
1499 2550 1626 2593 animi,
1653 2564 1762 2597 quare
1785 2553 1834 2587 ita
1858 2553 1993 2587 conditi
2019 2554 2090 2588 sint

1104 2608 1142 2641 in
1159 2614 1302 2643 natura,
1327 2610 1366 2637 ut
1389 2603 1444 2635 vel
1470 2602 1612 2636 foveant
1637 2602 1766 2642 vitam,
1793 2604 1848 2637 vel
1873 2604 2090 2648 extinguant,

1104 2665 1138 2694 et
1153 2658 1224 2692 sint
1239 2663 1408 2699 tanquam
1430 2653 1591 2688 flammae
1608 2653 1768 2688 vindices
1798 2661 1831 2689 et
1856 2655 2012 2689 executio
2031 2654 2087 2688 iu-
