2379 2948
150 112 222 148 449
777 112 839 161 ιγ.

140 197 214 231 reta
233 196 285 229 vel
303 197 541 240 gratulatione
561 195 785 233 inchoantur.
839 196 992 240 Reliqua
1017 194 1132 228 oratio

143 254 311 292 perpetua
330 251 501 293 quaedam
526 247 694 282 historiae
717 247 871 280 narratio
898 254 968 286 est,
998 245 1036 277 in
1063 257 1131 290 qua

892 108 1169 146 ELEMENTA
1204 109 1541 150 RHETORICES.

143 307 259 332 tamen
280 301 466 344 praecipua
487 301 613 333 decora
636 297 915 340 amplificantur,
943 303 976 329 et
1000 296 1044 329 ad
1069 297 1131 328 ad-
1157 295 1159 329 f

143 350 368 382 mirationem
387 358 491 395 atque
505 348 737 382 imitationem
755 354 1016 392 proponuntur.
1061 345 1131 380 Sed

141 401 311 445 quoniam
340 408 458 435 extant
479 399 657 442 exempla,
692 398 728 430 in
756 399 886 443 quibus
910 398 1000 431 ratio
1024 395 1132 430 huius

141 452 278 493 generis
299 451 469 484 tractandi
487 450 584 483 cerni
602 456 732 493 potest,
758 448 849 482 nihil
875 460 965 493 opus
983 455 1033 481 est
1051 449 1131 481 lon-

142 502 302 544 gioribus
329 501 530 544 praeceptis.
588 499 755 533 Isocrates
781 501 927 546 reliquit
955 500 1132 533 laudatio-

142 565 223 585 nem
261 551 460 594 Evagorae,
504 550 642 584 Plinius
678 550 838 586 Traiani.
898 549 1005 584 Extat
1032 557 1065 583 et
1087 550 1131 583 ab

140 602 288 636 Erasmo
313 602 463 646 scriptus
484 601 741 647 Panegyricus,
774 603 866 636 lectu
889 601 1130 645 dignissimus,

143 658 185 687 de
204 652 369 697 Phiiippo
389 664 468 695 rege
487 651 693 697 Hispaniae.

242 719 333 752 Sunt
356 718 489 752 Psalmi
512 719 657 764 quidam
688 719 826 763 generis
851 719 1130 759 demonstrativi,

141 771 202 815 qui
226 771 433 804 describunt
451 768 656 811 Christum,
687 768 724 803 hi
751 778 894 814 possunt
922 768 1045 803 haberi
1067 783 1129 814 pro

140 821 308 854 brevibus
337 822 574 867 panegyricis,
607 829 648 855 ut
671 821 780 854 Psal.:
818 821 917 854 Dixit
949 822 1128 854 dominus.

139 872 229 905 Item
259 871 350 907 Psal.
375 872 452 905 67.;
490 871 648 915 Exurgat
663 871 768 907 Deus.
822 871 943 915 Pingit
961 873 1055 905 enim
1071 884 1131 904 ve-

139 923 205 956 luti
224 921 475 968 triumphalem
500 936 665 968 pompam
694 923 804 966 regis,
832 925 972 957 orditur
995 925 1038 956 ab
1064 924 1130 955 im-

140 974 342 1018 precatione
359 983 392 1008 et
418 975 677 1018 gratulatione,
704 987 785 1007 nam
810 972 970 1007 hostibus
995 972 1129 1008 Christi

139 1025 230 1058 male
258 1034 437 1069 precatur,
472 1027 669 1069 gratulatur
692 1032 808 1058 autem
837 1026 912 1068 piis.
965 1025 1129 1059 Narratio

138 1076 298 1109 continet
316 1089 497 1121 pompam:
523 1075 631 1110 Venit
648 1077 828 1116 domiuus,
847 1077 993 1110 et-ducit
1012 1088 1128 1108 secum

139 1127 312 1161 exercitus
328 1126 671 1170 Evangelizantiam.
719 1125 771 1160 Ex
790 1124 844 1159 his
864 1133 945 1160 sunt
962 1126 1130 1170 descripti

138 1176 322 1222 Principes
340 1179 614 1222 provinciarum,
634 1177 799 1222 Apostoli
820 1184 853 1211 et
872 1177 1051 1222 Episcopi,
1070 1177 1130 1222 qui

139 1229 341 1272 provincias
358 1229 503 1262 afflictas
521 1236 552 1262 et
576 1236 713 1262 vexatas
737 1236 905 1263 recreant.
961 1228 1130 1261 Ascendit

139 1280 305 1313 domiuus
322 1280 358 1312 in
374 1280 497 1320 altum,
516 1280 612 1313 ducit
630 1280 666 1312 in
688 1278 868 1323 triumpho
887 1280 1042 1323 captivos
1058 1280 1130 1311 dis-

140 1330 265 1364 tribuit
288 1332 380 1363 dona
406 1331 581 1363 militibus
604 1342 643 1363 ac
666 1331 804 1373 populis
829 1331 920 1370 suis,
948 1331 1132 1362 minantur

140 1378 302 1414 hostibus
318 1381 507 1425 supplicia:
535 1380 717 1414 Praecedit
738 1382 888 1424 populus
906 1394 944 1414 ac
962 1381 1130 1425 sequitur,

139 1432 201 1476 qui
220 1432 312 1464 canit
330 1430 545 1475 triumphale
570 1444 721 1466 carmen.
775 1430 871 1465 Haec
896 1433 967 1465 fere
994 1443 1130 1464 summa

140 1489 190 1515 est
210 1481 361 1523 Psalmi,
389 1494 493 1526 quem
514 1482 543 1514 si
568 1483 646 1527 quis
664 1480 729 1514 hoc
745 1484 852 1515 modo
869 1484 911 1515 ad
928 1482 1013 1515 artis
1030 1494 1130 1526 prae-

141 1541 239 1576 cepta
259 1534 433 1573 conferet,
461 1533 602 1577 planius
622 1533 795 1576 intelliget
811 1541 844 1566 ct
862 1533 1131 1573 animadvertet,

142 1585 202 1628 qui
223 1584 290 1617 loci
310 1584 451 1628 proprie
473 1585 514 1617 ad
532 1582 714 1617 Christum
737 1584 1030 1617 accommodandi
1050 1584 1131 1624 sint,

142 1635 201 1679 qui
221 1636 379 1669 tribuant
397 1635 427 1668 ei
445 1635 603 1667 divinam
620 1636 824 1679 potentiam.

245 1701 470 1748 Quamquam
489 1710 604 1736 autem
626 1702 737 1736 oratio
756 1702 792 1734 in
810 1700 876 1735 hoc
903 1713 1028 1745 genere
1052 1714 1131 1746 per—

141 1761 246 1798 petua
264 1755 421 1787 narratio
439 1761 509 1792 est,
536 1762 652 1787 tamen
671 1753 834 1786 incidunt
850 1754 1027 1785 interdum
1052 1753 1131 1793 loci,

143 1805 203 1850 qui
223 1803 353 1838 habent
371 1805 526 1850 aliquam
543 1804 819 1848 disputationem
831 1831 839 1844 ,
867 1805 929 1837 ubi
945 1805 1131 1836 confirma-

143 1857 240 1888 tione
262 1864 293 1889 et
309 1857 551 1890 confutatione
569 1856 721 1895 utimur,
749 1861 788 1888 ut
816 1855 843 1887 si
871 1855 948 1899 quis
972 1854 1132 1888 laudabit

144 1907 186 1941 C.
201 1906 396 1948 Caesarem,
425 1907 603 1940 excusabit
621 1918 712 1944 eum,
740 1907 835 1950 quod
850 1906 982 1938 bellum
1006 1907 1132 1939 adver-

144 1970 202 1991 sus
219 1958 365 2002 patriam
385 1959 552 1998 moverit-,-
573 1957 655 2002 quia
673 1957 830 1997 inimici,
861 1951 940 1989 c⁶um
967 1957 995 1989 ei
1023 1957 1130 1990 bene-

147 2071 185 2091 ac
210 2062 399 2103 moverint,
427 2061 546 2103 Quare
574 2072 645 2092 non
675 2060 795 2094 intulit
825 2060 958 2103 patriae
989 2060 1132 2099 bellum,

148 2111 206 2143 sed
226 2111 389 2146 iniustam
410 2114 480 2145 vim
498 2124 516 2145 a
534 2123 596 2145 suo
615 2111 727 2154 capite
745 2111 899 2154 depulit,
926 2123 1004 2143 cum
1025 2110 1130 2143 Pom-

150 2162 249 2204 peius
268 2171 408 2206 negaret
424 2175 458 2196 se
482 2163 572 2197 ullas
598 2152 819 2195 &aditiones
842 2162 935 2206 pacis
959 2163 1134 2195 admissu-
1158 2178 1159 2182 ¹

149 2224 228 2245 rum
245 2226 316 2247 esse
334 2215 402 2247 nisi
417 2215 521 2248 allato
539 2215 581 2247 ad
600 2225 635 2247 se
652 2213 810 2248 Caesaris
829 2214 953 2257 capite.

252 2282 449 2329 Supersunt
472 2283 560 2315 aliae
591 2283 739 2326 species,
775 2294 853 2315 cum
885 2282 1036 2321 factum,
1075 2287 1133 2314 aut

149 2346 223 2368 rem
242 2341 370 2367 certam
390 2333 584 2368 laudamus.
629 2333 668 2366 ln
686 2331 752 2367 hoc
769 2345 895 2376 genere
913 2344 1034 2365 omnes
1053 2344 1134 2374 par-

149 2393 200 2419 tes
224 2386 370 2418 existere
392 2391 550 2427 possunt:
586 2383 800 2425 Exordium,
828 2383 1010 2422 Narratio,
1039 2383 1134 2416 Con-

151 2437 320 2474 firmatio,
348 2435 573 2473 Confutatio,
599 2435 798 2468 Conclusio.

149 2500 231 2521 mur
262 2501 301 2521 ex
331 2499 457 2529 genere
483 2485 723 2519 deliberativo>
785 2485 1004 2525 Honestum,
1039 2486 1136 2525 utile,

151 2539 270 2579 facile,
298 2545 358 2571 aut
375 2538 538 2578 difficile,
565 2543 604 2569 ut
623 2537 648 2568 si
668 2537 745 2580 quis
767 2537 887 2570 laudet
913 2538 1042 2570 factum
1067 2537 1135 2569 lm—
1161 2572 1162 2581 ἶ

152 2601 245 2633 pera.
264 2587 425 2623 Lotharii
444 2588 611 2627 Saxonis,
639 2587 699 2632 qui
717 2585 895 2620 Romanas
909 2589 1020 2630 leges,
1048 2599 1137 2633 quae
1161 2591 1164 2601 ⁴

153 2642 196 2672 ad
214 2641 248 2673 id
277 2648 431 2683 tempus,
460 2646 535 2684 post
562 2645 764 2681 occupatam
793 2637 930 2671 ltaliam
955 2651 972 2671 a
992 2637 1138 2671 Gotthis
1162 2665 1163 2668 ,

153 2692 190 2723 in
214 2689 440 2725 bibliothecis
462 2691 655 2727 latuerant,
681 2689 718 2722 in
743 2689 859 2721 forum
884 2690 1077 2728 revocavit,
1104 2695 1137 2721 et

204 2745 380 2775 Mummi.
411 2744 513 2776 Orsa.
543 2742 625 2773 Voti.
646 2741 740 2774 XIII.

858 2435 970 2468 Locos
994 2441 1135 2468 mutua·
1160 2449 1162 2458 ·

1162 2631 1164 2644 l

1161 2680 1164 2694 t

1162 2696 1165 2704 ι

1157 1991 1159 1995 ·
1185 1982 1243 2007 tur
1273 1982 1305 2007 et
1333 1975 1605 2018 amplificantur.

145 2009 262 2042 ficium
281 2010 405 2054 populi
421 2014 608 2053 eriperent,
633 2009 768 2052 priores
786 2009 917 2041 bellum
938 2008 1132 2041 indixerint
1186 2026 1322 2058 ceronis
1340 2027 1381 2057 de
1398 2038 1461 2059 SUO
1477 2027 1613 2069 reditu,
1641 2033 1673 2058 et
1695 2038 1758 2068 pro
1776 2025 1827 2059 M.
1847 2025 2028 2061 Marcello-

2101 117 2175 154 450

1159 202 1161 236 ξ
1185 195 1382 236 constituit,
1415 199 1507 231 utin
1530 199 1679 243 imperio
1697 200 1751 233 ius
1766 211 1805 233 ex
1824 201 1895 234 illis
1917 202 2053 246 legibus
2077 205 2172 237 dice-

1185 252 1293 279 retur.
1355 246 1515 281 Primum
1551 247 1743 285 honestatis
1776 252 1854 286 loco
1885 259 2043 292 utemur,
2077 257 2172 299 quod

1185 297 1303 329 deceat
1322 298 1518 342 principem
1538 301 1691 340 efficere,
1714 309 1752 335 ut
1769 304 1966 347 respublica
1991 305 2082 348 leges
2109 302 2172 338 ha·

1184 347 1263 379 beat
1278 348 1440 390 optimas.
1494 349 1682 383 Sumemus
1699 361 1925 396 argumenta,
1953 367 2027 388 non
2054 356 2170 388 solum

1184 409 1201 429 a
1228 396 1390 431 Lotharii
1417 412 1583 442 persona,
1617 401 1779 436 videlicet
1805 416 1822 436 a
1848 405 2018 449 principis
2044 406 2171 444 officio,

1185 449 1244 481 sed
1260 450 1363 481 etiam
1384 461 1400 482 a
1419 462 1473 488 re,
1504 447 1569 483 hoc
1592 458 1641 483 est
1665 464 1682 483 a
1711 454 1881 495 dignitate
1905 457 2019 499 legum
2037 455 2171 491 Roma-

1187 512 1323 539 narum,
1352 501 1446 544 quod
1468 501 1591 544 plenae
1609 501 1680 534 sint
1700 500 1938 544 humanitatis,
1964 507 2172 549 prudentiae

1184 561 1222 581 ac
1245 550 1421 592 iusticiae,
1448 555 1614 597 quodque
1640 553 1738 586 nulla
1763 564 1847 596 gens
1871 568 2026 600 unquam
2047 558 2171 590 melio-

1186 613 1237 633 res
1256 602 1346 644 leges
1358 627 1366 640 ,
1393 610 1424 635 et
1442 604 1552 646 magis
1569 604 1827 637 consentientes
1844 613 1991 639 naturae
2008 605 2171 642 habuerit

1185 665 1288 696 quam
1308 654 1458 696 populus
1475 653 1671 688 Romanus.
1726 655 1783 687 Ab
1801 656 1879 688 utili
1898 657 1963 689 erit
1984 669 2170 699 argumen-

1186 711 1276 742 tum,
1313 706 1404 748 quod
1434 713 1545 737 certae
1573 705 1663 748 leges
1692 706 1855 740 muniant
1881 707 2170 752 tranquillitatem

1186 755 1373 796 publicam.
1423 754 1615 789 Lotharius
1632 756 1739 797 igitur
1756 757 1890 789 utiliter
1907 758 2086 792 consuluit
2102 760 2171 792 rei-

1187 805 1367 847 publicae,
1395 809 1489 850 quod
1516 810 1557 839 ad
1585 819 1724 839 omnem
1752 810 1991 850 posteritatem
2015 809 2172 843 civitates

1185 857 1448 900 tranquilliores
1475 858 1642 893 reddidit.
1703 857 1791 890 Nam
1821 866 1922 892 antea
1950 860 2049 892 nullo
2077 867 2172 894 certo

1184 906 1259 938 iure
1275 908 1466 941 utebantur
1492 909 1666 948 civitates,
1688 909 1746 941 sed
1773 910 1997 952 magistratus
2020 922 2083 954 pro
2108 923 2172 945 suo

1184 958 1330 990 arbitrio
1350 959 1403 991 ius
1431 960 1578 993 dicebat.
1631 959 1683 993 Ea
1710 971 1782 1000 res,
1808 973 1888 993 cum
1913 962 2095 1006 tyrannidi
2119 963 2172 994 vi-

1184 1010 1262 1041 cina
1285 1010 1345 1050 sit,
1372 1010 1567 1053 periculosa
1591 1018 1642 1044 est
1668 1010 1881 1045 civitatibus.
1935 1012 2036 1046 Alibi
2064 1010 2172 1046 habe-

1183 1060 1269 1092 bant
1294 1061 1494 1093 barbaricas
1518 1063 1627 1105 leges,
1662 1062 1825 1095 videlicet
1851 1063 2001 1103 &alit-as,
2029 1060 2095 1096 hoc
2121 1071 2171 1098 est

1183 1110 1313 1142 aulicas
1334 1111 1424 1153 leges
1442 1111 1683 1153 Francorum,
1711 1124 1800 1157 quae
1823 1114 1932 1146 multa
1957 1121 2078 1147 contra
2104 1113 2171 1149 hu-

1183 1162 1387 1194 manitatem
1423 1164 1698 1196 constituebant.
1753 1163 1872 1205 Quare
1905 1164 2009 1197 etiam
2044 1163 2170 1198 harum

1184 1212 1340 1254 gentium
1368 1225 1481 1246 mores
1506 1215 1661 1246 reddidit
1678 1213 1835 1246 mitiores
1851 1213 2059 1256 Lotharius,
2088 1228 2172 1260 pro-

1185 1263 1307 1304 positis
1323 1263 1457 1305 legibus
1479 1262 1763 1297 humanioribus.
1818 1264 1906 1297 Nam
1926 1277 2040 1299 mores
2066 1274 2172 1312 atque

1184 1313 1370 1356 opiniones
1391 1311 1576 1347 hominum
1599 1327 1722 1358 magna
1741 1327 1780 1347 ex
1798 1322 1894 1358 parte
1911 1316 2095 1350 imitantur
2119 1319 2171 1351 le-

1184 1375 1251 1405 geS.
1304 1363 1372 1396 Hic
1390 1366 1542 1398 conferri
1560 1374 1670 1410 potest
1688 1363 1878 1398 Lotharius
1895 1378 1972 1399 cum
1996 1368 2172 1402 veteribus

1185 1415 1491 1457 legumlatoribus,
1535 1429 1614 1449 cum
1653 1416 1801 1455 Solone,
1846 1428 1923 1448 cuin
1962 1416 2171 1454 Iustiniano.

1184 1464 1301 1498 Habet
1320 1463 1377 1497 hic
1393 1466 1533 1499 laudem
1551 1467 1749 1507 difficultas,
1778 1467 1861 1511 quia
1879 1467 1977 1510 pauci
1995 1469 2171 1514 principes

1184 1516 1292 1549 ociosi
1327 1517 1525 1561 suscipiunt
1555 1530 1674 1551 curam
1708 1519 2012 1551 emendandarum
2041 1520 2171 1564 legum,

1184 1568 1230 1600 At
1258 1565 1451 1601 Lotharius
1476 1569 1636 1602 maximis
1664 1569 1841 1611 occupatis
1866 1569 1969 1602 bellis
1997 1567 2064 1604 hoc
2090 1573 2170 1615 egit.

1184 1617 1337 1651 Possunt
1353 1620 1435 1651 addi
1452 1620 1518 1652 loci
1537 1631 1741 1653 communes
1757 1621 1800 1652 de
1819 1627 2020 1654 nostrorum
2040 1623 2171 1665 princi-

1185 1681 1267 1713 pum
1286 1670 1454 1713 ingeniis,
1486 1672 1580 1715 quod
1606 1684 1683 1703 cum
1708 1671 1851 1703 scientia
1875 1671 2088 1715 reipublicae
2113 1686 2172 1717 ge-

1184 1721 1333 1761 rendae,
1362 1723 1567 1765 prudentia,
1595 1722 1840 1764 magnitudine
1863 1723 1991 1763 animi,
2018 1724 2105 1765 fide,
2132 1738 2171 1759 ac

1186 1772 1341 1811 iusticia,
1378 1784 1477 1815 pares
1502 1773 1634 1806 suerint
1665 1772 1916 1804 laudatissimis
1949 1773 2171 1818 principibus

1186 1823 1276 1865 apud
1304 1821 1459 1855 Graecos
1483 1830 1515 1856 et
1536 1822 1736 1862 Romanos,
1772 1822 1918 1855 minime
1945 1831 2027 1858 sunt
2052 1826 2171 1860 existi-

1186 1874 1305 1904 mandi
1326 1873 1479 1907 barbati.
1533 1873 1587 1906 Ad
1609 1871 1674 1906 hoc
1704 1884 1814 1915 genus
1838 1874 2014 1916 pertinent
2041 1878 2171 1919 gratia—

1185 1936 1263 1956 rum
1284 1924 1456 1965 actiones,
1484 1925 1520 1956 in
1546 1925 1675 1969 quibus
1699 1924 1863 1956 beneficia
1890 1937 2171 1962 commemoran-

1665 1974 1770 2007 Tales
1798 1982 1879 2008 sunt
1905 1977 2083 2012 orationes
2110 1978 2171 2014 Ci-

1286 2074 1424 2109 Eodem
1444 2078 1548 2110 modo
1567 2088 1621 2109 res
1640 2077 1842 2116 laudantur,
1863 2085 1901 2110 ut
1920 2085 2026 2119 artes,
2049 2079 2171 2115 Philo-

1186 2125 1326 2170 sophia,
1355 2127 1580 2172 Eloquentia,
1607 2127 1727 2170 Leges,
1756 2127 1946 2168 Medicina,
1975 2128 2056 2164 Pax,
2094 2131 2172 2165 Ηο-

1186 2186 1300 2211 nestas
1327 2179 1479 2212 sumitur
1504 2192 1543 2212 ex
1568 2179 1680 2212 causis
1714 2178 1964 2219 efficientibus,
1999 2181 2171 2224 videlicet,

1187 2231 1230 2263 ab
1253 2230 1517 2270 inventoribus,
1540 2236 1577 2263 ut
1604 2227 1835 2272 Philosophia
1863 2237 1912 2262 est
1936 2231 2069 2264 donum
2094 2233 2172 2268 Dei.

1188 2281 1287 2315 Sicut
1311 2282 1404 2314 enim
1432 2282 1604 2314 divinitus
1627 2281 1735 2313 oculii
1762 2280 1881 2312 lumen
1908 2283 2099 2325 contingit,
2124 2286 2171 2319 ita

1188 2333 1296 2365 menti
1317 2333 1463 2371 veritas,
1491 2333 1548 2365 sed
1574 2343 1694 2364 verum
1720 2330 1890 2363 iudicium
1916 2332 2087 2368 divinitus
2108 2337 2173 2369 do-

1188 2392 1309 2416 natum
1335 2390 1394 2416 est.
1450 2382 1590 2417 Utilitas
1617 2381 1768 2414 sumitur
1791 2393 1830 2412 ex
1854 2381 1993 2417 finibus.
2047 2383 2172 2421 Philo-

1189 2433 1312 2478 sophia
1342 2434 1495 2467 ostendit
1526 2431 1697 2477 praesidia
1733 2431 1841 2472 vitae,
1879 2433 2102 2478 disciplinam
2130 2439 2173 2472 de

1189 2487 1348 2519 moribus
1376 2485 1555 2523 civilibus,
1589 2483 1701 2525 leges,
1734 2482 1963 2525 medicinam,
1997 2498 2175 2531 numeros,

1188 2549 1380 2575 mensuras
1404 2547 1491 2580 quae
1510 2546 1563 2567 res
1580 2544 1700 2566 omnes
1718 2533 1754 2565 in
1771 2530 1835 2566 hac
1852 2541 1923 2567 tota
1939 2536 2008 2570 vita
2025 2540 2176 2574 maxime

1190 2587 1383 2620 necessaria
1402 2592 1494 2619 sunt.
1549 2583 1730 2617 Interdum
1750 2591 1865 2617 autem
1880 2586 2040 2628 facilitas,
2064 2589 2175 2624 inter-

1191 2641 1275 2671 dum
1294 2637 1479 2670 difficultas
1499 2635 1673 2668 laudanda
1691 2635 1776 2676 erit,
1804 2635 1911 2681 idque
1926 2638 1968 2670 ad
1986 2641 2174 2674 consilium

1192 2688 1340 2723 oratoris
1360 2687 1520 2731 pertinet,
1547 2686 1780 2728 considerare,
1807 2688 1893 2732 quid
1910 2689 2038 2726 deceat.
2068 2690 2174 2734 Quod

1615 2736 1664 2772 29
