2379 2948
186 142 258 177 147

188 229 317 260 factum
343 224 466 269 puniat
496 231 529 258 et
552 225 705 257 destruat
727 232 815 254 rcOS.
866 219 944 255 Etsi
969 229 1083 256 autem
1108 219 1166 255 hic

189 277 291 310 dolor
308 276 344 307 in
361 275 463 307 malis
479 273 733 317 aliquantisper
747 269 853 306 hebes
868 279 929 314 est,
954 279 1069 305 tamen
1090 279 1168 305 tan-

191 329 268 360 dem
288 327 324 358 fit
342 336 442 357 sevus
466 331 498 356 et
525 323 695 364 extinguit
716 333 791 363 eos,
817 322 900 367 quia
925 322 980 355 lex
1004 329 1053 356 est
1076 322 1169 355 iudi-

191 378 283 410 cium
301 374 378 408 Dei.
412 371 458 406 Et
474 372 606 405 accedit
620 373 662 404 ad
680 372 873 405 naturalem
893 373 1063 413 dolorem,
1090 384 1170 414 per-

192 424 404 462 tcrrefacfio,
438 434 507 465 qua
530 420 625 455 Deus
648 422 721 465 ipse
747 434 810 455 ceu
830 423 979 455 fulmine
1003 422 1171 466 opprimit

193 478 322 513 sontes,
347 480 384 505 ut
403 471 440 503 in
458 471 597 504 Psalmo
617 472 762 505 dicitur:
801 470 842 504 In
867 473 918 506 ira
935 480 994 506 tua
1012 471 1170 506 turbabis

193 536 272 564 eos,
297 522 404 566 imple
423 521 525 554 facies
541 533 662 555 eorum
681 522 889 565 ignominia.
943 522 1045 556 Item:
1073 521 1172 555 Sicut

194 576 267 612 leo,
294 571 460 605 contrivit
477 572 596 604 omnia
611 583 687 605 ossa
706 584 792 606 mea.
845 571 897 606 Ita
916 573 1095 606 sciendum
1112 575 1172 609 est,

193 633 312 656 causas
338 621 470 655 doloris
495 622 613 664 plures
637 632 726 663 esse,
759 622 891 656 scilicet
919 623 1003 655 alias
1026 627 1172 654 naturae

194 673 373 713 ordinem,
399 671 483 704 alias
500 670 614 705 Deum
640 672 743 705 etiam
768 672 969 705 immediate
988 671 1173 704 effunden-

194 731 263 757 tem
278 723 367 755 iram
384 733 499 761 suam,
524 728 563 754 ut
582 722 618 753 in
637 721 724 755 Iuda
740 729 773 755 et
789 722 973 757 similibus,

194 773 306 807 causis
323 772 486 805 dolorum
502 772 539 804 in
551 772 762 806 conscientia
779 772 999 806 considerare
1015 771 1101 804 utile
1115 775 1173 804 est.

297 829 474 864 Usitatum
492 836 541 863 est
560 830 652 873 apud
671 828 871 873 Theologos
888 840 1018 863 nornen
1042 823 1171 872 συντή-

197 892 316 926 ρησις,
352 892 421 925 quo
446 880 647 922 intelligunt
670 881 835 914 noticiam
859 881 963 922 legis,
999 890 1086 924 quae
1108 890 1174 910 no-

195 933 331 964 biscum
357 929 529 970 nascitur,
555 942 659 974 quam
678 930 756 963 ideo
784 931 969 963 nominant
994 925 1175 973 συντήρη-

200 993 271 1022 σιν,
297 980 379 1024 quia
397 991 532 1024 semper
549 980 585 1011 in
604 977 747 1013 homine
763 981 866 1013 etiam
881 980 1045 1013 scelerato
1062 983 1174 1011 servet

198 1029 477 1065 admonitionem
501 1030 760 1071 ostendentem,
786 1031 872 1074 quid
897 1036 1028 1062 rectum
1054 1028 1114 1068 sit,
1141 1033 1175 1059 et

198 1081 293 1125 quod
314 1081 358 1113 sit
375 1079 543 1112 iudicium
568 1079 647 1112 Dei.
699 1078 745 1113 Et
766 1080 876 1124 aliqui
901 1080 949 1112 sic
971 1079 1174 1111 discernunt

198 1129 282 1163 haec
295 1129 480 1168 vocabula,
506 1129 629 1162 dicunt
647 1129 683 1161 in
702 1130 901 1174 syllogismo
921 1129 1072 1172 practico
1089 1138 1174 1161 con-

198 1180 376 1212 scIentiam
392 1189 524 1222 ponere
544 1179 718 1212 minorem
742 1186 774 1212 et
793 1179 1072 1219 conclusionem,
1099 1189 1174 1211 ma-

198 1231 308 1262 iorem
333 1240 415 1261 vero
440 1240 510 1261 esse
534 1226 775 1273 συντήρησιν,
798 1237 837 1263 ut
862 1229 946 1263 Saul
971 1239 1172 1273 quanquam

198 1279 394 1321 sceleratus,
421 1284 536 1311 tamen
552 1278 600 1311 ita
617 1279 857 1312 ratiocinatur.
908 1278 1002 1312 Deus
1019 1277 1175 1311 horribi-

197 1330 278 1362 liter
299 1328 460 1361 irascitur
477 1325 680 1369 homicidis,
707 1331 767 1373 qui
787 1327 948 1362 homines
973 1329 1175 1361 innocentes

198 1378 432 1417 interficiunt,
457 1384 489 1410 et
515 1378 667 1410 vicissim
691 1380 776 1412 tales
798 1377 992 1411 homicidas
1018 1378 1109 1420 rapit
1132 1378 1174 1409 ad

200 1438 341 1472 poenas.
393 1425 469 1469 Ego
487 1427 680 1460 sacerdotes
696 1429 899 1461 innocentes
915 1428 1043 1460 multos
1065 1427 1175 1459 inter-

201 1478 277 1511 seci.
330 1476 425 1510 Deus
447 1477 554 1519 igitur
579 1476 668 1510 mihi
691 1478 870 1515 irascitur,
907 1484 938 1510 et
963 1489 1017 1509 me
1044 1477 1175 1519 puniet.

203 1527 244 1561 In
259 1527 318 1561 tali
335 1527 535 1572 syllogismo
554 1527 723 1560 maiorem
740 1528 924 1560 nominant
940 1524 1176 1572 συντήρησιν,

202 1577 448 1611 conscientiam
491 1588 572 1609 vero
614 1578 786 1610 minorem
833 1584 865 1610 et
903 1578 1176 1611 conclusionem.

201 1627 331 1661 Paulus
349 1634 458 1660 totum
482 1627 719 1671 syllogismum
739 1627 899 1660 nominat
916 1627 1173 1659 conscientiam.

200 1676 302 1710 Hanc
325 1678 465 1710 brevem
489 1677 764 1711 admonitionem
790 1678 832 1709 de
853 1675 906 1709 his
928 1676 1176 1720 adpellationi-

203 1728 267 1760 bus
283 1727 428 1767 inserui,
443 1727 485 1759 de
503 1727 630 1771 quibus
642 1728 702 1760 alii
719 1727 846 1760 multas
862 1727 1061 1770 peregrinas
1072 1738 1177 1771 quae-

203 1777 332 1810 stiones
348 1783 508 1817 movent,
536 1789 624 1821 quae
642 1775 696 1810 his
712 1777 822 1810 initiis
840 1778 987 1820 cognitis
1006 1777 1106 1810 facile
1123 1777 1176 1809 iu-

205 1828 312 1860 dicari
330 1834 485 1871 possunt.

354 1928 412 1961 De
432 1928 623 1962 intellectu
646 1933 781 1974 agente
798 1933 833 1963 et
849 1931 1028 1973 patiente.

303 1998 380 2034 Etsi
406 2012 548 2043 magnae
572 2009 651 2035 sunt
677 2003 916 2035 contentiones
934 2004 976 2034 de
1001 2003 1178 2036 intellectu

204 2057 323 2093 agente
349 2058 381 2084 et
403 2052 570 2094 patiente,
598 2058 714 2084 tamen
732 2052 759 2085 si
775 2052 946 2084 sumimus
963 2053 1006 2084 ab
1030 2053 1178 2085 actioni-

204 2101 268 2133 bus
288 2101 492 2142 discrimen,
518 2101 664 2145 simplex
687 2108 718 2135 et
744 2102 923 2145 perspicua
942 2108 991 2135 est
1011 2099 1095 2135 haec
1119 2115 1176 2135 ex-

204 2152 356 2194 plicatio.

306 2208 412 2243 Oculi
434 2210 626 2243 incolumes
652 2211 883 2254 plurimomm
916 2211 1090 2244 intuentes
1114 2213 1176 2244 ali-

207 2260 311 2303 quid,
345 2261 474 2303 pariter
497 2261 530 2293 id
559 2261 693 2294 vident.
743 2261 791 2294 At
816 2267 947 2294 mentes
970 2262 1071 2294 eti-im
1098 2275 1175 2294 cnm

208 2310 297 2342 idem
317 2317 498 2354 quaerunt,
521 2318 635 2344 tamen
651 2323 720 2344 non
737 2311 865 2354 pariter
882 2312 1078 2345 inveniunt.
1114 2311 1176 2344 ln—

209 2367 308 2392 wnta
332 2362 462 2403 pariter
483 2361 676 2404 intelligere
702 2367 867 2405 possunt,
892 2373 969 2394 cum
997 2362 1176 2394 declaran-

207 2419 279 2448 tur,
304 2416 342 2442 ut
367 2411 535 2443 rationem
558 2412 748 2455 adparandi
770 2412 924 2455 pulveris
949 2413 1176 2453 tormentarii,

206 2465 239 2491 et
257 2459 429 2492 iacnlandi
449 2461 570 2502 globos
588 2462 746 2495 invenire
764 2473 865 2494 nemo
882 2462 1013 2505 potuit,
1041 2469 1175 2505 praeter

203 2514 375 2541 autorem:
416 2508 598 2544 Inventam
630 2512 830 2556 intelligunt
864 2519 897 2546 et
930 2513 1080 2556 probant
1114 2513 1173 2545 alii

203 2559 360 2591 artifices.

298 2615 473 2650 Discernit
499 2617 606 2659 igitur
623 2619 827 2653 Aristoteles
851 2621 922 2653 duo
938 2621 1049 2654 officia
1069 2621 1172 2654 intel-

202 2665 327 2708 lectus,
347 2673 429 2700 sunt
452 2667 543 2700 euim
567 2669 669 2712 plura
690 2670 801 2703 officia
825 2671 1042 2712 intellectus,
1066 2684 1170 2717 quam

417 138 625 177 SCRIPTA
653 137 727 173 PH.
754 135 867 172 MEL.
895 135 961 171 AD
987 135 1113 173 HIST.
1140 133 1284 176 PROF.
1309 136 1375 173 ET
1402 134 1592 174 PHILOS.
1626 133 1966 172 SPECTANTIA.'

1016 720 1112 753 Haec
1130 720 1173 752 de
1199 735 1200 742 ¹

2126 134 2198 170 148

1220 223 1422 263 oculorum,
1448 223 1508 267 qui
1527 227 1663 256 tantum
1689 221 1864 265 accipiunt
1886 222 2019 255 obiecta
2044 221 2201 264 singula-

1220 273 1291 311 ria,
1319 271 1410 305 nibil
1432 273 1698 307 ratiocinantur.
1752 270 1800 304 At
1821 271 2017 304 intellectus
2041 283 2121 305 cum
2143 282 2202 304 ac-

1221 323 1311 366 cepit
1325 323 1471 363 obiecta,
1498 322 1688 365 componit,
1715 321 1855 361 dividit,
1883 322 2123 361 ratiocinatur,
2145 321 2202 354 iu-

1221 373 1325 407 dicat.
1372 371 1414 404 In
1430 370 1494 405 hac
1517 372 1784 405 ratiocinatione
1801 371 1894 404 aliud
1912 383 1952 403 ex
1969 371 2039 404 alio
2055 371 2201 405 invenit.

1195 440 1197 463 1
1221 421 1290 454 Hic
1316 423 1479 455 inventor
1504 422 1719 462 intellectus,
1747 428 1779 455 et
1802 428 1969 466 tanquam
1992 424 2094 464 po‘e'ta
2113 421 2202 454 dici-

1223 478 1279 505 tur
1294 483 1398 514 agens
1409 498 1418 512 ,
1444 483 1503 504 seu
1519 472 1647 504 rectius
1662 472 1802 505 faciens.

1323 528 1483 562 Alterum
1508 529 1660 562 officium
1686 536 1735 562 est
1759 536 1876 573 postea
1902 529 2045 562 inventa
2071 527 2205 562 intelli-

1197 609 1198 612 ,
1224 590 1321 621 gere,
1349 589 1544 620 agnoscere,
1574 586 1605 612 et
1622 585 1787 623 tanquam
1802 580 1927 612 dictata
1946 579 2111 622 accipere.
2144 576 2204 610 Ab

1225 627 1291 661 hoc
1316 628 1429 660 officio
1455 628 1660 661 nominatur
1685 628 1881 661 intellectus
1907 629 2052 672 patiens.
2107 626 2206 660 Vidit

1225 678 1430 712 Aristoteles
1454 677 1491 709 in
1515 678 1611 709 omni
1628 678 1718 717 vita,
1747 678 1783 710 in
1808 679 1960 718 artibus,
1987 679 2023 711 in
2048 677 2204 711 consiliis

1225 728 1376 771 publicis
1401 734 1433 761 et
1457 727 1621 770 privatis,
1648 727 1685 759 in
1711 728 2029 770 stratagematibus,
2056 729 2094 760 in
2119 730 2205 771 poe‘-

1226 779 1311 818 tica,
1337 778 1373 810 in
1392 777 1609 821 eloquentia,
1634 777 1722 810 alios
1737 777 1816 810 aliis
1834 777 2104 821 perspicaciores
2122 788 2205 817 esse,

1227 835 1260 861 et
1282 828 1486 861 inventione
1510 827 1588 870 plus
1611 827 1742 860 valere:
1775 825 1877 860 Alios
1907 827 2047 861 inventa
2072 826 2206 860 intelli-

1227 890 1325 921 gere,
1354 884 1386 911 et
1404 878 1475 910 suis
1494 877 1763 920 cogitationibus
1784 878 1975 917 anteferre,
2002 884 2040 911 ut
2057 875 2205 910 Themi-

1227 929 1349 961 stocles
1366 929 1533 967 suadens,
1559 934 1598 961 ut
1615 927 1705 960 cives
1722 928 1840 961 relicta
1857 929 1943 961 urbe
1961 939 2065 961 naves
2088 927 2206 970 ingre-

1227 979 1387 1016 diamur,
1415 978 1494 1021 plus
1509 978 1599 1010 valet
1622 978 1801 1010 intellectu
1825 978 1990 1018 faciente,
2015 990 2119 1023 quam
2135 976 2207 1017 alii,

1226 1030 1285 1061 sed
1306 1028 1432 1060 coeteri
1451 1028 1652 1070 intelligunt
1669 1028 1855 1061 consilium
1871 1035 1904 1062 et
1924 1029 2134 1072 adprobant.

1322 1084 1503 1117 Hannibal
1522 1085 1730 1118 interclusus
1748 1097 1766 1118 a
1786 1085 1896 1118 Fabio
1915 1087 2002 1119 mira
2023 1093 2095 1119 arte
2110 1093 2207 1130 pate-

1226 1135 1307 1170 fecit
1329 1135 1397 1168 sibi
1425 1135 1565 1168 exitum.
1618 1134 1731 1168 Boum
1757 1137 1921 1169 cornibus
1953 1136 2109 1179 alligavit
2131 1147 2206 1169 sar-

1200 1225 1201 1234 *
1226 1193 1343 1219 menta
1362 1185 1500 1218 incensa
1513 1209 1523 1222 ‚
1549 1191 1587 1218 ut
1606 1186 1771 1219 exercitui
1788 1185 1951 1220 Romano
1971 1198 2123 1219 errorem
2143 1187 2207 1219 ob-

1228 1237 1384 1269 iicerent.
1408 1264 1413 1268 .
1438 1235 1477 1268 ld
1509 1246 1582 1267 non
1607 1236 1756 1268 venisset
1785 1236 1930 1268 cuilibet
1963 1237 2000 1268 in
2033 1242 2206 1274 mentem,

1228 1286 1363 1319 etiamsi
1380 1286 1563 1318 inventum
1583 1285 1711 1318 coeteri
1728 1285 1928 1328 intelligunt
1945 1292 1978 1318 et
1995 1286 2156 1329 probant.

1328 1343 1416 1378 Cum
1437 1344 1637 1376 Alexandro
1662 1344 1699 1374 in
1723 1343 1819 1375 aditu
1843 1343 1946 1376 Asiae
1971 1343 2210 1384 nunciaretur,

1227 1396 1367 1427 sudasse
1384 1391 1522 1436 Orphei
1542 1399 1689 1425 statuam
1702 1418 1711 1433 ,
1737 1392 1843 1437 idque
1860 1393 2039 1426 videretur
2060 1393 2209 1437 quibus-

1228 1445 1307 1476 dam
1330 1443 1426 1476 triste
1452 1454 1572 1482 omen,
1599 1442 1799 1475 Alexander
1823 1449 1942 1476 contra
1968 1443 2103 1487 inquit,
2130 1444 2207 1487 pla-

1228 1505 1303 1526 cere
1332 1493 1398 1526 sibi
1426 1505 1546 1532 omen,
1584 1492 1757 1525 facturum
1787 1504 1821 1525 se
1850 1504 2014 1536 magnum
2048 1493 2206 1526 laborem

1229 1544 1352 1588 po'eftis.
1419 1542 1534 1575 Huius
1573 1542 1657 1575 dicti
1696 1543 1929 1576 urbanitatem
1963 1543 2208 1585 intelligebant

1230 1593 1374 1632 coeteri,
1400 1593 1460 1637 qui
1480 1600 1593 1627 tamen
1621 1592 1724 1626 etiam
1741 1593 1803 1626 diu
1825 1599 2030 1638 quaerentes
2052 1605 2126 1627 non
2148 1594 2206 1626 in-

1229 1644 1416 1676 venissent.

1330 1692 1418 1726 Cum
1444 1700 1558 1726 autem
1590 1693 1711 1736 ingens
1734 1694 1838 1727 decus
1868 1693 1911 1728 sit
1938 1694 1976 1726 in
2001 1694 2099 1728 omni
2123 1694 2207 1735 vita,

1230 1750 1321 1777 recta
1336 1743 1494 1776 inventio
1511 1754 1569 1776 seu
1586 1743 1741 1783 consilii,
1768 1755 1828 1777 seu
1850 1745 2049 1784 doctrinae,
2076 1750 2109 1778 et
2130 1756 2206 1778 ma—

1232 1794 1341 1826 ximas
1362 1805 1414 1826 res
1438 1793 1625 1835 gubernet,
1652 1793 1775 1827 merito
1796 1794 2019 1837 amplissimis
2039 1794 2205 1828 laudibus

1231 1843 1436 1877 Aristoteles
1455 1841 1547 1876 hunc
1565 1843 1783 1877 inventorem
1803 1844 2018 1877 intellectum
2034 1851 2146 1878 ornat.

1332 1901 1378 1936 Ut
1393 1903 1512 1935 lumen
1530 1902 1649 1934 oculos
1668 1901 1826 1941 adiuvat,
1854 1902 1901 1935 ita
1917 1902 1965 1935 ait
1988 1902 2204 1937 intellectum

1230 1953 1418 1996 patientem
1453 1952 1497 1983 ab
1527 1951 1709 1984 inventore
1743 1952 1913 1984 adiuvari.
1973 1951 2119 1985 Necesse
2153 1961 2206 1987 est

1232 2003 1324 2035 enim
1340 2013 1404 2034 nos
1421 2007 1479 2034 ant
1495 2001 1653 2034 invenire
1669 2001 1761 2045 ipsos
1785 2002 1950 2043 consilia,
1975 2009 2035 2036 aut
2052 2003 2204 2037 aliorum

1231 2053 1400 2090 inventis,
1429 2058 1593 2095 tanquam
1610 2051 1746 2085 dictatis
1761 2052 1827 2087 uti.

1330 2110 1434 2143 Hunc
1459 2109 1507 2142 ait
1530 2106 1729 2142 abstrahere
1753 2121 1771 2142 a
1798 2108 2108 2154 phantasmatibus,
2161 2112 2201 2145 Id

1231 2168 1298 2202 est,
1331 2159 1388 2193 hie
1413 2159 1570 2192 celeriter
1590 2160 1723 2192 obiecta
1747 2161 1898 2201 confert,
1932 2161 2028 2203 signa
2054 2162 2205 2206 quaerit,

1230 2224 1268 2245 ex
1285 2211 1390 2255 signis
1414 2221 1531 2243 causas
1550 2216 1607 2243 aut
1626 2210 1787 2250 effectus,
1811 2211 2032 2253 collationes,
2057 2212 2202 2245 allusio-

1230 2274 1307 2301 nes,
1333 2269 1364 2295 et
1382 2261 1462 2293 inde
1478 2260 1574 2302 eligit
1596 2261 1687 2304 qnod
1712 2266 1760 2293 est
1777 2261 2005 2303 aptissimum.
2058 2261 2104 2295 Ut
2121 2274 2201 2294 cum

1228 2311 1399 2345 Demades
1424 2310 1554 2355 inquit:
1592 2309 1735 2343 Mortuo
1760 2310 1978 2352 Alexandro,
2012 2313 2198 2345 exercitum

1229 2363 1302 2395 eius
1327 2362 1475 2394 similem
1499 2361 1572 2392 sore
1590 2361 1734 2404 Cyclopi
1760 2361 1882 2394 effosso
1911 2362 2032 2399 oculo,
2058 2361 2199 2394 celerri-

1227 2424 1320 2444 mam
1356 2411 1578 2445 collationem
1612 2411 1692 2443 secit
1724 2412 1839 2455 magni
1877 2412 2043 2445 exercitus
2070 2411 2198 2444 amisso

1228 2463 1332 2502 duce,
1357 2463 1400 2494 ad
1419 2473 1584 2504 magnum
1598 2472 1723 2504 corpus
1740 2460 1920 2506 Cyclopis,
1944 2462 2068 2494 amisso
2084 2462 2197 2496 oculo.

1328 2518 1508 2552 Praeterea
1531 2519 1644 2562 inquit
1661 2518 1883 2557 Aristoteles,
1915 2516 2009 2551 bunc
2033 2520 2196 2553 invento-

1227 2581 1297 2602 rem
1316 2569 1528 2603 intellectnm
1546 2567 1641 2601 velut
1662 2576 1770 2602 artem
1790 2580 1877 2608 esse,
1903 2568 2048 2602 alterum
2068 2576 2104 2603 nt
2121 2581 2195 2602 ma·-

1226 2619 1366 2660 teriam,
1393 2632 1496 2664 quam
1521 2619 1647 2651 format
1666 2626 1697 2652 et
1717 2619 1844 2661 expolit
1868 2618 2008 2660 artifex,
2036 2626 2073 2653 ut
2098 2631 2196 2663 prae-

1225 2676 1342 2712 ceptor
1358 2670 1537 2704 formatae
1555 2669 1668 2702 erudit
1684 2669 1904 2712 discipulum.
