2379 2948
122 110 198 147 ⁸09
538 110 604 147 111.

448 198 646 234 Secundus
671 199 787 235 locus.

224 270 318 305 Huic
342 270 625 317 interpretationi
644 274 920 317 promissionum
936 279 1114 318 tempora-

122 322 209 356 lium
227 324 270 356 de
285 323 500 365 reductione,
527 324 767 358 admiscentur
784 325 889 357 etiam
907 325 1113 368 promissio-

120 386 183 407 nes
200 374 244 407 de
260 373 401 409 Messia.
453 373 552 409 Sicut
570 375 706 419 alioqui
723 382 859 409 constat
876 387 1000 409 omnes
1024 383 1112 409 tem-

121 426 259 470 porales
285 426 484 459 referendas
504 437 576 459 esse
600 426 644 458 ad
671 423 762 459 hanc
783 427 827 459 de
844 426 995 468 Messia,
1024 440 1114 472 quae

120 482 171 510 est
192 476 407 521 principalis.
459 475 505 509 Et
531 483 582 510 est
606 477 768 510 doctrina
790 478 834 510 de
857 478 995 513 iusticia
1022 479 1114 521 fidei,

121 534 154 561 et
171 528 214 560 de
230 540 323 561 novo
342 534 374 561 et
390 533 560 571 perpetuo
581 526 823 562 Testamento.

226 585 408 621 Praedicat
426 586 534 629 igitur
552 585 728 628 Ieremias,
754 595 795 621 ut
814 600 937 622 omnes
952 586 1113 634 Prophe-

122 646 196 680 tae,
224 638 350 683 partim
371 637 483 680 legem
496 664 505 677 ‚
532 637 663 682 partim
680 639 933 682 promissiones
950 641 993 674 de
1011 641 1113 675 iusti-

122 689 174 723 cia
194 689 362 734 promissa
388 695 532 732 propter
551 687 739 728 Messiam‚
767 691 868 724 cuius
895 703 1026 724 nomen
1050 704 1111 736 po-

121 740 192 781 nit,
220 739 315 774 Deus
337 738 545 773 iustificator
571 747 709 782 noster,
735 753 818 774 nam
842 739 909 775 hoc
932 750 982 776 est
1002 743 1112 786 potis-

122 792 249 824 simum
266 789 420 823 officium
440 789 699 835 Prophetarum
711 815 720 831 ‚
753 793 798 826 de
816 800 965 827 venturo
982 792 1111 827 Messia

120 849 154 876 et
172 842 246 876 eius
263 840 441 875 beneficiis
457 842 674 876 concionari.

468 957 620 990 Tertius
651 956 768 991 locus.

222 1029 315 1064 Tota
344 1028 531 1075 prophetia
569 1028 790 1065 horrendum
827 1033 1028 1077 exemplum
1062 1039 1113 1067 est

120 1093 254 1127 poenae
277 1081 471 1126 impiorum
497 1083 722 1126 pontificum,
750 1095 871 1127 regum
899 1091 932 1118 et
952 1083 1112 1117 omnium

118 1134 157 1166 in
173 1131 329 1166 Ecclesia
346 1133 613 1167 defendentium
633 1134 849 1168 idolatriam.
904 1133 989 1168 ltem
1009 1135 1113 1168 adul-

119 1184 311 1223 teriorum,
337 1190 371 1218 et
387 1184 590 1218 violationis
608 1182 768 1227 sabbati,
796 1186 831 1218 id
856 1193 918 1224 est,
942 1186 1112 1220 contemti

119 1235 323 1270 ministerii.
383 1233 473 1268 Nam
506 1233 591 1269 haec
615 1244 756 1280 peccata
784 1237 911 1281 allegat
937 1236 1113 1272 Ieremias-

118 1287 189 1320 Ista
213 1293 264 1319 est
287 1283 384 1319 haud
406 1286 514 1319 dubie
538 1287 655 1329 imago
686 1288 854 1331 postremi
879 1288 1048 1331 temporis
1075 1288 1112 1320 in

117 1335 286 1371 Ecclesia.
346 1336 523 1370 Punietur
546 1337 642 1370 orbis
667 1344 842 1371 terrarum
867 1345 1012 1382 propter
1035 1339 1113 1371 ido-

117 1388 280 1428 latriam,
304 1387 475 1421 libidines
492 1394 525 1422 et
544 1395 763 1423 contemtum
783 1389 972 1423 ministerii
990 1387 1112 1423 Evan-

117 1439 212 1484 gelii.

452 1534 616 1575 Quartus
649 1534 763 1569 locus.

220 1607 298 1653 Ipsa
325 1618 475 1652 persona
497 1605 696 1651 Prophetae
722 1615 772 1643 est
793 1608 971 1652 egregium
995 1620 1112 1642 exem-

118 1660 216 1704 plum
243 1659 351 1693 totius
374 1659 644 1702 gubernationis
666 1657 844 1693 Ecclesiae
866 1667 899 1693 et
923 1659 1111 1694 ministerii

117 1710 304 1754 Evangelii
321 1716 355 1744 et
371 1709 483 1753 ipsius
498 1707 645 1746 Christi.
682 1709 788 1753 Quod
809 1709 971 1744 videlicet
988 1709 1112 1744 Eccle-

118 1762 169 1796 sia
190 1767 350 1804 regatur,
386 1760 558 1794 liberetur
587 1767 621 1794 et
643 1768 820 1802 servetur,
855 1773 929 1794 non
955 1758 1111 1794 humana

118 1812 294 1858 potentia,
326 1812 386 1844 sed
409 1811 551 1852 divina,
578 1823 639 1856 per
661 1811 839 1850 infirmos,
875 1812 1025 1857 ideoque
1051 1824 1112 1855 per

117 1864 278 1898 infirmos
301 1869 418 1898 tantae
441 1873 496 1896 res
518 1869 709 1906 geruntur,
743 1870 783 1897 ut
808 1869 1018 1907 agnoscatur
1043 1862 1110 1897 Dei

117 1914 296 1964 potentia,
320 1920 359 1947 ut
375 1914 468 1958 apud
486 1913 638 1947 Paulum
659 1913 806 1948 dicitur:
837 1913 959 1948 Virtus
979 1926 1056 1948 mea
1073 1914 1110 1947 in

118 1965 322 2000 infirmitate
340 1971 399 1999 tua
416 1965 608 2009 perficitur.

211 2023 377 2057 Ieremias
393 2036 467 2057 rem
483 2025 672 2058 maximam
688 2025 788 2068 gerit,
815 2031 849 2059 et
862 2037 952 2070 quae
969 2033 1112 2070 superat

119 2075 238 2110 omnia
250 2072 408 2109 humana
425 2075 587 2112 consilia.
614 2075 747 2110 Suadet
765 2076 837 2120 regi
856 2083 889 2110 et
907 2077 1050 2121 populo,
1072 2084 1111 2111 ut

118 2126 249 2160 faciant
267 2126 495 2166 deditionem,
516 2134 639 2161 contra
654 2128 775 2162 omnia
793 2127 977 2172 superiora
994 2140 1110 2161 exem-

118 2178 177 2223 pla
202 2187 410 2220 magnorum
427 2176 567 2212 Ducum
590 2185 624 2213 et
647 2177 919 2225 Prophetarum.
974 2177 1020 2213 Et
1044 2176 1110 2213 hoe

119 2241 214 2262 novo
244 2227 350 2261 modo
381 2227 430 2262 ait
458 2228 635 2269 futurum,
666 2237 706 2264 ut
739 2236 926 2264 serventur
951 2241 1111 2273 regumn,

118 2280 234 2314 cultus
251 2285 284 2313 et
308 2279 479 2322 populus,
513 2281 745 2316 concionatur
769 2282 875 2316 etiam
895 2288 1018 2315 contra
1041 2282 1107 2314 im-

118 2330 196 2376 pios
216 2330 333 2364 cultus
355 2336 388 2363 et
412 2330 481 2363 alia
506 2331 647 2367 scelera.
708 2331 874 2379 Denique
897 2345 960 2378 per
992 2332 1107 2378 ipsum

118 2388 278 2416 servatur
295 2380 458 2426 populus.

220 2440 366 2475 Interim
383 2440 497 2485 qualis
514 2447 564 2475 est
583 2442 658 2476 eius
675 2444 849 2488 persona?
888 2443 1004 2477 Annis
1020 2455 1107 2488 qua-

118 2493 282 2537 draginta
299 2498 465 2536 vagatur,
493 2491 583 2525 sicut
600 2504 697 2534 erre,
725 2495 909 2529 deridetur
924 2501 961 2528 ut
978 2495 1107 2535 fatuus,

119 2544 315 2578 includitur
346 2542 495 2583 carceri,
527 2543 711 2585 eximitur,
746 2557 867 2579 rursus
898 2546 1105 2581 includitur.

118 2593 200 2629 Non
222 2594 307 2628 facit
331 2593 447 2628 subita
464 2593 634 2627 miracula
655 2595 826 2639 gloriosa,
854 2603 892 2630 ut
906 2596 1028 2630 Esaias
1045 2603 1105 2631 aut
1128 2593 1131 2625 f

656 109 1025 150 ARGUMENTUM
1053 112 1104 149 IN
1131 112 1392 152 IEREMIAM
1418 114 1745 152 PROPHETAM.

2082 120 2158 156 810

1267 199 1347 235 Hoc
1364 202 1563 246 exemplum
1583 203 1687 237 nobis
1703 204 2002 239 considerandum
2019 212 2087 247 est,
2115 214 2155 241 ut

1165 253 1340 286 discamus
1370 265 1442 285 non
1471 262 1590 288 nostra
1614 255 1807 298 sapientia,
1841 256 1972 290 nostris
1996 257 2154 291 consiliis

1165 302 1355 337 Ecclesiam
1375 304 1447 346 regi
1471 316 1588 348 posse,
1616 307 1674 338 sed
1700 313 1836 341 tantum
1854 307 2005 346 divinis,
2033 314 2067 341 et
2088 319 2154 341 no-

1164 361 1252 389 stras
1268 366 1455 388 aerumnas
1473 356 1559 388 boni
1574 358 1799 391 consulamus
1812 383 1821 397 ,
1850 371 1913 393 nec
1928 359 2155 404 desperemus

1167 413 1310 452 propter
1327 406 1521 450 potentiam
1540 407 1834 443 adversariorum.

1501 529 1664 568 Quintus
1697 529 1809 563 locus.

1265 599 1361 634 Utile
1385 601 1585 646 exemplum
1605 610 1674 644 est,
1703 603 1740 636 in
1757 616 1827 649 quo
1849 605 2016 639 discimus
2034 605 2157 641 Eccle-

1165 649 1236 683 siae
1252 652 1407 695 regimen
1423 653 1593 686 dissimile
1612 666 1684 687 esse
1704 652 1873 691 humano.
1925 655 1968 689 In
1985 657 2157 700 regimine

1165 700 1323 736 humano
1350 704 1429 748 plus
1453 704 1571 738 valent
1595 705 1759 748 suffragia
1786 707 1931 740 maioris
1958 708 2085 752 partis,
2120 709 2157 741 in

1166 751 1323 788 Ecclesia
1350 756 1428 799 plus
1454 755 1546 789 valet
1569 767 1661 789 unus
1687 756 1742 789 vir
1764 754 1899 790 habens
1916 759 2063 792 verbum
2080 756 2158 798 Dei,

1165 811 1203 837 ut
1222 804 1386 839 Ieremias
1402 806 1792 850 contradicitRegibus‚
1819 807 2066 850 Pontificibus,
2094 809 2159 844 Sa-

1165 857 1388 898 cerdotibus,
1417 865 1449 892 et
1466 858 1593 892 maiori
1613 859 1703 903 parti
1721 859 1856 903 populi.

1262 925 1313 958 Ac
1330 926 1481 959 maxime
1496 937 1561 960 nos
1579 924 1645 960 hoc
1661 933 1819 972 tempore
1834 929 2019 963 confirmat
2036 935 2158 963 contra

1168 976 1299 1010 iudicia
1321 975 1455 1021 Papae,
1487 977 1746 1021 Episcoporum
1770 985 1803 1012 et
1827 980 1936 1013 totius
1957 980 2159 1014 ordinariae

1167 1027 1347 1071 potestatis
1360 1052 1369 1066 ,
1406 1040 1486 1061 cum
1517 1029 1564 1061 sic
1591 1029 1763 1071 clamant,
1802 1042 1866 1063 nos
1898 1031 2086 1065 dissentire
2114 1032 2159 1065 ab

1164 1078 1339 1119 Ecclesia,
1365 1079 1449 1126 quia
1467 1079 1696 1114 dissentimus
1713 1093 1731 1113 a
1749 1081 1876 1114 maiori
1895 1088 1993 1127 parte
2010 1089 2043 1116 et
2060 1082 2160 1116 ordi—

1168 1130 1268 1162 naria
1286 1136 1469 1174 potestate.
1512 1130 1720 1164 Intueamur
1737 1130 1922 1166 Ieremiam
1934 1158 1943 1172 ,
1971 1140 2005 1167 et
2022 1134 2066 1166 ab
2082 1133 2159 1177 ipso

1165 1180 1342 1214 discamus
1365 1182 1632 1216 anteferendum
1651 1194 1723 1216 esse
1740 1183 1948 1217 mandatum
1967 1182 2032 1217 Dei
2051 1191 2155 1218 auto-

1165 1231 1263 1266 ritati
1277 1231 1491 1266 Pontificum
1508 1231 1821 1277 etEpiscoporum.
1848 1233 1912 1269 Est
1930 1235 2074 1280 quidem
2091 1236 2160 1269 du-

1165 1295 1244 1316 rum
1264 1283 1452 1316 dissentire
1467 1296 1485 1316 a
1503 1283 1658 1326 legitima
1676 1291 1847 1328 potestate
1860 1312 1869 1326 ‚
1897 1297 1986 1330 quae
2004 1297 2039 1318 se
2055 1292 2161 1319 ornat

1166 1333 1461 1378 promissionibus
1476 1333 1554 1367 Dei.
1591 1334 1661 1367 Sed
1680 1335 1879 1378 exemplum
1899 1335 2066 1370 Ieremiae
2084 1337 2158 1369 val-

1166 1386 1209 1417 de
1232 1384 1438 1418 consolatur
1464 1396 1549 1425 nos,
1578 1385 1673 1429 quod
1698 1392 1749 1418 est
1776 1385 1924 1420 illustre.
1986 1385 2076 1419 Nam
2103 1384 2161 1421 hic

1165 1432 1344 1479 Propheta
1368 1435 1537 1468 acerrime
1565 1436 1770 1469 adversatus
1796 1443 1847 1471 est
1870 1437 1943 1470 suis
1967 1437 2110 1480 regibus
2127 1445 2160 1472 et

1165 1485 1410 1527 Pontificibus,
1437 1499 1511 1520 nou
1528 1487 1642 1520 solum
1662 1487 1706 1520 de
1722 1487 1946 1534 migratione,
1972 1489 2032 1521 sed
2051 1488 2157 1522 etiam

1164 1538 1208 1570 de
1225 1537 1394 1578 cultibus,
1424 1537 1515 1572 sicut
1539 1550 1602 1571 nos
1621 1550 1700 1571 cum
1716 1537 1949 1573 Pontificibus
1967 1539 2157 1583 litigamus.

1267 1605 1384 1641 Antea
1409 1607 1543 1641 dictum
1570 1614 1623 1641 est
1643 1608 1687 1641 de
1707 1608 1864 1642 mirabili
1890 1606 2159 1642 conservatione

1164 1666 1197 1693 et
1220 1658 1477 1703 gubernatione
1498 1658 1687 1694 Ecclesiae.
1741 1657 1844 1694 Nunc
1868 1659 1973 1693 etiam
1997 1657 2158 1704 Prophe-

1164 1717 1220 1744 tae
1239 1721 1389 1755 persona
1405 1709 1660 1745 consideretur.
1688 1708 1770 1743 Non
1786 1710 1901 1744 solum
1922 1711 2033 1751 docet,
2056 1722 2158 1755 prae-

1163 1761 1251 1796 dicit
1280 1761 1409 1798 exitus,
1444 1767 1551 1794 terret
1576 1760 1723 1804 impios,
1758 1761 1962 1795 consolatur
1994 1761 2088 1806 pios,
2123 1767 2157 1795 et

1163 1812 1252 1856 regit
1275 1823 1334 1845 eos
1360 1822 1424 1845 suo
1448 1811 1621 1855 consilio,
1648 1812 1708 1844 sed
1731 1812 1837 1846 etiam
1862 1812 2012 1847 sustinet
2035 1823 2157 1857 perso—

1163 1875 1244 1896 nam
1261 1863 1428 1902 alteram‚
1455 1873 1557 1907 saepe
1573 1869 1650 1896 orat
1669 1875 1732 1906 pro
1751 1863 1904 1908 populo,
1930 1864 1977 1897 ita
1991 1863 2157 1907 fungitur

1162 1915 1299 1957 integro
1331 1925 1479 1947 munere
1509 1914 1713 1949 sacerdotis.
1756 1913 1804 1948 Et
1835 1915 1873 1947 in
1904 1912 1959 1948 his
1995 1915 2156 1958 precibus

1162 1972 1245 1999 sunt
1259 1964 1505 1999 acerbissimae
1519 1965 1682 2010 querelae
1698 1971 1730 1999 et
1747 1976 1871 1999 sensus
1888 1965 1961 1999 irae
1977 1964 2059 2000 Dei.

1264 2033 1345 2067 Hae
1359 2038 1442 2066 suut
1467 2030 1692 2076 propheticae
1706 2032 1921 2067 tentationes
1932 2060 1942 2074 ‚
1969 2034 2007 2067 in
2023 2034 2154 2080 quibus

1161 2086 1350 2129 degustant
1366 2081 1563 2127 Prophetae
1579 2083 1758 2128 passiones
1768 2081 1915 2125 Christi,
1941 2097 2027 2130 quas
2046 2085 2152 2119 etiarn

1161 2136 1360 2180 significant
1377 2131 1415 2167 hi
1433 2141 1595 2169 terrores.
1647 2133 1718 2179 Ipsi
1739 2136 1835 2168 enim
1852 2142 2046 2178 agnoscunt
2063 2136 2156 2170 iram.

1160 2186 1227 2221 Dei
1243 2188 1410 2221 adversus
1426 2193 1625 2230 peccatum,
1652 2186 1811 2221 sentiunt
1827 2185 1943 2220 Deum
1966 2183 2151 2220 horribili-

1161 2245 1213 2272 ter
1237 2239 1339 2272 irasci
1364 2237 1549 2271 idolatriae
1571 2237 1713 2282 populi,
1748 2237 1913 2271 audaciae
1947 2234 2151 2282 hypocrita-

1160 2302 1259 2331 rum,
1293 2290 1355 2335 qui
1379 2289 1465 2321 falsa
1488 2289 1682 2327 docebant,
1718 2295 1752 2322 et
1778 2288 1985 2321 iactitabant
2002 2299 2037 2321 se
2060 2287 2150 2322 Pro-

1160 2338 1282 2385 phetas
1304 2352 1377 2374 esse
1394 2339 1567 2373 divinitus
1584 2339 1718 2372 missos.
1776 2338 1861 2372 Item
1886 2338 1922 2371 in
1942 2338 2148 2373 universum

1159 2390 1344 2437 prophano
1369 2390 1563 2425 contemtui
1587 2387 1672 2429 Dei,
1699 2389 1828 2422 deinde
1855 2389 1977 2423 vident
1993 2396 2025 2423 et
2048 2400 2147 2424 suam

1158 2442 1444 2480 immunditiem,
1478 2446 1642 2474 metuunt
1673 2451 1708 2472 se
1740 2452 1812 2473 una
1838 2439 2051 2485 abiicisscum
2081 2453 2148 2485 po-

1157 2495 1262 2538 pulo,
1289 2499 1452 2528 metuunt
1477 2498 1610 2526 tantam
1629 2501 1702 2524 esse
1721 2491 1829 2532 iram,
1856 2503 1946 2536 quae
1962 2491 2149 2526 absorbeat

1155 2546 1359 2579 universam
1384 2542 1596 2582 Ecclesiam,
1623 2554 1668 2574 ne
1690 2541 1860 2587 reliquiae
1884 2541 1979 2576 ullae
2002 2553 2147 2576 serven-

1156 2603 1224 2633 tur.
1277 2596 1376 2630 Sicut
1406 2594 1444 2626 in
1468 2592 1623 2633 diluvio,
1660 2593 1696 2625 in
1726 2593 2003 2637 conflagratione
2027 2593 2146 2628 Sodo-

119 2644 234 2687 Elias‚
263 2652 323 2679 aut
346 2644 527 2685 Elisaeus,
563 2646 623 2678 sed
648 2646 789 2680 videtur
815 2647 995 2689 infirmus,
1023 2660 1103 2681 cum
1127 2643 1131 2687 ἰ
1155 2660 1252 2690 mae,
1278 2647 1315 2679 in
1333 2644 1534 2690 perditione
1552 2642 1722 2690 Aegypti,
1750 2651 1867 2689 postea
1887 2645 1924 2677 in
1942 2644 2145 2679 derelictio-

119 2707 182 2741 per
196 2709 275 2731 eum
299 2694 396 2730 Deus
408 2707 464 2730 res
482 2696 650 2731 maximas
665 2704 761 2741 gerat
779 2709 818 2731 ac
834 2705 948 2732 servet
964 2699 1102 2733 electos.
1127 2725 1129 2741 ,Υ

1154 2710 1197 2731 ne
1215 2697 1495 2732 cananaeorum.
1539 2693 1635 2728 Haec
1652 2696 1810 2741 exempla
1833 2693 1965 2730 habent
1982 2693 2143 2741 Prophe-
