2379 2948
254 95 348 130 1439

620 174 800 218 Quomodi
825 171 863 206 hi
890 178 1035 206 canunt:
1062 171 1144 205 Non
1162 183 1239 204 mo-

600 226 672 259 lam
689 237 772 258 vero
791 231 822 257 et
841 225 883 256 de
900 235 999 256 cansa
1013 247 1022 261 ,
1050 230 1085 256 et
1099 223 1141 255 de
1160 234 1239 265 per-

557 275 697 316 Esaias,
719 275 898 314 Ieremias,
919 273 1050 306 Paulus
1076 285 1175 316 saepe
1201 272 1238 304 in

252 180 352 217 stoli,
379 177 569 224 Martyres,

254 232 324 264 riar
340 230 397 262 sed
417 230 546 262 vivam.

254 282 350 314 sonis
365 286 503 312 canunt.

255 330 320 364 hac
337 331 405 363 vita
431 329 579 372 gloriose
604 333 804 369 servantur,
832 332 871 358 ut
898 324 1033 357 diutius
1059 323 1158 367 fungi
1186 323 1240 355 of-
1266 347 1267 351 ,

255 383 332 415 ficio
359 380 511 424 possint,
539 386 588 419 et,
617 384 656 410 ut
692 375 750 409 hic
781 376 830 409 ait
855 375 1034 415 Psalmus‚
1067 371 1239 408 Narrare

257 443 363 478 opera
385 428 555 463 Domini.
609 427 769 461 Tandem
796 432 913 470 postea
939 426 1038 471 quasi
1059 424 1237 469 perfuncti

256 494 316 515 sua
334 480 459 514 militia
480 479 759 516 interficiuntur,
788 477 847 510 sed
870 484 955 510 tunc
979 483 1012 510 et
1037 487 1138 509 causa
1160 486 1239 507 ma·-

256 539 334 576 net,
363 538 397 566 et
414 531 480 575 ipsi
497 531 605 564 vitam
625 536 801 562 aeternam
818 527 1008 572 accipiunt.

357 599 426 633 Sed
442 596 628 631 hominum
647 596 741 629 oculi
758 595 832 628 sine
852 595 918 628 fide
944 595 1047 638 longe
1065 593 1166 626 aliter
1191 593 1234 625 de

255 649 412 685 Ecclesia
443 649 617 693 cogitant,
662 647 732 680 imo
759 644 850 679 hanc
878 653 984 679 totam
1021 644 1241 682 cantilenam,

255 701 336 735 Non
359 701 508 738 moriar,
544 700 603 732 sed
625 698 759 737 vivam,
786 704 910 741 putant
936 707 1008 728 esse
1031 695 1240 728 fabulosam.

256 751 388 786 Contra
405 749 488 783 haec
505 748 658 783 hnmana
675 748 805 781 iudicia
824 747 1072 780 confirmemus
1092 745 1241 784 animos,

255 800 312 835 bis
327 802 508 836 sententiis
527 800 679 844 Spiritus
698 797 807 831 sancti
820 824 828 837 ,
846 804 878 830 et
894 796 1159 829 meminerimus
1174 792 1241 827 hoc

256 853 435 886 doctrinae
450 862 557 893 genus
574 850 736 882 divinum
754 859 843 887 esse,
872 853 906 880 et
923 858 1028 890 supra
1046 844 1240 879 humanam

256 902 464 946 sapientiam
492 900 664 944 positum,
693 904 725 931 et
743 898 918 931 discamus
941 908 1098 930 exercere
1122 897 1240 935 fidem,

255 961 292 987 ut
310 954 482 986 luctantes
507 962 584 983 cum
605 955 744 993 peccato
767 955 799 982 et
822 955 954 988 morte,
980 948 1018 980 in
1042 954 1114 980 toto
1139 958 1241 980 cursu
1268 946 1270 969 ἕ

256 1005 348 1037 vitae
367 1010 400 1036 et
424 1002 669 1041 vocationum,
697 1010 924 1042 agnoscamus
948 1011 1010 1042 per
1034 995 1130 1031 hunc
1153 997 1243 1029 libe-

255 1062 406 1089 ratorem
432 1059 610 1089 nostrum,
640 1051 738 1083 cuius
764 1047 965 1093 triumphus
990 1047 1048 1081 hic
1073 1047 1243 1081 describi-

256 1112 333 1143 tur,
367 1103 518 1137 deletum
545 1113 617 1135 esse
647 1108 845 1148 peccatum,
883 1100 1051 1133 abolitam
1079 1105 1242 1140 mortem,

257 1163 288 1189 et
311 1154 483 1188 redditam
515 1165 587 1186 esse
619 1159 822 1195 perpetuam
858 1150 1034 1184 iusticiam
1063 1156 1096 1182 et
1123 1149 1242 1188 vitam,

256 1217 389 1250 nosque
424 1203 489 1237 hac
523 1204 591 1236 fide
628 1202 817 1242 vivificari,
863 1201 952 1234 sicut
979 1200 1148 1244 scriptum
1178 1206 1241 1232 est:

256 1257 370 1290 Iustus
385 1256 451 1289 fide
475 1266 534 1288 sua
551 1254 655 1288 vivet.

309 1362 453 1408 Aperite
470 1358 565 1394 mihi
589 1364 716 1408 portas
743 1358 925 1395 instit-iae,
951 1355 1144 1403 ingrediar
1171 1369 1242 1395 eas,

358 1418 387 1447 ct
405 1410 596 1457 confitebor
610 1410 787 1446 Domino.

308 1480 410 1514 Haec
423 1482 530 1525 porta
547 1475 724 1514 Domini,
753 1475 842 1509 iusti
865 1473 1056 1507 intrabunt
1076 1472 1113 1505 in
1132 1485 1220 1506 eam.

310 1542 519 1589 Confitebor
546 1542 631 1580 libi,
672 1542 761 1589 quia
788 1539 1001 1574 humiliasti
1022 1551 1091 1579 me,
1127 1544 1156 1572 et
1173 1539 1245 1586 fa-

363 1600 438 1628 ctus
457 1606 492 1627 es
510 1591 606 1626 mihi
619 1592 657 1625 in
673 1591 843 1627 salutem.

362 1669 483 1704 Altera
506 1683 584 1716 pars
602 1670 734 1703 Psalmi
758 1676 824 1702 est:
853 1679 935 1700 nam
961 1678 1064 1710 supra
1087 1666 1247 1699 recitavit

261 1722 486 1756 afflictionem
506 1733 623 1762 suam,
651 1728 683 1754 et
707 1719 964 1753 liberationem.
1004 1715 1107 1751 Nunc
1125 1718 1167 1750 de
1185 1729 1246 1761 ap-

260 1773 449 1817 plicatione
461 1772 629 1817 loquitur.
655 1771 762 1811 Haec,
777 1770 903 1814 inquit,
919 1766 1133 1801 inEcclesiis
1146 1779 1246 1811 prae-

262 1824 387 1857 dicabo
419 1823 580 1861 caeteris,
614 1829 647 1856 et
679 1833 812 1854 novum
837 1820 1054 1859 aedificium,
1090 1830 1149 1851 seu
1182 1830 1247 1850 no—

261 1887 345 1908 vum
370 1885 517 1917 regnum
551 1885 613 1916 per
644 1884 716 1911 me,
750 1871 910 1916 quamvis
943 1877 1043 1902 antea
1068 1869 1248 1907 afflictum,

262 1925 473 1957 incoabitur.
526 1922 681 1957 Asssictio
699 1934 759 1954 seu
782 1921 897 1965 passio
925 1920 1076 1954 Messiae
1104 1919 1248 1952 servivit

262 1976 350 2008 aliis.
406 1974 488 2007 Fuit
504 1975 597 2006 enim
617 1973 821 2006 sacrificium
851 1984 913 2014 pro
939 1977 1078 2014 peccato
1101 1968 1247 2003 humani

263 2025 407 2068 generis.
462 2024 640 2057 Liberatio
658 2024 760 2057 etiam
777 2023 921 2066 prodest
937 2022 1025 2054 aliis.
1079 2019 1174 2053 Haec
1194 2032 1248 2053 ce—

265 2075 392 2109 lebrari
411 2076 448 2107 in
464 2073 629 2107 Ecclesiis
646 2081 678 2107 et
697 2074 913 2106 innotescere
936 2078 1085 2116 oportet.

368 2134 418 2167 De
440 2131 504 2166 hac
522 2132 755 2176 applicatione
774 2131 842 2164 iam
861 2131 1105 2163 concionatur.
1146 2128 1248 2161 Ideo·
1276 2147 1277 2152 =

267 2197 334 2230 que
353 2185 437 2217 dicit
452 2181 632 2223 Christus,
662 2180 804 2228 Aperite
821 2178 916 2213 mihi
931 2185 1056 2225 portas
1076 2178 1251 2219 iusticiae,
1276 2179 1278 2217 ξ

267 2236 303 2269 id
321 2242 392 2273 est,
411 2234 592 2278 patefacite
610 2231 696 2265 mihi
715 2231 887 2265 Ecclesias
906 2239 938 2265 et
956 2239 1093 2268 coetus,
1116 2232 1152 2262 in
1171 2230 1251 2274 qui-

268 2287 334 2319 bus
350 2285 485 2318 iusticia
512 2285 579 2317 iam
603 2284 761 2327 fulgebit.
814 2282 889 2315 Vos
913 2280 1090 2315 Ecclesiae
1114 2282 1252 2314 auditae

269 2335 359 2369 hanc
378 2348 487 2368 meam
505 2336 722 2369 concionem.
775 2333 870 2366 Haec
894 2340 926 2367 et
944 2331 1077 2366 Christi
1100 2344 1167 2364 vox
1192 2340 1252 2372 est,

271 2394 303 2420 et
321 2387 469 2419 aliorum
489 2387 689 2419 docentium
710 2392 743 2418 et
760 2384 1015 2418 confitentium.

372 2444 498 2477 Portae
522 2445 718 2488 significant
741 2444 866 2476 usitata
892 2440 1115 2486 metaphora,
1141 2441 1252 2484 impe—

274 2495 325 2527 ria
342 2507 400 2527 seu
419 2506 536 2537 regna.
588 2493 634 2528 Et
648 2492 706 2527 hic
722 2495 889 2527 discernit
906 2494 949 2526 ab
973 2492 1132 2536 imperiis
1151 2504 1253 2524 inun-

275 2545 313 2577 di
336 2543 426 2577 hanc
452 2552 604 2588 portam,
632 2546 667 2577 id
691 2552 756 2585 est,
785 2543 851 2577 hoc
875 2555 1042 2587 regnum,
1078 2555 1136 2575 seu
1160 2540 1255 2575 hunc

277 2601 423 2628 coetum.
477 2595 587 2629 Vocat
617 2596 710 2628 enim
739 2602 877 2642 portam
904 2595 1080 2634 iusticiae,
1115 2600 1147 2626 et
1173 2605 1255 2636 por-

276 2653 346 2679 tam
374 2643 530 2680 Domini.
590 2644 652 2679 Est
689 2647 782 2679 enim
817 2644 970 2679 Ecclesia
1003 2655 1151 2687 regnum
1179 2642 1257 2684 Dei,

845 87 967 122 PHIL.
994 84 1109 122 MEL.
1138 84 1348 121 SCRIPTA
1375 83 1674 120 EXEGETICA.

2173 87 2269 123 1440

1292 168 1359 204 hoc
1382 177 1450 209 est,
1479 177 1617 211 coetus,
1650 170 1686 204 in
1719 182 1788 215 quo
1812 170 1911 204 Deus
1939 178 2030 205 recte
2061 173 2275 216 agnoscitur,

1265 258 1267 262 Α
1293 221 1498 260 invocatur,
1525 221 1670 260 colitur,
1698 228 1730 254 et
1745 228 1914 265 perpetuo
1929 222 2143 256 laudabitur.
2189 224 2274 257 Ideo

1292 278 1343 305 est
1368 278 1402 305 et
1423 271 1580 304 iusticiae
1605 278 1723 316 porta,
1758 269 1825 305 hoc
1848 279 1917 311 est,
1956 273 2086 306 iustum
2117 284 2274 317 regnum,

1293 334 1352 355 seu
1370 329 1489 355 coetus
1506 322 1606 363 iusti,
1631 322 1706 356 Deo
1726 323 1920 367 placentes,
1951 329 1983 356 et
2002 320 2167 357 haeredes
2183 325 2274 358 vitae

1293 380 1465 407 aeternae.

1394 439 1475 472 Alia
1500 450 1606 482 regna
1633 438 1807 473 iusticiam
1838 446 2014 473 externam
2041 451 2101 473 seu
2136 440 2276 475 civilem

1293 496 1471 534 utcunque
1489 496 1652 531 tuentur,
1680 493 1841 523 coercent
1858 491 1982 534 poenis
1999 488 2190 524 humanam
2214 504 2278 525 au-

1294 541 1439 581 daciam,
1467 540 1557 573 sicut
1572 540 1701 573 dicitur
1720 541 1757 573 in
1770 540 1925 574 Psalmo:
1955 540 1995 573 ln
2013 538 2137 574 chamo
2157 549 2191 576 et
2205 543 2278 576 fre-

1295 603 1340 623 no
1361 591 1520 623 maxillas
1538 603 1659 623 eorum
1676 592 1885 634 constringe.
1925 590 2088 636 Denique
2105 598 2188 626 sunt
2203 605 2278 626 car-

1295 653 1350 675 cer
1367 641 1451 684 legis
1463 668 1472 682 ‚
1500 641 1560 686 qui
1577 642 1687 674 seruit
1705 641 1851 674 miserae
1867 642 2064 676 necessitati
2083 642 2175 676 vitae
2200 655 2280 677 cor-

1296 693 1444 736 poralis,
1470 704 1543 725 non
1568 692 1682 725 adfert
1700 692 1872 725 iusticiam
1891 701 1951 726 aut
1965 693 2072 726 vitam
2091 699 2279 729 aeternam.

1295 744 1364 776 sed
1381 742 1536 776 Ecclesia
1553 749 1603 776 est
1618 753 1764 786 regnum
1782 754 1842 776 seu
1868 749 2004 782 coetus,
2032 743 2069 775 in
2096 756 2167 788 quo
2191 745 2281 777 dan-

1295 800 1352 827 tur
1374 793 1511 826 iusticia
1538 800 1571 826 et
1595 793 1665 826 vita
1692 799 1850 831 aeterna,
1880 800 1911 826 et
1937 793 1975 826 in
2000 805 2070 838 quo
2087 794 2182 828 Deus
2205 795 2278 839 ipse

1268 859 1270 868 ·
1295 850 1434 886 regnat,
1461 844 1681 887 agnoscitur,
1709 844 1911 883 invocatur,
1948 850 1980 877 et
2006 851 2176 888 perpetuo
2201 845 2279 878 lau-

1295 894 1451 928 dabitur.
1512 894 1601 927 Nam
1626 894 1711 939 quid
1736 894 1795 927 fiat
1817 894 1854 926 in
1879 892 2034 927 Ecclesia
2058 893 2115 928 bic
2137 907 2279 940 quoque

1296 945 1412 985 addit,
1444 942 1641 990 Ingressus
1665 943 1703 976 in
1727 940 1798 977 has
1821 948 1954 991 portas
1979 942 2171 989 confitebor
2191 943 2277 979 Do-

1268 1002 1270 1038 ᾗ
1296 994 1414 1031 mino,
1450 996 1679 1039 praedicabo,
1708 996 1891 1029 celebrabo
1921 995 1994 1028 eius
2029 996 2213 1038 beneficia,
2249 1004 2281 1032 et

1298 1047 1480 1089 praestabo
1502 1058 1601 1079 veros
1617 1046 1741 1080 cultus.

1554 1155 1627 1183 DE
1671 1154 2021 1183 ECCLESIA.

1400 1220 1495 1254 Hinc
1517 1221 1623 1265 igitur
1651 1233 1730 1254 vera
1756 1222 1915 1254 definitio
1939 1219 2116 1254 Ecclesiae
2134 1220 2201 1255 Dei
2224 1235 2283 1256 su-

1297 1273 1424 1305 menda
1444 1279 1511 1311 est,
1531 1279 1564 1305 et
1589 1272 1830 1316 repudiandae
1848 1278 1929 1304 sunt
1947 1272 2036 1304 aliae
2051 1272 2283 1314 definitiones,

1298 1335 1386 1367 quae
1405 1335 1478 1355 non
1488 1321 1680 1356 Ecclesiam
1694 1349 1701 1363 ,
1728 1324 1787 1355 sed
1801 1322 2025 1355 pontificium
2038 1321 2203 1366 Regnum
2222 1325 2285 1357 de-

1297 1374 1468 1407 scribunt.
1521 1371 1734 1406 Continetur
1751 1373 1844 1404 enim
1862 1373 2020 1405 definitio
2041 1385 2143 1407 verae
2159 1373 2283 1407 Eccle-

1297 1424 1367 1456 siae
1384 1423 1421 1454 in
1438 1421 1492 1454 his
1510 1430 1661 1467 quatuor
1677 1423 1854 1462 versibus,
1882 1422 1941 1467 qui
1959 1421 2015 1454 hic
2033 1431 2282 1458 contexuntur:

1298 1472 1393 1506 Haec
1419 1479 1467 1505 est
1490 1479 1590 1516 porta
1615 1471 1778 1512 Domini,
1813 1473 1896 1506 iusti
1924 1473 2109 1507 intrabunt
2132 1475 2171 1507 in
2198 1487 2285 1511 eam.

1299 1522 1503 1556 Confitebor
1525 1523 1608 1562 tibi,
1634 1523 1715 1567 quia
1741 1520 1935 1556 humiliasti
1960 1535 2036 1563 me,
2066 1531 2100 1558 et
2113 1525 2224 1559 factus
2253 1538 2287 1559 es

1299 1571 1387 1605 mihi
1406 1573 1442 1604 in
1462 1573 1622 1606 salutem.
1676 1572 1846 1616 Lapidem
1875 1585 1977 1618 quem
2003 1576 2285 1618 reprobaverunt

1299 1624 1539 1664 aedificantes,
1556 1621 1615 1655 hic
1630 1624 1742 1656 factus
1757 1630 1807 1657 est
1822 1624 1860 1656 in
1879 1631 1983 1668 capnt
2001 1626 2135 1668 anguli.
2162 1625 2195 1659 A
2212 1626 2286 1661 Do-

1300 1675 1399 1707 mino
1434 1674 1565 1707 factum
1593 1680 1642 1707 est
1676 1671 1760 1714 hoc,
1789 1681 1822 1708 et
1854 1675 2016 1708 mirabile
2039 1683 2089 1710 est
2115 1677 2152 1709 in
2176 1678 2286 1712 oculis

1300 1733 1440 1759 nostris.

1402 1782 1598 1817 Definitum
1633 1790 1666 1816 et
1697 1782 1822 1816 titulus
1857 1791 1917 1817 est.
1970 1781 2072 1816 Haec
2102 1789 2152 1818 est
2177 1792 2286 1832 porta

1300 1833 1480 1871 Domini,
1509 1834 1545 1866 id
1570 1840 1639 1873 est,
1667 1831 1751 1867 haec
1776 1841 1825 1868 est
1849 1832 2004 1868 Ecclesia
2029 1833 2116 1873 Dei,
2144 1849 2206 1871 seu
2232 1850 2287 1871 re-

1301 1898 1407 1929 gnum
1424 1885 1501 1918 Dei.
1554 1883 1692 1917 Deinde
1710 1885 1869 1929 sequitur
1889 1896 2015 1928 genus,
2044 1883 2145 1919 Iusti
2167 1886 2287 1921 intra-

1301 1935 1390 1969 bunt
1420 1935 1458 1968 in
1483 1946 1580 1977 eam,
1609 1935 1644 1967 id
1665 1942 1733 1975 est,
1758 1934 1912 1968 Ecclesia
1931 1935 2017 1976 Dei,
2046 1944 2095 1970 est
2115 1937 2285 1972 iustorum

1302 1994 1432 2021 coetus.
1495 1984 1563 2018 Sed
1588 1982 1626 2016 hi
1651 1992 1761 2018 certas
1786 1983 1916 2018 babent
1940 1993 2060 2029 notas,
2095 1994 2128 2020 et
2153 1996 2287 2022 certum

1303 2044 1424 2081 caput,
1462 2043 1494 2069 et
1524 2036 1741 2073 doctrinam,
1777 2048 1844 2080 qua
1871 2037 2121 2071 discernuntur
2143 2039 2187 2072 ab
2210 2041 2288 2073 aliis

1303 2088 1437 2131 regnis,
1465 2084 1596 2119 habent
1621 2094 1654 2120 et
1671 2086 1818 2129 gloriam
1844 2087 2056 2130 singularem
2082 2089 2287 2123 dissimilem

1304 2139 1436 2182 gloriae
1461 2138 1610 2169 aliorum
1636 2137 1877 2180 imperiorum.
1933 2137 2028 2171 Haec
2057 2140 2192 2174 erudite
2217 2148 2289 2174 tra-

1305 2191 1439 2222 duntur
1465 2188 1501 2220 in
1537 2185 1592 2220 his
1618 2188 1787 2221 versibus.
1849 2187 2039 2233 Postquam
2073 2191 2166 2223 enim
2199 2193 2288 2226 dixit

1306 2252 1378 2272 esse
1402 2239 1574 2272 iustorum
1598 2245 1755 2278 coetum,
1790 2239 1927 2272 addidit
1951 2246 2069 2273 notam
2096 2248 2287 2276 externam.

1278 2299 1279 2314 ³
1306 2285 1515 2333 Confitebor
1538 2287 1621 2328 tibi,
1655 2287 1744 2334 quia
1767 2285 1983 2323 humiliasti
2004 2302 2075 2329 me,
2108 2296 2138 2324 et
2155 2292 2287 2339 sactus

1307 2352 1341 2374 es
1358 2337 1453 2372 mihi
1478 2339 1516 2371 in
1539 2337 1707 2373 salutem.
1763 2338 1862 2372 Talis
1887 2348 2004 2374 coetus
2029 2349 2078 2375 est
2105 2343 2288 2385 iustorum,

1308 2392 1370 2436 qui
1391 2391 1593 2435 praedicant
1608 2389 1746 2427 Deum,
1775 2387 1905 2424 habent
1923 2399 2056 2425 certum
2071 2394 2228 2434 verbum,
2256 2402 2289 2428 et

1308 2443 1345 2474 in
1372 2441 1588 2474 confessione
1615 2440 1851 2483 adfliguntur‚
1887 2449 1919 2475 et
1941 2449 2058 2476 tamen
2092 2452 2289 2480 servantur.

1309 2491 1491 2525 Confessio
1510 2491 1623 2527 enim,
1651 2488 1718 2524 hoc
1737 2498 1804 2532 est,
1830 2504 1911 2525 vera
1926 2494 2057 2536 agnitio
2081 2501 2113 2527 et
2134 2495 2289 2529 celebra-

1280 2566 1281 2575 1
1309 2544 1357 2576 tio
1384 2541 1468 2578 Dei,
1505 2554 1583 2574 cum
1611 2553 1679 2585 qua
1710 2554 1847 2575 necesse
1878 2550 1927 2576 est
1963 2547 2186 2577 coniunctam
2217 2558 2289 2580 esse

1280 2589 1281 2605 ³
1310 2591 1495 2635 Evangelii
1530 2592 1844 2636 praedicationem,
1876 2596 2057 2638 proprium
2092 2607 2221 2630 munus
2257 2606 2289 2631 et

1278 2657 1282 2683 .¹
1313 2643 1497 2688 peculiaris
1516 2650 1598 2676 nota
1615 2649 1662 2676 est
1680 2641 1866 2677 Ecclesiae.

2360 998 2361 1002 „
2356 197 2375 983 Λζ-,ῲ-ψ-ν-τ--ῧ-πἺἫ-Μ.
