2379 2948
129 98 206 135 249
697 98 764 137 111.

128 191 219 225 stus,
246 185 400 226 diluvia,
432 185 667 229 pestilentias,
696 184 788 217 bella
817 189 849 216 et
874 193 1019 225 magnas
1049 182 1120 215 cla-

128 237 188 269 des
202 236 320 270 statim
339 243 416 280 post
437 237 612 270 luminum
628 235 783 268 defectus
798 233 976 274 accidisse,
1002 239 1040 267 ut
1057 233 1118 266 illa

127 287 219 320 mala
236 299 324 331 pene
343 288 551 321 denunciari
568 287 776 318 viderentur
793 296 811 317 a
829 284 938 318 coelo.

230 337 302 371 Nec
324 338 500 371 laudanda
522 343 571 370 est
587 336 733 369 Periclis
756 341 788 368 et
813 334 985 368 similium
1009 334 1118 366 auda-

127 388 197 428 cia,
225 389 289 433 qui
310 389 552 432 disputarunt,
580 387 661 431 quia
679 386 780 419 certis
795 392 956 419 motuum
980 385 1118 427 legibus

125 441 250 473 fierent
285 440 460 472 luminum
494 437 779 478 obscurationes,
820 437 899 469 ideo
933 433 1026 469 nihil
1061 447 1117 468 eas

127 491 211 523 mali
235 489 466 529 denunciare,
501 488 591 521 sicut
615 488 714 521 aiunt
731 487 901 520 Periclem
920 487 1115 530 ingressum

127 541 165 573 in
185 541 313 577 navim,
339 551 417 571 cum
432 545 575 582 repente
591 539 760 572 terribilis
775 538 914 582 eclipsis
930 538 1025 571 Solis
1041 537 1116 581 pri-

123 604 182 624 mo
214 602 307 624 anno
344 590 428 622 belli
461 588 754 634 Peloponnesiaci
789 596 973 634 conspecta
1016 595 1116 629 esset,

124 638 308 674 Navarcho
328 640 480 673 voluisse
498 653 664 684 pavorem
684 641 844 674 eximere.
897 639 986 673 Nam
1007 637 1114 672 huius

122 692 243 725 oculos
259 690 367 734 pallio
390 691 539 732 velavit,
567 704 606 725 ac
624 699 743 736 postea
770 697 888 724 amoto
918 690 1028 735 pallio
1058 690 1114 722 in-

121 742 332 785 terrogavit,
359 742 523 787 nunquid
542 743 609 787 ipsi
626 750 685 776 aut
700 742 777 775 aliis
794 741 928 787 aliquid
947 741 1032 773 mali
1057 752 1114 773 ac-

120 793 260 826 cidisset
277 799 473 836 propterea,
501 795 596 838 quod
617 795 741 836 exiguo
758 800 916 836 tempore
936 792 1030 825 oculi
1047 791 1113 823 im-

119 843 229 887 pediti
249 851 372 884 essent,
401 855 446 877 ne
463 844 604 887 longius
622 843 886 889 prospicerent?
913 841 965 876 Ita
985 842 1114 887 inquit,

119 906 184 927 nec
201 894 279 928 Soli
300 907 364 928 nec
391 895 495 928 nobis
516 903 636 937 nocet,
664 894 721 929 hic
744 895 960 928 intercursus
977 893 1113 934 Lunae,

118 945 179 989 qui
198 945 377 990 paulisper
393 946 496 979 nobis
511 946 605 980 Solis
625 952 851 990 conspectum
871 944 1007 978 adimit.

222 995 294 1030 Sed
319 997 472 1030 Pericles
505 997 579 1041 ipse
605 998 688 1031 satis
713 997 830 1030 tristes
857 1008 988 1040 poenas
1015 995 1113 1028 dedit

117 1054 338 1092 contemptae
356 1048 499 1081 divinae
514 1049 783 1084 admonitionis.
819 1047 908 1080 Nam
929 1053 962 1080 et
977 1046 1112 1079 bellum

117 1098 256 1132 exitiale
274 1098 337 1132 toti
355 1099 526 1133 Graeciae
542 1099 673 1137 movit,
701 1106 733 1133 et
749 1110 831 1132 mox
849 1104 965 1131 secuta
983 1103 1034 1130 est
1051 1109 1113 1141 pe-

116 1149 273 1183 stilentia
300 1150 388 1183 adeo
414 1161 538 1190 saeva,
573 1157 612 1184 ut
637 1148 803 1190 brachia,
835 1149 967 1192 capita,
994 1149 1112 1192 pedes,

116 1200 380 1243 aegrotantibus
406 1212 425 1233 a
450 1201 589 1245 reliquo
612 1213 760 1245 corpore
792 1200 985 1244 putrefacta
1016 1199 1112 1232 deci-

115 1251 244 1286 derint.

186 1308 188 1310 ’
218 1300 385 1335 Min-ando
403 1309 520 1333 autem
538 1303 686 1336 consilio
703 1301 799 1336 Deus
822 1302 985 1335 umbram
1013 1301 1112 1333 ordi-

115 1351 234 1390 navit,
261 1363 349 1396 quae
366 1350 467 1395 quasi
484 1352 713 1385 monstratrix
736 1353 804 1384 fuit
820 1353 1012 1385 multarum
1030 1364 1111 1393 par-

112 1403 202 1436 tium
220 1402 257 1434 in
275 1400 339 1435 hac
357 1401 531 1435 doctrina.

217 1452 379 1486 Primum
398 1452 493 1485 enim
511 1452 696 1486 manifesta
722 1459 755 1486 et
779 1463 852 1484 non
879 1450 1109 1484 subtilissima

115 1504 285 1537 indicatio
302 1503 558 1546 magnitudinis
574 1516 782 1548 corporum,
810 1502 905 1536 Solis
928 1508 961 1535 et
987 1509 1110 1543 terrae,

113 1563 147 1589 et
163 1555 357 1588 multorum
374 1561 534 1588 motuum
554 1554 647 1589 Solis
670 1562 703 1589 et
721 1554 864 1594 Lunae,
891 1553 1044 1586 sumitur
1069 1566 1108 1586 ex

112 1605 250 1640 umbra.
660 1600 663 1601 ⁷

213 1655 279 1690 Est
303 1663 420 1690 autem
453 1657 579 1691 umbra
614 1657 766 1702 privatio
797 1657 886 1690 lucis
917 1655 1108 1699 impeditae

113 1708 275 1753 opposito
297 1719 443 1751 corpore
461 1720 588 1751 opaco,
616 1711 709 1753 quod
731 1708 871 1740 radium
889 1706 1106 1739 incidentem

112 1758 315 1792 certissimis
339 1758 443 1791 lincis
463 1766 499 1792 et
525 1768 618 1792 certo
641 1758 760 1802 spacio
789 1765 904 1798 arcet,
940 1763 1107 1801 tantaque

111 1810 285 1844 certitudo
314 1815 383 1849 est,
410 1816 449 1842 ut
477 1809 703 1842 manifestum
731 1809 792 1849 sit,
820 1820 893 1841 non
920 1819 1019 1848 casu,
1046 1808 1105 1841 sed

111 1860 282 1894 divinitus
300 1865 374 1893 arte
391 1860 594 1893 institutum
615 1872 688 1893 esse
704 1857 799 1892 hunc
815 1860 988 1893 ordinem.
1016 1858 1106 1890 Am-

110 1912 268 1956 plissima
286 1917 403 1944 autem
423 1910 585 1944 doctrina
602 1917 652 1944 est
675 1911 875 1954 opticorum
896 1910 939 1942 de
959 1910 1105 1951 umbris,

109 1977 150 1997 ex
167 1974 235 2009 qua
254 1973 364 2006 pauca
380 1962 619 1996 recitabimus.
673 1962 822 1995 Terram
842 1973 914 1995 esse
929 1960 1103 1993 minorem

110 2014 213 2055 Sole,
235 2012 460 2046 manifestum
477 2021 527 2047 est
550 2025 590 2046 ex
607 2013 815 2047 umbrarum
832 2011 1004 2047 doctrina.
1046 2011 1104 2045 Fit

110 2065 206 2098 enim
227 2064 354 2097 umbra
377 2061 596 2109 κωνοειδὴς,
631 2066 918 2110 quandocunque
944 2063 1101 2096 lucidum

110 2126 238 2159 corpus
255 2115 367 2148 maius
383 2127 512 2159 opaco,
538 2115 670 2149 minori
694 2115 896 2160 oppositum
922 2120 992 2153 est,
1020 2114 1102 2159 quia

110 2167 211 2211 copia
227 2166 315 2198 lucis
332 2165 564 2200 circumfusae
582 2167 753 2211 paulatim
771 2172 992 2205 attenuatur,
1019 2177 1102 2209 por-

110 2224 204 2251 recta
227 2216 299 2249 fere
321 2228 433 2262 usque
456 2219 500 2251 ad
526 2219 648 2252 orbem
667 2217 829 2253 Veneris,
883 2217 936 2251 Ac
953 2216 1022 2249 nisi
1038 2216 1101 2250 Sol

109 2269 224 2302 multo
242 2266 355 2300 maior
369 2275 477 2310 esset,
504 2281 610 2314 quam
628 2275 738 2310 terra,
766 2276 799 2302 et
815 2275 886 2303 tam
904 2268 1029 2314 procul
1044 2268 1101 2301 di-

109 2325 235 2360 staret,
275 2329 349 2350 non
367 2326 479 2353 essent
496 2331 595 2363 pares
620 2321 768 2354 umbrae
794 2321 917 2354 eodem
942 2326 1099 2363 tempore

108 2371 147 2404 in
164 2371 300 2405 oriente
315 2375 347 2402 et
364 2369 555 2404 occidente.
594 2370 643 2406 Et
667 2372 838 2416 paulatim
862 2384 925 2416 pro
943 2382 1099 2415 propor-

107 2422 205 2456 tione
229 2427 312 2455 ante
336 2419 540 2462 meridiem,
566 2429 599 2456 et
625 2431 702 2467 post
727 2423 912 2457 meridiem
938 2430 1099 2457 crescunt

106 2479 141 2506 et
163 2473 386 2509 decrescunt,
423 2470 470 2505 ita
500 2477 539 2504 ut
561 2474 686 2507 umbra
712 2486 849 2519 semper
874 2474 918 2508 sit
941 2473 1098 2517 aequalis
1121 2492 1123 2512 ,κ

106 2524 246 2568 corpori
261 2523 466 2567 ubicunque
483 2528 517 2555 et
533 2525 816 2570 quandocunque
835 2525 929 2560 Solis
944 2524 1096 2558 altitudo

107 2580 158 2608 est
173 2575 346 2618 graduum
363 2571 431 2614 45,
458 2573 550 2607 sicut
570 2580 609 2608 ut
625 2573 785 2609 Venetiis
808 2577 846 2609 in
869 2575 1095 2622 aequinoctio

816 94 974 132 INITIA
1001 94 1296 133 DOCTRINAE
1324 96 1578 136 PHYSICAE.

1120 2570 1122 2582 A

2088 96 2163 132 250

1173 182 1398 227 quadrantis,
1427 186 1487 230 qui
1505 193 1553 220 est
1572 186 1664 220 inter
1679 184 1902 219 horizontem
1931 190 1962 217 et
1991 190 2160 228 punctum

1172 233 1360 274 verticale,
1387 243 1538 280 suntque
1553 238 1715 282 aequales
1731 236 1871 279 anguli,
1900 246 1988 280 quos
2006 235 2087 268 facit
2104 247 2160 267 ra-

1170 283 1249 316 dius
1276 284 1436 318 incidens
1465 299 1542 319 cum
1576 289 1680 330 plano
1715 286 1926 326 horizontis,
1962 292 1994 319 et
2023 297 2160 318 summo

1170 345 1359 377 gnomone.
1414 336 1472 369 Fit
1499 337 1605 378 igitur
1632 339 1825 371 necessario
1852 338 1977 371 umbra
2003 336 2161 382 aequalis

1169 386 1352 428 gnomoni.
1405 384 1451 419 Et
1471 387 1507 418 in
1526 388 1644 420 medio
1663 390 1786 421 mundi
1804 396 1930 421 terram
1957 387 2058 420 sitam
2088 398 2160 420 esse

1169 437 1322 470 ostendit
1359 438 1502 476 umbra,
1547 450 1636 482 quae
1667 439 1722 471 die
1748 439 1923 471 solstitiali
1950 445 1982 471 et
2004 437 2160 472 brumali

1168 488 1365 520 contrarias
1389 488 1500 521 lineas
1523 489 1699 530 efficiunt,
1734 500 1883 533 quarum
1903 496 2083 523 contactus
2109 495 2160 522 est

1168 536 1222 572 ἐπ’
1242 535 1402 577 εὐθείας.

1270 589 1393 635 Neque
1407 587 1474 622 hoc
1492 596 1628 623 tantum
1646 590 1793 622 umbrae
1809 596 2063 630 monstrarunt,
2091 590 2157 624 So-

1168 641 1236 672 lem
1254 652 1327 674 esse
1344 641 1514 674 maiorem
1534 648 1636 679 terra,
1664 642 1721 673 sed
1743 641 1847 674 etiam
1864 638 1930 672 hoc
1947 652 2085 684 quoque
2102 641 2159 672 in-

1167 691 1351 732 dicarunt,
1379 699 1549 737 quantum
1569 692 1675 735 spacii
1695 692 1731 723 in
1750 699 1842 725 terra
1860 691 2074 733 respondeat
2095 691 2158 723 uni

1167 743 1289 784 gradui
1307 744 1343 775 in
1363 743 1482 784 coelo,
1508 744 1605 775 unde
1629 750 1747 786 postea
1773 749 1847 776 toto
1873 742 2009 774 ambitu
2033 741 2160 784 depre—

1168 790 1277 826 henso
1290 821 1298 834 ,
1322 795 1467 835 cogitari
1485 795 1638 827 ambitus
1655 802 1769 828 terrae
1785 792 1912 838 potuit,
1935 792 1994 837 qui
2012 797 2061 824 est
2078 791 2159 823 mil-

1165 844 1308 877 liarium
1326 843 1439 879 5400.

1268 894 1408 929 Deinde
1425 896 1578 941 quaesita
1596 903 1645 929 est
1661 896 1847 929 subtiliore
1872 896 2009 929 ratione
2033 905 2158 938 corpo-

1165 958 1257 987 rum,
1276 945 1380 987 Solis,
1399 947 1531 980 Terrae
1550 954 1582 980 et
1598 946 1731 987 Lunae,
1747 947 1943 990 proportio.
1970 944 2015 979 Et
2031 947 2158 988 depre-

1166 994 1315 1030 hensum
1340 1004 1407 1038 est,
1448 997 1567 1031 Solem
1602 1009 1675 1030 esse
1707 998 1877 1030 maiorem
1909 1004 2000 1030 terra
2027 995 2158 1029 centies

1165 1049 1336 1091 sexagies,
1372 1049 1498 1089 sexies,
1533 1055 1566 1081 et
1594 1049 1739 1092 insuper
1769 1049 1950 1082 continere
1983 1054 2053 1080 tres
2078 1046 2151 1079 eius

1166 1106 1315 1132 octavas.
1377 1099 1525 1132 Terram
1561 1111 1644 1132 vero
1674 1100 1845 1132 maiorem
1872 1099 1973 1132 Luna
1998 1097 2156 1141 trigesies

1167 1150 1291 1183 novies
1310 1157 1343 1183 et
1358 1151 1503 1194 insuper
1521 1150 1702 1184 continere
1720 1152 1828 1183 serme
1845 1150 2008 1184 trientem
2033 1156 2157 1182 terrae.

1268 1199 1332 1234 Est
1356 1202 1462 1244 igitur
1486 1201 1623 1245 eclipsis
1640 1201 1763 1235 Lunae
1781 1201 1932 1245 privatio
1957 1199 2045 1233 lucis
2064 1199 2155 1232 sola-

1164 1252 1212 1284 ris
1230 1252 1267 1284 in
1285 1251 1408 1290 Luna,
1436 1264 1525 1297 quae
1550 1253 1702 1296 privatio
1728 1265 1767 1285 eo
1792 1253 1846 1292 fit,
1875 1252 1956 1296 quia
1975 1250 2075 1283 Luna
2098 1250 2155 1282 in-

1164 1303 1275 1336 currit
1300 1303 1338 1335 in
1361 1304 1523 1336 umbram
1548 1310 1681 1344 terrae,
1712 1303 1938 1346 interpositae
1964 1302 2155 1334 diametra-

1164 1354 1244 1384 liter
1263 1353 1356 1383 inter
1372 1353 1490 1384 Solem
1517 1360 1549 1384 et
1566 1353 1717 1386 Lunam.
1772 1354 1849 1384 Iloc
1872 1354 1927 1389 fit,
1956 1363 2035 1384 curn
2053 1350 2154 1383 Luna

1164 1402 1261 1434 venit
1279 1402 1320 1434 ad
1339 1409 1443 1446 caput
1459 1409 1517 1435 aut
1533 1404 1678 1435 caudam
1698 1401 1891 1443 Draconis,
1920 1409 1959 1435 ut
1977 1412 2083 1444 supra
2100 1402 2155 1434 di-

1163 1460 1256 1486 ctum
1283 1460 1351 1493 est,
1389 1451 1455 1486 hoc
1480 1460 1546 1493 est,
1581 1466 1658 1487 cum
1686 1453 1910 1486 latitudinem
1935 1459 1996 1486 aut
2018 1451 2154 1485 nullam

1163 1502 1286 1544 habet,
1327 1511 1388 1537 aut
1414 1505 1590 1537 minorem
1615 1505 1762 1537 minutis
1785 1505 1959 1547 sexaginta
1983 1503 2152 1548 quinque.

1159 1554 1249 1588 Nam
1283 1555 1542 1589 semidiameter
1568 1557 1715 1589 umbrae
1740 1556 1889 1588 maxima
1920 1562 1969 1589 est
2000 1555 2153 1599 quadra-

1161 1607 1256 1649 ginta
1275 1614 1408 1650 septem
1424 1607 1644 1640 minutorum
1663 1608 1745 1640 sere.
1782 1606 2052 1641 Semidiameter
2069 1617 2151 1638 vero

1159 1658 1282 1691 Lunae
1298 1670 1468 1701 apparens
1483 1658 1633 1691 maxima
1645 1665 1695 1691 est
1705 1660 1925 1691 minutorum
1943 1656 2151 1692 octodecim,

1160 1721 1248 1753 quae
1264 1721 1420 1741 summae
1439 1709 1602 1742 collectae
1622 1710 1756 1742 faciunt
1774 1709 1822 1742 65
1842 1710 1989 1743 minuta.

1264 1759 1368 1793 Unde
1400 1760 1456 1800 fit,
1491 1767 1530 1794 ut
1557 1770 1747 1793 cernantur
1779 1760 1967 1793 dissimiles
1996 1758 2150 1802 partium

1156 1810 1279 1844 Lunae
1305 1810 1588 1851 obscurationes,
1624 1818 1728 1854 prout
1754 1811 1855 1844 Luna
1884 1817 1944 1843 aut
1976 1810 2012 1841 in
2046 1809 2150 1842 nodis

1157 1861 1253 1905 ipsis,
1280 1869 1338 1895 aut
1357 1862 1442 1894 citra
1460 1862 1722 1906 aliquantulum
1742 1862 1943 1900 constituta,
1969 1861 2022 1893 vel
2042 1860 2148 1904 paulo

1156 1912 1305 1945 ulterius
1331 1924 1531 1956 progressa,
1576 1913 1613 1944 in
1645 1914 1808 1946 umbram
1842 1920 1953 1945 terrae
1986 1911 2149 1950 incurrit,

1155 1960 1223 1996 hoc
1248 1970 1317 2003 est,
1345 1970 1452 2005 prout
1484 1963 1708 1996 latitudinem
1733 1970 1792 1996 aut
1817 1964 1972 2003 nullam,
2000 1969 2060 1995 aut
2082 1962 2148 1995 ali-

1155 2026 1279 2059 quam,
1321 2015 1378 2046 sed
1406 2014 1581 2047 minorem
1611 2013 1659 2047 65
1690 2014 1837 2048 minutis
1861 2012 1978 2048 habet.
2040 2012 2147 2046 Ponit

1154 2073 1270 2099 autem
1291 2062 1517 2098 Ptolemaeus
1543 2065 1723 2099 lunarium
1756 2065 1939 2110 eclipsium
1976 2064 2147 2098 terminos

1153 2117 1246 2150 ultra
1271 2122 1303 2149 et
1329 2116 1417 2150 citra
1441 2118 1574 2157 nodos,
1605 2115 1652 2151 15
1676 2118 1824 2160 gradus,
1853 2117 1946 2149 intra
1963 2126 2050 2159 quos
2065 2125 2144 2157 gra-

1152 2169 1218 2201 dus
1237 2179 1315 2201 cum
1332 2174 1490 2211 tempore
1505 2168 1739 2212 oppositionis
1758 2174 1916 2200 versatur
1932 2166 2053 2206 Luna,
2080 2165 2145 2198 ob-

1152 2218 1284 2252 scurari
1302 2225 1414 2262 potest
1433 2219 1488 2251 vel
1512 2226 1601 2259 tota,
1629 2219 1685 2251 vel
1708 2219 1826 2263 aliqua
1850 2230 1889 2250 ex
1917 2223 2032 2261 parte,
2061 2216 2143 2261 quia

1150 2276 1234 2304 tunc
1253 2270 1404 2303 latitudo
1422 2269 1546 2303 Lunae
1564 2270 1683 2303 minor
1700 2277 1767 2307 est,
1796 2280 1900 2313 quam
1925 2269 2016 2300 duae
2038 2267 2143 2300 semi-

1151 2321 1316 2354 diametri
1340 2321 1567 2360 coniunctae‚
1595 2320 1717 2353 Lunae
1741 2319 1903 2353 videlicet
1927 2325 1960 2352 et
1983 2319 2141 2353 umbrae.

1123 2373 1125 2384 '
1149 2371 1296 2406 Necesse
1320 2379 1370 2406 est
1395 2372 1502 2415 igitur
1521 2372 1677 2417 aliquam
1701 2370 1824 2404 Lunae
1849 2376 1982 2414 partem
2008 2369 2046 2402 in
2062 2381 2141 2402 urn-

1148 2423 1248 2456 bram
1264 2424 1458 2458 incurrere.

1250 2473 1319 2508 Sed
1338 2475 1367 2507 si
1385 2474 1534 2507 latitudo
1549 2472 1672 2506 Lunae
1687 2479 1828 2517 superat
1844 2477 1959 2516 partes
1974 2472 2140 2506 semidia—

1149 2531 1344 2559 metrorum
1364 2525 1580 2563 coniunctas,
1607 2536 1697 2568 quae
1714 2530 1752 2557 ut
1769 2524 1852 2564 dixi,
1874 2535 1948 2556 non
1967 2524 2139 2556 excedunt

1147 2577 1325 2620 sexaginta
1343 2575 1500 2620 quinque
1517 2574 1673 2616 minuta,
1700 2575 1800 2608 nulla
1822 2586 1903 2619 pars
1926 2574 2050 2608 Lunae
2073 2575 2138 2608 ob-

105 2626 233 2659 umbra
249 2624 404 2669 aequalis
423 2631 474 2657 est
490 2625 677 2667 gnomoni,
705 2626 785 2671 quia
798 2636 850 2660 ‘co
876 2628 954 2661 loco
980 2626 1096 2660 eleva·
1119 2613 1121 2677 1
1146 2635 1326 2666 scuratur‚
1353 2626 1411 2658 sed
1429 2632 1540 2659 totum
1559 2625 1633 2658 eius
1651 2638 1781 2670 corpus
1799 2633 1893 2659 extra
1910 2637 2038 2659 conum
2058 2637 2138 2658 um-

104 2675 155 2710 tio
171 2682 221 2710 est
239 2677 412 2719 graduum
431 2673 491 2709 45.
543 2674 646 2710 Tunc
664 2677 758 2710 enim
773 2676 836 2711 Sol
853 2684 901 2712 est
921 2678 959 2711 in
977 2678 1094 2712 medio
1119 2679 1121 2713 ἱ
1145 2679 1229 2711 brae
1252 2676 1480 2718 transcurrit,
1514 2688 1687 2722 nusquam
1708 2677 1810 2711 illum
1828 2677 2014 2720 attingens.

2067 2674 2136 2709 Po-
