2379 2948
111 87 187 140 6339
731 87 776 126 V.

111 179 163 207 est
191 173 236 206 ad
261 172 411 218 figuras,
442 180 477 208 et
502 174 703 220 quaerenda
729 174 903 207 concinna
925 173 1100 215 interpre-

110 222 210 259 tatio,
264 223 421 259 Vocatur
444 233 561 259 autem
584 226 622 258 in
644 222 869 269 philosophia
893 223 1099 264 absurdum,

111 275 208 319 quod
231 282 366 319 pugnat
390 289 470 310 cum
494 275 675 310 communi
698 285 823 315 sensu,
857 274 893 307 id
920 280 990 314 est,
1018 286 1098 307 cum

108 325 315 371 principiis,
343 327 399 360 vel
416 326 596 361 communi
613 325 839 370 experientia.
891 323 959 358 Sed
978 325 1015 357 in
1034 326 1098 358 do-
1123 306 1126 372 ι

109 376 224 410 ctrina
240 376 418 411 Ecclesiae
441 384 587 411 vocatur
609 376 821 416 absurdum,
849 376 943 420 quod
964 382 1098 419 pugnat
1123 382 1125 404 ι’

108 438 189 461 cum
216 429 410 473 perspicuis
436 427 610 461 mandatis
627 425 716 468 Dei,
742 433 802 460 aut
825 426 981 459 articulis
1005 427 1097 467 fidei,
1123 407 1126 449 Ι

107 484 149 512 ut
172 489 252 512 cum
275 480 439 512 dicimus:
468 478 681 524 Tyrannum
699 489 772 511 esse
788 478 933 522 lupum,
962 484 1097 511 constat

107 540 182 562 non
213 530 350 563 misceri
384 527 540 562 hominis
572 535 632 562 aut
657 528 898 574 quadrupedis
922 535 1097 569 naturam,

107 578 356 625 Bletaphoram
373 580 481 623 igitur
497 591 569 613 esse
586 579 756 621 dicimus,
783 591 872 625 quae
887 579 935 613 sic
952 591 1097 612 enarra-
1122 574 1124 607 ἶ

107 637 184 664 tur:
219 630 409 676 Tyrannus
431 638 481 665 est
505 631 632 664 similis
656 631 753 676 lupo,
816 630 927 675 Saepe
949 631 1095 664 dicitur:
1122 614 1125 665 l

106 680 271 726 Spartam
294 689 417 715 nactus
442 694 496 721 es,
524 679 618 715 hanc
641 694 739 716 orna.
789 680 858 715 Hic
877 689 1013 715 constat
1032 693 1096 715 nos

106 744 181 766 non
198 730 326 766 habere
341 733 466 767 urbem
486 732 667 777 Spartam,
695 733 755 766 sed
776 732 972 766 similitudo
990 733 1095 765 iutel-

104 783 254 827 ligatur,
288 781 398 817 habes
433 782 623 818 honestum
654 784 792 824 locum,
829 795 934 828 quem
965 784 1095 817 virtute

105 834 246 870 tuearis.
300 834 358 868 Sic
375 835 482 869 illud:
511 834 566 868 Ira
584 833 773 870 habitatin
789 835 946 868 auribus.
999 833 1095 867 Cou-

102 891 171 919 stat
195 885 285 918 iram
307 887 451 920 accendi
474 886 512 919 in
536 887 653 921 corde.
706 886 756 920 At
780 887 824 919 de
848 886 985 919 obiecto
1006 886 1094 918 dici-

102 942 176 970 tur:
204 936 364 971 Auribus
380 944 540 982 acceptus
558 949 690 976 sermo,
718 937 834 971 irritat
852 937 941 970 iram
959 943 992 970 et
1009 937 1095 969 alias

103 987 327 1031 cupiditates.
381 987 440 1023 Sic
469 989 507 1022 in
535 989 630 1022 (licto
653 986 804 1022 Christi:
839 987 877 1022 Si
909 988 1032 1021 oculus
1061 995 1095 1021 te

101 1037 279 1080 offendet,
306 1039 452 1073 effodito
479 1052 571 1073 eum.
624 1039 664 1072 ld
689 1046 823 1084 pugnat
846 1051 926 1072 cum
952 1051 1094 1082 praece·

100 1095 178 1134 pto:
212 1089 293 1123 Non
311 1091 476 1133 Joccidas.
541 1089 813 1124 Decurrendum
845 1097 895 1124 est
918 1090 1029 1133 igitur
1050 1091 1094 1122 ad

100 1140 266 1183 figuram:
301 1141 428 1175 Abiice
459 1142 721 1186 persuasionem
753 1142 896 1182 falsam,
933 1141 1094 1186 quamvis

101 1191 260 1232 dulcem,
286 1204 376 1237 quae
397 1192 542 1226 abducit
559 1204 578 1225 a
594 1193 673 1226 Deo
686 1220 695 1233 ‚
723 1204 784 1226 seu
801 1204 874 1225 non
891 1192 1093 1226 assentiaris

100 1242 241 1276 doctori
263 1243 319 1276 vel
340 1244 453 1277 amico
469 1244 659 1278 abducenti
676 1243 835 1277 animum
851 1250 950 1276 tuum
969 1255 987 1276 a
1005 1241 1092 1278 Deo.

99 1292 196 1327 Haec
213 1295 384 1335 recensui,
410 1301 451 1328 ut
462 1294 620 1327 iuniores
635 1295 919 1339 qualemcunque
934 1295 1092 1337 regulam

98 1350 262 1385 teneant,
294 1345 391 1378 unde
422 1345 600 1384 iudicent,
635 1345 699 1378 ubi
729 1346 943 1378 servandum
976 1345 1021 1378 sit
1050 1344 1092 1378 τό

97 1392 232 1440 ῥητὸν,
261 1401 295 1429 et
309 1395 374 1428 ubi
390 1395 637 1440 interpretatio
654 1408 694 1429 ex
709 1396 831 1440 figuris
849 1397 1019 1429 sumenda
1036 1396 1093 1437 sit,

97 1447 196 1491 quod
220 1447 341 1480 dextre
366 1458 470 1480 nemo
490 1447 604 1480 facere
622 1454 752 1491 potest,
780 1447 849 1480 nisi
869 1447 1008 1480 liberali
1025 1448 1091 1480 do—

97 1497 212 1530 ctrina
236 1498 395 1531 excultus
418 1498 484 1540 sit,
519 1504 552 1531 et
576 1509 630 1531 res
656 1499 699 1532 de
727 1498 857 1543 quibus
880 1499 1091 1542 disputatur,

96 1554 199 1582 antea
224 1548 388 1582 didicerit
411 1561 451 1582 ex
475 1549 621 1594 proprio
648 1561 820 1584 sermone.
872 1550 956 1583 Ideo
984 1547 1091 1583 huius

96 1599 268 1643 temporis
284 1597 407 1633 Iudaei
424 1600 534 1634 multa
549 1601 683 1634 insulse
699 1607 937 1645 corrumpunt
952 1600 989 1632 in
1000 1600 1090 1633 Pro-

95 1648 229 1695 phetis,
260 1662 414 1696 quorum
439 1662 553 1684 sermo
577 1652 790 1696 pulcerrima
808 1652 942 1684 lumina
961 1652 1090 1694 figura-

95 1713 176 1734 rum
199 1699 314 1735 habet.
376 1702 598 1745 Augustinus
622 1703 805 1736 cuiusdam
831 1700 1008 1748 Tychonii
1033 1714 1089 1735 re-

96 1752 197 1796 gulas
222 1753 363 1794 recitat,
391 1765 543 1798 quarum
566 1753 804 1796 cognitionem
823 1753 998 1787 existimat
1014 1766 1089 1786 ma-

95 1814 206 1846 gnum
237 1815 309 1836 esse
336 1804 457 1838 lumen
486 1802 776 1849 propheticorum
806 1810 840 1837 et
874 1805 1089 1848 apostolico-

94 1865 175 1888 rum
205 1862 544 1896 monumentorum,
579 1867 658 1889 cum
690 1862 829 1889 tantum
852 1855 924 1889 sint
948 1856 1088 1898 regulae

94 1905 138 1938 de
160 1905 280 1948 figuris
306 1906 544 1949 grammaticis
565 1913 599 1940 et
620 1904 824 1945 rhetoricis,
852 1907 947 1951 quod
965 1907 992 1939 si
1009 1906 1088 1951 quis

95 1956 354 1998 considerabit,
379 1957 509 1991 rectius
533 1969 588 1990 eas
610 1957 794 2001 intelliget.
847 1957 918 1991 Sed
935 1957 1027 1991 iufra
1044 1958 1087 1991 de

96 2004 287 2050 Allegoriis
305 2008 409 2053 plura
427 2009 561 2047 dicam,
590 2009 628 2042 in
645 2009 724 2042 loco
741 2008 924 2043 similium,

309 2110 352 2150 A
375 2111 619 2166 coniugatis
646 2122 725 2151 seu
748 2122 865 2151 casu.

197 2183 393 2228 Coniugata
417 2191 451 2219 et
469 2184 580 2220 Casus
597 2192 773 2220 vocarunt
787 2185 973 2219 nominum
990 2186 1085 2219 deri-

94 2236 274 2274 vationes,
308 2242 350 2269 ut
370 2235 528 2278 iusticia,
560 2237 685 2273 iustus.
745 2236 850 2271 Nunc
875 2238 1084 2282 appellatio-

94 2299 158 2322 nes
181 2286 337 2321 concreti
362 2293 396 2320 et
421 2287 587 2321 abstracti
612 2289 768 2323 notiores
791 2295 885 2324 sunt.
955 2288 1002 2322 Et
1026 2287 1084 2322 hie

93 2340 192 2373 locus
223 2337 454 2371 necessariam
484 2339 683 2373 doctrinam
714 2340 892 2381 continet,
928 2341 1081 2373 ducendi

92 2396 299 2434 argumenta
329 2400 348 2422 a
379 2389 551 2422 concretis
573 2391 617 2423 ad
643 2391 835 2435 abstracta,
872 2398 905 2425 et
930 2398 1083 2425 econtra.

92 2440 184 2475 Nam
199 2447 349 2485 utraque
365 2439 421 2472 via
438 2439 638 2484 saepissime
651 2442 796 2476 utimur.
842 2442 942 2476 Alias
958 2455 976 2475 a
995 2455 1081 2476 cou-

93 2493 196 2527 cretis
234 2491 457 2536 procedimus
493 2491 536 2524 ad
576 2492 763 2534 abstracta,
804 2493 886 2538 quia
918 2501 1079 2528 concreta

92 2550 293 2577 monstrant
317 2542 474 2586 exempla
501 2542 695 2576 formarum
720 2544 758 2576 in
781 2545 965 2578 subiectis:
995 2546 1079 2579 alias
1104 2517 1108 2613 Ι

92 2601 233 2628 econtra
271 2594 315 2627 ab
353 2593 536 2628 abstractis
569 2594 611 2627 ad
645 2601 806 2628 concreta
842 2596 1079 2639 procedimus,

90 2643 214 2690 Sitque
231 2642 330 2679 haec.

828 85 1151 123 EROTEMATA
1179 86 1514 125 DIALECTICES.

2070 83 2144 118 670

1567 174 1728 221 Regula.

1252 247 1319 284 Cui
1337 249 1508 283 tribuitur
1527 257 1750 290 concretum,
1778 248 1815 281 in
1834 259 1874 281 eo
1893 258 1968 280 rem
1986 257 2058 278 esse
2076 257 2139 277 ne-

1151 311 1243 333 cesse
1270 306 1339 341 est,
1381 312 1469 345 quae
1493 301 1636 334 effertur
1660 313 1743 334 voce
1768 298 1953 340 abstracti,
1995 303 2034 331 ut
2059 307 2139 329 cum

1150 351 1251 385 dicis:

1304 407 1409 456 Aqua
1428 416 1478 443 est
1495 410 1605 442 calida
1617 436 1626 449 ,
1653 416 1744 442 recte
1760 410 1934 454 sequitur:

1357 459 1454 503 Ergo
1471 461 1508 493 in
1524 472 1612 505 aqua
1629 467 1677 492 est
1696 461 1802 494 calor.

1304 511 1463 554 Baptista
1481 512 1612 555 recepit
1630 511 1760 544 milites
1771 517 1949 543 manentes
1960 508 1997 541 in
2010 508 2139 548 officio,

1355 562 1468 606 Igitur
1483 561 1641 606 Baptista
1659 569 1691 595 et
1709 562 1871 595 militiam
1890 560 2072 604 approbat.

1257 622 1361 656 Valet
1375 622 1638 668 consequentia,
1659 621 1740 666 quia
1757 620 2013 665 approbatione
2024 631 2141 652 exem-

1149 674 1199 719 pli
1218 674 1256 707 in
1274 674 1452 715 subiecto,
1480 674 1699 718 approbatur
1716 684 1770 705 rcs
1789 672 1825 704 in
1842 682 1982 715 genere.

1250 734 1382 768 Valent
1404 733 1470 767 hae
1493 732 1784 778 consequentiae,
1812 733 1841 765 si
1858 731 1948 765 absit
1966 728 2141 772 ambigui-

1151 792 1219 827 tas,
1247 797 1335 831 quae
1354 797 1428 818 non
1447 792 1496 818 est
1514 784 1620 818 unius
1638 784 1747 818 modi.

1303 844 1420 878 David
1454 843 1596 886 rapiens
1629 843 1782 876 alienam
1813 841 1996 884 coniugem
2009 863 2018 878 ‚
2060 838 2142 872 facit

1357 896 1554 941 tyrannice,

1304 945 1417 989 Igitur
1432 945 1547 980 David
1567 953 1617 980 est
1635 953 1819 991 tyrannus.

1250 1013 1558 1058 Respondendum
1589 1020 1639 1046 est
1671 1011 1894 1045 brevissime:
1930 1009 2027 1053 Nego
2057 1020 2143 1042 con-

1149 1065 1390 1109 sequentiam,
1418 1073 1451 1098 et
1472 1065 1561 1098 ratio
1587 1071 1656 1102 est,
1683 1064 1764 1108 quia
1790 1064 1826 1095 iu
1852 1061 2048 1104 coniugatis
2067 1072 2142 1092 am-

1149 1116 1264 1159 biguis
1282 1128 1355 1149 non
1375 1116 1468 1149 valet
1485 1115 1748 1160 consequentia.
1811 1114 1938 1146 Facere
1957 1111 2141 1157 tyrannice

1148 1167 1321 1210 significat
1354 1167 1562 1211 actionem„
1583 1167 1642 1199 sed
1676 1173 1848 1211 tyrannus
1881 1164 2053 1208 significat
2077 1160 2140 1194 ha·-

1149 1219 1275 1253 bitum.
1336 1216 1384 1251 Et
1408 1225 1579 1263 tyrannus
1604 1223 1652 1250 est
1680 1218 1913 1260 gubernator,
1947 1214 2008 1259 qui
2032 1211 2141 1246 habet

1147 1266 1363 1315 προαίρεσιν
1388 1275 1613 1313 perpetuam,
1640 1268 1675 1300 id
1701 1275 1768 1305 est,
1798 1267 1954 1300 studium
1972 1264 2141 1298 scelerate

1147 1321 1320 1361 faciendi,
1362 1327 1395 1354 et
1431 1320 1630 1363 plerunque
1661 1319 1827 1352 scelerate
1860 1317 1961 1357 facit,
2001 1314 2139 1349 etiamsi

1147 1372 1254 1405 semel
1273 1378 1378 1416 atque
1396 1371 1524 1404 iterum
1544 1377 1636 1403 recte
1652 1370 1744 1404 facit.
1800 1369 1887 1402 Tale
1907 1375 1939 1401 et
1955 1365 2022 1400 hoc
2042 1372 2107 1398 est:

1303 1429 1445 1464 lusticia
1472 1436 1521 1463 est
1547 1441 1665 1462 severe
1690 1429 1818 1473 punire
1838 1427 1971 1461 iudices
1991 1425 2139 1470 pecunia

1355 1489 1553 1525 corruptos,

1300 1530 1396 1576 Ergo
1416 1531 1626 1578 Cambyses,
1655 1531 1716 1576 qui
1739 1531 1866 1576 pellem
1894 1528 2044 1563 detraxit
2068 1527 2139 1560 ini-

1353 1596 1423 1629 quo
1449 1584 1576 1624 iudici,
1605 1589 1638 1616 et
1662 1595 1741 1616 cum
1767 1581 1932 1616 instravit
1950 1580 2044 1622 sedi,
2071 1579 2139 1611 fuit

1352 1642 1477 1670 iustus,

1246 1701 1343 1745 Nego
1368 1702 1655 1748 consequentiam
1671 1729 1679 1742 ‚
1714 1708 1745 1735 et
1768 1701 1860 1735 ratio
1885 1707 1954 1739 est,
1991 1697 2072 1743 quia
2099 1697 2136 1729 in

1144 1752 1341 1795 coniugatis
1367 1753 1542 1796 ambiguis
1563 1765 1635 1785 non
1655 1752 1746 1786 valet
1764 1751 2029 1796 consequentia:
2058 1747 2137 1781 Au-

1144 1804 1305 1837 tecedens
1333 1805 1495 1849 loquitur
1519 1805 1561 1836 <le
1583 1803 1740 1843 actione,
1766 1802 1995 1847 Consequens
2011 1801 2053 1833 de
2073 1797 2136 1832 ha-

1143 1855 1230 1890 bitu.
1299 1854 1391 1888 Nam
1415 1856 1531 1888 bonus
1557 1866 1617 1887 scu
1641 1854 1753 1887 iustus
1780 1855 1944 1898 princeps
1968 1859 2036 1892 est,
2072 1850 2134 1895 qui

1142 1903 1249 1938 habet
1270 1906 1427 1939 studium
1455 1912 1546 1939 recte
1570 1905 1745 1946 faciendi,
1774 1913 1807 1939 et
1826 1906 2024 1950 plerunque
2040 1908 2134 1934 recte

1141 1957 1242 1995 facit,
1277 1957 1415 1990 etiamsi
1440 1957 1622 1990 interdum
1647 1956 1793 1992 labitur.
1852 1955 1929 1989 Hae
1953 1953 2134 1987 defiuitio-

1142 2019 1203 2041 nes
1220 2019 1294 2041 non
1311 2014 1393 2041 sunt
1409 2014 1539 2041 temere
1556 2007 1787 2051 excogitatae.
1818 2014 1851 2042 et
1868 2006 2051 2040 continent
2068 2005 2133 2038 do-

1141 2059 1290 2093 ctrinam
1309 2059 1446 2094 utilem.

1397 2196 1463 2236 De
1490 2199 1575 2237 toto
1601 2200 1641 2236 et
1664 2196 1869 2249 partibus.

1238 2286 1393 2322 Facilius
1409 2288 1610 2331 intelligent
1626 2288 1697 2321 vim
1711 2295 1744 2322 et
1758 2300 1859 2322 usum
1871 2287 2043 2325 locorum,
2066 2283 2130 2329 qui

1136 2341 1252 2374 sontes
1276 2352 1399 2373 eorum
1425 2346 1458 2373 et
1477 2340 1638 2373 ordinem
1660 2339 1948 2372 considerabunt.
2000 2335 2127 2370 Scien-

1136 2392 1221 2425 dum
1246 2396 1304 2431 estj
1320 2391 1444 2434 igitur,
1473 2402 1596 2424 omnes
1624 2391 1739 2430 locos,
1767 2401 1855 2435 quos
1879 2390 1948 2422 iam
1966 2387 2125 2427 recitavi,

1135 2455 1175 2476 ex
1206 2443 1415 2476 definitione
1441 2442 1548 2475 nasci.
1616 2440 1776 2486 Sequens
1801 2442 1899 2474 locus
1923 2441 1967 2473 de
1991 2445 2065 2472 toto
2093 2444 2126 2471 et

1134 2495 1294 2538 partibus
1316 2494 1473 2527 nascitur
1495 2505 1533 2525 ex
1560 2492 1746 2527 divisione.
1800 2492 1914 2536 Supra
1933 2498 2051 2525 autem
2069 2490 2124 2522 di-

1134 2552 1229 2579 ctum
1253 2552 1304 2578 est
1328 2546 1371 2577 de
1392 2541 1579 2583 methodo,
1611 2543 1767 2587 primum
1791 2544 2034 2584 definitiones,
2062 2544 2123 2576 de-

1133 2597 1216 2630 inde
1249 2595 1461 2634 divisiones,
1507 2601 1625 2638 postea
1657 2606 1795 2637 causas,
1838 2595 2000 2636 effectus,
2037 2606 2123 2628 con-

1131 2659 1219 2682 nexa
1237 2646 1437 2693 quaerenda
1453 2656 1544 2687 esse,
1572 2653 1635 2680 etc.
