2379 2948
189 65 284 102 1043

314 149 655 194 Aryumenium
691 152 744 175 ac
781 139 1042 184 dispositio

507 217 666 259 Psalmi
711 214 854 255 XVII.

243 296 390 332 Exaudi
416 296 576 328 Domine
611 292 824 329 iusticiam,
860 287 1012 323 intende
1046 286 1175 331 depre-

242 349 381 382 cationi
418 355 543 386 vmeae,
592 342 745 376 auribus
782 342 934 385 percipe
971 340 1175 373 orationem

246 408 383 439 ιησαιη,
413 407 484 430 non
504 397 544 429 in
562 393 673 428 labiis
692 392 841 427 dolosis.

295 471 454 506 Precatio
487 477 557 510 est,
583 476 623 502 ut
652 468 713 501 alii
738 467 841 500 multi
868 465 1017 505 Psalmi,
1048 464 1085 496 in
1111 474 1178 507 qua

195 524 281 568 petit
304 524 390 555 duas
414 534 486 561 res,
512 520 691 560 videlicet,
718 525 751 551 et
774 524 813 550 ut
829 523 971 559 regatur
986 528 1003 547 a
1020 514 1113 553 Deo,
1136 525 1180 546 ne

197 576 334 608 aberret
357 585 375 606 a
398 584 478 605 vera
506 570 685 610 doctrina,
713 576 747 602 et
770 575 809 601 ut
831 568 1042 600 defendatur
1060 571 1179 598 contra

197 632 368 670 tyrannos
396 630 428 656 et
458 621 587 666 impios
618 621 798 659 doctores,
831 618 891 663 qui
923 617 1039 649 delere
1063 626 1180 648 veram

199 675 398 709 doctrinam
424 680 456 706 et
480 672 667 706 stabiliunt
683 681 835 709 errores,
862 668 991 713 quibus
1008 665 1182 709 extingui-

199 733 257 760 tur
273 737 354 758 vera
374 724 439 758 Dei
457 723 599 757 noticia.

302 798 366 833 Est
395 806 511 832 autem
544 797 692 840 insignis
720 791 905 828 antithesis
937 793 973 824 in
1004 791 1186 836 postremis

202 851 378 888 versibus,
405 849 468 883 ubi
492 859 630 881 causam
653 851 825 884 recenset,
854 855 942 887 quae
966 843 1094 887 impios
1111 854 1187 874 mo-

202 909 279 941 vet,
307 913 368 934 cur
386 901 614 934 adversentur
632 896 790 935 veritati,
817 894 965 934 scilicet,
989 894 1084 938 quod
1103 904 1188 925 ven-

204 953 267 987 tris
292 951 474 984 commoda
498 954 682 994 quaerunt.
731 945 853 980 Cultus
877 944 976 988 impii
1000 956 1136 987 semper
1152 944 1189 975 in

206 1054 296 1097 parti
308 1050 509 1085 hominum:
532 1050 612 1082 ideo
624 1055 656 1082 et
670 1047 868 1093 quaestuosi
881 1047 1035 1086 fuerunt,
1053 1051 1087 1078 et
1099 1051 1191 1079 sunt.

208 1103 327 1146 Quare
342 1101 446 1135 multi
461 1112 518 1133 eos
534 1106 695 1139 tuentur,
723 1105 763 1131 ut
780 1104 961 1141 potentum
978 1095 1193 1128 benevolen-

207 1154 312 1193 tiam,
345 1159 380 1186 et
409 1163 492 1195 opes
516 1157 547 1184 et
573 1149 778 1192 dignitatem
804 1148 998 1184 retineant,
1033 1153 1072 1179 ut
1097 1157 1194 1179 nuuc

208 1202 376 1248 Episcopi
410 1209 442 1236 et
467 1200 639 1235 Canonici
667 1206 812 1243 propter
837 1209 919 1241 opes
945 1204 978 1230 et
1001 1197 1194 1240 potentiam

210 1254 405 1288 defendunt
421 1252 640 1284 manifestam
654 1250 869 1293 impietatem
882 1255 914 1281 et
927 1248 1196 1291 turpitudinem.

211 1303 366 1339 Econtra
397 1315 475 1336 vera
500 1300 656 1335 Ecclesia
689 1307 740 1334 est
769 1300 923 1333 subiecta
951 1298 1045 1331 cruci
1069 1299 1107 1331 in
1130 1296 1197 1331 hac

211 1355 294 1387 vita.
349 1353 418 1387 Sed
444 1351 636 1386 consolatio
656 1349 713 1383 hic
730 1350 873 1383 additur
890 1350 933 1382 de
949 1349 1020 1383 vita
1038 1356 1196 1382 aeterna:

213 1403 392 1438 Satiabor
409 1415 485 1436 cum
502 1405 624 1446 surget
642 1400 765 1446 imago
785 1404 867 1438 lua,
893 1399 928 1432 id
947 1406 1018 1442 est,
1047 1411 1125 1432 cum
1143 1411 1198 1431 re-

215 1456 336 1488 stitues
358 1454 530 1496 integram
556 1451 743 1494 imaginem
768 1458 863 1484 tuam
888 1449 926 1482 in
943 1450 1198 1483 resurrectione

215 1512 450 1539 mortuorum.

346 1632 685 1677 Aryumentum,
719 1638 771 1661 ac
808 1626 1066 1670 dispositio

525 1695 684 1735 Psalmi
723 1674 885 1733 Xvnl.

271 1779 437 1824 Diliyam
455 1781 491 1810 te
505 1776 666 1809 Domine
681 1771 872 1819 fortitudo
891 1784 991 1815 mea,
1020 1776 1092 1806 etc.

322 1852 391 1885 Hic
424 1851 584 1884 Psalmus
613 1849 780 1882 recitatur
810 1849 847 1880 in
879 1845 1025 1881 historia
1055 1847 1203 1881 Davidis

222 1904 327 1949 paulo
345 1909 424 1935 ante
441 1902 514 1935 eius
529 1907 675 1933 mortem
689 1924 697 1937 ‚
725 1899 787 1932 ubi
806 1899 888 1932 satis
905 1900 1049 1941 adparet
1067 1900 1110 1931 ab
1128 1899 1202 1942 ipso

223 1954 363 1989 Davide
378 1959 543 1996 tanquam
559 1951 748 1993 gratiarum
765 1950 937 1982 actionem
956 1949 1139 1989 recenseri,
1167 1950 1203 1981 in

224 2017 291 2050 qua
329 2003 482 2048 primum
519 2001 694 2044 pericula,
735 2000 923 2033 certamina
955 2007 988 2033 et
1019 2012 1204 2033 aerumnas

224 2061 362 2094 narrat,
403 2059 435 2085 et
464 2058 610 2085 testatur
643 2062 677 2083 se
706 2050 917 2082 nominatim
948 2050 1048 2083 illum
1081 2062 1204 2083 verum

224 2105 360 2144 Deum,
388 2102 448 2147 qui
473 2114 507 2134 se
531 2102 568 2134 in
595 2101 681 2134 Sina
705 2100 903 2133 illustribus
928 2107 961 2133 et
984 2101 1085 2133 certis
1109 2101 1206 2134 testi-

225 2155 353 2189 moniis
376 2153 556 2196 patefecit,
590 2152 764 2184 invocare.
824 2149 962 2182 Deinde
986 2151 1108 2184 recitat
1131 2152 1206 2194 glo-

224 2207 334 2240 riosas
364 2203 609 2241 liberationes,
645 2209 677 2235 et
707 2202 834 2234 fatetur
863 2212 919 2233 eas
942 2199 1008 2233 Dei
1041 2202 1206 2235 beneficia

226 2268 309 2289 esse.
363 2253 408 2287 Et
433 2255 524 2286 inter
549 2253 702 2296 pericula
725 2253 851 2285 diserte
874 2251 996 2284 recitat
1018 2252 1205 2286 domestica

227 2319 287 2340 seu
311 2306 491 2343 intestina,
520 2305 614 2348 quod
638 2301 754 2335 hostes
778 2300 940 2336 babuerit
963 2302 1151 2335 acerrimos
1174 2310 1207 2337 et

227 2356 469 2389 infestissimos
495 2356 586 2387 cives
611 2353 730 2398 populi
755 2353 840 2392 Dei,
869 2352 1029 2388 Saulem.
1056 2352 1207 2386 Absalo—

227 2419 325 2444 nem,
355 2413 387 2439 et
410 2417 532 2438 eorum
555 2405 767 2438 factionibus
791 2404 958 2437 addictos.
1025 2402 1207 2437 Praedicat

228 2464 340 2490 autem
373 2468 446 2488 non
475 2456 587 2488 solum
618 2453 682 2487 hos
714 2466 897 2498 oppressos
928 2465 1018 2493 esse,
1053 2455 1112 2487 sed
1138 2462 1205 2487 tam

227 2507 331 2539 fuisse
353 2507 538 2549 gloriosam
565 2506 766 2545 victoriam,
793 2513 831 2539 ut
856 2517 918 2549 pro
944 2504 1060 2548 impiis
1077 2512 1110 2538 et
1129 2517 1207 2547 per-

228 2556 359 2589 fidiosis
382 2556 535 2595 civibus,
562 2563 679 2599 postea
703 2562 821 2599 gentes
845 2556 911 2599 ipsi
935 2556 1119 2588 adiunctae
1137 2556 1206 2588 siut

227 2614 259 2641 et
278 2607 333 2650 pie
351 2606 494 2639 obedire
511 2607 700 2650 coeperint.
753 2606 933 2646 Tandem,
959 2614 997 2640 ut
1014 2607 1100 2640 solet
1117 2604 1207 2639 banc

779 54 905 90 PHIL.
932 50 1049 89 MEL.
1077 47 1283 86 SCRIPTA
1308 43 1610 82 EXEGETICA.

1202 307 1203 311 =
1229 291 1262 318 et
1286 284 1450 316 invocare
1475 281 1621 316 discant.

2115 42 2213 79 1044

1226 131 1373 176 gratiam
1389 130 1589 164 'relaturum
1607 140 1643 161 se
1659 140 1730 162 esse
1745 129 1912 168 affirmat,
1937 129 2030 172 quod
2048 126 2133 162 haec
2149 129 2212 162 be-

1227 182 1348 216 neficia
1375 181 1614 214 celebraturus
1637 179 1704 220 sit,
1730 185 1769 212 ut
1792 179 1987 222 praesentia
2007 178 2072 212 Dei
2090 179 2128 211 in
2144 179 2213 212 Ec-

1228 233 1331 267 clesia
1355 239 1389 266 et
1407 231 1517 275 gloria
1535 237 1761 273 agnoscatur,
1789 235 1822 263 et
1837 228 1941 261 multi
1958 227 2070 261 Deum
2091 229 2214 262 timere

1687 279 1777 314 Nam
1803 281 1846 312 ad
1870 277 1964 312 hunc
1988 279 2217 323 praecipuum

1230 335 1336 368 finem
1360 333 1562 366 referendae
1585 337 1668 365 sunt
1690 330 1882 374 gratiarum
1902 329 2073 367 actiones,
2100 336 2140 362 ut
2156 329 2218 361 alii

1231 384 1320 418 moti
1358 383 1489 417 nostris
1518 382 1730 416 testimoniis
1759 382 1801 414 de
1833 380 2012 413 beneficiis
2042 378 2109 412 Dei
2135 391 2219 412 con-

1233 436 1433 474 firmentur,
1462 440 1494 468 et
1515 445 1595 466 vere
1613 434 1756 466 credant
1772 433 1889 466 Deum
1909 432 2026 463 adesse
2041 430 2079 462 in
2098 427 2221 463 Eccle-

1235 486 1302 526 sia,
1342 485 1468 529 punire
1500 490 1735 517 contemtores
1763 482 1945 515 doctrinae
1975 480 2151 520 coelestis,
2187 486 2222 514 et

1235 548 1313 568 vere
1329 535 1508 575 exaudire,
1535 535 1688 578 recipere
1703 540 1736 567 et
1754 534 1874 566 iuvare
1892 544 1949 565 eos
1966 532 2026 576 qui
2046 532 2088 564 ad
2106 531 2221 575 ipsum

1235 592 1506 625 convertuntur,
1535 591 1568 617 et
1587 596 1666 617 eum
1687 585 1872 624 invocant,
1901 583 1990 615 sicut
2007 583 2049 614 de
2068 579 2135 615 hoc
2152 582 2222 614 fine

1237 648 1336 680 saepe
1379 635 1509 668 Psalmi
1551 635 1618 678 ipsi
1656 646 1720 667 nos
1761 633 2091 667 commonefaciunt,
2175 631 2224 666 Ut

1237 687 1327 721 Psal.
1346 685 1423 720 58.:
1451 683 1496 718 Et
1520 685 1613 718 dicet
1637 682 1764 725 homo,
1790 685 1912 729 utique
1936 690 1987 718 est
2010 684 2144 716 fructus
2168 682 2225 715 iu-

1239 746 1309 779 sto,
1337 738 1461 782 utique
1478 743 1528 770 est
1547 735 1640 770 Deus
1659 736 1762 769 iudex
1780 735 1815 767 in
1835 742 1937 770 terra.

1341 836 1419 871 Etsi
1442 844 1559 871 autem
1581 834 1668 870 haec
1692 842 1741 870 est
1766 835 1879 879 prima
1895 834 2067 868 sententia
2084 833 2227 873 Psalmi,

1242 901 1347 935 quam
1375 888 1557 926 recensui,
1590 894 1707 921 tamen
1732 893 1771 919 ut
1795 898 1983 919 aerumnae
2003 891 2035 917 et
2061 883 2228 918 victoriae

1216 977 1217 982 ¹
1242 940 1389 973 Davidis
1412 946 1494 972 sunt
1517 945 1620 984 typus
1645 937 1817 981 passionis
1842 944 1874 969 et
1897 935 2064 969 victoriae
2084 933 2229 974 Christi,

205 1003 340 1036 mundo
356 1002 498 1034 fuerunt
514 999 602 1042 grati
617 996 859 1036 multitudini,
886 993 953 1028 hoc
970 1001 1038 1035 est,
1065 994 1191 1027 maiori
1216 1008 1218 1018 ·

1243 992 1290 1024 ita
1307 990 1466 1023 Psalmus
1481 990 1553 1033 ipse
1569 1001 1641 1021 non
1661 989 1704 1021 de
1723 988 1796 1020 solo
1812 986 1949 1020 Davide
1965 986 2142 1031 loquitur,
2169 985 2230 1018 sed

1244 1041 1350 1074 simul
1374 1040 1545 1084 significat
1569 1046 1601 1072 et
1617 1037 1749 1072 Christi
1774 1048 1959 1070 aerumnas
1984 1043 2017 1071 et
2033 1036 2230 1070 victoriam.

1245 1090 1290 1126 Et
1314 1091 1394 1123 finis
1419 1090 1582 1134 proprius
1607 1095 1780 1122 monstrat
1794 1086 1995 1128 Christum,
2021 1092 2231 1133 quem'suae

1246 1142 1358 1186 gentis
1383 1142 1599 1181 sacerdotes,
1634 1139 1811 1184 principes
1837 1147 1870 1173 et
1892 1138 2043 1171 maxima
2067 1137 2232 1171 multitu-

1248 1195 1313 1231 do,
1340 1190 1508 1225 horribili
1531 1192 1650 1224 furore
1672 1190 1894 1234 persequitur
1909 1196 1943 1222 et
1959 1188 2108 1222 interfici
2125 1194 2232 1221 curat.

1249 1242 1295 1278 Et
1318 1255 1381 1288 pro
1403 1240 1458 1275 his
1481 1241 1677 1286 perfidiosis
1700 1240 1835 1274 civibus
1850 1238 2006 1273 Ecclesia
2030 1240 2060 1272 ei
2084 1251 2125 1272 ex
2148 1250 2233 1282 gen-

1249 1295 1344 1332 tibus
1371 1294 1515 1327 collecta
1539 1300 1572 1327 et
1595 1293 1760 1325 adiuncta
1785 1298 1850 1324 est:
1877 1297 1910 1324 et
1931 1291 2005 1334 ipse
2028 1302 2107 1323 vere
2129 1295 2234 1332 caput

1251 1352 1300 1377 est
1325 1344 1501 1387 gentium,
1533 1343 1696 1375 videlicet
1719 1341 1904 1375 universae
1928 1339 2103 1373 Ecclesiae
2127 1340 2234 1372 colle-

1251 1402 1324 1428 ctae
1350 1406 1390 1426 ex
1415 1394 1547 1426 semine
1572 1389 1737 1426 Abrahae
1759 1398 1792 1425 et
1815 1391 1995 1434 gentibus,
2030 1390 2234 1435 impertiens

1254 1445 1360 1478 vitam
1384 1451 1580 1483 aeternam,
1607 1455 1711 1488 quam
1735 1442 1915 1486 impertire
1933 1440 2049 1474 David
2074 1452 2147 1474 non
2170 1452 2237 1484 po-

1252 1502 1352 1530 terat.
1411 1492 1505 1537 Ergo
1536 1494 1639 1526 etiam
1664 1504 1742 1526 cum
1767 1504 1830 1535 pro
1853 1491 2123 1525 liberationibus
2148 1502 2238 1536 quae

1253 1545 1356 1578 nobis
1378 1545 1619 1586 contigerunt,
1647 1550 1686 1576 ut
1700 1543 1831 1576 multae
1851 1554 1868 1575 a
1888 1541 1962 1575 Deo
1980 1542 2069 1575 fiunt
2089 1541 2238 1576 Sancto-

1254 1608 1331 1629 rum
1359 1595 1586 1628 liberationes
1611 1593 1708 1627 omni
1730 1600 1905 1637 tempore,
1939 1590 2034 1625 hunc
2058 1592 2238 1625 Psalmum

1254 1645 1490 1684 recitabimus,
1508 1652 1624 1678 tamen
1634 1645 1737 1677 simul
1749 1644 1940 1687 cogitemus
1950 1643 2157 1686 significatas
2167 1654 2240 1676 esse

1255 1707 1440 1729 aerumnas
1464 1703 1497 1729 et
1519 1696 1683 1728 victorias
1704 1693 1853 1729 Christi:
1882 1695 1953 1727 imo
1977 1695 2125 1727 sciamus
2147 1691 2239 1727 banc

1256 1753 1410 1780 nostram
1434 1746 1694 1779 invocationem
1718 1753 1752 1780 et
1767 1746 1956 1788 gratiarum
1972 1745 2146 1779 actionem
2163 1742 2239 1778 Deo

1257 1798 1404 1841 placere,
1431 1797 1513 1842 quia
1530 1804 1580 1830 cst
1594 1797 1757 1830 adiuncta
1774 1796 1990 1830 invocationi
2007 1803 2041 1829 et
2051 1796 2241 1839 gratiarum

1257 1848 1387 1882 actioni
1407 1846 1558 1888 Christi,
1586 1848 1647 1892 qui
1673 1859 1735 1891 pro
1760 1847 1864 1880 nobis
1885 1858 2004 1891 passus
2019 1853 2086 1887 est,
2113 1854 2146 1881 et
2160 1858 2239 1880 sua-

1258 1911 1336 1932 rum
1366 1899 1594 1932 victoriarum
1625 1898 1794 1931 beneficia
1824 1898 1928 1931 nobis
1951 1899 2070 1931 donat.
2131 1896 2238 1939 Quod

1260 1950 1429 1983 liberatur
1460 1948 1591 1982 Paulus
1619 1949 1791 1981 dimicans
1821 1960 1899 1981 cum
1929 1947 2066 1987 bestiis,
2107 1947 2241 1980 benefi-

1259 2000 1351 2033 cium
1369 2007 1419 2033 est
1435 2000 1601 2033 victoriae
1616 1997 1767 2038 Christi,
1792 1998 1826 2031 id
1845 2005 1913 2036 est,
1938 1998 2020 2043 quia
2036 1997 2119 2031 vicit
2135 1996 2241 2031 Chri-

1259 2057 1349 2091 stus,
1376 2057 1415 2083 ut
1439 2051 1588 2083 redimat
1613 2057 1645 2083 et
1673 2049 1812 2090 colligat
1836 2055 2010 2081 aeternam
2035 2046 2240 2087 Ecclesiam,

1260 2102 1337 2133 ideo
1364 2101 1459 2133 iuvat
1475 2100 1624 2133 Paulum
1650 2107 1683 2133 et
1704 2100 1791 2132 alios
1813 2100 1880 2132 fide
1897 2100 2110 2134 invocantes.
2164 2098 2243 2144 Ipse

1261 2152 1363 2185 etiam
1384 2151 1499 2183 David
1528 2149 1612 2183 haec
1643 2151 1685 2183 de
1714 2161 1749 2182 se
1777 2150 1943 2190 recitans,
1978 2156 2096 2183 tamen
2126 2157 2242 2183 mente

1261 2202 1464 2235 intuebatur
1488 2208 1676 2234 venturum
1705 2199 1905 2241 Christum,
1940 2212 2042 2246 quem
2070 2201 2243 2244 cogitabat

1261 2251 1466 2286 habiturum
1490 2263 1674 2284 aerumnas
1697 2251 1846 2291 similes,
1882 2259 1915 2284 et
1939 2251 2107 2294 gloriosas
2131 2251 2243 2285 victo-

1261 2304 1341 2338 rias.
1395 2302 1477 2335 Ideo
1501 2302 1614 2335 statim
1633 2310 1713 2347 post
1730 2300 1836 2335 huius
1852 2301 1982 2336 Psalmi
2001 2302 2243 2335 recitationem

1262 2355 1298 2386 in
1320 2352 1466 2388 historia
1486 2352 1632 2386 Davidis
1656 2360 1853 2397 sequuntur
1871 2353 1994 2386 ultima
2013 2353 2118 2385 verba
2134 2351 2243 2385 Davi-

1261 2405 1333 2444 dis,
1361 2411 1399 2437 ut
1415 2411 1527 2438 textus
1550 2411 1666 2441 vocat,
1696 2404 1732 2436 in
1758 2404 1886 2449 quibus
1912 2403 2100 2437 clarissime
2120 2403 2243 2436 vatici-

1262 2462 1366 2489 natur
1383 2456 1425 2488 de
1443 2461 1591 2487 venturo
1611 2452 1764 2490 Christe.

2344 1139 2355 1186 ‘'—

2341 1312 2356 1385 :dm

2343 1419 2359 1525 ωᾶῧζῗ.
2349 1409 2355 1415 ι
2348 1395 2357 1403 ε
