2379 2948
206 106 298 143 1291

208 194 358 228 tificetnr
375 193 525 222 vetustas
544 183 671 230 peccati
688 183 725 216 in
744 181 866 219 nobis,
895 187 927 214 et
949 187 1078 214 crescat
1105 180 1191 213 fides

212 245 248 278 in
269 241 322 277 his
342 238 522 274 exercitiis.

312 310 407 344 Haec
432 306 591 340 doctrina
617 304 658 336 de
674 301 785 336 Crnce
809 300 911 334 valde
930 298 1123 332 necessaria
1146 303 1194 330 est

212 363 298 408 piis,
326 368 359 394 et
379 370 552 402 nusquam
572 354 744 387 illustrius
759 351 914 395 conspici
934 356 1065 394 potest,
1089 360 1191 393 quam

213 416 250 447 in
269 411 334 446 boc
360 412 433 452 ipso
453 407 610 451 exemplo
634 405 715 438 Filii
734 402 818 441 Dei,
846 401 916 435 Nec
935 402 1005 434 ulla
1026 399 1196 438 doctrina,

212 472 272 499 aut
286 463 357 497 ulla
373 456 602 501 Philosophia
617 467 774 501 unquam
792 454 877 494 fuit,
903 464 991 497 quae
1007 451 1092 484 tales
1109 461 1194 482 con-

213 515 402 550 solationes
419 510 559 549 viderit,
585 515 643 541 aut
661 507 797 540 tradere
818 504 982 548 potuerit.
1018 501 1058 534 In
1076 500 1196 533 omni-

212 568 278 601 bus
304 563 509 598 hominibus
534 559 683 592 miratur
707 556 815 596 ratio,
854 555 914 599 qui
937 554 1013 591 fiat,
1051 558 1089 584 ut
1112 549 1197 584 haec

213 616 385 652 excellens
409 619 534 646 natura
558 608 766 648 hominum,
792 618 870 639 cum
893 612 1009 638 tamen
1038 603 1081 635 sit
1099 602 1197 634 infir-

212 668 386 706 missima,
410 663 516 698 tantis
531 659 788 695 calamitatibus
804 663 947 689 onerata
967 655 1026 695 sit,
1048 664 1197 698 quarum

213 716 494 762 magnitudinem
513 725 616 746 nemo
634 711 716 744 satis
734 709 883 751 cogitare
905 712 1033 750 potest,
1061 711 1197 738 tantum

215 771 329 809 abest,
355 774 396 801 ut
413 765 562 799 dicendo
582 761 745 806 explicari
762 758 882 803 possit.
924 756 1073 795 Deinde,
1090 765 1198 811 quare

215 820 359 865 optimis
383 825 414 851 et
436 814 694 861 praestantibus
720 809 912 844 virtutibus
940 806 1108 851 praediti,
1143 817 1198 837 in-

215 872 338 905 cidunt
354 870 389 901 in
407 877 560 900 summas
577 861 788 898 aerumnas?
814 860 849 892 id
867 871 939 892 non
965 858 1077 891 solum
1102 867 1199 900 aspe—

216 934 317 957 rum,
360 919 418 952 sed
461 917 566 950 etiam
600 914 740 948 crudele
777 917 809 944 et
844 910 1014 942 iniustum
1050 908 1200 940 videtur.

216 972 338 1017 Itaque
356 970 444 1003 ratio
462 967 635 1000 existimat
651 963 777 1008 partim
794 973 874 994 casu
893 958 977 993 haec
999 959 1090 992 mala
1113 957 1201 990 acci-

215 1025 315 1062 dere,
344 1020 470 1065 partim
488 1031 528 1051 ex
546 1016 708 1049 materiae
727 1012 964 1058 qualitatibus.
999 1010 1090 1042 Illud
1111 1014 1202 1041 certe

217 1086 289 1108 non
308 1072 447 1110 statuit,
476 1069 594 1113 aliquo
615 1067 679 1100 Dei
696 1064 842 1097 consilio
865 1069 1000 1096 tantum
1026 1071 1116 1094 onus
1137 1070 1197 1091 na-

217 1132 316 1160 turae
342 1121 495 1155 hominis
522 1118 725 1162 impositum
751 1127 842 1154 esse,
869 1113 982 1146 multo
1007 1112 1126 1144 minus
1150 1116 1202 1142 ta-

217 1177 286 1210 lem
319 1172 557 1207 obedientiam
590 1167 819 1201 necessariam
855 1176 948 1204 esse,
982 1163 1052 1195 imo
1087 1160 1201 1194 fremit

218 1227 315 1260 omni
340 1225 473 1267 impetu
489 1222 655 1254 adversus
678 1216 762 1251 haec
784 1223 880 1249 tanta
904 1214 1012 1254 mala,
1040 1220 1074 1246 et
1100 1211 1203 1244 sentit

220 1289 279 1311 eos
303 1275 364 1321 qui
389 1274 625 1316 adfliguntur‚
649 1282 668 1303 a
692 1268 766 1302 Deo
791 1268 964 1306 desertos,
992 1271 1025 1298 et
1054 1262 1206 1296 abiectos

217 1340 301 1363 8558.

309 1393 405 1427 Haec
424 1390 609 1425 infirmitas
625 1395 656 1421 et
676 1385 873 1429 indignatio
891 1384 928 1416 in
945 1380 1112 1416 humanis
1131 1381 1205 1414 ani-

220 1446 288 1480 mis
305 1443 523 1488 agnoscenda
542 1447 604 1479 est,
631 1445 669 1472 ut
687 1436 839 1470 re⁴media
857 1444 1074 1479 quaeramus.
1118 1431 1206 1465 Nam

222 1497 384 1531 doctrina
407 1491 592 1535 Evangelii
616 1490 716 1522 docet
741 1487 827 1532 quid
855 1486 898 1519 sit
915 1484 1140 1517 sentiendum
1166 1484 1208 1515 de

221 1545 491 1583 afflictionibus,
516 1549 550 1575 et
574 1545 746 1573 monstrat
770 1536 1009 1570 testimonium
1036 1541 1070 1568 et
1095 1546 1208 1566 exem-

221 1599 321 1644 plum
349 1597 386 1628 in
403 1592 555 1628 Christo.
609 1590 689 1623 Non
715 1589 807 1621 enim
835 1598 915 1620 casu
941 1585 1122 1623 accidunt,
1150 1585 1207 1617 sed

222 1650 318 1684 Deus
336 1647 410 1680 vult
429 1643 614 1689 praecipue
631 1639 819 1674 Ecclesiam
840 1636 1033 1669 subiectam
1058 1646 1130 1667 esse
1147 1635 1207 1667 ad-

223 1698 449 1734 flictionibus.
503 1692 549 1728 Et
566 1698 709 1726 testatur
727 1701 790 1722 nos
809 1688 948 1730 adfligi,
975 1693 1013 1719 ut
1037 1698 1109 1718 non
1129 1697 1209 1732 per-

225 1761 365 1788 eamus,
391 1749 450 1780 sed
475 1752 513 1779 ut
539 1749 737 1777 exerceatur
762 1740 858 1778 fides,
887 1746 925 1772 ut
941 1744 1069 1770 crescat
1090 1737 1127 1768 in
1145 1748 1209 1769 no·

226 1803 291 1835 bis.
349 1800 502 1842 ldeoque
529 1794 747 1828 adflictiones
771 1796 941 1822 vocantur
963 1788 1000 1820 in
1020 1788 1127 1820 verbo
1145 1786 1208 1820 Dei

225 1850 391 1886 sacrificia
410 1856 442 1882 et
458 1844 666 1880 sanctissimi
686 1843 800 1876 cultus
817 1839 895 1875 Dei.
942 1839 1039 1873 Sicut
1058 1838 1094 1870 in
1112 1837 1208 1870 Psal-

225 1916 284 1937 mo
311 1901 458 1936 dicitur,
493 1895 710 1931 Sacrificium
728 1893 803 1927 Deo
827 1890 970 1933 spiritus
992 1888 1209 1922 contribula-

227 1961 295 1988 tus.
349 1951 393 1984 Et
410 1950 511 1982 alias:
538 1946 699 1979 Preciosa
724 1952 773 1977 est
797 1944 833 1974 in
861 1947 1048 1985 conspectu
1065 1939 1209 1972 Domini

228 2014 322 2037 mors
339 2001 547 2035 Sanctorum
569 1998 653 2030 eius.
691 1994 778 2028 Item
797 1993 900 2026 alibi:
930 1991 1114 2025 Preciosus
1131 2002 1210 2023 san-

228 2055 305 2099 guis
324 2063 445 2086 eorum
465 2060 581 2083 coram
601 2059 652 2081 eo.

330 2120 424 2154 Haec
442 2117 599 2152 doctrina
617 2116 660 2148 de
684 2111 946 2146 adflictionibus
967 2109 1084 2143 statim
1110 2107 1212 2141 initio

229 2172 352 2207 mundi
372 2170 522 2204 revelata
540 2174 590 2200 est
606 2178 685 2200 cum
702 2163 905 2206 Evangelio.
959 2160 1052 2203 Quia
1072 2159 1146 2203 pios
1161 2165 1211 2192 te-

230 2236 313 2258 nere
330 2221 420 2255 lianc
438 2218 713 2253 consolationem
731 2224 942 2257 magnopere
960 2223 1047 2254 opus
1073 2217 1142 2252 est,
1170 2221 1214 2241 ne

232 2275 430 2309 existiment
454 2283 488 2304 se
514 2270 550 2302 in
575 2268 681 2303 tantis
703 2265 880 2298 aerumnis
901 2262 1049 2305 negligi,
1076 2267 1135 2293 aut
1152 2261 1214 2292 ab—

233 2327 339 2359 iectos
365 2335 436 2356 esse
456 2333 473 2354 a
490 2320 576 2354 Deo.
630 2318 748 2361 Quare
773 2314 857 2348 haec
881 2313 1048 2347 revelatio
1074 2311 1214 2357 proprie

233 2378 275 2410 ad
296 2373 527 2416 Evangelium
545 2370 706 2415 pertinet.
760 2366 849 2399 Cum
875 2365 982 2408 igitur
1007 2362 1108 2396 initio
1134 2373 1214 2405 pro-

234 2427 386 2459 mittitur
403 2424 597 2461 redemtor,
624 2419 683 2465 qui
701 2419 826 2451 liberet
844 2427 953 2460 genus
976 2412 1170 2447 humanum
1197 2423 1213 2444 a

236 2483 392 2520 peccam,
420 2481 453 2507 et
470 2474 512 2506 ab
530 2472 695 2505 omnibus
718 2468 994 2511 calamitatibus,
1023 2475 1111 2509 quae
1137 2474 1214 2506 pec-

238 2533 352 2560 catum
378 2532 511 2557 secutae
529 2529 628 2562 sunt,
655 2521 783 2554 diserte
807 2518 966 2551 additur:
1004 2514 1213 2548 lnimicicias

237 2588 366 2622 ponam
403 2576 494 2607 inter
528 2579 724 2616 serpentem
762 2576 795 2603 et
827 2567 986 2602 mulieris
1012 2577 1148 2604 semen,
1179 2571 1213 2621 'et

238 2628 353 2672 ipsum
380 2636 496 2657 semen
521 2623 680 2656 mulieris
717 2626 870 2655 conteret
900 2624 1003 2663 caput
1034 2621 1216 2660 serpentm,

239 2685 271 2712 et
292 2687 435 2720 serpens
450 2675 651 2708 calcaneum
669 2673 743 2706 eius
761 2671 947 2704 mordebit.

800 94 922 129 PHIL.
950 92 1065 130 MEL.
1094 92 1304 129 SCRIPTA
1331 92 1631 130 EXEGETICA.

2128 96 2224 133 1292

1344 178 1441 213 Haec
1465 181 1570 213 verba
1595 181 1762 215 videntur
1784 180 1821 213 in
1844 181 1993 225 speciem
2020 183 2062 215 de
2090 195 2128 216 re
2150 195 2224 216 non

1244 243 1368 273 magna
1386 231 1606 272 concionari,
1634 232 1692 264 sed
1715 232 1743 264 si
1761 244 1842 265 vere
1858 233 2122 266 considerentur
2140 246 2225 280 pro-

1218 295 1220 308 π
1245 289 1380 326 ponunt
1414 282 1630 316 tristissimas
1658 294 1806 325 poenas,
1833 295 1921 327 quae
1947 290 2022 326 post
2046 291 2225 326 peccatum

1219 346 1221 375 2
1245 333 1427 377 impositae
1449 340 1530 367 sunt
1556 330 1712 366 hnmano
1737 334 1866 377 generi.
1919 332 2125 366 Ostendunt
2151 335 2226 367 ‹lia-

1219 381 1221 395 “
1245 384 1366 417 bolum
1390 381 1525 417 hostem
1551 395 1624 417 esse
1648 382 1794 417 humani
1817 384 1970 428 generis,
1998 384 2058 429 qui
2086 396 2227 416 omnem

1246 434 1423 468 saevitiam
1459 447 1532 467 non
1565 436 1671 468 modo
1706 435 1742 467 in
1779 435 1925 479 impios,
1972 436 2031 467 sed
2067 435 2103 468 in
2139 435 2230 468 illud

1246 497 1363 518 semen
1384 486 1573 527 exercebit,
1609 498 1627 519 a
1655 498 1724 530 qno
1759 486 1819 519 ille
1851 486 2056 520 calcabitur.
2117 484 2230 519 Addit

1247 536 1340 568 enim
1365 543 1476 569 textus
1492 534 1722 580 Evangelium
1748 538 1790 570 de
1810 537 1928 570 futuro
1947 537 2098 576 semine,
2134 537 2230 581 quod

1248 587 1412 620 liberabit
1428 593 1590 620 naturam
1608 585 1798 620 humanam
1816 600 1834 620 a
1852 595 1989 631 peccato
2011 594 2044 620 et
2059 600 2076 620 a
2097 587 2231 631 poenis-

1247 637 1316 672 Sed
1345 644 1460 670 tamen
1483 635 1548 670 hoc
1571 638 1685 681 ipsum
1712 650 1828 670 semen
1863 639 2084 671 mordebitur
2109 650 2126 670 a
2153 649 2232 670 ser-

1248 695 1360 731 pente.
1420 687 1512 731 Ergo
1537 689 1752 731 grassabitur
1776 689 1938 722 diabolus
1970 689 2006 722 in
2032 688 2232 722 universam

1248 738 1459 779 Ecclesiam,
1487 746 1520 772 et
1549 737 1712 772 Clu-istus
1742 746 1775 772 et
1798 752 1918 773 omnes
1948 740 1997 783 pii
2023 746 2126 773 erunt
2149 739 2234 773 sub-

1250 790 1329 824 iecti
1349 790 1553 833 ingentibus
1573 790 1839 824 calamitatibus.

1219 523 1223 556 l

1350 862 1427 897 Hoc
1445 864 1544 897 docet
1562 863 1665 896 initio
1683 863 1807 896 mundi
1827 863 1938 908 prima
1955 863 2095 905 concio,
2123 869 2154 896 et
2170 862 2237 895 im-

1251 915 1350 959 ponit
1373 927 1500 948 novam
1527 915 1636 957 legem
1664 921 1826 954 naturae,
1861 927 1934 948 non
1957 915 2139 947 nobiscum
2171 924 2237 946 na-

1250 974 1319 1001 tam
1332 993 1341 1006 ,
1357 966 1452 1011 quod
1473 972 1632 1009 oporteat
1650 978 1723 998 eam
1742 966 1879 1009 adfligi,
1901 973 1934 999 et
1951 967 2043 1010 quod
2062 964 2237 998 adflictio-

1250 1029 1309 1050 nes
1335 1017 1415 1049 illae
1438 1017 1474 1048 in
1502 1017 1568 1060 piis
1591 1014 1666 1049 Deo
1692 1016 1881 1059 placiturae
1906 1016 1991 1056 sint,
2026 1016 2106 1061 quia
2135 1015 2238 1048 etiam

1252 1069 1310 1101 ille
1330 1068 1497 1100 liberator
1514 1067 1651 1110 generis
1670 1065 1816 1100 hnmani
1834 1079 1998 1111 passurus
2016 1067 2070 1100 sit.
2123 1065 2157 1099 Ο
2175 1067 2238 1098 ad-

1253 1119 1449 1151 mirandam
1479 1125 1511 1151 et
1538 1129 1678 1160 gravem
1709 1119 1937 1158 concionem,
1965 1118 1991 1150 si
2019 1117 2097 1162 quis
2124 1116 2240 1150 consi-

1254 1171 1350 1202 deret
1370 1180 1553 1202 aerumnas
1573 1169 1660 1205 illas,
1688 1175 1720 1201 et
1738 1169 1951 1202 calamitates
1970 1166 2116 1202 humani
2134 1178 2240 1211 gene-

1254 1221 1323 1263 ris,
1349 1226 1420 1253 tam
1439 1219 1594 1252 breviter
1611 1217 1668 1251 hic
1688 1219 1895 1262 significatas
1912 1231 1992 1254 esse.

1357 1295 1480 1329 Postea
1509 1295 1665 1340 exempla
1696 1296 1874 1330 declarant
1906 1293 1996 1329 hanc
2021 1295 2240 1330 concionem.

1256 1347 1347 1381 Abel
1372 1345 1601 1386 interficitur,
1630 1346 1724 1378 Isaac
1748 1347 1891 1379 ducitur
1913 1348 1955 1379 ad
1983 1346 2241 1384 mactationem,

1258 1395 1454 1441 Prophetae
1470 1396 1740 1431 interficiuntur.
1793 1395 1954 1442 Denique
1974 1397 2160 1430 universus
2178 1408 2243 1440 po-

1258 1449 1360 1493 pulus
1378 1448 1442 1480 Dei
1460 1447 1663 1490 ingentibus
1680 1447 1859 1480 aerumnis
1875 1454 2062 1487 exercetur,
2090 1448 2149 1479 sed
2168 1458 2243 1480 ma—

1256 1500 1348 1532 xime
1369 1499 1506 1531 illustre
1531 1498 1728 1541 exemplum
1744 1504 1795 1530 est
1821 1498 1894 1542 ipse
1916 1496 2029 1531 Filius
2050 1497 2116 1531 Dei
2137 1494 2246 1530 Chri-

1257 1557 1341 1584 stus.
1394 1548 1515 1591 Quare
1550 1560 1652 1581 nemo
1690 1559 1725 1580 se
1754 1547 1807 1581 illi
1837 1549 1971 1592 primae
2004 1548 2072 1592 legi
2105 1548 2245 1584 eximat.

1257 1600 1416 1634 Sciamus
1433 1610 1553 1632 omnes
1580 1610 1643 1632 nos
1662 1596 1789 1632 babere
1807 1599 2088 1632 crudelissimum
2107 1596 2246 1632 hostem

1257 1650 1439 1684 diabolum
1455 1676 1464 1690 ,
1491 1650 1552 1694 qui
1570 1649 1633 1682 etsi
1658 1661 1729 1682 non
1756 1656 1869 1693 potest
1886 1648 2064 1683 Ecclesiae
2087 1650 2246 1684 membra

1258 1702 1422 1747 perdere,
1449 1708 1566 1735 tamen
1582 1700 1758 1734 mordebit
1775 1712 1896 1734 eorum
1913 1701 2104 1734 calcaneos.

1359 1776 1481 1821 Itaque
1498 1788 1569 1809 non
1588 1775 1780 1815 miremur,
1808 1788 1879 1810 non
1898 1777 2100 1820 frangamur
2116 1777 2248 1815 animo,

1259 1840 1337 1862 cum
1366 1828 1553 1860 sentiemus
1577 1838 1642 1858 nos
1667 1834 1830 1860 oneratos
1864 1839 1935 1860 esse
1957 1830 2043 1861 adeo
2070 1828 2190 1861 multis
2213 1835 2248 1862 et

1260 1879 1461 1921 ingentibus
1479 1877 1598 1909 malis:
1627 1884 1658 1910 et
1682 1877 1825 1921 quidem
1850 1891 1928 1911 cum
1948 1879 2110 1912 videmur
2137 1879 2248 1912 multa

1260 1930 1405 1971 indigna
1424 1928 1513 1973 pati,
1540 1926 1596 1961 hic
1614 1928 1815 1961 intueamur
1838 1929 1873 1962 in
1889 1929 2085 1972 exemplum
2103 1926 2248 1970 Christi,

1261 1988 1294 2014 et
1322 1981 1497 2013 discamus
1524 1986 1719 2023 utrunque,
1751 1980 1844 2023 quod
1872 1977 1954 2012 haec
1979 1980 2179 2013 obedientia
2204 1980 2249 2014 sit

1261 2031 1475 2069 necessaria,
1503 2037 1535 2063 et
1570 2031 1664 2074 quod
1688 2028 1762 2062 Deo
1788 2030 1939 2073 placeat,
1975 2038 2118 2074 propter
2141 2030 2249 2064 Chri-

1262 2090 1365 2116 stum.
1417 2080 1577 2115 Sciamus
1592 2080 1695 2112 nobis
1713 2080 1842 2113 minari
1867 2088 2085 2124 serpentem,
2112 2082 2171 2115 sed
2197 2088 2249 2115 ta-

1262 2145 1343 2166 men
1362 2144 1433 2164 non
1453 2143 1551 2175 posse
1568 2143 1646 2164 eum
1663 2132 1826 2163 mordere
1844 2132 1911 2163 nisi
1931 2132 2152 2171 calcaneum,
2174 2144 2250 2165 sae-

1263 2184 1313 2217 vit
1337 2183 1374 2215 in
1409 2182 1474 2215 hoc
1501 2182 1648 2216 mortale
1672 2193 1816 2226 corpus,
1851 2183 1909 2215 sed
1936 2180 2098 2217 Christus
2123 2183 2250 2217 liberat

1264 2246 1328 2268 nos
1345 2247 1362 2267 a
1385 2240 1524 2278 peccato
1543 2240 1576 2266 et
1594 2238 1717 2265 morte.

1356 2309 1450 2344 Haec
1470 2316 1540 2342 tota
1557 2308 1716 2341 doctrina
1737 2309 1779 2342 de
1796 2321 1897 2343 cruce
1914 2311 2036 2354 procul
2054 2317 2148 2344 extra
2167 2323 2252 2344 ton-

1265 2368 1418 2406 spectnm
1447 2360 1594 2392 rationis
1622 2360 1732 2403 posita
1757 2367 1826 2401 est,
1853 2368 1885 2394 et
1901 2373 2073 2407 nusquam
2090 2362 2252 2402 traditur,

1265 2413 1333 2446 nisi
1352 2413 1388 2444 in
1406 2411 1567 2444 doctrina
1586 2412 1627 2443 de
1644 2408 1797 2445 Christo.
1850 2411 1935 2445 Ideo
1956 2419 1988 2445 et
2014 2413 2050 2445 in
2069 2409 2134 2445 boc
2152 2411 2252 2444 Psal-

1266 2476 1341 2503 mo,
1368 2475 1445 2495 cum
1464 2462 1604 2507 quidem
1626 2459 1825 2505 triumphos
1842 2460 1975 2496 Christi
1995 2462 2178 2502 describat,
2198 2470 2252 2495 ta-

1268 2526 1346 2546 men
1367 2513 1471 2546 etiam
1489 2513 1707 2545 adflictiones
1732 2513 1891 2556 attingit,
1918 2525 1995 2546 cum
2017 2513 2082 2546 ait:
2110 2511 2161 2545 De
2178 2521 2252 2547 tor-

1268 2570 1366 2597 rente
1393 2564 1429 2597 in
1454 2563 1508 2595 via
1537 2564 1641 2598 bibet.
1701 2564 1787 2596 Item
1818 2576 1897 2597 cum
1926 2563 2007 2596 facit
2031 2565 2249 2597 mentionem

1269 2614 1468 2649 sacerdotii.
1524 2613 1611 2647 Nam
1635 2611 1798 2647 Christus
1824 2614 1904 2647 talis
1930 2620 1980 2646 est
2005 2615 2186 2655 sacerdos,
2213 2622 2254 2649 ut

1271 2666 1314 2700 sit
1347 2665 1458 2699 factus
1494 2664 1634 2698 victima
1670 2677 1733 2708 pro
1761 2671 1899 2709 peccato
1934 2670 1968 2698 et
1994 2665 2251 2706 maledictione,
