2379 2948
743 89 808 126 111.

473 170 652 207 Secunda
679 170 825 206 divisio.

153 86 228 126 565

259 247 391 287 Locus,
418 247 508 281 alius
524 253 574 281 est
597 246 787 286 naturalis,
814 245 905 279 alius
929 246 1117 279 violentus.

255 296 435 332 Naturalis
468 304 535 338 est,
569 298 612 330 ad
644 308 749 341 quem
775 307 902 341 corpus
926 307 987 330 sua
1012 303 1140 330 natura

152 350 345 382 secundum
368 348 628 388 brevissimam,
657 345 723 379 hoc
747 353 816 387 est,
840 347 1071 381 rectissimam
1094 348 1139 380 li-

151 411 253 432 neam
276 406 452 438 movetur,
477 398 505 430 si
525 404 618 431 extra
642 408 722 429 eum
748 397 864 431 locum
891 405 958 438 est,
983 410 1047 432 nec
1071 398 1139 430 im-

150 450 303 493 peditur.
355 449 537 482 Praeterea
561 448 598 480 in
614 448 691 480 loco
716 448 869 482 naturali
896 449 1044 493 quiescit
1060 461 1138 482 cor-

148 512 233 543 pus,
267 507 300 534 et
322 500 358 532 in
393 511 433 531 eo
466 505 714 538 conservatur,
757 505 796 533 ut
829 499 928 532 locus
965 500 1138 533 naturalis

147 551 255 594 ignis,
297 556 346 583 est
378 548 577 592 superficies
608 560 759 582 concava
801 547 970 594 sphaerae
1002 550 1135 584 Lunae.

147 602 204 635 Ad
223 599 312 634 hanc
327 599 421 632 enim
437 599 646 632 naturaliter
661 600 787 635 tendit.

247 658 435 692 Violentus
454 659 553 692 locus
570 666 711 692 econtra
728 665 798 699 est,
825 660 868 691 ad
886 671 989 704 quem
1009 671 1136 703 corpus

146 723 220 744 non
237 716 399 743 movetur
424 720 484 742 sua
511 715 653 748 natura,
681 721 745 742 nec
770 709 936 754 quiescit,
962 722 1026 743 nec
1050 722 1136 743 con-

145 767 304 795 servatur
319 760 356 792 in
380 772 443 800 eo,
483 767 522 793 ut
546 772 625 793 cum
657 760 746 803 lapis
772 771 911 793 sursum
937 761 1135 803 proiicitur.

145 811 263 856 Atque
292 808 350 844 hic
372 811 469 843 vides
496 810 614 843 locum
636 811 808 853 intelligi,
837 822 910 843 non
935 811 1049 844 solum
1075 824 1134 845 su-

142 862 339 906 perficiem,
366 862 426 894 sed
451 861 506 894 vel
531 861 748 894 differentias
772 861 876 901 situs,
902 862 957 894 vel
981 862 1132 906 qualita-

141 920 214 953 tes,
241 919 282 946 ut
297 910 356 945 hic
379 911 600 945 differentiae
626 912 713 945 situs
735 911 991 955 significantur:
1017 912 1131 946 Locus

140 963 314 998 naturalis
329 963 421 1006 ignis
441 969 491 996 est
519 974 669 998 sursum.
723 962 839 996 Locus
864 963 1036 997 naturalis
1058 970 1130 998 ter-

140 1026 199 1048 rae
214 1015 390 1048 deorsum.

242 1074 311 1108 Hic
326 1075 424 1108 locus
440 1074 612 1108 naturalis
628 1080 772 1118 propter
783 1074 969 1120 qualitates
982 1074 1127 1108 dicitur:

139 1124 244 1170 Aqua
262 1133 312 1159 est
328 1126 498 1159 naturalis
512 1126 610 1158 locus
633 1125 794 1169 piscium.
846 1124 898 1158 lta
918 1137 1013 1159 nunc
1031 1126 1129 1159 locus

138 1176 311 1209 naturalis
328 1182 441 1209 terrae
464 1182 609 1219 propter
626 1175 812 1219 qualitates
839 1182 910 1216 est,
937 1183 974 1210 ut
999 1177 1126 1220 partim

138 1227 363 1259 contineatur
378 1226 416 1259 in
433 1238 534 1270 aqua,
561 1225 688 1270 partim
707 1226 857 1260 emineat
874 1233 970 1260 extra
987 1239 1126 1271 aquam.

137 1275 237 1310 Talis
262 1277 396 1320 positus
427 1277 533 1310 saluti
555 1276 791 1309 animantium
821 1278 1037 1310 necessarius
1065 1284 1126 1318 est,

135 1334 170 1360 et
190 1333 416 1360 conservatur
429 1326 567 1359 influxu
589 1326 794 1359 coelestium
821 1339 1021 1371 corporum.
1078 1325 1126 1362 Et

133 1384 251 1410 tamen
274 1384 367 1410 terra
390 1384 550 1410 centrum
573 1382 623 1409 est
649 1376 793 1416 mundi,
818 1384 851 1410 et
869 1384 961 1412 terra
983 1385 1017 1412 et
1033 1390 1122 1424 aqua

135 1428 241 1462 simul
257 1428 439 1472 copulatae
459 1424 607 1471 sphaera
625 1433 707 1461 sunt
727 1427 845 1462 unica.

183 1540 276 1579 Quot
303 1537 424 1573 modis
449 1537 596 1584 aliquid
620 1537 765 1573 dicitur
791 1550 872 1573 esse
899 1541 938 1573 in
963 1537 1064 1573 loco?

233 1613 378 1648 Veteres
402 1612 545 1660 Physici
570 1620 707 1648 tantum
733 1612 825 1647 hanc
854 1615 1119 1648 distinctionem

130 1666 287 1700 tradunt.
340 1666 479 1709 Corpus
496 1672 546 1699 est
561 1677 625 1709 per
643 1676 678 1698 se
694 1665 731 1697 in
749 1666 839 1703 loco,
868 1666 949 1710 quia
968 1678 1031 1709 per
1047 1678 1120 1699 sese

131 1716 415 1759 magnitudinem
432 1713 555 1756 habet,
581 1727 686 1760 quam
703 1722 830 1749 vocant
849 1716 1119 1757 dimensionem,

129 1766 185 1800 cui
201 1766 294 1800 cedit
309 1766 405 1799 aliud
423 1777 549 1809 corpus
563 1766 769 1806 continens,
797 1766 879 1810 quia
897 1767 1118 1800 diversorum

127 1829 315 1861 corporum
340 1817 602 1858 magnitudines
626 1828 685 1850 seu
711 1816 967 1857 dimensiones,
993 1825 1031 1851 ut
1055 1830 1118 1850 vo-

127 1875 226 1908 cant,
259 1879 331 1900 non
362 1873 510 1911 possunt
541 1867 647 1899 simul
673 1878 766 1906 esse,
800 1867 860 1900 sed
885 1868 1006 1901 cedere
1031 1868 1118 1901 alias

125 1918 203 1951 aliis
234 1929 373 1951 necesse
404 1925 471 1958 est,
511 1924 550 1951 ut
572 1928 662 1962 aqua
689 1918 782 1950 cedit
808 1918 890 1951 vasi.
943 1917 1015 1952 Nec
1049 1919 1116 1951 alia

124 1969 324 2014 quaerenda
353 1975 402 2003 est
427 1980 548 2007 causa,
584 1968 652 2003 nisi
687 1968 768 2013 quia
797 1975 922 2002 natura
948 1969 997 2002 sic
1019 1969 1116 2003 ordi-

124 2027 205 2054 nata
232 2026 293 2054 est.

225 2076 363 2111 Deinde
394 2077 588 2112 accidentia
622 2077 660 2109 in
695 2077 818 2110 eodem
846 2077 923 2111 loco
952 2089 1024 2111 esse
1052 2090 1114 2122 per

124 2127 285 2162 accidens
311 2128 496 2169 dicuntur,
518 2135 558 2162 ut
578 2128 735 2162 colossus
759 2140 822 2172 per
846 2140 880 2161 se
898 2129 934 2161 in
951 2129 1029 2162 loco
1050 2136 1110 2168 est,

122 2190 297 2223 occupans
313 2185 449 2213 tantum
467 2180 504 2212 in
522 2180 601 2213 ae're
620 2179 788 2223 spacium,
817 2186 949 2225 quanta
966 2186 1016 2214 est
1033 2192 1110 2214 mo-

120 2230 180 2265 les.
234 2228 304 2263 Sed
328 2230 425 2263 color
447 2230 573 2264 colossi
589 2241 729 2274 sparsus
752 2230 789 2262 in
815 2236 886 2263 tota
906 2231 1016 2272 mole,
1048 2243 1110 2276 per

120 2280 282 2314 accidens
299 2280 337 2312 in
353 2281 476 2313 eodem
495 2281 572 2314 loco
591 2288 660 2321 est,
687 2281 770 2326 quia
787 2281 949 2315 accidens
965 2288 1015 2315 est
1033 2282 1109 2316 eius

121 2331 289 2376 corporis.

219 2389 316 2423 Haec
332 2388 460 2422 divisio
476 2390 600 2423 usitata
620 2397 669 2424 est
687 2388 866 2436 Physicis,
894 2398 927 2425 et
947 2403 1107 2425 necessa—

117 2441 189 2479 ria,
226 2452 294 2486 qua
335 2440 477 2485 quidem
514 2447 667 2474 vetustas
696 2448 859 2476 contenta
890 2443 978 2485 fuit,
1021 2444 1104 2488 quia

115 2497 253 2526 tantum
284 2492 328 2524 de
361 2502 567 2535 corporum,
612 2503 686 2524 non
721 2493 765 2526 de
797 2493 987 2537 spirituum
1025 2494 1103 2527 loco

117 2542 302 2588 quaesivit.

215 2599 342 2634 Postea
358 2600 396 2633 in
412 2597 568 2634 Ecclesia
586 2611 725 2633 necesse
740 2601 823 2641 fuit,
851 2603 972 2647 quaeri
995 2603 1106 2637 etiam-

113 2653 159 2685 de
179 2651 369 2697 spirituum
393 2652 485 2686 loco.

861 88 1017 124 INlTIA
1044 86 1342 124 DOCTRINAE
1369 90 1625 129 PHYSICAE.

551 2649 635 2684 Ideo
667 2657 699 2684 et
724 2651 914 2686 discrimen
947 2653 1123 2688 diversis⁴

2117 95 2189 130 366

1199 171 1379 204 vocabulis
1397 172 1591 208 indicatum
1611 181 1678 217 est,
1706 187 1794 221 quae
1818 184 1899 211 sunt
1923 177 2039 221 ignota
2057 181 2182 214 veteri-

1195 221 1261 254 bus
1279 218 1459 266 Physicis,
1488 226 1546 257 sed
1566 233 1682 260 tamen
1704 225 1809 261 huius
1832 228 2070 263 distinctionis
2095 244 2181 264 con-

1194 271 1361 305 sideratio
1380 285 1452 306 non
1473 274 1608 309 inutilis
1623 284 1684 311 est.
1739 278 1832 313 Sunt
1856 279 1963 323 igitur
1986 282 2082 314 modi
2108 283 2177 315 duo

1193 333 1383 366 praecipui.

1292 380 1491 426 Corporum
1516 385 1640 417 modus
1666 394 1733 426 est,
1768 389 1804 421 in
1831 390 1907 423 loco
1931 402 2002 424 esse
2028 391 2177 425 circum-

1191 431 1374 476 scriptive,
1408 445 1468 466 seu
1506 439 1841 479 commensurative,
1878 453 1938 474 seu
1969 442 2176 483 dimensive,

1190 493 1250 516 seu
1266 483 1432 517 localiter.
1461 483 1549 517 Nam
1562 483 1617 517 his
1637 489 1816 521 vocabulis
1833 492 1998 526 omnibus
2017 494 2071 526 usi
2092 501 2173 527 sunt

1190 533 1389 577 scriptores.
1452 533 1516 568 Est
1532 543 1646 569 autem
1660 564 1668 577 ,
1695 545 1735 571 ut
1753 546 1854 573 antea
1870 541 1941 573 dixi
1957 544 1998 575 de
2015 556 2173 587 corpore,

1190 583 1236 617 ita
1260 585 1436 618 contineri
1461 586 1498 618 in
1521 586 1610 628 alio,
1643 594 1683 621 ut
1709 590 1833 623 cedant
1855 592 2091 633 magnitudini
2113 607 2173 629 seu

1189 635 1346 678 partibus
1365 636 1488 677 locati,
1515 644 1629 681 partes
1649 640 1874 674 continentis.
1928 641 1973 675 Et
1992 644 2078 677 sicut
2094 658 2171 678 cor-

1188 697 1252 728 pus
1270 693 1319 719 est
1338 699 1469 728 unum,
1497 688 1543 721 ita
1561 695 1696 722 tantum
1717 691 1754 723 in
1772 692 1877 725 unico
1898 693 1973 725 loco
1998 701 2063 733 est,
2090 697 2171 739 quia

1188 736 1425 770 dimensiones
1448 750 1526 771 suas
1548 740 1584 771 in
1611 740 1678 773 alia
1702 742 1817 784 spacia
1840 744 2076 777 transmittere
2100 758 2170 778 non

1188 793 1311 829 potest.
1374 787 1445 821 Nec
1478 790 1648 823 confundi
1673 800 1821 835 possunt
1850 794 2088 828 dimensiones
2111 807 2169 828 seu

1185 838 1465 880 magnitudines,
1507 848 1545 874 ut
1575 841 1681 874 simul
1713 843 1781 875 sint
1816 844 1883 885 ita,
1918 857 1962 877 ne
1985 846 2169 879 continens

1184 894 1351 921 contento
1374 891 1482 924 cedat.
1538 890 1595 924 Sic
1613 889 1754 938 Physici
1782 894 1996 939 loquuntur,
2025 898 2085 941 qui
2111 910 2169 931 or—

1183 938 1303 971 dinem
1321 946 1466 973 naturae
1483 941 1684 983 intuentur,
1711 951 1743 976 et
1760 945 1802 977 de
1820 953 1943 979 natura
1962 947 2169 992 loquuntur,

1182 995 1222 1022 ut
1240 1001 1315 1023 eam
1331 991 1531 1025 ordinatam
1551 1004 1623 1026 esse
1640 995 1864 1030 manifestum
1881 1004 1940 1030 est.

1282 1055 1386 1091 Alius
1408 1061 1532 1093 modus
1559 1067 1608 1094 est
1633 1062 1842 1106 spirituum,
1871 1077 2022 1109 quorum
2044 1074 2167 1110 poten-

1184 1107 1231 1140 tia
1248 1108 1345 1142 finita
1364 1116 1433 1147 est,
1456 1111 1516 1154 qui
1534 1111 1702 1146 dicuntur
1720 1126 1792 1147 esse
1819 1115 1854 1147 in
1879 1116 1954 1149 loco
1978 1117 2167 1157 definitive,

1181 1169 1240 1191 seu
1260 1160 1512 1201 determinate,
1539 1162 1619 1206 quia
1640 1164 1733 1196 enim
1752 1172 1833 1198 sunt
1853 1167 2068 1200 substantiae
2086 1169 2165 1202 fini-

1179 1215 1252 1248 tae,
1281 1221 1419 1243 necesse
1437 1218 1487 1244 est
1505 1223 1561 1245 eas
1579 1213 1711 1247 alicubi
1728 1227 1818 1256 esse,
1848 1223 1880 1249 et
1904 1229 1982 1250 cum
2008 1230 2080 1251 non
2096 1220 2165 1252 sint

1179 1270 1326 1303 corpora
1346 1267 1485 1294 extensa
1502 1262 1805 1306 dimensionibus,
1833 1279 1893 1299 seu
1920 1268 2012 1301 mole
2036 1269 2164 1315 aliqua,

1177 1321 1250 1342 non
1267 1310 1521 1345 circundantur
1545 1313 1827 1349 dimensionibus
1848 1325 1886 1351 ut
1909 1331 2066 1362 corpora.
2118 1320 2164 1354 Et

1177 1367 1316 1401 tamen,
1342 1362 1425 1406 quia
1447 1362 1484 1394 in
1508 1363 1584 1396 loco
1607 1373 1702 1398 certo
1726 1374 1827 1406 sunt,
1854 1368 2004 1402 dicimus
2027 1381 2084 1402 eos
2102 1372 2163 1403 de-

1175 1410 1310 1444 finitive
1328 1412 1366 1444 in
1382 1412 1459 1445 loco
1479 1425 1570 1453 esse,
1598 1415 1679 1459 quia
1697 1416 1744 1449 ita
1764 1424 1846 1451 sunt
1862 1418 1898 1450 in
1916 1431 1988 1452 uno
2008 1420 2097 1461 loco,
2125 1429 2163 1455 nt

1174 1461 1280 1494 simul
1307 1474 1380 1495 non
1407 1463 1478 1498 sint
1508 1464 1612 1505 alibi,
1651 1478 1730 1499 cum
1754 1469 1825 1502 sint
1850 1480 1904 1502 res
1926 1470 2055 1506 finitae.
2116 1470 2161 1506 Et

1174 1523 1377 1557 quanquam
1411 1521 1504 1547 certo
1530 1516 1645 1558 spacio
1669 1525 1796 1559 agunt,
1841 1527 1955 1553 tamen
1980 1533 2052 1555 non
2080 1530 2160 1556 sunt

1172 1564 1303 1596 extensi
1338 1564 1482 1608 spiritus
1522 1566 1616 1599 iuxta
1651 1568 1719 1600 loci
1750 1569 2000 1606 dimensiones.
2069 1572 2159 1606 Nam

1170 1625 1225 1646 res
1246 1626 1317 1647 una
1334 1615 1432 1648 finita
1450 1617 1561 1659 posita
1579 1617 1616 1650 in
1633 1619 1781 1652 diversis
1799 1621 1883 1653 locis
1902 1623 2023 1656 multis
2041 1624 2160 1662 simul,

1170 1676 1244 1697 non
1261 1673 1348 1699 esset
1371 1678 1460 1705 una,
1487 1668 1547 1700 sed
1571 1669 1720 1709 multae,
1748 1672 1939 1715 quodcum
1965 1674 2008 1706 sit
2034 1675 2158 1708 absur-

1169 1715 1274 1754 dum,
1311 1717 1375 1750 uni
1407 1717 1548 1761 spiritui
1578 1720 1704 1754 unicus
1733 1721 1829 1754 locus
1864 1724 2086 1766 attribuitur,
2121 1733 2158 1759 nt

1169 1765 1302 1800 dictum
1327 1774 1386 1801 est.

1270 1816 1319 1850 Hi
1337 1819 1407 1851 duo
1425 1820 1521 1853 modi
1544 1822 1856 1856 accommodantur
1875 1825 1980 1858 rebus
1996 1825 2113 1860 finitis.

1270 1876 1366 1909 Deus
1381 1885 1495 1912 autem
1516 1880 1684 1923 repletive
1701 1881 1832 1915 dicitur
1856 1883 1987 1928 ubique
2004 1896 2095 1923 esse,
2123 1892 2155 1919 et

1167 1926 1248 1970 quia
1267 1929 1422 1970 potentia
1440 1929 1574 1975 ubique
1598 1931 1716 1964 efficax
1741 1939 1809 1972 est,
1835 1940 1867 1966 et
1886 1934 1966 1979 quia
1990 1936 2154 1969 substan-

1166 1977 1213 2010 tia
1240 1978 1408 2011 omnibus
1434 1980 1519 2012 locis
1540 1982 1647 2015 adest.
1710 1982 1762 2015 Ac
1786 1984 1829 2016 (le
1854 1985 2028 2027 potentiae
2051 1999 2153 2030 prae-

1165 2028 1276 2061 sentia
1301 2030 1564 2065 convincuntur
1590 2029 1764 2066 humanae
1793 2041 1928 2068 mentes
1961 2037 2152 2080 perspicuis

1163 2078 1388 2120 testimoniis,
1428 2093 1517 2126 quae
1546 2083 1738 2117 ostendunt
1770 2082 1884 2118 Deum
1919 2086 1956 2118 in
1986 2089 2152 2121 omnibus

1163 2135 1310 2163 naturae
1343 2131 1505 2174 partibus
1533 2133 1570 2165 in
1603 2134 1720 2172 coelo,
1764 2135 1964 2177 elementis,
2002 2144 2035 2170 et
2067 2150 2150 2182 pro-

1160 2180 1336 2214 creatione
1351 2182 1552 2225 plantarum
1572 2190 1604 2217 et
1624 2184 1858 2219 animantium
1876 2187 2048 2220 efficacem
2064 2200 2146 2223 esse.

1260 2248 1309 2282 At
1317 2246 1494 2283 Ecclesiae
1510 2251 1670 2284 doctrina
1686 2251 1967 2286 adfirmatDeum
1984 2256 2146 2289 substan—

1157 2299 1205 2332 tia
1223 2299 1358 2344 ubique
1380 2301 1518 2338 adesse,
1545 2308 1584 2335 ut
1608 2302 1838 2335 concionatur
1852 2301 1973 2337 Esaias
1999 2318 2073 2350 cap.
2091 2308 2149 2341 ul-

1158 2354 1262 2383 timo:
1289 2349 1436 2385 Coelum
1462 2353 1561 2385 sedes
1583 2364 1678 2392 mea,
1704 2360 1794 2385 terra
1819 2360 1935 2387 autem
1951 2357 2144 2391 scabellum

1156 2401 1285 2444 pedum
1303 2413 1472 2437 meorum.
1525 2400 1571 2435 Et
1597 2402 1723 2434 similia
1749 2402 1839 2436 dicta
1865 2405 1972 2438 multa
1999 2415 2080 2441 sunt
2106 2409 2141 2441 in

1155 2452 1295 2485 coelesti
1328 2453 1508 2491 doctrina,
1543 2464 1639 2496 quae>
1661 2453 1849 2487 adfirmant
1871 2452 1983 2489 Deum
2010 2458 2141 2504 ubique

1153 2503 1282 2537 adesse.
1327 2501 1396 2536 Sed
1413 2503 1449 2534 in
1469 2500 1567 2535 Actis
1585 2503 1695 2546 capite
1715 2502 1772 2538 17.
1789 2504 1967 2540 luculenta
1988 2515 2042 2542 est-
2056 2522 2139 2543 con—

1152 2552 1205 2585 cio
1228 2552 1351 2593 Pauli,
1380 2564 1468 2597 quae
1490 2553 1550 2592 ait,
1573 2559 1642 2585 tam
1663 2565 1771 2598 prope
1793 2556 1912 2589 adesse
1928 2555 2042 2592 Deum
2065 2560 2137 2593 sin-

1150 2604 1259 2646 gulis,
1288 2603 1387 2648 quasi
1404 2609 1444 2635 ut
1458 2613 1565 2636 manu
1582 2604 1717 2648 palpari
1736 2605 1856 2649 possit.
1909 2605 1957 2642 Et
1981 2610 2078 2644 addit
2095 2612 2137 2644 de

1150 2653 1318 2687 efficacia:
1355 2651 1397 2685 In
1430 2652 1505 2697 ipso
1531 2653 1703 2693 vivimus,
1730 2668 1916 2692 movemur.
1943 2666 1980 2693 et.
2005 2672 2138 2696 sumus,
