2379 2948
238 114 286 147 63

241 196 351 235 natis,
385 205 449 228 nec
477 198 551 227 toto
575 203 637 224 suo
662 198 807 231 corpore
836 188 954 224 coelat,
991 184 1052 218 sed
1082 189 1224 217 maneat.

242 252 376 280 meatus
409 243 501 278 a'e'ris
538 242 575 274 in
605 238 808 284 spiratione.
870 232 1103 280 Oesophagus
1141 245 1225 267 vero

244 307 446 342 quanquam
467 302 592 326 nervea
615 288 818 322 membrana
841 293 911 326 est,
939 292 1057 320 tamen
1074 291 1124 319 est
1141 284 1227 318 sub-

245 346 373 381 stantia
396 344 538 377 mollior
562 350 667 384 quam
693 334 850 378 trachea,
876 344 909 371 et
930 335 1135 379 astringitur
1157 334 1228 368 suis

245 397 357 432 villis,
386 406 464 428 cum
482 398 533 425 est
548 388 676 423 inanis.

348 457 587 502 Longitudine
604 455 782 489 differunt.
831 451 991 487 Trachea
1007 452 1101 486 enim
1117 450 1229 485 multo

248 512 389 547 brevior
419 515 491 549 est,
536 518 641 552 quam
673 502 910 548 oesophagus,
958 503 1019 548 qui
1056 503 1121 536 sub
1154 501 1231 534 dia-

248 562 451 607 phragmate
481 557 622 600 attingit
653 554 898 589 ventriculum.
958 550 1117 587 Trachea
1148 562 1231 584 vero

248 613 313 646 sub
333 609 482 644 surculis
499 607 667 641 inseritur
680 604 854 650 pulmoni.

348 666 427 702 Etsi
453 673 569 700 autem
601 664 747 709 puerilis
776 670 826 697 est
849 661 1041 706 disputatio
1065 661 1108 694 de
1139 659 1233 693 dicto

250 719 428 757 Platonis,
464 716 525 761 qui
549 715 614 756 ait,
644 711 820 748 tracheam
845 713 998 747 canalem
1024 722 1096 744 esse
1120 716 1234 755 potus,

252 777 369 803 tamen
388 780 431 801 ue
447 767 491 800 sit
508 766 629 809 ignota
647 764 864 802 iunioribus,
891 761 948 796 hic
971 761 1126 795 breviter
1143 761 1235 793 inse-

253 821 362 853 renda
380 826 449 858 est,
476 816 681 860 praesertim
700 827 777 848 cum
793 826 811 846 a
826 810 1035 853 Plutarcho,
1065 810 1184 844 Gellio
1204 816 1236 844 et

253 869 438 904 Macrobio
464 867 590 910 agitata
614 866 670 899 sit.
728 863 958 897 Manifestum
983 869 1033 896 est
1058 859 1235 896 tracheam

253 928 390 954 tantum
413 929 485 951 esse
509 916 598 950 aeris
622 921 787 949 meatum.
848 912 894 948 Ut
917 920 1033 947 autem
1059 912 1157 946 cibus
1175 923 1236 955 per

255 967 492 1012 oesophagum
515 967 551 999 in
578 965 813 999 ventriculum
837 962 998 1001 vehitur,
1024 963 1088 996 ubi
1108 962 1238 996 coctio-

256 1022 312 1053 nis
337 1019 439 1052 initia
455 1024 558 1057 sunt,
585 1017 692 1061 fitque
708 1021 828 1059 postea
846 1015 913 1048 alia
932 1013 1042 1048 coctio
1065 1013 1102 1045 in
1128 1018 1240 1056 epate,

256 1072 303 1105 ita
322 1077 355 1102 et
371 1075 474 1112 potus
493 1069 613 1100 eadem
631 1067 685 1098 via
704 1066 741 1097 in
760 1065 994 1098 ventriculum
1019 1070 1051 1096 et
1075 1074 1157 1106 epar
1179 1063 1240 1094 de-

258 1121 354 1159 fluit,
382 1126 413 1151 et
437 1124 476 1151 ut
499 1128 577 1161 pars
601 1114 809 1148 nutrimenti
831 1115 1013 1159 coquitur,
1042 1125 1081 1146 ac
1102 1113 1140 1145 in
1161 1123 1241 1145 san-

259 1170 400 1213 guinem
425 1167 585 1201 vertitur.
638 1165 887 1209 Relinquenda
915 1171 965 1197 est
991 1163 1099 1206 igitur
1123 1163 1242 1207 inepta

261 1220 404 1264 opinio,
452 1228 541 1262 quae
580 1216 697 1254 finxit,
745 1212 922 1249 tracheam
969 1225 1041 1248 esse
1084 1214 1241 1247 canalem

260 1277 375 1314 potus.

365 1326 471 1369 Quod
486 1337 568 1358 vero
587 1327 767 1368 poetarum
784 1323 875 1356 dicta
893 1322 1046 1357 citantur
1060 1323 1104 1356 de
1126 1322 1245 1365 rigan-

263 1380 308 1411 do
326 1377 515 1421 pulmone,
541 1374 693 1407 sacilima
717 1380 769 1406 est
792 1373 987 1414 explicatio.
1040 1372 1141 1406 Certe
1158 1383 1246 1414 opus

266 1435 313 1460 est
338 1425 497 1470 pulmoni
523 1431 555 1456 et
579 1423 796 1456 nutrimento
827 1429 859 1455 et
881 1422 1065 1464 rigatione.
1120 1420 1189 1454 Sed
1210 1427 1247 1453 ut

267 1489 370 1520 supra
400 1476 546 1514 dicitur,
578 1473 802 1506 manifestum
837 1479 887 1505 est
918 1472 1046 1505 nutriri
1076 1477 1109 1504 et
1141 1471 1247 1513 rigari

266 1528 470 1572 pulmonem
491 1536 552 1569 per
568 1535 692 1556 venam
720 1522 937 1564 arterialem,
968 1534 1058 1566 quae
1082 1521 1246 1555 subtilem

268 1577 473 1620 sanguinem
501 1572 596 1607 vehit
624 1574 661 1606 in
685 1574 901 1617 pulmonem.
959 1572 1109 1616 Sanguis
1132 1579 1247 1605 autem

269 1641 310 1662 ex
333 1628 411 1660 cibo
431 1633 463 1659 et
480 1632 565 1669 potu
582 1631 681 1657 antea
701 1624 738 1656 in
763 1630 859 1666 epate
877 1629 979 1655 natus
998 1630 1059 1657 est.
1112 1622 1248 1655 Harum

268 1679 446 1712 actionum
471 1675 630 1708 ordinem
656 1686 728 1707 esse
752 1685 825 1706 non
848 1681 975 1716 negant
1001 1676 1141 1716 po‘c'tae,
1170 1683 1248 1705 cum

269 1729 409 1766 dicunt,
438 1726 520 1758 vino
539 1725 644 1767 rigari
663 1725 878 1768 pulmonem.
932 1722 1049 1756 Verba
1076 1721 1174 1755 Alcei
1195 1733 1249 1754 re-

269 1779 423 1812 citantur
449 1788 466 1808 a
491 1772 701 1813 Plutarcho,
730 1786 818 1818 quae
839 1774 1007 1806 mendose
1025 1773 1151 1816 scripta
1171 1778 1252 1805 sunt

272 1829 308 1861 in
339 1826 520 1860 codicibus
543 1824 735 1863 Gellianis,
770 1830 803 1856 et
834 1823 962 1856 rectius
990 1824 1039 1856 sic
1071 1823 1251 1865 leguntur:

275 1876 388 1924 Τἕγγε
418 1872 627 1919 πνεύμονας
658 1874 765 1919 οἴνῳ,
806 1871 848 1907 τὸ
879 1872 953 1920 γὰρ
981 1872 1120 1918 ἄστρον
1154 1885 1252 1917 περι-

274 1927 448 1965 τέλλεται,
478 1925 686 1958 Humectato
710 1924 913 1967 pulmonem
940 1924 1044 1964 vino,
1074 1924 1136 1957 Sol
1160 1925 1253 1956 enim

275 1976 582 2014 circumvolvitur,
622 1975 657 2006 id
688 1981 757 2014 est,
792 1985 865 2007 non
892 1974 962 2008 iam
987 1974 1161 2016 ascendit,
1195 1975 1254 2007 sed

275 2028 427 2061 flectitur
448 2027 489 2059 ad
506 2036 679 2058 occasum.

377 2084 464 2119 Cum
489 2083 595 2127 igitur
617 2095 676 2116 cor
693 2093 874 2115 accensum
899 2083 962 2123 sit,
989 2090 1022 2116 et
1040 2083 1161 2127 pulmo
1180 2094 1256 2116 are-

275 2138 386 2170 factus
403 2135 532 2168 diurno
547 2140 642 2167 aestu
663 2140 695 2166 et
712 2133 848 2171 labore,
873 2139 948 2166 tum
973 2145 991 2166 a
1014 2133 1161 2166 meridie
1180 2146 1257 2166 cor-

277 2187 424 2232 poribus
441 2185 539 2229 quies
554 2185 776 2223 concedatur,
804 2191 835 2217 et
852 2184 929 2217 cibo
945 2195 982 2217 ac
998 2190 1083 2227 potu
1099 2184 1258 2217 refician—

278 2245 337 2271 tur
354 2237 444 2269 vires
469 2242 502 2268 et
524 2235 684 2278 spiritus,
712 2241 745 2266 et
766 2233 937 2275 rigatione
964 2232 1209 2268 humectentur
1226 2241 1260 2268 et

280 2288 531 2330 refrigerentur
566 2297 626 2318 cor
659 2291 691 2317 et
732 2285 865 2328 pulmo.
923 2284 1054 2318 Notum
1087 2291 1137 2318 est
1165 2285 1258 2318 enim

281 2339 374 2383 quod
393 2336 499 2370 suerit
515 2347 644 2369 coenae
661 2341 797 2378 tempus
814 2334 999 2368 veteribus.

385 2394 442 2428 Sic
465 2401 499 2427 et
523 2393 707 2438 Euripidis
729 2404 848 2426 versus
876 2394 1093 2436 intelligatur
1108 2394 1150 2426 de
1168 2394 1260 2437 riga-

286 2446 399 2483 tione,
427 2456 515 2488 quae
528 2445 565 2477 fit
583 2445 708 2477 ordine
727 2456 789 2487 per
805 2450 958 2477 coeteros
971 2451 1114 2477 meatus.
1154 2442 1262 2482 Οἷνος

285 2494 445 2540 περάσας
461 2491 681 2537 πνευμόνων
695 2492 892 2539 ὃιαῤῥοιὰς.
921 2493 1055 2527 Vinum
1075 2502 1262 2538 penetrans

285 2546 494 2590 pulmonum
510 2551 664 2582 meatus,
692 2545 823 2578 scilicet
847 2558 886 2578 eo
906 2545 1050 2583 ordine,
1078 2557 1180 2590 quem
1198 2557 1261 2578 na-

284 2604 363 2629 tura
388 2594 548 2627 attribuit
573 2596 802 2630 nutrimento.
855 2594 929 2628 Alii
953 2602 1126 2641 quaerunt
1147 2596 1262 2629 subti-

286 2647 393 2680 liores
411 2645 732 2688 interpretationes,
760 2657 845 2690 quas
860 2646 996 2681 omitto.

474 106 681 143 SCRIPTA
709 103 785 138 PH.
812 99 927 136 MEL.
956 95 1026 133 AD
1055 96 1181 133 HIST.
1209 95 1355 136 PROF.
1381 95 1447 134 ET
1474 94 1666 132 PHILOS.
1694 94 2016 136 SPECTANTIA.

1695 178 1830 226 Θυμός.

1378 255 1501 291 Donec
1516 257 1554 290 in
1570 257 1805 302 descriptione
1822 257 1972 302 pectoris
1990 268 2182 299 versamur,
2208 263 2258 291 est

1279 314 1313 341 et
1342 319 1469 351 parvae
1504 307 1685 342 cuiusdam
1711 308 1904 352 particulae
1934 308 2066 342 mentio
2090 309 2261 349 facienda,

1279 369 1368 403 quae
1389 358 1594 392 nominatur
1615 355 1749 402 θυμὸς.
1805 356 1871 392 Est
1900 364 2014 392 autem
2047 356 2170 402 θυμὸς
2195 359 2260 392 sub

1281 408 1402 451 iugulo
1422 409 1513 442 circa
1529 409 1734 453 pulmonem
1757 408 1963 451 glandulosa
1984 420 2063 442 caro
2088 409 2262 442 substrata

1282 459 1552 492 ascendentibus
1568 459 1667 492 venis
1693 465 1726 492 et
1749 459 1898 493 arteriis.
1950 458 2122 492 Fortassis
2146 465 2263 492 autem

1282 509 1362 542 ideo
1377 509 1426 542 sic
1442 509 1667 548 nominatur,
1694 509 1776 555 quia
1794 509 1831 542 in
1849 509 1947 543 iratis
1965 509 2099 543 incensi
2121 508 2264 553 spiritus

1283 559 1333 592 ibi
1356 560 1570 601 ascendunt,
1604 560 1667 605 qui
1691 560 1833 604 quidem
1865 560 2070 604 pulmonem
2105 565 2138 592 et
2160 565 2264 603 caput

1285 609 1524 650 inflammant,
1550 616 1590 644 ut
1613 610 1794 650 videmus,
1825 610 1923 643 iratis
1942 610 2124 643 rubescere
2142 610 2263 643 oculos

1286 667 1318 694 et
1333 666 1441 693 totam
1457 660 1592 694 faciem.
1620 657 1672 693 Ac
1691 659 1729 692 in
1745 671 1782 692 ea
1802 659 1876 704 ipsa
1895 666 2005 704 parte,
2034 671 2122 704 quae
2138 657 2263 703 θυμὸς

1285 710 1509 749 nominatur,
1537 710 1715 743 interdum
1739 710 1840 743 valde
1861 710 1942 744 irati
1964 710 2120 743 sentiunt
2136 710 2265 743 acutis-

1286 761 1392 795 simas
1417 760 1646 805 punctiones,
1685 767 1828 804 propter
1849 772 2057 794 concursum
2080 760 2267 804 spirituum

1287 809 1588 845 vehementiorem
1604 818 1637 845 et
1655 811 1755 856 quasi
1774 817 1908 845 aestum
1925 817 1958 844 et
1975 809 2170 854 Euripum-7

1697 913 1856 959 Lingua.

1392 984 1487 1021 Ante
1514 987 1696 1032 laryngem
1720 986 1874 1031 positum
1902 992 1951 1020 est
1981 996 2020 1019 os
2049 985 2274 1025 bifurcatum,

1291 1037 1385 1081 quod
1417 1044 1451 1070 et
1481 1037 1597 1070 munit
1636 1038 1855 1081 cartilagines
1892 1036 2066 1081 laryngis‚
2108 1043 2141 1069 et
2182 1035 2275 1068 basis

1292 1094 1353 1127 est,
1378 1087 1435 1120 cui
1450 1087 1590 1130 alligata
1609 1087 1804 1131 estLingua
1821 1099 1883 1132 per
1899 1087 2071 1131 plurimos
2087 1086 2275 1119 musculos.

1295 1136 1454 1171 Galenus
1471 1137 1632 1171 nominat
1646 1135 1802 1178 ὑοειδές,
1830 1150 1849 1171 a
1864 1138 1974 1180 figura
1991 1137 2113 1170 literae
2132 1148 2166 1171 v.
2203 1135 2277 1168 Alii

1295 1188 1483 1222 nominant
1498 1185 1720 1233 λαβὸοειὸἑς.
1774 1188 1860 1221 Nam
1880 1194 1913 1221 et
1930 1184 2083 1232 λάμβδα
2107 1187 2195 1219 duos
2211 1184 2277 1218 ha-

1295 1239 1354 1272 bet
1375 1249 1503 1274 ramos.
1566 1238 1605 1272 Si
1630 1239 1724 1271 enim
1753 1238 1817 1271 uni
1840 1244 1977 1271 tantum
2009 1248 2106 1270 ramo
2137 1236 2278 1278 alligata

1297 1295 1385 1322 esset
1402 1289 1538 1332 lingua,
1564 1296 1765 1322 moveretur
1783 1288 2035 1330 inaequaliter,
2062 1284 2277 1319 traheretur-

1298 1351 1365 1384 que
1382 1346 1451 1372 tota
1468 1340 1511 1372 ad
1528 1351 1639 1372 unum
1656 1339 1757 1370 latus.
1810 1334 1856 1369 Ut
1873 1336 1980 1378 igitur
1995 1336 2188 1379 aequaliter
2205 1336 2279 1379 agi-

1298 1396 1392 1420 tetur
1426 1388 1566 1429 lingua,
1600 1387 1669 1419 duo
1699 1398 1772 1419 eam
1810 1386 1899 1418 rami
1929 1392 2142 1426 sustentant,
2175 1397 2281 1430 supra

1300 1450 1387 1482 quos
1415 1438 1585 1476 libratur,
1621 1448 1682 1469 ceu
1716 1433 1899 1469 machinae
1932 1436 2051 1468 fulcris
2083 1436 2280 1480 impositae.

1299 1485 1517 1531 Herophilus
1538 1488 1697 1520 nominat
1722 1483 1981 1531 παραστάτην,
2015 1486 2105 1519 sicut
2128 1487 2165 1519 in
2185 1487 2281 1519 aedi·
2302 1522 2305 1526 ,

1300 1538 1388 1571 ficiis
1410 1537 1575 1570 usitatum
1602 1537 1669 1571 fuit
1695 1538 1781 1570 duas
1805 1537 1986 1569 columnas
2010 1537 2142 1570 vicinas
2166 1537 2282 1570 nomi-

1301 1601 1386 1622 nare
1405 1584 1651 1633 παραστάτας.
2038 1615 2041 1618 ⁴

1401 1636 1463 1671 Est
1481 1645 1595 1671 autem
1616 1639 1736 1681 lingua
1764 1649 1842 1670 caro
1861 1637 2079 1677 musculosa,
2102 1638 2160 1669 sed
2192 1638 2282 1670 mol-

1302 1689 1365 1729 lis,
1391 1700 1488 1729 rara,
1516 1689 1679 1731 fungosa,
1709 1688 1811 1730 plena
1836 1699 2046 1727 nervorum,
2075 1688 2283 1720 arteriarum

1304 1747 1338 1773 et
1362 1750 1551 1778 venarum,
1587 1738 1746 1771 abundat
1764 1738 1882 1770 nervis
1906 1744 2050 1781 propter
2074 1738 2285 1781 multiplices

1305 1796 1338 1823 et
1361 1789 1477 1821 varios
1500 1795 1632 1828 motus,
1660 1799 1698 1821 ac
1716 1794 1858 1831 propter
1874 1788 1962 1821 duos
1984 1798 2120 1828 sensus,
2145 1795 2284 1831 gustum

1306 1847 1337 1874 et
1361 1845 1501 1872 tactum.
1552 1836 1597 1871 Et
1623 1850 1823 1883 quanquam
1848 1838 1954 1871 iidem
1978 1837 2077 1870 nervi
2096 1844 2286 1883 utrumque

1307 1901 1446 1923 sensum
1464 1889 1690 1932 impertiunt,
1716 1896 1855 1930 gustum
1880 1895 1913 1921 et
1928 1895 2056 1921 tactum
2071 1914 2080 1927 ‚
2107 1895 2223 1921 tamen
2240 1889 2285 1921 ab

1307 1939 1362 1973 his
1394 1939 1548 1972 distincti
1580 1946 1660 1972 sunt
1693 1939 1812 1977 nervi,
1850 1938 1911 1982 qui
1941 1945 2075 1972 motum
2106 1940 2288 1982 praebent.

1310 1990 1462 2034 ideoque
1488 1989 1639 2033 percussi
1663 1989 1700 2021 in
1722 1988 1854 2021 cervice
1876 1988 2053 2021 interdum
2076 1989 2166 2023 fiunt
2188 1990 2288 2030 muti,

1309 2039 1444 2075 etiamsi
1459 2051 1531 2072 non
1549 2040 1710 2072 amittant
1726 2046 1883 2082 gustum,
1909 2039 1998 2071 laesa
2022 2038 2184 2073 videlicet
2206 2051 2288 2073 ner-

1310 2102 1434 2125 vorum
1453 2090 1608 2132 origine,
1634 2090 1695 2134 qui
1713 2096 1793 2122 sunt
1809 2089 2042 2122 instrumenta
2061 2096 2187 2125 motus.

1402 2139 1551 2173 Arteriis
1566 2147 1681 2173 autem
1698 2140 1868 2178 abundat,
1890 2139 1971 2183 quia
1988 2150 2073 2183 epus
2086 2147 2135 2173 est
2148 2140 2288 2184 linguae

1311 2191 1422 2224 multo
1453 2191 1578 2235 spiritu
1609 2198 1641 2225 et
1674 2190 1807 2229 calore,
1840 2196 1983 2234 propter
2014 2197 2144 2224 tantam
2174 2198 2289 2225 motus

1312 2242 1526 2275 varietatem.

1414 2292 1582 2326 Abundat
1606 2297 1638 2324 et
1662 2291 1776 2330 venis,
1803 2303 1847 2324 ne
1870 2290 1958 2324 desit
1974 2290 2004 2323 ei
2022 2291 2290 2326 nutrimentum·

1314 2341 1365 2376 Ac
1389 2340 1581 2376 humiditas
1602 2342 1718 2375 addita
1742 2348 1810 2382 est,
1844 2353 1887 2374 ne
1910 2348 2039 2376 arescat
2062 2342 2179 2384 lingua
2196 2343 2290 2375 adsi-

1314 2394 1445 2427 duitate
1468 2399 1592 2426 motus.
1654 2392 1865 2437 Quanquam
1896 2391 2003 2435 igitur
2033 2399 2291 2426 excrementum

1314 2450 1365 2477 est
1389 2444 1518 2481 saliva,
1545 2450 1659 2476 tamen
1681 2443 1798 2487 aliqua
1823 2442 1896 2476 eius
1921 2442 2052 2476 utilitas
2071 2449 2137 2482 est,
2164 2450 2202 2476 ut
2221 2443 2292 2476 lin-

1315 2506 1416 2538 guam
1440 2493 1655 2527 madefaciat.
1710 2492 1797 2526 Nam
1828 2493 1936 2526 saliva
1960 2499 2218 2526 excrementum
2242 2500 2292 2528 est

1315 2542 1737 2589 phlegmatis‚'destillans
1755 2543 1882 2587 partim
1900 2554 1938 2575 ex
1955 2543 2097 2576 cerebro
2115 2543 2151 2576 in
2166 2544 2293 2583 fauces,

1315 2595 1442 2639 partim
1461 2606 1499 2627 ex
1516 2594 1712 2627 ventriculo
1732 2600 1946 2627 exaestuans.
1992 2592 2180 2627 Foramina
2197 2595 2291 2628 enim

1315 2645 1455 2680 condita
1472 2645 1605 2679 suntin
1622 2656 1696 2678 osse
1720 2644 1878 2685 basilari‚
1905 2644 1999 2688 quod
2023 2644 2115 2678 inter
2137 2645 2293 2689 palatum

2205 0 2377 151 ,s

2365 2135 2367 2139 —
2370 2111 2371 2114 „
2365 2072 2371 2091 «κ
2366 1502 2377 2062 εῂ--τψη-,Ἢ
2371 1455 2377 1489 ἡ,
2375 1427 2377 1440 ,,
