2379 2948
168 81 240 116 781
840 78 869 116 Ι.

166 164 390 200 autoritatem
421 165 519 199 civili
551 165 792 207 ordinationi,
825 165 863 198 in
886 177 954 211 qua
980 163 1086 198 multi
1110 175 1158 205 se,

166 217 262 250 velut
280 216 387 250 unius
405 217 515 261 patris
534 229 637 250 curae
654 217 798 257 familia,
821 216 1058 251 committunt.
1089 191 1158 249 Cui

165 268 386 301 ordinationi
403 266 604 326 Apostolus
631 268 730 301 iubet
757 267 922 307 obedire,
955 278 1184 312 quanquam

164 330 266 363 saepe
285 315 324 351 hi
352 319 413 364 qui
436 326 582 362 regunt,
618 330 681 362 per
705 318 778 350 vim
801 323 1019 361 usurparunt
1044 317 1183 362 impe-

163 370 254 404 rium
267 397 276 410 ‚
305 370 349 404 sit
367 370 442 403 fieri
460 370 518 403 vix
534 370 661 413 possit,
688 375 728 402 ut
744 379 838 401 unus
856 374 928 401 tam
954 368 1076 402 multis
1100 381 1156 402 re·
1180 400 1183 422 3

162 422 287 464 gendis
302 421 385 456 satis
401 428 452 460 et,
481 428 597 454 tamen
613 419 695 464 quia
713 418 780 453 Dei
803 419 982 452 ordinatio
998 426 1067 460 est,
1092 431 1154 463 pa·
1180 426 1182 453 ῐ

162 473 314 506 rendum
341 479 401 506 est.
464 470 535 505 Sed
566 468 651 503 haec
683 471 852 511 observa,
888 471 984 516 quod
1013 458 1182 527 mulieri}¹

161 524 351 568 praecipit,
378 529 417 557 ut
435 528 573 566 pareat,
601 533 675 555 non
687 521 764 555 viro
780 528 820 555 ut
835 521 1001 566 imperet,
1039 533 1154 567 quan-

162 587 270 620 quam
287 572 354 608 hoc
372 572 568 606 necessario
587 579 766 618 sequatur,
793 572 884 606 sicut
899 579 932 606 et
950 573 987 606 in
1004 571 1154 607 Decalo-

161 637 224 669 go,
251 625 399 659 Honora
414 629 551 668 patrem
569 630 602 658 et
618 631 781 668 matrem,
808 631 848 658 ut
865 636 924 658 eos
942 625 1002 670 qui
1018 631 1155 669 parent,

161 678 302 718 doceat,
328 674 509 709 autoritati
527 675 668 708 divinae
686 675 860 709 obnoxios
878 687 951 709 esse
969 676 1154 719 magistra-

161 728 232 768 tui,
259 734 291 761 et
318 726 514 770 parendum
542 738 614 759 esse
635 727 876 771 magistratui,
909 727 999 761 sicut
1021 726 1155 760 Paulus

161 778 281 812 scribit
305 778 346 811 ad
375 774 569 822 Ephesios,
603 777 694 812 sicut
716 777 883 812 Domino.
944 776 1012 811 Hic
1036 785 1154 812 autem

159 830 257 863 locus
273 829 316 862 de
336 828 601 872 magistratibus
617 829 770 863 subinde
788 829 827 863 in
843 827 912 863 hoc
927 829 1021 864 libro
1047 836 1081 864 et
1099 841 1155 863 re-

158 880 253 925 liqua
272 879 446 924 scriptura
463 880 571 914 latius
589 881 794 925 explicatur.

466 968 513 1000 Et
539 969 683 1001 vocavit
705 966 843 1002 Adam.

259 1032 365 1077 Quod
390 1033 523 1068 indidit
545 1035 687 1069 mulieri
711 1047 843 1069 nomen
860 1034 972 1068 Vivae
990 1034 1060 1067 iam
1078 1040 1155 1078 post

155 1086 306 1130 lapsum,
333 1085 465 1120 auditis
483 1085 553 1119 iam
570 1086 687 1120 verbis
703 1085 783 1126 Dei,
811 1084 905 1120 haud
923 1087 1032 1120 dubie
1047 1086 1156 1128 signi-

156 1136 274 1171 ficavit
288 1135 411 1169 Moses
428 1137 533 1170 fidem
551 1137 668 1178 A,dae
696 1145 901 1196 conceptam
926 1137 996 1170 iam
1021 1138 1065 1170 de
1082 1137 1154 1171 xiia

157 1201 175 1222 e
199 1187 436 1232 promissione
461 1187 545 1230 Dei,
570 1189 671 1234 quasi
692 1189 741 1222 sic
765 1189 850 1223 velit
876 1189 992 1222 dicere
1020 1187 1153 1240 ᾼᾱῆῐηε

157 1239 203 1271 V'
194 1253 228 1272 iv
232 1250 330 1273 emus
347 1250 429 1282 ergo
454 1239 515 1284 qui
531 1240 639 1274 morti
654 1240 820 1274 destinati
848 1251 1003 1281 eramus,
1031 1251 1154 1284 pecca-

156 1298 231 1324 tum
249 1290 468 1323 condonavit
486 1297 604 1334 pater,
631 1291 768 1336 reliqua
788 1291 870 1332 vita,
893 1291 962 1323 iam
983 1302 1065 1324 vere
1082 1291 1154 1324 vita

156 1349 249 1380 esto,
285 1341 368 1386 quia
400 1341 530 1384 spiritu
560 1342 803 1381 vivificamur,
845 1348 879 1375 et
912 1342 996 1386 quia
1034 1353 1154 1374 semen

155 1399 258 1427 tuum
285 1398 441 1425 conteret
465 1398 571 1436 caput
596 1392 788 1436 serpentis,
816 1390 884 1425 hoc
905 1399 975 1432 est,
1003 1403 1152 1435 regnum

155 1443 297 1483 mortis,
325 1442 466 1487 adpello
485 1449 518 1476 te
535 1449 684 1477 matrem
702 1443 899 1476 viventium
916 1469 924 1483 ,
948 1450 987 1477 ut
1006 1443 1051 1476 sit
1068 1440 1153 1476 haec

156 1493 346 1539 adpellatio
372 1493 532 1527 mulieris
565 1494 811 1529 testimonium
840 1493 922 1527 fidei
947 1492 1084 1535 Adam,
1120 1500 1153 1527 et

155 1556 415 1590 mnemosynon
450 1545 581 1588 gratiae
610 1544 678 1579 Dei
715 1545 909 1590 promissae
941 1557 1002 1589 per
1033 1557 1150 1578 semen

156 1596 332 1630 mulieris:
362 1602 397 1630 et
413 1596 580 1637 breviter,
605 1597 746 1640 signum
760 1596 844 1630 fidei
861 1596 1036 1630 credentis
1052 1609 1150 1630 mor-

157 1654 227 1682 tem
248 1648 318 1681 iam
337 1659 412 1681 non
431 1658 504 1681 esse
521 1654 690 1689 mortem,
715 1648 776 1681 sed
791 1647 912 1682 vitam.

342 1736 447 1769 Fecit
475 1744 615 1780 quoque
634 1734 820 1768 Dominus
845 1734 964 1768 Deus.

258 1798 313 1834 Ex
340 1800 565 1845 perizomatis
588 1806 621 1834 et
644 1799 796 1833 vestium
820 1799 1029 1843 significatio
1047 1799 1150 1833 colli-

157 1852 271 1897 genda
296 1858 358 1886 est.
410 1851 630 1885 Perizomata
658 1857 775 1884 autem
804 1858 938 1885 certum
960 1857 1011 1884 est
1032 1849 1148 1885 Adam
1174 1874 1177 1898 Ι

154 1903 294 1944 fecisse,
329 1904 426 1949 quod
456 1902 630 1937 nuditatis
654 1903 815 1947 puderet.
871 1901 931 1936 Sic
960 1902 1055 1935 enim
1082 1902 1148 1936 ait:
1174 1899 1177 1908 ’

156 1954 244 1990 Cum
262 1954 509 1998 cognovissent
526 1966 562 1988 se
579 1954 695 1987 nudos
713 1965 786 1986 esse
804 1959 880 1991 etc.‚
905 1965 994 1998 quae
1012 1953 1148 1996 perizo-
1173 1969 1176 1990 ς

158 2012 249 2039 mata
274 2005 472 2040 nuditatem
496 2012 629 2049 tegere,
658 2005 821 2038 veniente
844 2003 920 2038 Deo
947 2004 984 2037 in
1001 2003 1148 2038 Paradi-

158 2068 234 2090 sum
246 2082 255 2096 ,
281 2067 354 2090 non
371 2063 575 2101 potueruut.
614 2055 742 2090 Itidem
759 2056 824 2090 ait:
854 2054 978 2089 Timui
994 2068 1034 2089 eo
1052 2057 1147 2101 quod

159 2107 277 2140 nudus
300 2118 419 2143 essem.
471 2107 556 2142 Fuit
579 2107 698 2153 itaque
728 2104 814 2141 haec
837 2107 1018 2140 faciendae
1043 2107 1148 2141 vestis
1172 2117 1174 2133 ¹

158 2169 259 2192 causa
271 2184 280 2198 ,
305 2164 344 2192 ut
361 2164 538 2205 tegeretur
554 2156 654 2193 Adae
671 2158 825 2200 nuditas,
851 2156 918 2192 hoc
934 2165 1002 2197 est,
1031 2159 1147 2203 turpi-

157 2210 262 2244 tudo:
292 2220 373 2241 nam
396 2207 480 2243 haec
503 2210 646 2244 nuditas
670 2217 738 2252 est,
762 2210 863 2244 cuius
886 2210 994 2254 pudet
1018 2208 1147 2245 Adam.

156 2260 315 2294 Proinde
331 2271 410 2293 cum
426 2261 554 2304 tegitur
570 2269 683 2302 veste,
709 2261 939 2295 confirmatur
961 2260 1037 2295 eius
1061 2273 1147 2295 con-
1171 2255 1174 2284 l

157 2311 302 2346 scientia
329 2322 349 2344 a
373 2309 468 2352 Deo,
499 2318 538 2345 ut
563 2313 735 2347 sustinere
761 2312 836 2346 eius
860 2319 1086 2358 conspectum
1114 2320 1147 2346 et

156 2374 280 2397 vocem
299 2362 417 2406 possit.
464 2360 580 2396 Nullis
596 2360 763 2397 humanis
778 2364 946 2409 operibus
965 2370 1025 2397 aut
1045 2364 1146 2397 satis—

157 2413 371 2448 factionibus
388 2413 456 2456 tegi
473 2421 611 2457 peccata
628 2422 746 2448 nostra
764 2422 923 2460 possunt.
959 2414 1147 2459 Teguntur

157 2472 274 2500 autem
301 2464 369 2497 fide
385 2464 483 2498 verbi
503 2462 587 2503 Dei,
615 2464 710 2499 iuxta
733 2465 840 2500 illud:
868 2465 968 2500 Beati
992 2478 1145 2511 quorum

157 2523 248 2551 tecta
263 2522 347 2550 sunt
364 2521 517 2560 peccata.
571 2514 661 2548 Nam
678 2516 810 2550 iudicio
828 2517 895 2552 Dei
920 2515 1012 2550 nihil
1034 2530 1146 2562 oppo-

158 2579 240 2608 nas,
267 2573 406 2612 praeter
422 2567 570 2600 verbum
593 2566 688 2606 eius,
716 2579 786 2612 quo
808 2568 907 2602 velut
932 2569 1173 2619 propiciato-

157 2619 212 2653 rio
228 2619 401 2663 tegimur,
429 2630 474 2652 ne
492 2617 605 2661 gloria
622 2629 684 2651 seu
702 2618 860 2652 claritate
874 2617 941 2652 Dei
959 2632 1148 2654 consuma-

158 2682 248 2706 mur.
287 2668 449 2704 Primum
467 2681 550 2713 ergo
574 2669 704 2713 tegitur
727 2668 826 2703 Adae
849 2670 991 2705 nuditas
1016 2683 1035 2704 a
1058 2670 1147 2711 Deo,

921 77 1191 117 COMMENT.

1221 79 1273 115 IN
1301 78 1527 119 GENESIN.
2129 78 2151 111 7
2155 78 2203 114 82

1185 164 1293 212 quia
1323 167 1425 200 nullo
1448 165 1605 202 humano
1630 179 1735 212 opere
1758 167 1971 202 conscientia
1996 166 2198 200 confirmari

1183 223 1342 270 potest,
1377 217 1558 252 iudicante
1586 218 1682 261 Deo,
1716 219 1846 253 deinde
1873 218 2028 264 pellibus
2057 218 2198 260 tegitur,

1183 251 1276 302 hoc
1299 275 1367 309 est,
1396 270 1505 303 verbo
1524 270 1657 312 crucis,
1685 271 1827 304 interim
1846 271 1931 304 dum
1951 269 2199 313 gloiificemur.

1182 314 1297 353 Nam
1328 294 1385 353 hi'c
1409 317 1503 353 haud
1529 321 1636 354 dubie
1661 322 1894 364 significatum
1918 327 1989 362 est,
2023 321 2197 359 futurum,

1207 376 1245 404 ut
1268 377 1361 414 tegat
1384 371 1582 405 nuditatem
1606 380 1764 406 nostram
1788 384 1880 405 nova
1901 383 2006 405 carne
2025 371 2062 403 in
2080 381 2199 404 resur-

1206 422 1364 456 rectione
1393 429 1638 462 mortuorum,
1679 423 1768 456 sicut
1800 424 1953 456 secunda
1987 419 2197 457 Corinthio-

1204 485 1285 507 rum
1309 473 1436 518 quinto
1472 474 1515 507 de
1541 473 1723 506 vestiendo
1748 480 1782 507 et
1808 474 2096 518 supervestiendo
2122 472 2196 506 dis-

1205 524 1290 559 serit
1306 523 1512 570 Apostolus.
1566 524 1618 558 lta
1642 522 1699 558 hic
1724 524 1874 557 dicimus
1899 525 2052 568 primum
2077 523 2198 557 vestiri

1205 587 1271 609 nos
1294 577 1403 610 verbo
1433 575 1565 617 crucis,
1606 582 1726 620 postea
1751 575 1856 609 etiam
1881 575 2071 618 glorificari
2094 586 2198 609 carne

1178 634 1180 646 ¹
1205 639 1297 661 nova
1315 635 1348 662 et
1362 627 1553 672 spirituali.

1442 731 1535 764 Ecce
1563 727 1688 764 Adam
1716 731 1824 775 quasi
1851 740 1963 764 unus.

1308 794 1466 830 Ironiam
1486 808 1559 830 esse
1579 798 1702 831 volunt
1719 797 1941 841 coarguentis
1954 794 2081 836 Adam,
2105 796 2200 840 quod

1206 847 1363 892 serpenti
1386 848 1594 890 crediderit,
1627 849 1810 892 pollicenti
1834 848 1985 881 similem
2009 848 2085 881 fore
2108 847 2199 884 Deo,

1206 899 1306 943 quasi
1325 898 1473 934 diceret:
1503 899 1596 933 Vide
1614 898 1730 933 Adam
1754 900 1854 933 cuius
1869 900 1977 933 verbo
1996 897 2200 935 credideris,

1205 961 1268 993 ego
1303 950 1409 991 iussi,
1446 963 1489 984 ne
1522 952 1672 985 ederetis
1698 963 1715 984 e
1741 951 1838 994 ligno
1863 950 2027 984 scientiae
2053 949 2141 984 boni
2168 955 2201 982 et

1206 1001 1302 1036 mali.
1363 1001 1516 1046 Serpens
1545 1008 1685 1044 contra,
1720 1002 1907 1036 edentibus
1938 1001 2117 1046 pollicitus
2150 1006 2201 1033 est

1206 1051 1337 1086 similes
1353 1052 1428 1086 fore
1438 1052 1533 1094 Deo,
1561 1066 1639 1087 meo
1656 1054 1764 1087 verbo
1783 1065 1857 1087 non
1875 1052 2074 1093 credidisti,
2103 1051 2199 1096 quod

1206 1103 1335 1137 veritas
1361 1112 1393 1138 et
1416 1104 1487 1137 vita
1511 1111 1580 1145 est,
1608 1116 1690 1148 ergo
1714 1104 1807 1138 mori
1825 1111 1858 1138 te
1875 1104 2034 1150 oportuit
2052 1104 2199 1137 creden-

1205 1162 1276 1188 tem
1297 1156 1502 1196 mendacio‚
1529 1156 1611 1189 vide
1634 1168 1738 1201 quam
1764 1168 1839 1189 non
1865 1155 1991 1189 similis
2015 1154 2127 1188 nostri
2147 1154 2200 1186 fa-

1206 1212 1282 1239 ctus
1308 1206 1375 1247 sis,
1401 1206 1530 1247 morti,
1559 1214 1701 1251 peccato
1727 1207 1838 1240 factus
1860 1218 1896 1240 es
1919 1206 2110 1246 obnoxius,
2137 1204 2200 1238 ubi

1205 1263 1288 1291 sunt
1313 1257 1422 1301 igitur
1446 1258 1528 1291 illae
1553 1259 1687 1291 formae
1711 1257 1793 1296 Dei,
1828 1257 2018 1301 sapientia,
2051 1256 2200 1296 iusticia,

1205 1308 1295 1350 vita,
1324 1320 1410 1354 quas
1440 1309 1604 1352 promisit
1637 1308 1805 1353 serpens?
1857 1308 1925 1343 Sed
1954 1315 2092 1352 praeter
2113 1305 2200 1340 haec

1205 1359 1318 1392 sentio
1345 1359 1452 1392 simul
1479 1359 1621 1402 coargui
1638 1357 1774 1397 Adam,
1803 1365 1837 1392 et
1860 1359 2022 1403 promitti
2046 1358 2200 1391 similem

1204 1410 1280 1442 fore
1306 1409 1401 1453 Deo,
1437 1410 1538 1455 quasi
1566 1410 1716 1444 diceret:
1745 1409 1837 1443 Vide
1867 1409 1983 1455 qualis
2006 1410 2070 1450 sis,
2105 1408 2199 1442 scili-

1205 1466 1258 1494 cet
1280 1461 1446 1494 damnata
1472 1473 1552 1494 caro
1578 1468 1611 1495 et
1632 1461 1837 1502 immunda,
1875 1472 1964 1506 quae
1988 1472 2061 1494 non
2084 1459 2200 1493 salva-

1203 1511 1317 1545 bitur:
1346 1511 1413 1545 erit
1437 1518 1574 1553 tamen,
1604 1524 1681 1546 cum
1705 1513 1792 1546 sicut
1818 1524 1910 1546 unus
1937 1523 1976 1545 ex
1999 1511 2104 1546 nobis
2126 1511 2199 1551 fias,

1204 1575 1277 1596 non
1311 1560 1376 1596 hac
1394 1563 1462 1596 'via
1493 1575 1562 1609 qua
1591 1564 1730 1596 volebat
1756 1575 1920 1608 serpens,
1964 1565 2024 1597 sed
2050 1561 2115 1596 hac
2142 1562 2199 1595 via

1204 1626 1309 1658 quam
1334 1625 1397 1657 ego
1421 1626 1517 1648 nunc
1541 1626 1702 1659 propono
1729 1615 1814 1654 tibi,
1848 1626 1976 1659 nempe
2005 1615 2060 1648 via
2087 1613 2199 1647 crucis

1205 1672 1237 1698 et
1269 1665 1410 1698 mortis:
1447 1666 1579 1698 erimus
1610 1665 1704 1697 enim
1740 1666 1873 1699 similes
1897 1664 1965 1699 Dei
1991 1665 2027 1698 in
2053 1663 2197 1699 Christo

1204 1716 1320 1748 induti
1345 1716 1457 1758 gloria
1475 1715 1540 1749 Dei
1558 1722 1622 1749 etc.
1656 1715 1803 1750 loannis
1829 1717 1943 1752 tertio.
1972 1715 2062 1750 Cum
2088 1728 2196 1760 appa-

1204 1767 1315 1801 ruerit
1333 1766 1466 1800 similes
1485 1767 1616 1800 erimus
1635 1767 1667 1800 ei
1684 1774 1746 1802 etc.

1397 1873 1533 1907 Emisit
1561 1883 1645 1907 eum
1671 1873 1860 1908 Dominus
1887 1875 2002 1908 Deus.

1306 1935 1520 1983 Quanquam
1536 1938 1605 1972 iam
1625 1940 1771 1973 obscure
1787 1941 2001 1984 promissum
2020 1939 2064 1973 sit
2080 1939 2196 1973 Adam

1174 1999 1175 2014 Ξ
1201 1986 1356 2021 similem
1379 1989 1453 2022 fore
1470 1989 1568 2031 Deo,
1597 1996 1713 2024 tamen
1735 2003 1831 2024 nunc
1856 1991 1996 2026 eiicitur
2014 2003 2031 2024 e
2049 1990 2196 2024 Paradi—

1202 2050 1261 2080 so,
1288 2039 1370 2084 quia
1395 2052 1469 2073 non
1492 2048 1573 2074 ante
1590 2039 1687 2074 Deus
1711 2042 1882 2085 glorificat
1904 2054 2008 2088 quam
2027 2039 2197 2076 humilia-

1201 2090 1269 2131 vit,
1296 2091 1384 2124 adeo
1412 2098 1495 2125 sunt
1521 2092 1615 2125 dona
1634 2091 1701 2126 Dei
1727 2093 1865 2127 iusticia
1894 2101 1926 2128 et
1948 2094 2020 2127 vita
2045 2094 2196 2127 abscon-

1200 2141 1274 2175 dita
1296 2142 1421 2175 formis
1437 2143 1551 2176 crucis
1571 2154 1631 2177 seu
1648 2144 1783 2179 mortis.
1835 2142 1882 2178 Et
1899 2142 1967 2178 hoc
1985 2150 2034 2178 est
2052 2156 2114 2178 cur
2130 2144 2194 2177 eii-

1200 2192 1313 2226 ciatur
1342 2190 1482 2232 Adam,
1526 2201 1561 2228 et
1599 2195 1789 2229 obiiciatur
1821 2196 1946 2234 morti,
1988 2207 2192 2241 quanquam

1199 2243 1338 2289 Spiritu
1357 2244 1554 2280 vivificatus
1569 2246 1624 2280 sit.

1370 2350 1418 2383 Et
1445 2349 1634 2384 collocavit
1662 2354 1753 2384 ante
1780 2349 2020 2384 Paradisum.

1302 2414 1387 2449 Dixi
1404 2427 1509 2461 supra
1527 2414 1594 2451 hoc
1610 2418 1687 2451 loco
1704 2429 1759 2451 me
1778 2418 1871 2461 cogi,
1899 2425 1939 2452 ut
1957 2418 2104 2452 sentiam
2123 2418 2192 2454 Pa-

1199 2466 1358 2501 radisum
1379 2478 1451 2502 esse
1470 2469 1684 2512 peculiarem
1700 2470 1877 2514 quendam
1894 2469 2011 2503 locum
2030 2470 2068 2503 in
2085 2477 2189 2513 terra,

1197 2530 1216 2552 a
1239 2530 1309 2563 qua
1334 2518 1558 2563 simplicitate
1582 2526 1696 2553 textus
1719 2532 1794 2553 non
1815 2520 1917 2554 facile
1936 2521 2098 2563 discedo,
2128 2523 2190 2567 qui

1198 2569 1294 2604 volet
1310 2567 1397 2603 haec
1414 2570 1588 2603 curiosius
1604 2571 1784 2616 persequi,
1809 2571 1839 2604 is
1854 2572 1940 2606 sciat
1955 2572 2087 2607 incerta
2107 2585 2190 2616 esse,

1171 2626 1287 2666 quae
1319 2620 1492 2664 scriptura
1521 2632 1595 2654 non
1626 2622 1746 2664 docet,
1779 2629 1813 2656 et
1844 2623 1982 2658 nobis
1972 2636 2010 2657 m
2033 2625 2076 2659 iis
2102 2625 2190 2660 locis

1198 2671 1316 2715 potius
1339 2671 1604 2706 immorandum
1627 2685 1718 2715 esse,
1743 2674 1805 2719 qui
1829 2675 1933 2708 fidem
1957 2683 1991 2710 et
2010 2677 2188 2712 caritatem
