2379 2948
139 94 214 131 769
819 92 845 128 1.

240 176 348 219 Quod
391 188 464 210 non
506 176 714 222 simpliciter
753 178 842 212 dixit
884 176 1028 211 herbam
1067 184 1127 211 aut

136 230 293 273 lignum,
328 227 501 272 significat
526 240 600 262 non
626 235 788 263 naturam
813 227 941 262 herbae
966 240 1039 261 esse
1066 236 1126 262 aut

135 280 225 324 ligni
257 291 375 313 semen
409 278 570 323 gignere,

136 328 266 365 Matth.
283 331 316 364 6.
341 331 489 364 dicitur:
519 329 677 363 Foenum
700 330 775 373 agri
793 330 916 368 vestit,
943 337 976 364 et
1002 332 1123 363 eodem

136 383 214 416 loco
238 383 352 422 vides,
378 381 556 427 quomodo
577 380 766 414 creationis
789 388 998 424 argumento
1018 379 1122 415 Chri-

135 440 209 468 stus
225 435 269 467 ad
285 431 562 467 confirmandam
583 431 686 463 fidem
704 443 788 464 usus
804 432 859 466 sit.

239 483 326 519 Item
356 483 452 528 quod
481 481 566 515 dicit
589 482 775 515 facientem
808 495 948 524 semen,
984 496 1056 517 non
1082 497 1122 517 eo

136 535 308 581 pertinet,
343 533 441 580 quasi
464 532 608 565 seminis
630 541 755 567 natura
778 534 823 567 sit
845 534 1002 577 gignere:
1039 548 1120 568 nam

136 587 250 620 Verbi
265 585 330 620 Dei
348 591 407 618 est.
450 581 546 617 Dicit
563 583 657 616 enim
676 582 840 618 Christus
852 613 860 626 ‚
889 585 992 620 Pater
1010 587 1122 625 vestit,

136 639 195 671 sed
212 638 291 671 ideo
309 636 357 669 sic
373 634 550 679 loquitur,
579 642 618 668 ut
635 637 759 670 doceat
779 644 953 674 creaturas
978 649 1050 670 esse
1068 638 1123 670 in-

137 694 330 724 strumenta
347 686 384 718 in
402 685 532 730 quibus
549 693 728 730 operetur;
754 686 860 730 Quod
880 689 909 721 si
928 701 982 721 res
1001 690 1122 723 tantil—

134 741 186 774 las
209 737 431 773 administrat
452 743 484 770 et
506 737 634 778 salvat,
667 750 729 771 cur
754 751 827 771 non
856 740 993 772 animas
1018 741 1121 773 etiam

135 797 270 825 nostras
302 794 436 832 regeret
466 794 500 822 et
526 788 698 823 salvaret‘.>
737 788 819 822 Ideo
849 791 1008 824 minutae
1038 792 1123 826 istae

134 848 311 876 creaturae
327 838 490 872 conditae
508 846 610 880 sunt,
638 848 677 873 ut
691 841 903 883 significaret
922 843 1011 875 velle
1028 854 1063 875 se
1085 843 1120 875 in

134 892 263 925 vilibus
284 897 318 924 et
341 890 486 924 abiectis
510 891 614 923 rebus
645 893 794 935 operari.
848 892 888 926 In
920 890 986 926 boc
1018 906 1122 938 opere

131 943 305 988 disputari
323 942 423 982 solet,
443 942 623 986 quomodo
639 955 718 976 cum
735 949 837 976 antea
854 944 913 977 lux
933 951 1046 978 creata
1065 946 1121 987 sit,
1146 950 1149 972 ἒ

130 1001 165 1029 et
181 994 366 1028 distinctus
382 1004 400 1027 a
417 999 520 1026 nocte
539 993 630 1036 dieS,
659 994 728 1027 iam
753 991 820 1027 hoe
836 994 911 1029 Soli
935 996 1122 1030 tribuatur.

130 1045 283 1079 Basilius
310 1045 520 1088 respondet,
555 1051 656 1078 antea
688 1046 867 1080 conditam
891 1058 963 1079 esse
998 1047 1123 1088 lucem,
1174 1069 1233 1108 fia,
1260 1081 1461 1114 quanquam
1479 1070 1633 1104 naturali
1651 1072 1756 1104 modo
1777 1072 1871 1115 gignf
1890 1073 2089 1114 videantur³
2113 1083 2166 1108 ta,

1146 1125 1149 1129 '
1176 1131 1255 1151 men
1282 1120 1402 1152 divina
1430 1133 1495 1164 ope
1520 1121 1636 1156 condi.
1691 1121 1748 1155 Sic
1768 1125 1870 1156 nobis
1896 1125 2047 1158 inculcat
2065 1138 2166 1159 accu-

1146 1190 1149 1198 2
1175 1177 1247 1204 rate
1266 1170 1404 1211 Moses,
1442 1172 1559 1204 omnia
1578 1172 1653 1205 fieri
1671 1173 1820 1207 arbitrio
1838 1182 1870 1209 et
1889 1175 2018 1210 virtute
2033 1177 2114 1212 Dei.

130 1109 226 1131 nunc
244 1097 423 1130 lucernam
436 1122 444 1135 ‚
472 1102 503 1128 et
523 1095 619 1129 illius
640 1096 728 1129 lucis
746 1097 842 1130 velut
859 1098 1053 1132 candelam.

233 1147 476 1181 Nazianzenus
500 1148 587 1180 bene
621 1148 798 1191 explicans
823 1150 919 1193 quod
945 1161 962 1182 a
988 1148 1121 1182 Basilio

130 1199 265 1233 dictum
292 1205 360 1239 est,
388 1198 456 1238 ait,
478 1198 593 1242 primo
621 1198 678 1231 die
700 1199 813 1232 lucem
838 1211 910 1232 esse
929 1201 1122 1240 conditam,

131 1250 297 1284 diffusam
325 1249 453 1293 passim
489 1249 526 1281 in
552 1255 660 1282 totam
691 1250 957 1284 universitatem
985 1251 1122 1290 mundi,

131 1313 220 1347 quae
240 1308 358 1345 postea
383 1312 446 1333 ceu
471 1300 631 1345 undique
657 1301 801 1334 collecta
822 1308 926 1346 atque
943 1309 1060 1336 coacta
1078 1303 1123 1335 sit

130 1354 168 1386 in
186 1352 317 1387 Solem.

232 1400 447 1435 Ambrosius
476 1399 581 1433 aliam
613 1401 727 1434 lucem
759 1413 850 1441 esse,
885 1415 973 1447 quae
1008 1403 1122 1447 primo

129 1456 207 1495 die,
232 1453 337 1486 aliam
357 1463 446 1497 quae
463 1458 589 1496 quarto
607 1452 749 1485 condita
765 1459 814 1486 est
833 1453 868 1485 in
888 1453 982 1494 Sole,
1012 1459 1122 1498 putat.

129 1505 205 1550 Ego
222 1504 272 1538 sic
289 1503 415 1542 sentio,
444 1509 477 1536 et
499 1503 611 1536 lucem
631 1504 748 1548 primo
767 1504 824 1536 die
842 1506 1020 1538 conditam
1039 1515 1124 1544 esse,

130 1564 163 1591 et
189 1556 260 1590 diei
284 1555 468 1599 noctisque
486 1554 704 1587 discrimina.
757 1555 897 1589 Deinde
922 1557 978 1589 die
997 1563 1122 1601 quarto

130 1608 291 1642 additum
311 1618 382 1639 esse
401 1605 520 1639 Solem
545 1605 665 1638 lumen
684 1606 830 1646 clarius,
860 1613 891 1639 et
911 1608 979 1641 diei
998 1607 1124 1640 discri-

130 1660 341 1693 minatorem
358 1656 586 1691 nobiliorem.
620 1656 782 1690 Fuerunt
797 1664 878 1690 ante
893 1658 1012 1692 Solem
1032 1664 1123 1690 certe
1148 1685 1150 1689 .

474 1718 562 1751 quos
589 1707 727 1740 lucidos
753 1719 823 1740 esse
844 1708 947 1742 etiam
973 1710 1001 1742 si
1022 1721 1124 1741 vaca-
1150 1736 1151 1741 ,
1353 1747 1359 1752 ¹
1382 1747 1388 1753 ,

1149 1781 1151 1791 ⁴
1177 1758 1283 1791 quam
1328 1747 1458 1779 Vilibus
1505 1748 1662 1780 bestiolis
1701 1757 1831 1793 quanta
1870 1762 1971 1794 saepe
2007 1753 2168 1787 conficiat

130 1712 232 1744 orbes
259 1708 424 1742 coelestes
437 1734 445 1747 ‚

130 1770 209 1795 rent
227 1760 309 1795 Sole
325 1765 384 1792 aut
401 1757 521 1792 Stellis
540 1758 732 1791 verisimile
750 1766 810 1793 est.

474 1846 561 1879 Sint
591 1846 629 1878 in
655 1847 779 1891 signa.

232 1914 300 1948 Hic
316 1914 430 1958 palam
450 1913 712 1959 redarguuntur
729 1910 952 1955 Philosophi,
971 1913 1032 1958 qui
1052 1912 1122 1945 vim

131 1968 309 2014 quandam
339 1965 515 1998 sideribus
549 1964 731 2005 tribuunt,
766 1965 979 1997 defluentem
1007 1964 1042 1996 in
1069 1976 1123 1996 re-

132 2031 209 2052 rum
231 2017 439 2057 inferiorum
465 2027 633 2060 corpora,
662 2028 740 2048 cum
759 2015 942 2059 Scriptura
967 2016 1059 2048 dicat
1084 2027 1121 2047 ea

133 2081 204 2102 esse
223 2075 359 2102 tantum
379 2068 494 2111 signa:
523 2067 583 2099 sed
601 2064 658 2100 hic
678 2067 869 2105 laboratur,
897 2078 1048 2112 quarum
1067 2078 1122 2098 re-

133 2132 212 2154 rum
240 2125 273 2152 et
300 2131 450 2164 quorum
478 2125 668 2151 eventuum
688 2119 785 2161 signa
810 2118 904 2151 sint?
958 2117 1122 2162 Respon-

133 2222 193 2256 ille
216 2233 251 2254 se
275 2220 417 2264 exponit
441 2220 479 2252 in
509 2220 604 2263 lege,
641 2234 718 2254 cum
746 2228 838 2255 vetat
864 2220 1121 2264 praedictiones

134 2272 308 2307 humanas
325 2271 458 2304 audiri:
479 2269 733 2315 lnEvangelio,
751 2285 830 2306 cum
843 2272 977 2317 inquit:
1006 2270 1122 2304 Erunt

133 2326 230 2368 signa
250 2323 286 2356 in
302 2322 423 2361 Luna,
453 2321 621 2364 significat
639 2324 789 2357 indicari
807 2335 951 2367 magnas
974 2322 1119 2356 calami-

133 2384 221 2411 tates
246 2386 307 2419 per
330 2373 503 2406 eiusmodi
526 2373 634 2416 signa.
689 2374 781 2409 Sunt
798 2387 879 2419 ergo
897 2374 1027 2409 Stellae
1048 2385 1122 2408 non

134 2435 291 2466 autores,
320 2425 379 2457 sed
406 2424 524 2467 signa,
550 2431 582 2457 et
608 2425 706 2468 signa
732 2439 802 2460 non
828 2426 989 2460 omnium
1015 2437 1122 2459 even—

133 2485 254 2518 tuum,
293 2477 351 2509 sed
385 2487 507 2508 eorum
538 2475 581 2507 ad
613 2488 700 2520 quae
729 2476 824 2511 Deus
857 2477 1055 2517 ordinavit,
1091 2483 1124 2509 et

134 2540 301 2575 quorsum
335 2526 510 2560 ordinarit
540 2523 625 2559 haec
650 2527 764 2570 signa,
798 2528 879 2562 sciri
908 2540 981 2562 non
1010 2535 1125 2572 potest

134 2580 203 2614 nisi
218 2592 259 2613 ex
277 2578 482 2623 Scripturis.
530 2576 644 2610 Porro
663 2577 866 2622 Scripturae
884 2580 1012 2613 docent
1025 2579 1124 2623 signa

135 2643 207 2666 esse
219 2642 376 2688 operum
401 2629 456 2662 vel
481 2636 674 2663 eventuum
690 2655 700 2668 ,
725 2630 814 2664 sicut
836 2637 963 2665 vocant
981 2638 1151 2665 natura—

137 2673 243 2722 lium,
270 2694 330 2715 seu
353 2687 611 2725 tempestatum.

188 2736 363 2766 ἾΙειΑΧἸἬ.
395 2735 496 2766 Ortn.
523 2734 605 2763 V.0L
637 2732 729 2764 XlII.

603 281 662 312 sed
695 278 760 312 Del
791 281 925 312 (¹0¹¹um
957 290 1049 319 ⁸⁵⁵³>
1087 287 1125 313 Ut
1148 303 1151 337 j
1177 302 1210 329 et
1228 294 1433 328 discrimina
1448 303 1610 329 motuum
1625 298 1766 332 orbium
1783 300 1984 334 coelestium
2003 301 2165 334 indican-

900 90 1164 127 COMMENT.
1194 92 1243 127 lN
1262 90 1497 129 VGENESIN.

1149 281 1152 302 1

1148 396 1150 408 l

1149 2677 1153 2701 l

2098 98 2170 134 ‘770

1456 179 1589 213 Vices
1620 183 1892 226 temporum.

1279 242 1347 276 Hic
1371 255 1452 277 vero
1480 245 1734 289 pulcerrimum
1760 260 1849 292 opus
1873 249 2065 293 sapientiae
2091 249 2167 291 Dei,

1176 353 1245 380 tur.
1298 344 1368 379 Sed
1397 352 1429 379 et
1455 343 1512 379 hic
1537 347 1740 382 observabis
1763 352 1918 385 motibus
1933 352 2074 385 orbium
2093 365 2164 385 non

1176 409 1251 437 res,
1279 397 1338 429 sed
1356 403 1513 441 tempora
1532 398 1672 432 variari.

1497 493 1698 532 Quintus
1727 493 1840 528 dies.

1279 556 1385 600 Quod
1418 569 1458 590 ex
1491 559 1592 603 aquis
1627 559 1784 593 volatilia
1817 561 2002 605 produxit,
2048 565 2084 599 id
2115 574 2165 600 est

1176 609 1270 652 quod
1294 615 1375 642 ante
1401 608 1506 646 dixit,
1544 612 1658 643 aerem
1685 622 1812 655 aquam
1839 624 1922 645 esse.
1975 613 2047 647 Iam
2072 618 2164 651 inter

1176 659 1333 693 natantia
1365 667 1397 694 et
1423 660 1580 694 vzolintia
1615 673 1740 704 magna
1774 664 1935 706 cognatio
1969 672 2038 706 est,
2070 671 2164 712 quod

1175 711 1297 742 eodem
1322 713 1428 745 modo
1451 711 1489 743 in
1522 723 1586 745 suo
1612 713 1786 746 elemento
1817 721 1966 759 utraque
1992 717 2164 752 ferantur:

1175 762 1303 794 deinde
1330 763 1450 797 multis
1472 763 1596 796 avibus
1623 771 1656 798 et
1679 771 1799 797 natare
1823 772 1855 799 et
1880 766 1998 800 xolare
2024 779 2165 803 conces-

1175 823 1251 845 sum
1270 819 1339 854 est,
1365 814 1454 848 sicut
1479 814 1606 858 mergis
1624 822 1656 848 et
1681 815 1859 849 similibus
1878 828 1968 862 quae
1988 819 2031 851 ad
2059 832 2139 865 aqu
2131 833 2166 854 is

1175 864 1308 897 colunt.

1268 913 1523 959 Dignissimum
1535 917 1760 951 observatum
1773 925 1835 958 est,
1855 921 1949 964 quod
1961 932 2163 966 quanquam

1175 966 1275 1011 aquis
1307 968 1503 1011 praecepit,
1538 975 1577 1001 ut
1605 969 1859 1012 producerent,
1896 979 2013 1005 tamen
2045 980 2163 1016 postea

1175 1018 1328 1058 subiicit,
1355 1020 1487 1052 creavit
1504 1017 1608 1060 Deus,
1636 1027 1675 1053 ut
1693 1020 1863 1063 significet
1879 1023 1999 1056 omnia
2018 1035 2164 1057 nascen-

1410 1273 1513 1307 Vidit
1539 1274 1633 1319 quod
1659 1280 1758 1309 esset
1781 1275 1926 1310 bonum.

1279 1338 1397 1371 Prima
1442 1341 1576 1373 utilitas
1621 1342 1782 1374 omnium
1821 1350 2061 1376 creaturarum
2105 1354 2166 1385 est,

1176 1390 1271 1434 quod
1298 1391 1462 1423 conditae
1486 1398 1569 1423 sunt
1593 1392 1636 1423 ad
1663 1388 1911 1427 declarandam
1939 1394 2072 1428 autoris
2092 1397 2168 1439 glo-

1176 1441 1276 1473 riam.
1333 1439 1487 1485 ldeoque
1517 1441 1554 1474 in
1579 1442 1728 1485 singulis
1758 1444 1999 1478 animantibus
2032 1454 2168 1490 praeter

1175 1491 1244 1524 alia
1270 1493 1472 1535 commoda,
1498 1492 1636 1536 singula
1662 1493 1733 1526 fere
1762 1495 1853 1528 vitae
1877 1497 2052 1540 exempla,
2081 1498 2165 1531 item

1176 1542 1469 1586 significationem
1489 1551 1562 1577 tum
1583 1545 1770 1588 potentiae,
1793 1553 1866 1580 tum
1888 1548 2067 1590 potestatis
2086 1561 2167 1583 suae

1177 1594 1347 1637 prodidit.
1386 1592 1430 1627 Et
1451 1595 1532 1639 quia
1551 1596 1592 1628 de
1607 1597 1789 1630 venenatis
1808 1598 2030 1641 potissimum
2047 1601 2168 1645 quaeri

1176 1645 1276 1683 solet,
1307 1645 1459 1688 primum
1476 1647 1716 1679 considerabis
1735 1648 1874 1682 nullum
1891 1661 1963 1682 esse
1981 1662 2168 1691 venenum,

1177 1696 1276 1728 cuius
1298 1708 1370 1728 non
1388 1696 1431 1729 sit
1449 1696 1566 1741 aliqua
1584 1697 1732 1740 insignis
1750 1700 1992 1733 commoditas.
2029 1700 2167 1735 Deinde

1178 1797 1290 1837 Deus,
1326 1805 1364 1831 ut
1390 1810 1467 1830 cnm
1500 1798 1597 1831 vides
1622 1799 1696 1832 solo
1721 1808 1860 1843 aspectu
1893 1802 2025 1846 aspidis
2051 1805 2166 1837 necari

1177 1849 1422 1882 robustissima
1441 1862 1605 1893 corpora:
1634 1851 1872 1885 considerabis
1892 1866 1997 1898 quam
2018 1852 2166 1888 horren-

1177 1901 1242 1932 dus
1261 1900 1303 1932 sit
1322 1907 1479 1943 aspectus
1494 1900 1643 1939 autoris,
1671 1902 1700 1934 si
1717 1902 1896 1937 irascatur.

1281 1950 1323 1983 ln
1342 1950 1461 1984 Leone
1487 1952 1670 1985 manifesta
1696 1953 1841 1987 saevitia
1861 1955 2046 1988 adversum
2065 1969 2165 1990 saeva

1177 2010 1209 2035 et
1227 2003 1478 2045 repugnantia,
1507 2003 1690 2036 manifesta
1709 2004 1893 2038 clementia
1912 2018 1990 2049 erga
2008 2008 2166 2042 imbecil-

1178 2054 1237 2087 les.
1292 2051 1338 2086 Et
1371 2051 1439 2087 huc
1473 2055 1651 2097 pertinent
1683 2055 1887 2089 discrimina
1920 2059 2165 2097 animantium,

1148 2109 1149 2131 ἰ
1177 2116 1266 2149 quae
1283 2111 1363 2138 sunt
1385 2105 1421 2137 in
1439 2103 1546 2147 Lege,
1575 2105 1636 2138 ubi
1654 2106 1722 2139 alia
1736 2110 1996 2149 conceduntur,
2024 2110 2090 2143 alia
2110 2111 2165 2143 in-

133 2173 218 2210 deo,
245 2182 364 2203 eorum
391 2170 434 2202 ad
460 2181 546 2214 quae
573 2170 602 2202 is
624 2170 778 2204 instituit
796 2170 859 2217 qui
883 2169 1060 2206 condidit,
1090 2175 1121 2201 et
1148 2175 1149 2197 l
1177 2157 1409 2190 ‘emmunim-

1464 2156 1652 2189 Caeterum
1677 2169 1764 2202 quae
1789 2159 1834 2192 sit
1851 2160 1984 2192 utilitas
2003 2172 2041 2192 ex
2061 2162 2163 2204 pisci-

1178 2208 1260 2243 bus,
1290 2219 1329 2239 ex
1347 2207 1459 2251 capite
1477 2220 1574 2241 nono
1592 2209 1786 2252 adparebit,
1815 2210 1876 2242 ubi
1899 2211 2051 2253 primum
2070 2211 2164 2246 Deus

1176 2259 1229 2291 ius
1247 2258 1329 2292 fecit
1353 2256 1559 2292 hominibus
1577 2260 1740 2292 vescendi
1761 2261 2012 2297 animantibus.

1512 2355 1626 2388 Dies
1653 2357 1832 2388 sextus.

1279 2422 1510 2456 Plenissimus
1528 2419 1586 2454 hic
1606 2422 1702 2454 locus
1721 2429 1771 2455 est
1793 2423 1912 2456 multis
1937 2431 1968 2457 et
1988 2427 2167 2470 evangeli-

1177 2475 1226 2508 cis
1248 2474 1443 2520 mysteriis,
1479 2480 1662 2517 propterea
1688 2472 1844 2516 singulas
1867 2475 1940 2508 eius
1967 2484 2081 2519 partes
2108 2490 2167 2511 or-

1178 2527 1260 2559 dine
1275 2536 1505 2569 exequamur,
1535 2531 1566 2557 et
1583 2523 1759 2567 principio
1780 2525 2019 2569 intelligamus
2037 2525 2094 2562 hic
2113 2529 2165 2562 lo-

1148 2582 1149 2587 ’
1178 2578 1271 2623 quii
1261 2576 1386 2610 Mosen
1404 2576 1446 2608 de
1465 2572 1631 2613 homine,
1655 2575 1770 2620 qualis
1791 2578 1954 2611 conditus
1974 2585 2024 2612 est
2048 2580 2165 2613 incor-

1178 2635 1282 2672 rupto
1300 2634 1331 2660 et
1349 2633 1489 2669 gerente
1509 2625 1696 2669 imaginem
1712 2625 1790 2662 Dei.
1832 2627 1884 2662 De
1903 2629 1982 2663 aliis
1999 2631 2093 2663 anim
2097 2644 2164 2664 an-

1179 2681 1276 2713 tibus
1293 2677 1424 2722 inquit:
1451 2675 1627 2711 Producat
1641 2684 1741 2718 terra,
1765 2680 1960 2723 producant
1972 2693 2081 2726 aquae
2092 2689 2154 2718 etc.
2160 2708 2169 2721 ,

1611 2727 1660 2761 49
