2379 2948
107 79 181 117 925
506 79 551 116 V.

104 216 182 250 Iesu
204 213 346 251 Christo
370 216 550 257 doctrina,

101 267 233 307 studia,
261 279 350 312 quae
373 268 605 308 deseruntur,
634 279 714 300 cum
740 267 801 299 illa
824 263 1004 312 βουλιιιιά
1031 279 1090 300 ex-

103 315 322 352 hauriuntur
341 319 556 362 privatorum
574 318 767 351 facultates.

203 367 316 402 Porro
333 375 365 402 et
390 367 457 402 hoc
480 367 681 425 expilat-oris
706 373 796 407 erat,
820 367 915 411 quod
942 363 999 399 hic
1024 366 1087 401 Se·
1114 394 1116 415 Ι

100 420 221 453 leucus
244 420 390 464 spoliari
410 419 580 462 templum
603 418 642 450 in
665 418 752 451 urbe
774 416 1022 463 Ierosylyma
1012 430 1086 450 lus-

100 472 161 511 sit,
190 477 223 504 et
249 472 292 504 ad
318 483 392 503 eam
419 481 492 502 rem
511 469 716 502 tentandam
734 468 937 501 incitatores
962 465 1087 502 hahuit

100 498 272 562 Iudaeos,
300 527 339 554 ut
361 521 398 553 in
428 520 584 552 secundo
604 518 898 552 Maccahaeorum
922 526 1088 552 narratur
1112 533 1114 538 ·

98 573 212 616 capite
230 572 345 606 tertio.
401 570 451 603 Ita
477 581 572 602 nunc
595 570 656 614 qui
678 570 844 603 fruantur
869 570 995 613 opibus
1017 567 1086 603 Ec-
1110 567 1114 605 Ι

98 623 302 664 clesiarum,
337 621 483 655 minime
509 621 698 653 obscurum
727 627 788 656 est.
847 619 1084 655 Bacchanalia

97 681 265 718 perpetua
282 679 363 706 sunt
379 672 417 704 in
445 671 602 714 collegiis
619 670 892 705 Canonicorum.
938 671 1084 705 Interim

96 725 146 768 pii
170 724 330 758 Pastores
361 720 600 756 Ecclesiarum
638 735 717 756 cum
747 722 892 755 familiis
924 723 1017 762 suis,
1052 730 1085 756 et

97 786 266 819 pauperes
287 771 498 807 Scholastici
514 775 606 805 same
625 773 890 810 contabescunt,
910 774 1023 806 studia
1040 773 1084 806 li-

94 833 248 859 terarum
274 831 308 858 et
333 824 518 868 praecipue
542 835 719 857 sacrarum
744 825 973 864 deseruntur,
1001 824 1083 868 quia

94 888 198 909 nemo
230 876 327 909 iuvat
368 886 557 920 paupereS,
611 875 698 920 quid
739 875 856 909 studia
887 875 1081 908 dedicaturi

92 938 149 960 era
165 924 341 960 Ecclesiis.

194 976 290 1010 Haec
324 988 403 1011 cum
436 977 633 1020 negligant,
662 983 723 1010 aut
749 976 896 1009 sortasse
929 976 1082 1018 rideant,

92 1028 197 1062 etiam
224 1028 279 1060 illi
304 1029 434 1061 summi
461 1027 693 1070 Quaestores‚
722 1024 891 1071 Episcopi
918 1034 950 1061 et
975 1027 1080 1060 Prin-

90 1079 204 1124 cipes,
241 1091 314 1112 non
339 1079 537 1112 existiment
559 1076 742 1112 Christum
773 1078 1080 1112 dissimulaturum

90 1142 183 1171 esse,
211 1142 289 1163 cum
313 1130 350 1162 in
368 1130 430 1162 illo
447 1129 598 1163 terribili
615 1129 749 1162 iudicio
767 1129 945 1162 accusabit
962 1141 1020 1162 eos
1037 1131 1080 1163 de

90 1182 249 1225 neglecto
272 1181 405 1222 officio,
434 1193 472 1214 ac
505 1181 610 1214 dicet:
640 1178 801 1220 Esurivi‚
829 1186 862 1214 ct
885 1192 958 1212 non
983 1180 1078 1213 ciba-

90 1232 151 1266 stis
169 1245 243 1275 me,
272 1231 323 1265 Ite
339 1232 447 1275 igitur
462 1231 639 1264 maledicti
657 1231 693 1263 in
712 1230 827 1273 ignem
847 1238 1040 1266 aeternum.

191 1291 264 1324 Nos
281 1303 362 1324 vero
383 1290 514 1324 Filium
532 1289 597 1324 Dei
615 1289 766 1328 aeterni,
794 1290 1024 1322 liberatorem
1045 1297 1077 1323 et

88 1343 268 1377 custodem
284 1340 461 1375 Ecclesiae
482 1353 563 1374 suae
581 1352 738 1380 oremus,
765 1347 805 1373 ut
828 1340 901 1383 ipse
927 1341 982 1384 pia
1003 1347 1076 1374 stu-

87 1393 147 1427 dia
178 1399 337 1433 tueatur,
379 1399 411 1426 et
444 1392 644 1436 suppeditet
680 1391 898 1424 discentibus
931 1392 1075 1427 victum.

87 1443 189 1479 Sicut
210 1445 250 1477 in
268 1444 342 1487 lege
365 1443 541 1483 Mosaica,
568 1454 646 1475 cum
670 1442 781 1476 tribui
804 1441 980 1475 Leviticae
1001 1454 1075 1475 non

87 1496 231 1528 daretur
248 1502 340 1528 certa
359 1494 454 1537 regio
474 1494 704 1538 possidenda,
733 1499 772 1526 ut
789 1493 951 1534 caeteris,
980 1493 1075 1527 Deus

87 1546 206 1591 inquit
224 1557 296 1579 sese
315 1546 388 1578 fore
408 1545 482 1578 eius
506 1545 619 1578 tribus
637 1542 885 1577 haereditatem
910 1556 970 1578 seu
992 1545 1075 1578 fun-

87 1598 192 1631 dum:
221 1597 268 1630 ita
286 1608 383 1628 nunc
401 1596 444 1629 sit
461 1597 593 1629 fundus
615 1602 648 1629 et
664 1592 823 1641 τροφεὺς
844 1594 983 1638 piorum
1000 1595 1075 1628 Do-

85 1654 222 1681 ctorum
241 1654 272 1680 et
291 1645 604 1681 Scholasticorum.
659 1645 708 1680 Et
726 1647 886 1680 futurum
905 1658 976 1679 esse
1000 1658 1074 1680 non
1099 1642 1104 1838 Ι

85 1698 297 1733 dubitemus.

379 1780 427 1804 An
436 1782 447 1804 t
456 1780 465 1803 ι’
473 1787 487 1803 ο
498 1780 585 1803 chus
605 1779 780 1810 Epiphanes.

186 1829 386 1865 Antiochus
410 1828 614 1875 Epiphanes
644 1831 752 1863 frater
776 1830 913 1864 Seleuci
938 1828 1074 1864 Romae
1099 1841 1103 1863 ι

85 1883 224 1927 cognita
253 1889 367 1915 morte
400 1882 526 1925 patris,
570 1881 658 1914 clam
698 1882 781 1914 inde
821 1881 996 1921 discessit,
1035 1886 1074 1913 ut

85 1936 213 1978 ignavo
236 1933 335 1966 fratri
369 1944 516 1975 regnum
542 1932 703 1975 eriperet.
764 1931 848 1965 Fuit
872 1939 988 1965 autem
1014 1929 1072 1963 hic

85 1983 291 2030 Epiphanes
316 1984 463 2022 callido,
489 1984 560 2016 acri
588 1990 621 2017 et
644 1993 746 2015 saevo
770 1983 912 2026 ingenio
931 1982 1073 2027 praedi-

85 2043 163 2076 tus,
190 2035 252 2080 qui
276 2047 373 2076 mox,
400 2041 585 2079 postquam
611 2045 758 2076 regnare
782 2034 946 2078 cepisset,
984 2032 1072 2065 insi-

88 2087 167 2120 dias
188 2086 314 2119 struxit
337 2086 532 2131 Aegyptiis.
586 2083 675 2118 Nam
703 2093 844 2118 mortuo
870 2084 1071 2118 Ptolemaeo

84 2134 273 2194 Epiphane
292 2136 389 2169 xenit
404 2137 442 2169 in
457 2135 677 2182 Aegyptum,
701 2136 801 2180 quasi
819 2142 915 2169 tutor
931 2136 1070 2169 futurus

84 2188 225 2232 cognati
241 2187 380 2231 pupilli.
412 2186 502 2220 Nam
518 2185 704 2231 Cleopatra
723 2194 834 2220 mater
851 2187 977 2231 pupilli
997 2192 1070 2219 erat

84 2251 185 2273 soror
203 2235 374 2272 Antiochi
389 2235 599 2281 Epiphanis.
652 2237 811 2272 Collocat
837 2238 946 2281 igitur
970 2250 1070 2281 prae—

82 2291 171 2325 sidia
190 2290 228 2322 in
243 2288 392 2322 urbibus
408 2286 558 2333 Aegypti
575 2290 707 2322 tutorio
724 2290 885 2330 nomine,
914 2301 992 2322 cum
1012 2301 1068 2322 re-

82 2342 157 2387 ipsa
175 2338 242 2374 hoc
263 2346 399 2383 ageret,
425 2345 465 2372 ut
483 2349 668 2387 occupatas
682 2352 779 2374 nunc
798 2338 947 2374 honesto
966 2351 1069 2384 prae-

81 2399 179 2427 textu
209 2398 327 2435 postea
358 2390 536 2424 retineret.
598 2389 685 2424 Inde
717 2391 857 2425 rediens
891 2390 1067 2436 lerosoly-

81 2456 174 2478 mam
194 2442 306 2481 venit,
331 2441 502 2474 invitatus
529 2451 547 2474 a
574 2439 716 2483 Iasone,
743 2442 800 2476 cui
824 2443 1066 2487 pontificatum

82 2495 226 2529 dederat
242 2499 363 2526 contra
381 2491 541 2525 Iudaicas
562 2491 665 2535 leges.
716 2492 758 2526 In
778 2491 845 2527 hoc
869 2494 985 2538 primo
1008 2493 1067 2528 iti—

81 2558 165 2580 nere
181 2541 380 2578 Antiochus
393 2542 558 2587 spoliavit
576 2543 758 2587 templum.

181 2603 266 2637 Post
282 2602 468 2636 biennium
484 2598 683 2635 Antiochus
705 2613 827 2636 rursus
845 2603 944 2637 duxit
967 2615 1065 2636 exer-

83 2655 189 2690 citum
213 2654 251 2688 in
276 2654 495 2700 Aegyptum,
529 2652 611 2697 quia
640 2664 700 2686 rex
721 2652 916 2699 Aegyptius
945 2653 1064 2688 Ptole-

603 78 654 114 IN
679 76 943 114 DANIELEM
970 77 1286 116 PROPHETAM
1313 79 1735 120 COMMENTARIUS.

105 171 262 200 servetur
294 165 332 198 in
366 165 468 199 terris
499 177 581 199 vera
606 166 649 199 de
673 164 748 198 Deo
777 172 808 199 et
834 166 876 198 de
900 164 992 198 Filio
1017 165 1092 198 eius
1117 167 1121 226 Ι
1143 176 1261 199 maeus
1295 163 1517 201 Philometor
1550 169 1619 201 iam
1652 169 1872 211 adoleverat

584 223 617 250 et
651 217 814 250 colantur
844 216 912 248 alia
948 215 1090 249 virtutis
1116 230 1118 266 Ι
1143 216 1266 249 fraude
1285 218 1452 250 avunculi
1475 230 1516 251 ex
1543 219 1720 265 aliquibus
1736 221 1807 254 suis
1826 221 1975 255 urbibus
1987 222 2032 268 S)
2037 224 2128 257 riaca

1114 434 1116 450 z
1140 419 1301 464 Aegypto
1325 419 1512 453 abstinere.

2057 87 2132 124 926

1926 178 1958 205 et
1991 174 2129 216 cognita

1144 267 1317 311 praesidia
1343 268 1540 310 expulerat,
1569 277 1601 303 et
1626 271 1797 305 auxilium
1824 284 1843 305 a
1868 262 2042 307 Romanis
2066 276 2128 307 ad-

1142 329 1262 351 versus
1279 315 1495 351 Antiochum
1515 321 1695 363 petiverat.
1743 321 1775 353 Χ
1778 323 1851 356 enit
1868 323 1975 366 igitur
1991 323 2126 358 Roma-

1143 380 1208 401 nus
1236 369 1371 411 legatus
1403 367 1587 412 Popilius,
1632 372 1693 416 qui
1716 372 1817 407 iussit
1841 373 2060 408 Antiochum
2083 376 2127 409 ab

1566 420 1726 466 Cumque
1742 421 1940 458 Antiochus
1963 426 2126 470 ambigue

1113 471 1385 519 responderet,
1409 471 1513 503 ducto
1541 471 1672 504 circulo
1690 473 1726 504 in
1745 475 1888 517 pulvere
1912 477 2002 510 circa
2031 489 2124 517 eum,

1140 521 1240 554 iussit
1258 533 1336 553 eum
1357 521 1449 553 clare
1471 524 1701 564 respondere,
1729 532 1914 570 antequam
1941 540 1981 560 ex
1998 539 2037 560 eo
2057 528 2126 560 cir—

1140 573 1218 604 culo
1248 573 1481 614 egrederetur.
1532 572 1585 606 Ibi
1617 573 1816 608 Antiochus
1853 579 2123 619 perterrefactus

1139 634 1257 666 pacem
1276 623 1467 666 promittit,
1494 630 1527 656 et
1543 624 1695 657 fremens
1712 625 1871 661 discedit.

1240 696 1333 740 Quia
1351 709 1434 730 vero
1453 710 1596 740 magnos
1621 706 1755 733 sumtus
1781 701 1816 733 in
1841 713 1877 734 ea
1905 704 2125 746 expeditione

1137 748 1282 789 fecerat,
1310 760 1412 792 egeus
1439 750 1535 783 venit
1561 749 1820 796 lerosolymam.
1867 752 1920 785 lbi
1944 754 2124 787 facultates

1138 799 1353 842 locupletum
1378 799 1518 843 diripit,
1556 798 1755 844 prophanat
1784 804 1974 847 templum,
2011 812 2124 839 statua

1139 848 1232 882 lovis
1249 848 1411 895 Olympii
1430 851 1466 882 in
1485 863 1524 883 eo
1541 851 1754 895 collocatur,
1782 855 1947 897 proponit
1967 855 2122 888 crudelia

1138 900 1249 933 edicta
1283 904 1325 934 de
1354 902 1528 935 abolenda
1562 909 1634 935 tota
1663 903 1852 946 religione,
1885 907 2012 938 tradita
2037 918 2121 939 voce

1137 950 1202 984 Dei
1220 963 1281 995 per
1296 950 1497 990 Abraham,
1525 952 1666 986 Moisen
1685 960 1717 987 et
1736 953 1936 999 Prophetas.
1974 955 2020 990 Et
2038 955 2121 990 haec

1136 1002 1247 1036 edicta
1273 1003 1431 1037 defendit
1457 1004 1586 1037 additis
1609 1005 1811 1047 praesidiis,
1844 1019 1904 1051 qu
1895 1020 1932 1040 xe
1958 1019 2121 1050 magnam

1134 1053 1315 1086 saexitiam
1338 1055 1545 1088 exercebant
1570 1055 1607 1086 in
1634 1053 1796 1089 homines
1824 1057 1920 1101 pios,
1948 1059 2010 1105 qui
2032 1070 2116 1103 pro-

1134 1104 1319 1137 sessionem
1338 1105 1423 1148 legis
1441 1105 1582 1138 divinae
1600 1106 1752 1139 abiicere
1770 1108 1951 1144 nolebant.

1234 1178 1385 1223 Propter
1407 1177 1497 1212 hanc
1522 1192 1685 1223 magnam
1712 1181 1946 1216 calamitatem
1970 1181 2036 1216 hoc
2058 1196 2119 1217 va-

1132 1229 1292 1263 ticinium
1319 1231 1411 1274 apud
1429 1230 1612 1264 Danielem
1631 1232 1764 1265 editum
1790 1240 1858 1274 est,
1884 1241 1923 1267 ut
1946 1234 1995 1278 pii
2020 1247 2119 1278 prae-

1132 1288 1362 1315 monerentur
1387 1288 1420 1314 et
1445 1282 1759 1321 confirmarentur,
1787 1295 1831 1316 ne
1855 1296 1873 1317 a
1897 1283 1971 1317 Deo
1989 1285 2114 1319 defice-

1130 1339 1218 1366 rent.
1273 1331 1430 1365 Additur
1448 1339 1478 1365 et
1497 1340 1653 1376 tempus,
1680 1341 1717 1366 ut
1742 1334 1792 1377 pii
1807 1335 1934 1368 scirent
1952 1333 2043 1369 hanc
2061 1349 2118 1369 ca-

1129 1383 1321 1416 lamitatem
1347 1394 1420 1415 non
1447 1384 1653 1416 diuturnam
1679 1384 1774 1423 fore,
1811 1386 1993 1427 videlicet,
2030 1389 2115 1420 anni

1130 1441 1262 1477 septem
1291 1440 1326 1466 et
1350 1445 1486 1467 menses
1511 1435 1599 1467 duo:
1636 1446 1716 1467 nam
1742 1436 1834 1469 intra
1864 1428 1930 1469 hoc
1961 1438 2117 1481 spacium

1130 1485 1300 1528 templum
1322 1485 1365 1517 ab
1382 1482 1561 1518 Antiocho
1580 1483 1841 1529 prophanatum
1857 1494 1925 1528 est,
1941 1495 1973 1521 et
1989 1489 2117 1522 deinde

1130 1535 1215 1569 Iuda
1234 1534 1445 1569 Maccabaeo
1464 1543 1727 1580 recuperatum,
1753 1544 1786 1571 et
1808 1545 1926 1582 postea
1952 1552 1991 1572 ex
2014 1541 2116 1584 oppi-

1129 1587 1181 1620 dis
1200 1586 1348 1619 Iudaeae
1373 1587 1514 1631 expulsa
1536 1595 1617 1621 sunt
1635 1586 1778 1633 Syriaca
1803 1589 1989 1632 praesidia.

1230 1661 1342 1694 Porro
1363 1659 1562 1695 Antiochus
1587 1661 1812 1707 Epiphanes,
1847 1665 1907 1709 qui
1935 1675 2112 1711 acceperat

1130 1713 1284 1759 insignes
1301 1713 1416 1745 clades
1434 1725 1505 1746 non
1524 1714 1636 1746 solum
1654 1714 1692 1746 in
1711 1713 1849 1756 Iudaea,
1876 1718 1933 1749 sed
1955 1718 2060 1751 etIam
2075 1720 2112 1751 in

1129 1763 1290 1803 Perside,
1326 1764 1437 1796 animi
1462 1765 1584 1797 dolore
1609 1765 1781 1798 extinctus
1812 1773 1872 1801 est.
1925 1768 2001 1800 Alii
2025 1770 2112 1802 scri-

1130 1816 1218 1847 bunt
1245 1826 1426 1847 excussum
1458 1828 1474 1848 e
1500 1827 1605 1848 curru
1631 1823 1700 1848 tarn
1718 1817 1852 1850 duriter
1870 1818 2011 1852 allisum
2040 1832 2112 1853 esse

1131 1866 1224 1905 solo,
1251 1872 1292 1898 ut
1316 1866 1399 1898 iude
1420 1867 1563 1899 morbus
1581 1864 1721 1900 lethalis
1746 1874 1843 1901 ortus
1865 1869 1928 1908 sit,
1958 1882 2028 1914 quo
2054 1883 2112 1904 ex-

1128 1916 1258 1949 tinctus
1274 1916 1421 1955 dicitur,
1450 1929 1528 1950 cum
1548 1918 1715 1951 tenuisset
1733 1929 1880 1961 regnum
1899 1932 2011 1954 annos
2021 1922 2112 1955 duo-

1127 1968 1253 2000 decim.
1308 1965 1439 2010 Quales
1465 1969 1598 2001 fuerint
1624 1968 1699 2002 eius
1717 1981 1850 2011 mores,
1884 1982 1989 2016 supra
2015 1984 2112 2007 com-

1126 2029 1330 2054 memoravi.

1225 2139 1332 2186 Apud
1361 2141 1542 2176 Danielem
1569 2155 1641 2176 non
1668 2145 1706 2178 fit
1731 2145 1863 2179 mentio
1888 2147 2108 2191 sequentium

1125 2204 1267 2236 regum,
1311 2194 1394 2238 quia
1433 2195 1650 2237 significatur
1673 2196 1772 2229 brevi
1805 2203 1882 2240 post
1919 2206 2106 2233 venturum

1124 2256 1197 2277 esse
1230 2243 1410 2280 Messiam.
1462 2244 1526 2279 Est
1554 2246 1649 2278 enim
1683 2247 1789 2280 breve
1814 2254 1952 2291 tempus
1975 2261 1993 2282 a
2018 2248 2108 2283 luda

1125 2295 1336 2329 Maccabaeo
1371 2297 1412 2329 ad
1447 2304 1568 2329 natum
1595 2294 1796 2338 Christum,
1828 2298 1992 2333 videlicet
2023 2301 2108 2333 anni

1123 2353 1263 2380 centum
1282 2347 1458 2390 sexaginta
1475 2359 1543 2381 sex.
1597 2345 1643 2380 Et
1661 2348 1776 2381 statim
1793 2355 1870 2392 post
1887 2347 2107 2384 Antiochum

1122 2397 1223 2443 Syria
1256 2398 1456 2433 domesticis
1490 2397 1678 2431 discordiis
1709 2400 1889 2433 continuis
1918 2401 2107 2436 dilacerata

1122 2456 1188 2488 cst,
1223 2450 1336 2482 donec
1368 2461 1443 2482 eam
1471 2448 1626 2482 Romani
1658 2457 1893 2493 occuparunt,
1928 2458 1967 2484 ut
1993 2464 2106 2486 unum

1120 2511 1265 2543 regnum
1285 2500 1353 2532 dici
1379 2512 1452 2532 non
1470 2506 1596 2543 posset.
1650 2499 1750 2533 Sicut
1778 2501 1850 2534 fere
1874 2502 2027 2537 existunt
2053 2510 2105 2537 ta-

1119 2551 1169 2584 les
1190 2562 1379 2593 regnorum
1407 2550 1604 2583 discordiae
1637 2550 1776 2593 fatales,
1811 2564 1890 2585 cum
1919 2553 1999 2587 finis
2031 2566 2104 2588 non

1118 2602 1239 2646 procul
1256 2602 1371 2642 abest,
1398 2608 1437 2635 ut
1451 2600 1540 2634 vidit
1559 2598 1643 2634 haec
1659 2608 1750 2636 aetas
1777 2602 1876 2637 triste
1902 2605 2101 2650 exemplum

1118 2652 1334 2687 Pannoniae.
