2379 2948
173 78 270 115 1465

175 173 207 199 et
233 174 305 198 una
331 173 410 195 cum
433 159 518 205 ipsis
545 166 772 200 agnoscamus
794 152 929 194 Deum,
965 159 999 186 et
1028 150 1156 185 fiducia

175 213 450 261 promissionum
468 217 501 244 et
517 208 666 242 blessiae
683 205 786 238 nobis
803 205 923 237 donati
948 215 1028 237 eum
1054 203 1157 235 invo-

178 277 315 305 cemus,
342 271 375 297 et
393 260 548 304 exemplo
568 259 724 302 ipsorum
749 255 980 300 suscipiamus
996 253 1158 287 certami-

179 329 244 357 na,
273 323 307 349 et
323 320 540 357 expectemus
563 322 601 343 ac
619 307 840 352 experiamur
862 306 1032 339 auxilium
1056 311 1089 338 et
1114 303 1157 335 li-

179 368 388 401 berationes.
438 362 510 406 Ipsi
526 372 627 395 suum
645 370 774 393 munus
800 357 948 390 fideliter
970 361 1158 401 praestant,

181 416 394 463 patefaciunt
410 413 512 447 nobis
528 410 809 445 benedictionem
828 408 1046 452 promissam.
1087 405 1160 438 Nos

183 469 285 502 etiam
313 478 388 500 eam
413 464 634 508 accipiamus.
687 461 754 494 Sed
780 460 905 493 surdae
931 466 1065 492 mentes
1094 454 1161 489 lio-

181 520 318 552 minum
336 528 409 550 non
429 514 631 549 afficiuntur
653 512 713 544 illa
738 511 857 544 divina
875 522 977 551 voce,
1004 509 1082 541 idco
1100 508 1162 540 be-

182 569 304 602 neficia
337 580 400 600 nec
428 565 619 609 accipiunt,
654 575 717 595 nec
751 562 990 605 experiuntur.
1045 558 1163 601 Quare

183 618 290 654 liuius
306 618 394 653 tanti
415 617 568 650 muneris
585 614 863 657 magnitudinem
881 612 982 656 pauci
999 610 1165 653 cogitant.

184 671 220 705 Si
248 672 284 703 in
310 669 533 702 invocatione
560 675 798 699 exerceremus
829 664 950 703 fidem,
984 661 1165 705 experien-

183 722 229 756 tia
248 723 386 754 doceret
402 731 465 752 nos
481 719 524 751 de
542 716 720 750 beneficiis
737 713 841 748 huius
858 712 1127 747 benedictionis.

286 787 367 821 Dixi
393 786 477 831 quid
503 790 602 818 sonet
624 783 682 816 ille
698 780 843 822 chorus,
870 781 1002 814 scilicet
1021 778 1166 813 benedi-

185 840 349 874 ctionem.
404 837 505 870 Hanc
530 836 782 878 interpretatur
799 839 831 866 et
847 843 993 877 sequens
1011 830 1168 865 versicu-

183 891 257 931 lus,
285 901 364 923 cum
381 888 446 921 ait:

236 955 340 990 Deus
359 960 408 989 est
428 952 635 991 Dominus,
664 949 902 986 illuminator
918 954 1048 985 noster.

288 1033 418 1075 Figura
433 1031 559 1065 usitata
577 1036 638 1070 est,
666 1027 910 1068 llluminator,
929 1027 1099 1071 praebens
1114 1026 1171 1059 ln-

186 1096 285 1125 men,
313 1084 348 1116 id
366 1090 434 1121 est,
453 1082 640 1116 consilium
658 1087 690 1113 et
706 1079 1004 1119 consolationem,
1029 1077 1171 1111 utPsal.

188 1136 261 1170 5262
292 1134 465 1168 Dominus
492 1131 709 1165 illuminatio
733 1142 810 1163 mea
835 1137 867 1164 et
893 1130 987 1162 salus
1008 1141 1102 1168 mea,
1136 1128 1170 1160 id

191 1193 259 1225 cst,
284 1185 485 1218 consolator
503 1191 535 1217 et
552 1184 768 1226 gubernator
785 1192 891 1214 meus.
946 1179 1042 1213 Haec
1066 1179 1173 1222 igitur

191 1237 308 1270 brevis
334 1235 521 1279 descriptio
546 1234 702 1268 continet
726 1244 898 1265 summam
918 1230 1173 1274 promissionis,

191 1288 285 1333 quod
303 1286 397 1320 Deus
409 1311 417 1325 ,
446 1298 548 1331 quem
566 1284 768 1329 praedicant
784 1280 981 1326 Prophetae
994 1309 1002 1322 ,
1029 1282 1073 1315 sit
1090 1281 1173 1313 illu-

190 1339 361 1379 minator,
389 1337 433 1370 sit
459 1338 528 1369 iam
552 1337 727 1380 placatus,
752 1334 949 1378 propicius,
976 1334 1107 1365 ducens
1135 1343 1174 1364 ex

191 1389 364 1430 tenebris,
388 1388 543 1421 liberans
567 1399 584 1420 a
602 1393 742 1431 peccato
759 1391 789 1418 et
808 1390 920 1417 morte
933 1411 941 1425 ,
968 1395 1006 1416 ac
1023 1384 1175 1416 reddens

192 1441 325 1481 lucem,
352 1439 565 1482 agnitionem
584 1436 713 1481 ipsius,
739 1435 931 1475 iusticiam,
956 1434 1122 1477 gaudium
1143 1439 1176 1466 et

193 1491 302 1524 vitam
323 1497 512 1524 aeternam.
568 1487 662 1520 Haec
680 1493 730 1519 est
747 1498 831 1526 vox,
851 1497 939 1529 quae
957 1486 999 1517 de
1021 1483 1088 1517 Dei
1113 1496 1175 1516 vo-

193 1542 326 1575 luntate
345 1552 424 1583 erga
440 1551 504 1572 nos
523 1539 560 1571 in
580 1536 734 1571 Ecclesia
757 1548 881 1569 sonare
899 1536 1009 1568 debet.

297 1608 363 1642 Sed
383 1606 473 1640 hanc
491 1617 609 1639 vocem
624 1616 695 1637 non
713 1610 841 1637 sonant
856 1602 1038 1646 pontifices
1055 1608 1088 1635 et
1102 1601 1176 1646 epi—

195 1660 307 1703 scopi,
343 1659 401 1704 qui
433 1668 598 1701 oppresso
625 1653 819 1698 Evangelio
854 1654 980 1687 docent
1012 1653 1176 1686 umbram

195 1711 377 1744 doctrinae
401 1709 484 1752 legis
508 1715 540 1741 et
563 1718 641 1741 suas
665 1705 883 1740 traditiones.
936 1703 1019 1737 ldeo
1037 1716 1101 1737 nec
1115 1704 1176 1736 be-

195 1761 383 1801 nedicunt,
417 1772 480 1793 nec
503 1766 583 1793 sunt
607 1769 687 1802 pars
712 1757 838 1790 domus
861 1754 1027 1796 Domini,
1058 1755 1118 1788 sed
1143 1754 1177 1787 vi

196 1818 389 1854 grassantes
406 1811 443 1843 in
459 1822 495 1843 ea
508 1837 516 1850 ,
536 1808 758 1855 tyrannidem
778 1813 957 1846 exercent,
974 1806 1063 1840 sicut
1078 1813 1177 1840 erant

196 1864 234 1895 in
269 1864 373 1895 domo
409 1860 555 1895 Domini
592 1858 816 1904 lerosolymis
850 1857 1030 1902 pontifices
1065 1857 1177 1901 impii,

195 1912 372 1946 Pharisaei
398 1919 430 1945 et
455 1911 661 1946 Sadducaei.
715 1909 860 1943 Interim
884 1914 983 1941 erant
1005 1907 1083 1946 alii,
1117 1908 1178 1953 qui

197 1972 226 1997 et
246 1964 514 2001 benedicebant,
532 1969 565 1996 et
580 1968 677 1995 erant
696 1972 774 2005 pars
790 1961 915 1992 domus
933 1957 1098 1997 Domini,
1116 1958 1178 2004 qni

195 2016 238 2047 ad
264 2013 357 2047 hunc
381 2021 517 2047 coetum
542 2013 736 2056 pertinent,
763 2012 804 2044 de
825 2023 894 2055 quo
921 2009 1034 2044 David
1060 2010 1177 2055 loqui-

197 2073 271 2103 tur,
288 2062 494 2102 Zacharias,
514 2064 676 2101 Simeon,
696 2061 864 2105 Baptista,
883 2059 1061 2100 Christus,
1079 2059 1175 2106 Apo-

197 2117 293 2155 stoli,
320 2115 454 2154 Maria,
483 2111 685 2155 Elisabeth,
708 2113 833 2153 Anna,
856 2119 886 2145 et
913 2112 1056 2148 similes.

296 2182 349 2217 Ex
374 2181 437 2216 hac
461 2183 665 2216 definitione
698 2179 874 2214 Ecclesiae
909 2181 990 2213 satis
1026 2180 1176 2223 intelligi

194 2242 324 2279 potest,
354 2235 533 2278 pontifices
550 2235 774 2267 adversantes
792 2230 986 2273 Evangelio
1010 2244 1082 2264 non
1104 2243 1176 2264 esse

194 2284 383 2319 Ecclesiam
397 2311 404 2324 ,
423 2292 484 2319 aut
497 2282 849 2318 doctoresEcclesiae.
877 2281 1060 2315 Praeterea
1080 2284 1173 2327 quod

195 2337 237 2370 sit
259 2338 410 2370 osticium
432 2336 586 2369 doctoris
603 2336 639 2368 in
650 2334 821 2372 Ecclesia,
851 2345 888 2366 ex
907 2334 1026 2366 eadem
1045 2333 1175 2366 descri-

194 2388 313 2430 ptione
329 2387 476 2430 intelligi
498 2393 627 2431 potest,
654 2385 805 2428 scilicet,
833 2396 903 2417 una
921 2396 998 2417 cum
1016 2382 1172 2428 Prophe-

194 2438 239 2470 tis
264 2445 296 2471 et
322 2437 500 2486 Apostolis
533 2437 812 2471 benedictionem
845 2435 1066 2478 praedicare,
1101 2447 1174 2468 non

194 2488 321 2531 fingere
345 2501 452 2521 novas
476 2490 566 2532 leges
587 2495 645 2522 aut
668 2499 778 2521 novos
795 2486 919 2521 cultus.
979 2484 1043 2519 Est
1058 2493 1173 2520 autem

193 2539 388 2572 benedictio
406 2541 478 2584 ipsa
496 2553 560 2573 vox
573 2537 768 2582 Evangelii,
788 2549 855 2582 qua
875 2544 1018 2581 propter
1042 2535 1172 2570 Filium

192 2587 275 2629 Dei,
302 2590 415 2623 deleto
442 2598 599 2633 peccato,
626 2590 823 2624 restituitur
845 2588 953 2631 gratia
977 2594 1009 2621 et
1026 2587 1096 2621 vita
1116 2600 1173 2621 ae-

193 2647 300 2680 terna,
321 2648 358 2674 ut
378 2652 479 2684 supra
497 2654 595 2686 saepe
613 2643 655 2675 de
672 2639 917 2675 bencdictione
937 2639 1069 2673 dictum
1089 2646 1148 2673 est.

767 66 890 104 PHlL.
919 63 1035 101 MEL.
1060 59 1270 99 SCRIPTA
1296 58 1594 97 EXEGETICA.

2100 61 2199 99 1464

1312 146 1406 180 Hinc
1425 146 1529 180 etiam
1548 154 1707 191 apparet,
1736 148 1820 193 quid
1838 148 1874 181 in
1892 146 2048 182 Ecclesia
2065 149 2194 183 docen—

1209 200 1294 233 dum
1327 199 1388 237 sit,
1423 198 1586 231 videlicet
1617 197 1700 232 haec
1731 199 1804 243 ipsa
1833 211 1899 232 vox
1925 197 2194 242 Prophetarum,

1210 261 1299 295 quae
1324 256 1425 282 sonat
1448 249 1750 288 benedictionem,
1778 247 1846 283 hoc
1865 257 1934 290 est,
1962 248 2194 293 Evangelium

1211 301 1306 346 quod
1330 301 1443 343 arguit
1464 307 1621 344 peccata,
1648 307 1681 334 et
1698 300 1799 333 offert
1818 301 2102 334 benedictionem
2118 299 2195 342 Dei,

1213 353 1377 385 donatam
1403 358 1545 395 propter
1569 350 1712 385 Filium.
1779 349 2029 396 Explodantur
2052 363 2133 394 ergo
2157 363 2197 384 ex

1212 401 1368 437 Ecclesia
1387 403 1568 435 doctrinae
1587 402 1852 442 maledicentes,
1879 403 1915 436 id
1934 409 2002 443 est,
2027 402 2116 434 iram
2131 401 2197 435 Dei

1214 460 1396 496 augentes,
1428 460 1467 487 ut
1497 460 1578 487 sunt
1607 454 1788 487 doctrinae
1813 454 2060 487 confirmantes
2084 453 2198 486 idolo-

1214 516 1294 538 rum
1317 505 1449 544 cultus,
1477 511 1515 537 ut
1531 505 1718 548 papisticae
1732 504 1882 545 Missae,
1909 503 2085 536 invocatio
2104 515 2199 536 mor-

1215 562 1369 590 tuorum.
1423 553 1509 587 Item
1527 555 1708 588 doctrinae
1725 556 1970 588 confirmantes
1986 552 2201 600 hypocrisin,

1217 614 1250 640 et
1279 606 1497 639 cumulantes
1528 612 1682 650 peccata,
1716 612 1757 639 ut
1787 604 2038 645 monachatus,
2073 605 2128 638 lex
2158 605 2201 638 de

1218 658 1412 698 coelibatu,
1439 664 1471 690 et
1490 657 1557 689 alia
1572 657 1709 691 deliria.

1322 715 1411 749 Tam
1451 717 1563 749 dulcis
1601 717 1794 750 versiculus
1826 722 1891 750 est:
1932 712 2202 749 Benediximus

1222 765 1321 801 vobis
1345 778 1390 800 ex
1416 764 1522 800 domo
1537 764 1715 809 Domini,
1742 774 1782 801 ut
1805 778 1904 810 saepe
1919 767 2125 811 cogitandus
2145 766 2202 809 sit,

1221 826 1388 863 tanquam
1417 819 1615 864 symbolum
1648 819 1757 852 multa
1788 829 1956 859 monens,
1989 819 2032 851 de
2058 816 2204 851 benedi-

1222 870 1337 903 ctione
1360 876 1502 913 propter
1519 867 1699 902 Christum
1718 870 1845 902 donata
1859 895 1867 909 ,
1894 869 1936 901 de
1953 869 2081 907 verbo,
2108 868 2202 912 quod

1222 920 1404 964 proprium
1443 926 1493 953 est
1524 918 1704 953 Ecclesiae
1732 921 1775 953 de
1806 926 1879 953 toto
1921 926 2022 953 coetu
2051 925 2204 962 patrum,

1223 969 1496 1015 Prophetarum,
1523 969 1655 1004 Christi
1680 977 1711 1004 et
1736 965 2006 1015 Apostolorum,
2034 981 2052 1002 a
2076 969 2204 1014 quibus

1223 1023 1370 1056 verbum
1386 1020 1453 1055 Dei
1469 1022 1674 1065 accepimus.
1729 1021 1797 1055 Sed
1817 1022 2004 1054 admoneat
2021 1020 2124 1053 etiam
2141 1031 2205 1052 au—

1224 1073 1355 1107 ditores
1372 1073 1413 1105 de
1428 1073 1639 1108 obedientia.
1682 1072 1754 1116 Qui
1770 1079 2003 1116 aspernantur
2017 1068 2112 1104 hunc
2128 1082 2206 1103 coe—

1224 1131 1299 1157 tum
1331 1124 1613 1164 benedicentem,
1652 1131 1684 1157 et
1715 1124 1842 1156 nolunt
1867 1123 2022 1167 accipere
2048 1121 2205 1155 oblatum

1225 1178 1376 1215 donum,
1413 1175 1560 1208 audient
1591 1175 1624 1207 id
1660 1175 1753 1220 quod
1785 1174 1871 1207 alibi
1897 1174 2041 1207 dicitur:
2075 1171 2207 1205 Nolue-

1225 1232 1307 1259 runt
1335 1226 1637 1266 benedictionem,
1673 1232 1705 1258 et
1731 1225 1909 1258 auferetur
1931 1226 1975 1260 ab
1999 1224 2058 1259 eis.
2121 1221 2205 1255 Ideo

1224 1283 1322 1320 grato
1346 1284 1483 1320 pectore
1508 1277 1692 1309 audiamus
1712 1283 1847 1310 coetum
1865 1281 2022 1319 patrum,
2048 1270 2208 1317 Prophe-

1225 1334 1339 1361 tarum
1359 1334 1392 1360 et
1409 1325 1659 1371 Apostolorum
1672 1352 1682 1366 ‚
1708 1327 1970 1360 benedicentem
1987 1325 2106 1365 nobis,
2133 1336 2207 1357 am-

1225 1379 1419 1422 plectamur
1448 1390 1569 1411 eorum
1598 1378 1815 1415 doctrinam,
1848 1383 1881 1410 et
1906 1388 1979 1409 eam
2003 1376 2038 1408 in
2064 1376 2207 1408 invoca-

1226 1430 1322 1462 tione
1347 1427 1414 1461 Dei
1446 1440 1678 1463 exerceamus,
1741 1426 1836 1469 Quid
1870 1428 1963 1459 enim
1998 1433 2109 1469 potest
2138 1436 2209 1458 esse

1225 1479 1434 1523 optabilius,
1458 1491 1563 1524 quam
1587 1490 1659 1510 esse
1683 1478 1795 1511 socios
1819 1475 1923 1511 huius
1943 1475 2064 1518 chori,
2089 1483 2122 1510 et
2138 1486 2209 1509 esse

1226 1536 1359 1574 partem
1379 1530 1503 1562 domus
1520 1528 1678 1563 Domini.

1329 1585 1464 1620 Eodem
1503 1587 1655 1631 pertinet
1696 1599 1844 1634 sequens
1881 1584 2092 1621 adhortatio.
2162 1584 2211 1620 Ut

1227 1638 1322 1671 enim
1348 1650 1452 1682 supra
1477 1639 1520 1671 de
1546 1639 1751 1673 doctoribus
1772 1639 1908 1684 inquit,
1941 1635 2209 1672 Benediximus

1229 1688 1345 1728 vobis,
1373 1689 1421 1722 ita
1445 1701 1540 1722 nunc
1562 1690 1740 1724 auditores
1759 1687 1940 1731 hortatur,
1966 1695 2005 1723 ut
2022 1689 2088 1723 rite
2107 1693 2210 1731 agant

1226 1741 1353 1774 festum
1379 1741 1491 1781 diem,
1518 1738 1586 1774 hoc
1609 1747 1676 1781 est,
1704 1741 1849 1775 audiant
1876 1738 1943 1774 hoc
1966 1737 2210 1782 Evangelium‚

1227 1792 1270 1824 de
1287 1804 1356 1836 quo
1374 1789 1431 1825 hic
1449 1792 1598 1833 dicitur,
1625 1790 1827 1835 Agnoscant
1837 1791 1951 1826 Deum
1964 1819 1972 1832 ,
2000 1798 2033 1824 et
2043 1790 2209 1824 Messian]

1228 1843 1271 1875 ab
1297 1843 1371 1886 ipso
1396 1842 1558 1881 missum,
1587 1844 1647 1888 qui
1665 1850 1714 1877 est
1732 1843 1819 1887 lapis
1839 1843 2036 1886 angularis,
2064 1839 2130 1875 hoc
2148 1846 2210 1878 est,

1228 1900 1331 1936 caput
1359 1900 1388 1926 et
1415 1905 1474 1926 rex
1498 1891 1693 1935 Ecclesiae,
1720 1901 1823 1937 agant
1845 1892 1920 1926 Deo
1945 1893 2092 1935 gratias,
2120 1891 2210 1925 cele-

1227 1944 1330 1977 brent
1355 1945 1472 1977 Deum
1501 1951 1533 1978 et
1555 1944 1722 1978 Messiam
1748 1945 1791 1978 ab
1818 1944 1893 1988 ipso
1916 1945 2079 1983 missum,
2123 1949 2156 1975 et
2179 1941 2210 1974 ei

1227 1995 1406 2030 obediant.
1458 1994 1604 2029 Constat
1633 1996 1726 2029 enim
1757 1995 1842 2040 quid
1871 1995 2012 2039 proprie
2042 1993 2211 2036 significet

1229 2045 1307 2079 sesti
1327 2046 1395 2079 diei
1415 2046 1654 2085 sanctificatio,
1683 2047 1857 2086 videlicet,
1884 2045 2062 2088 publicam
2080 2043 2209 2083 doctri-

1228 2108 1294 2129 nae
1318 2097 1596 2138 enarrationem,
1624 2097 1745 2131 laudes
1764 2095 1848 2138 Dei,
1876 2096 2152 2136 invocationem,
2178 2100 2210 2127 et

1192 2182 1196 2185 Δ
1226 2148 1416 2192 gratiarum
1435 2148 1622 2184 actionem,

1277 2255 1419 2293 Ornale
1441 2260 1583 2307 Jeslum
1602 2257 1826 2308 frondibus,
1862 2271 1972 2307 usqne
1997 2255 2052 2292 ad
2067 2269 2209 2292 cornua

1328 2309 1476 2346 altaris.

1327 2385 1449 2420 Sumta
1485 2393 1534 2419 est
1565 2386 1673 2429 figura
1705 2397 1724 2419 a
1753 2386 1930 2420 communi
1956 2384 2209 2419 consuetudine

1225 2439 1467 2470 ornandorum
1491 2438 1715 2481 templorum.
1776 2436 1845 2471 Sed
1870 2450 1942 2470 non
1965 2436 2210 2478 intelligantur

1225 2488 1319 2520 solae
1340 2488 1576 2528 ceremoniae,
1603 2501 1731 2532 pompa
1748 2488 1818 2521 diei
1836 2489 1934 2527 sesti,
1959 2494 2094 2527 coetus,
2121 2493 2209 2519 tem-

1225 2538 1274 2582 pli
1302 2546 1458 2573 ornatus.
1512 2538 1599 2571 Nam
1625 2545 1663 2572 ut
1681 2546 1833 2580 constat,
1862 2537 1925 2571 hae
1944 2538 2071 2581 figurae
2088 2537 2210 2569 admo-

1225 2601 1308 2622 nere
1326 2602 1388 2624 nos
1408 2590 1449 2623 de
1469 2601 1549 2622 vera
1567 2590 1803 2623 celebratione
1822 2591 1960 2623 debent.
2013 2587 2076 2621 Est
2093 2593 2207 2621 autem

1225 2652 1305 2674 vera
1334 2641 1540 2682 celebratio,
1569 2652 1775 2674 conservare
1800 2640 2031 2685 ministerium
2049 2637 2208 2679 Evange-

2332 1598 2340 1615 ,ἡ
2332 1532 2337 1571 ..ηρ
2328 1426 2337 1526 ,ιΑ-’,ψ-νν
2326 1256 2336 1419 ww«
