2379 2948
123 83 139 115 1
148 81 221 115 369

420 166 617 209 Psalmus
648 167 806 210 CXIV.

115 259 160 291 In
181 259 287 292 exitu
310 260 466 294 Israelis
488 260 534 295 de
558 262 745 308 Aeyypto,
773 261 906 296 domus
926 260 1034 295 Iacob
1060 261 1107 296 de

164 310 299 353 populo
315 309 484 346 barbaro.

115 361 236 393 Facta
258 365 315 394 est
331 361 428 396 Iuda
448 361 702 409 sanctificatio
723 365 823 402 eius,
853 363 970 397 Israel
988 362 1106 398 domi-

165 412 271 444 natio
287 413 380 446 eius·

113 461 223 494 Mare
245 461 342 496 vidit
364 468 401 497 et
424 461 552 511 fugit,
586 463 761 498 Iordanis
788 475 940 498 aversus
964 469 1020 498 est
1045 475 1105 498 re-

165 516 339 547 trorsum.

111 563 257 597 Montes
277 566 479 599 exilierunt
498 567 597 599 sicut
622 567 779 606 arietes,
808 570 845 600 et
871 567 983 600 colles
1003 568 1105 600 sicut

162 616 252 659 ayni
267 617 401 650 ovium.

113 665 210 704 Quid
235 671 318 700 erat
345 665 414 700 tibi
431 677 538 700 mare
565 678 630 701 cur
643 665 828 713 fugeres?
855 672 894 701 et
912 673 952 702 tu
970 667 1104 702 lorda-

162 718 222 750 nis
241 727 306 751 cur
322 716 477 752 aversus
495 729 535 752 es
554 717 791 753 retrorsum?

110 767 261 801 Montes
284 769 468 803 exiliistis
493 771 594 803 sicut
620 772 781 813 arietes,
809 772 846 802 et
869 769 980 803 colles
1005 771 1104 804 sicut

161 821 250 864 agni
266 818 415 854 ovium?

109 869 143 902 Α
161 866 272 913 facie
295 871 451 905 Domini
481 876 583 906 mota
605 876 661 906 est
689 876 812 914 terra,
850 881 873 903 a
893 869 1002 916 facie
1027 873 1102 906 Dei

159 919 278 955 Iacob.

110 971 179 1010 Qui
197 973 381 1006 convertit
404 976 538 1017 petras
560 973 600 1006 in
615 975 714 1007 rivos
731 984 933 1018 aquarum,
964 979 1002 1008 et
1019 975 1102 1015 sili-

158 1033 220 1056 ces
235 1025 276 1057 in
291 1021 419 1068 fontes
437 1034 638 1069 aquarum.

111 1135 198 1168 Non
217 1132 322 1168 nobis
339 1133 526 1175 Domine,
554 1145 627 1168 non
642 1133 769 1168 nobis:
796 1133 862 1168 sed
878 1137 1019 1170 nomini
1036 1141 1098 1171 tuo

159 1184 227 1219 des
254 1186 438 1231 yloriam‚
466 1190 620 1229 propter
651 1185 951 1221 misericordiam
976 1192 1099 1230 tuam,

157 1240 195 1270 et
211 1237 415 1270 veritatem
433 1240 552 1270 tuam.

108 1288 234 1328 Quare
253 1286 385 1321 dicent
397 1291 554 1333 gentes:
575 1286 642 1321 Ubi
658 1299 756 1322 nunc
769 1292 827 1321 est
837 1289 938 1322 Deus
947 1289 1099 1324 eorum?

106 1337 183 1373 Sed
198 1339 304 1372 Deus
319 1342 445 1372 noster
462 1339 502 1371 in
518 1339 617 1371 coelo
635 1338 814 1383 quicquid
829 1340 944 1373 voluit
960 1339 1070 1384 fecit.

105 1389 323 1424 Simulacra
347 1389 499 1422 illorum
525 1394 729 1434 argentum
746 1394 784 1423 et
802 1401 956 1434 aurum,
984 1404 1096 1436 opera

155 1451 336 1474 manuum
354 1439 555 1473 hominum.

106 1493 152 1525 Os
168 1490 327 1526 habent:
355 1489 425 1524 sed
449 1501 524 1524 non
546 1491 771 1536 loquuntur,
797 1493 918 1526 oculos
944 1491 1095 1537 habent,

156 1547 195 1577 et
210 1553 283 1576 non
298 1541 439 1576 vident.

103 1596 223 1630 Aures
238 1592 396 1627 liabent:
423 1590 492 1626 sed
509 1602 582 1625 non
601 1591 776 1627 audiunt.

103 1648 231 1680 Nares
246 1643 412 1678 habent.-
439 1642 508 1677 sed
525 1654 599 1676 non
616 1643 836 1679 odorantur.

102 1699 242 1732 Manus
259 1694 416 1730 liabent:
443 1693 513 1728 sed
530 1705 604 1728 non
617 1695 793 1739 palpant,

102 1748 224 1784 Pedes
239 1745 397 1781 habent:
425 1745 493 1780 sed
510 1756 584 1779 non
606 1745 811 1780 ambulant.

102 1802 187 1834 Non
201 1797 444 1832 meditantur
464 1799 504 1831 in
521 1800 675 1842 yutture
690 1809 766 1831 suo.

103 1850 259 1886 Similes
280 1849 428 1883 illorum
453 1853 558 1888 sunt,
587 1850 650 1892 qui
668 1846 829 1893 faciunt
852 1859 917 1891 ea,
947 1853 986 1882 et
1003 1847 1095 1893 {qui-

153 1911 297 1946 cunque
317 1898 509 1946 confidunt
526 1899 616 1933 illis.

102 1953 220 1988 Israe'l
235 1949 388 1998 confidit
404 1952 444 1984 in
453 1951 627 1992 Domino,
646 1949 802 1984 adiutor
818 1961 943 1985 eorum
959 1954 997 1984 et
1008 1961 1094 1994 pro·
1118 1963 1120 1974 2

154 2008 276 2038 tector
294 2012 425 2036 eorum
445 2003 525 2046 ipse
541 2005 609 2035 est.

101 2057 245 2090 Domus
261 2054 390 2088 Aaron
409 2051 566 2099 confidit
587 2053 760 2095 Domino,
783 2051 935 2087 adiutor
955 2056 991 2086 et
1006 2063 1092 2097 pro-

153 2110 270 2141 tector
289 2115 417 2138 eorum
436 2106 515 2148 ipse
531 2108 601 2138 est,

102 2160 174 2201 Qui
194 2160 329 2192 timent
346 2156 568 2195 Dominum,
598 2152 791 2201 confidunt
813 2155 995 2197 Domino,
1024 2154 1092 2188 ad-

150 2212 251 2244 iutor
266 2211 303 2242 et
316 2210 508 2251 protector
524 2217 651 2241 eornm
667 2209 736 2239 est.

103 2323 290 2356 Dominus
304 2331 446 2355 memor
468 2323 523 2353 est
541 2320 680 2361 nostri,
709 2322 746 2352 et
764 2316 950 2351 benedicit
974 2316 1089 2351 nobis.

103 2379 342 2416 Benedicens
368 2378 555 2414 benedicit
579 2378 704 2413 domui
720 2379 858 2420 lsrael,
886 2382 920 2411 el
940 2376 1091 2411 benedi·
1115 2394 1117 2420 ;

157 2435 210 2467 cit
226 2431 352 2466 domui
370 2432 512 2465 Aaron.

100 2491 299 2526 Benedicit
318 2489 535 2525 timentibus
554 2490 760 2523 Dominum
773 2488 922 2533 pusillis
947 2492 985 2522 et
1009 2499 1090 2522 ma-
1115 2504 1117 2507 v

148 2554 245 2590 gnis·

99 2602 316 2638 Accumulet
339 2601 525 2636 Dominus
549 2610 662 2645 super
683 2610 764 2642 vos,
800 2603 837 2632 et
859 2609 969 2642 super
991 2596 1090 2645 filios

150 2657 305 2688 vestros.

743 84 808 119 IX.
859 77 1225 119 COMMENTARII
1254 78 1305 114 IN
1328 78 1568 118 PSALMOS.

2049 89 2146 123 1370

1158 164 1358 201 Benedicti
1388 179 1450 202 vos
1479 180 1502 203 α
1528 169 1709 213 Domino,
1746 173 1808 216 qui
1830 169 1923 216 fecit
1948 175 2084 208 coelum
2109 180 2145 209 et

1206 220 1363 251 terram.

1157 269 1256 302 Coeli
1284 269 1467 303 coelorum
1492 270 1644 305 Domini
1662 276 1771 316 sunt,
1808 279 1847 308 et
1873 279 2013 309 terram
2041 275 2145 310 dedit

1206 317 1314 365 fiiliis
1334 318 1535 354 hominum.

1155 371 1239 403 Non
1259 372 1400 404 mortui
1425 371 1633 405 laudabunt
1657 377 1693 406 te
1716 375 1899 419 Domine,
1929 388 2046 422 neque
2062 378 2145 419 ulli,

1207 423 1270 465 qui
1288 419 1515 456 descendunt
1535 425 1574 456 in
1591 420 1794 468 infernum.

1155 471 1233 506 Sed
1267 483 1334 505 nos
1367 471 1620 507 benedicimus
1652 476 1836 520 Domino,
1871 476 2008 513 abhinc
2033 490 2145 523 usque

1207 525 1506 567 inperpetuum,
1534 526 1712 559 Alleluia.

1488 609 1819 652 Argumentum.

1255 673 1364 718 Apud
1383 671 1540 708 Ebraeos
1559 677 1630 709 duo
1652 685 1734 711 sunt
1754 678 1904 721 Psalmi,
1931 692 2039 726 quos,
2063 681 2145 726 quia

1155 723 1321 759 videntur
1349 731 1429 769 apte
1459 724 1666 766 cohaerere,
1709 729 1919 774 interpretes
1953 732 2145 765 coniunxe-

1153 782 1250 809 runt.
1286 775 1407 818 Quare
1425 784 1457 810 et
1474 789 1538 810 nos
1555 785 1744 823 utrumque
1761 781 2046 825 complectemur.
2080 779 2146 814 Est

1153 833 1269 859 autem
1288 827 1327 859 in
1343 838 1480 860 summa
1497 834 1644 872 uterque
1659 828 1821 864 Psalmus
1837 832 2029 874 gratiarum
2045 832 2147 872 actio,

1153 883 1191 910 ut
1218 884 1422 916 caneretur,
1450 884 1490 911 ut
1514 886 1660 922 apparet
1685 882 1873 928 praecipue
1899 883 1936 915 in
1963 881 2145 920 paschate,

1153 928 1197 960 ad
1231 928 1480 961 celebrandam
1514 931 1721 963 memoriam
1762 932 1985 967 liberationis
2021 932 2145 977 populi

1154 977 1336 1013 israelitici
1354 991 1393 1012 ex
1411 977 1591 1025 Aegypto,
1619 989 1651 1015 et
1671 982 1773 1016 datae
1788 990 1902 1017 terrae
1919 985 2124 1028 promissae.

1254 1043 1322 1079 Sed
1341 1044 1439 1089 prior
1455 1045 1618 1080 Psalmus
1642 1055 1692 1082 est
1709 1061 1853 1092 prorsus
1870 1047 2036 1084 historica
2061 1061 2145 1083 nar-

1152 1095 1262 1135 ratio,
1297 1096 1456 1130 breviter
1480 1098 1715 1141 complectens
1733 1097 1919 1133 historiam
1946 1100 2146 1134 eductionis

1151 1152 1184 1179 et
1203 1146 1457 1180 miraculorum
1469 1174 1478 1188 ‚
1504 1159 1594 1192 quae
1621 1157 1703 1183 sunt
1721 1151 1814 1184 edita
1830 1151 2007 1185 divinitus
2021 1151 2059 1184 in
2077 1149 2144 1185 hoc

1151 1197 1305 1240 populo,
1333 1198 1378 1230 ab
1404 1209 1543 1240 egressu
1571 1211 1611 1232 ex
1631 1200 1810 1247 Aegypto,
1838 1203 1954 1247 quoad
1981 1202 2145 1235 introdu-

1150 1247 1197 1280 cti
1222 1254 1303 1281 sunt
1329 1247 1367 1280 in
1391 1255 1520 1282 terram
1547 1248 1708 1289 Canaan,
1736 1253 1867 1297 quibus
1883 1252 1978 1286 Deus
1998 1259 2144 1287 testatus

1149 1304 1218 1338 est,
1245 1310 1281 1331 se
1299 1299 1442 1342 elegisse
1461 1297 1555 1333 hunc
1573 1302 1764 1345 populum,
1792 1310 1826 1337 et
1841 1303 1880 1336 in
1897 1315 1936 1336 eo
1959 1304 2143 1348 proposuit

1150 1349 1349 1382 testimonia
1382 1351 1601 1393 praesentiae
1632 1364 1735 1394 suae,
1771 1354 1867 1387 iuxta
1892 1355 2144 1399 promissiones

1149 1399 1247 1433 datas
1274 1398 1457 1441 Patribus,
1491 1403 1587 1446 quod
1612 1411 1701 1437 esset
1722 1404 1881 1448 ipsorum
1904 1404 2018 1444 Deus,
2047 1406 2143 1450 quod

1149 1456 1237 1483 esset
1265 1457 1469 1484 servaturus
1496 1453 1688 1496 promissa,
1714 1453 1936 1489 exhibiturus
1957 1454 2143 1490 Christum

1148 1505 1227 1541 etc.‚
1243 1500 1407 1534 videlicet
1427 1508 1467 1536 ut
1483 1502 1550 1547 ipsi
1567 1504 1740 1539 admoniti
1757 1504 1813 1539 his
1829 1507 2008 1550 exemplis,
2029 1507 2142 1540 disce-

1149 1558 1228 1585 rent
1246 1551 1369 1584 timere
1384 1550 1518 1594 Deum,
1546 1560 1578 1588 et
1595 1557 1736 1589 credere
1753 1556 1843 1598 Deo,
1871 1564 1904 1591 et
1922 1564 1960 1591 ut
1977 1569 2040 1602 per
2059 1556 2143 1590 haec

1148 1602 1315 1635 miracula
1332 1602 1435 1636 etiam
1446 1611 1565 1646 gentes
1577 1606 1813 1641 excitarentur
1825 1608 1869 1641 ad
1881 1609 2142 1651 agnoscendum

1148 1658 1182 1685 et
1207 1651 1479 1695 glorificandum
1505 1652 1600 1688 hunc
1624 1655 1751 1694 Deum.
1803 1659 1887 1691 Ideo
1921 1670 2023 1703 saepe
2055 1658 2142 1692 scri-

1148 1708 1252 1746 ptura
1271 1704 1401 1747 repetit
1417 1711 1450 1738 et
1467 1704 1620 1741 inculcat
1640 1706 1724 1741 haec
1748 1709 1937 1750 miracula,
1964 1716 2003 1743 ut
2028 1721 2142 1754 popu-

1148 1753 1221 1785 lum
1252 1754 1442 1789 admoneat
1474 1756 1517 1789 de
1542 1757 1669 1791 timore
1692 1766 1725 1792 et
1751 1760 1794 1792 de
1816 1760 1884 1793 fide
1909 1772 1987 1804 erga
2012 1759 2142 1794 Deum.

1148 1801 1194 1837 Et
1214 1804 1252 1837 in
1269 1804 1346 1848 ipso
1374 1806 1541 1851 decalogo
1565 1807 1605 1842 fit
1623 1810 1754 1844 mentio
1772 1808 1941 1844 historiae
1956 1811 2141 1844 liberatio-

1146 1855 1202 1887 nis
1235 1855 1375 1899 populi:
1410 1854 1487 1900 Ego
1520 1870 1597 1891 sum
1629 1858 1805 1895 Dominus
1839 1860 1935 1895 Deus
1965 1868 2047 1896 tuus
2078 1862 2140 1907 qui

1147 1906 1250 1938 eduxi
1267 1913 1300 1939 te
1317 1907 1359 1939 de
1374 1913 1467 1941 terra
1486 1906 1639 1955 Aegypti
1655 1918 1718 1947 etc.
1755 1911 1880 1946 Voluit
1897 1913 1991 1947 enim
2009 1913 2046 1945 in
2072 1910 2140 1946 hoc

1145 1968 1269 1999 opere,
1293 1963 1332 1990 ut
1349 1957 1438 1998 dixi,
1467 1960 1623 2004 conspici
1638 1961 1752 2001 Deus,
1781 1970 1814 1997 et
1840 1970 1956 1997 extare
1981 1963 2140 1997 testimo-

1118 2042 1119 2045 *
1145 2007 1246 2040 nium
1266 2019 1349 2041 suae
1367 2011 1593 2052 praesentiae*

1245 2073 1343 2109 Haec
1365 2081 1415 2109 est
1439 2089 1574 2110 summa
1607 2077 1736 2121 prioris
1761 2077 1911 2120 Psalmi,
1949 2081 2010 2125 qui
2044 2078 2136 2114 nihil

1143 2125 1240 2158 aliud
1258 2132 1326 2168 est,
1354 2138 1458 2172 quam
1475 2129 1683 2162 brevissima
1701 2130 1863 2174 repetitio
1879 2131 2074 2165 admonens
2090 2133 2134 2165 de

1143 2174 1301 2211 historia.

1245 2242 1352 2277 Hunc
1377 2251 1456 2289 apte
1483 2245 1642 2289 sequitur
1665 2246 1754 2280 alter
1777 2246 1958 2290 Psalmus,
1996 2256 2030 2283 et
2054 2262 2133 2284 curn

1143 2292 1210 2327 hoc
1232 2292 1414 2336 cohaeret,
1450 2296 1548 2339 quasi
1571 2298 1848 2332 accommodatio
1875 2299 2056 2343 applicans
2078 2299 2135 2333 hi-

1142 2345 1289 2379 storiam
1311 2347 1355 2379 ad
1380 2357 1502 2380 usum:
1543 2347 1647 2381 docet
1672 2347 1716 2380 de
1740 2360 1821 2381 vera
1848 2350 2027 2392 agnitione
2053 2349 2132 2392 Dei,

1142 2402 1175 2430 et
1192 2397 1236 2429 de
1253 2396 1345 2429 veris
1363 2397 1536 2434 cultibus,
1564 2399 1659 2442 quod
1684 2395 1744 2432 hic
1766 2399 1810 2432 sit
1830 2411 1910 2433 vere
1928 2399 2043 2441 Deus,
2070 2402 2132 2447 qui

1142 2447 1279 2480 dederit
1304 2448 1472 2489 verbum,
1498 2455 1530 2481 et
1553 2448 1591 2480 in
1615 2446 1671 2481 his
1692 2450 1860 2494 exemplis
1883 2463 1955 2485 sese
1980 2453 2133 2486 voluerit

1141 2497 1302 2541 agnosci,
1330 2499 1425 2543 quod
1453 2510 1526 2532 non
1548 2499 1592 2532 sit
1615 2499 1771 2539 ociosus,
1799 2501 1857 2534 sed
1882 2513 1963 2535 vere
1981 2510 2132 2547 praestet

1141 2548 1331 2593 promissa,
1367 2550 1464 2594 quod
1493 2549 1657 2593 respiciat
1686 2557 1719 2584 et
1752 2552 1915 2586 exaudiat
1945 2560 1979 2588 et
2006 2554 2132 2588 liberet

1141 2599 1235 2643 pios,
1263 2606 1296 2633 et
1320 2607 1464 2634 econtra
1490 2601 1616 2645 puniat
1632 2601 1779 2645 impios,
1806 2602 1957 2649 ideoque
1979 2617 2059 2638 eum
2085 2605 2130 2638 ti-

1141 2651 1310 2684 mendum
1323 2677 1332 2693 ‚
1360 2658 1393 2686 et
1413 2651 1482 2695 ipsi
1501 2652 1718 2686 credendum
1737 2664 1829 2696 esse,
1857 2661 1891 2688 et
1905 2652 1971 2689 hac
1987 2655 2054 2689 fide
2073 2655 2129 2689 in-
