2379 2948
114 127 189 164 905
510 126 554 162 V.

111 223 164 250 tos
182 213 408 259 perdidisset,
436 213 548 247 filium
565 211 797 254 Absolonem‚
825 209 1038 256 Ahitophet,
1066 219 1099 246 et

111 264 207 300 haud
224 266 331 299 dubie
350 266 479 299 multos
498 265 665 308 sapientia
685 271 718 297 et
733 265 863 297 virtute
885 263 1098 297 antecellen-

111 323 173 352 tes.
211 315 259 350 Et
277 317 406 359 opinor
424 316 480 348 vix
499 316 611 348 ullum
631 327 703 348 esse
722 312 922 355 hominem,
950 315 1007 347 cui
1024 326 1097 347 non

111 379 255 412 serpens
282 368 342 400 ille
365 367 552 400 insidiator
578 365 716 408 insigne
739 366 884 410 aliquod
908 366 1038 398 vulnus
1060 366 1096 398 in

110 420 229 452 animo
250 419 371 459 saciat,
397 425 437 451 ut
453 416 683 459 languefaciat
699 416 813 449 fidem.
858 415 1007 459 Quoties
1024 416 1095 449 Da-

109 471 169 503 vid
187 471 305 503 sedato
321 470 389 501 iam
407 467 561 501 tumultu
579 467 744 509 cogitavit
762 468 805 500 de
823 479 885 500 suo
908 468 1026 512 lapsu,
1054 469 1097 500 (le

110 521 320 564 coniugibus
338 520 371 551 vi
390 518 568 562 stupratis,
591 518 703 562 deque
720 517 798 550 aliis
817 519 1001 558 scandalis,
1024 531 1095 552 non

110 573 225 605 solum
252 569 428 603 moesticia
454 575 622 601 renovata
647 576 718 608 est,
751 570 809 602 sed
835 570 938 603 etiam
965 582 1096 614 pavore

110 636 149 657 ac
164 622 385 657 dubitatione
402 631 569 653 concussa
588 626 621 653 et
637 620 854 662 languefacta
873 627 922 654 est
940 621 1035 655 fides.

210 672 305 706 Haec
331 671 483 714 cogitent
505 671 572 714 pii,
607 677 641 704 et
665 672 737 705 sint
761 671 797 703 in
825 672 976 705 statione
998 679 1031 705 et
1059 672 1095 704 in
1119 693 1121 706 t

109 724 264 758 excubiis
284 723 451 756 adversus
476 728 545 755 tam
573 722 691 755 dirum
719 720 875 761 bostem,
910 729 942 756 et
966 734 982 755 a
1002 722 1095 755 Filio

108 774 176 809 Dei
194 781 311 818 petant
327 773 619 806 defensionem'et
635 774 941 816 gubernationem.
985 773 1097 806 Voca-

108 833 166 860 tur
187 824 363 859 Emanuel
379 823 493 857 Filius
510 822 595 863 Dei,
623 831 656 857 et
675 836 754 857 vere
777 825 963 858 nobiscum
989 826 1096 863 adest,

105 877 163 910 sed
182 876 323 919 agnosci
341 876 416 909 vult
434 881 467 908 et
490 875 659 908 invocari.
717 875 800 908 Vult
819 876 921 908 etiam
941 887 1006 908 nos
1024 888 1096 908 non

105 939 169 971 per
185 927 360 970 ignaviam
384 938 486 959 ruere
505 938 573 970 quo
597 923 709 959 hostis
729 926 899 973 impellit,
928 929 988 959 sed
1008 927 1096 970 vigi-

105 978 218 1012 lantes
246 989 366 1011 cavere
398 977 561 1015 insidias,
595 988 790 1021 repugnare
818 978 1003 1011 illecebris.
1059 977 1096 1011 Si

104 1036 250 1074 peccant
266 1029 378 1068 oculi,
406 1040 479 1061 non
505 1028 706 1071 indulgeas,
734 1029 761 1061 si
787 1029 971 1062 blanditur
988 1029 1094 1072 impia

104 1081 239 1124 opinio,
267 1092 390 1113 revoca
407 1080 577 1119 animum,
598 1080 679 1122 suge
694 1080 998 1119 consuetudinem,
1023 1079 1095 1112 col-

103 1131 224 1177 loquia
255 1131 460 1175 impiorum,
519 1129 656 1173 Collige
683 1131 802 1164 animo
828 1143 907 1163 vera
933 1138 965 1164 et
995 1131 1093 1163 firma

104 1182 304 1217 testimonia
330 1189 442 1215 rectae
464 1181 668 1216 sententiae.
722 1180 769 1216 Et
793 1182 898 1214 simul
922 1179 1014 1215 hosti
1040 1193 1094 1214 re-

104 1245 256 1278 pugnes,
283 1239 315 1266 et
331 1234 454 1266 ducem
474 1239 574 1265 tuum
594 1231 725 1265 Filium
743 1232 808 1266 Dei
826 1244 979 1266 accersas
1004 1238 1042 1266 ut
1061 1239 1094 1266 te

103 1286 265 1325 adiuvet,
289 1291 327 1318 ut
342 1285 500 1317 destruat
517 1295 622 1327 opera
641 1284 787 1316 diaboli.

205 1335 274 1368 Hic
291 1335 499 1379 praecipuus
517 1341 567 1367 est
584 1334 682 1366 locus
701 1332 807 1368 huius
829 1335 969 1378 capitis,
997 1335 1092 1379 quod

103 1387 195 1421 clare
221 1398 286 1419 nos
309 1386 478 1418 admonet
497 1385 539 1417 de
554 1382 610 1417 his
627 1385 895 1426 certaminibus,
921 1386 1094 1429 siguificat

101 1437 269 1483 praeliari
291 1437 405 1470 bonos
431 1443 464 1469 et
489 1436 600 1469 malos
627 1437 772 1479 spiritus
795 1437 888 1469 inter
913 1448 947 1469 se
966 1438 1008 1469 de
1025 1436 1093 1469 Ec-

102 1489 206 1523 etesia
223 1496 256 1522 et
272 1488 314 1521 de
338 1487 508 1531 imperiiS.
565 1485 611 1520 Ut
632 1493 717 1520 tune
742 1488 878 1520 diaboli
904 1488 1094 1521 irritabant

101 1540 358 1574 adolescentem
376 1550 491 1581 regem
507 1536 716 1583 Cambysen,
739 1546 772 1572 et
791 1539 976 1584 plerosque
993 1539 1093 1583 prin-

101 1592 214 1636 cipes,
246 1597 286 1623 nt
318 1590 489 1633 populum
523 1588 734 1621 Iudaeorum
767 1590 823 1622 vel
854 1591 1093 1633 opprimerent

102 1643 158 1675 vel
178 1643 347 1674 delerent.
402 1640 453 1673 lta
473 1652 568 1672 nunc
593 1640 735 1673 irritant
754 1639 947 1673 Turcicnm
971 1648 1093 1686 tyran-

102 1706 209 1733 num,
234 1699 274 1725 ut
300 1703 439 1729 nomen¹
456 1688 587 1724 Christi
613 1691 776 1724 funditus
802 1692 934 1729 deleat,
970 1692 1091 1724 incen-

102 1745 192 1778 dunt
216 1743 399 1787 pontifices
421 1749 454 1775 et
476 1753 591 1784 reges,
619 1750 657 1775 ut
674 1742 866 1775 defendant
892 1743 1005 1781 idola,
1033 1755 1092 1775 ex-

101 1795 266 1838 tinguant
289 1795 403 1827 lucem
433 1791 630 1835 Evangelii.
684 1790 731 1826 Et
755 1800 794 1826 ut
819 1800 902 1826 tunc
929 1794 1093 1826 diabolus

101 1846 201 1890 regni
227 1845 357 1878 Persici
387 1843 636 1887 dissipationes
667 1844 854 1884 efficiebat,
890 1845 1094 1888 impellebat

100 1897 319 1942 Babylonios
342 1902 374 1929 et
398 1894 562 1939 Assyrios
593 1895 634 1926 ad
663 1896 854 1927 movendas
890 1896 1092 1934 seditiones,

100 1949 149 1981 ita
175 1960 271 1981 nuuc
296 1946 496 1980 domesticis
519 1946 621 1978 bellis
647 1945 805 1989 implicat
829 1947 1021 1990 principes,
1055 1953 1093 1979 ut

103 1999 206 2032 etiam
236 1996 300 2032 hac
330 1997 468 2032 ratione
502 1996 672 2041 impediat
701 1996 887 2040 Evangelii
920 2010 1092 2042 propaga-

103 2050 248 2084 tionem.

204 2098 299 2132 Haec
316 2099 400 2132 dum
420 2105 603 2142 geruntur,
629 2099 800 2133 dimicant
817 2100 909 2133 inter
926 2112 961 2132 se
979 2100 1091 2142 angeli

102 2150 188 2184 boni
205 2158 237 2183 et
251 2150 349 2183 mali.
400 2148 506 2193 Regii
521 2157 634 2183 autem
662 2158 694 2184 et
717 2151 861 2184 adiuvat
885 2152 998 2183 bonos
1021 2152 1091 2183 dux

102 2208 222 2235 noster
241 2200 354 2233 Filius
368 2199 454 2240 Dei,
481 2208 514 2235 et
529 2202 679 2244 protegit
697 2200 903 2242 Ecclesiam,
932 2209 963 2235 et
979 2203 1092 2246 repri-

102 2253 168 2286 mit
190 2252 340 2295 impetus
359 2251 535 2284 malorum
561 2253 764 2296 spirituum.
816 2252 912 2286 Haec
937 2254 1001 2286 etsi
1018 2265 1091 2286 non

102 2303 279 2337 ceruimus
295 2301 424 2341 oculis,
452 2308 484 2335 et
499 2300 661 2336 homines
680 2305 819 2347 profani
838 2305 997 2337 fabulosa
1019 2316 1091 2337 esse
1115 2345 1117 2349 Ι

100 2355 256 2397 ducunt,
284 2360 401 2386 tamen
419 2364 456 2385 re
473 2365 552 2385 vera
570 2354 616 2386 ita
634 2355 707 2397 geri
732 2356 841 2388 multa
868 2356 1019 2389 illustria
1041 2363 1090 2389 te-

101 2405 267 2440 stimonia
293 2405 330 2437 in
354 2401 512 2437 historiis
535 2410 566 2436 et
582 2405 685 2438 dictis
708 2404 925 2451 propheticis
949 2413 983 2440 et
1005 2419 1090 2451 apo-

102 2456 234 2491 stolicis
255 2456 458 2489 ostendunt.
1114 2470 1117 2523 Ι

204 2506 317 2540 Notae
348 2512 431 2540 sunt
460 2503 627 2539 historiae
653 2507 778 2547 Iacob,
813 2514 847 2541 et
873 2509 1090 2544 defensionis
1115 2530 1117 2551 ,

102 2558 227 2602 populi
249 2558 286 2590 in
306 2557 395 2590 mari
422 2557 531 2590 rubro
551 2564 585 2590 et
602 2556 639 2589 in
661 2559 810 2591 deserto.
864 2559 990 2594 Postea
1009 2573 1088 2594 cum

102 2608 203 2643 Iosue
220 2615 483 2643 castrametatus
500 2614 588 2641 esset
611 2609 652 2641 ad
673 2607 831 2652 Iericho,
856 2622 977 2653 mane,
1003 2606 1089 2646 dum
1114 2591 1117 2641 Ι

102 2660 207 2693 situm
225 2659 379 2703 regionis
403 2659 624 2704 speculatur,
651 2660 748 2693 videt
772 2661 948 2704 quendam
967 2663 1088 2696 stricto
1113 2665 1117 2695 ἱ

102 2710 220 2754 gladio
240 2723 357 2745 coram
381 2706 571 2753 astantem,
598 2710 660 2756 qui
677 2711 914 2754 interrogatus
932 2713 1010 2758 quis
1033 2714 1090 2755 sit,
1113 2707 1116 2732 2

616 126 667 162 IN
693 124 955 162 DANIELEM
980 123 1296 161 PROPHETAM
1323 123 1739 162 COMMENTARIUS.

2065 127 2138 162 906

1151 210 1351 252 respondit,
1383 222 1418 244 se
1442 223 1514 245 esse
1537 214 1661 247 ducem
1693 215 1864 248 exercitus
1887 212 1952 248 Dei
1981 214 2139 255 missum,

1152 261 1333 301 videlicet,
1360 268 1399 294 ut
1420 264 1644 297 multitudini
1664 264 1878 299 Israeliticae
1896 277 1998 309 opem
2022 265 2137 299 ferret.

1151 310 1320 345 Arbitror
1344 319 1459 346 autem
1486 321 1518 347 et
1543 313 1638 348 hunc
1661 317 1766 350 fuisse
1784 317 1898 360 ipsum
1914 316 2046 350 Filium
2063 315 2140 349 Dei.

1150 361 1230 396 Huc
1254 363 1344 395 adde
1367 362 1503 403 David,
1531 364 1630 398 Eliae
1657 374 1689 400 et
1702 366 1835 401 Elisaei
1862 366 2038 402 historias.
2092 365 2140 400 Et

1150 413 1267 446 David
1300 413 1419 458 inquit
1444 414 1535 450 Psal.
1562 417 1640 451 91.:
1693 416 1872 460 Quoniam
1907 418 2040 462 angelis
2068 418 2140 451 suis

1151 465 1332 497 mandavit
1359 466 1400 497 de
1424 472 1473 505 te,
1500 473 1538 499 ut
1561 469 1761 502 custodiant
1783 477 1816 502 te
1834 471 1870 502 in
1894 471 2058 503 omnibus
2075 469 2141 501 viis

1151 516 1232 548 tuis.
1283 513 1330 548 Et
1348 514 1408 551 34.
1425 515 1532 551 Psal.:
1559 516 1813 553 circumvallat
1833 521 1976 563 angelus
1994 519 2141 554 Domini

1151 567 1314 599 timentes
1332 578 1429 607 eum,
1457 574 1490 601 et
1515 569 1620 612 eripit
1635 581 1704 603 eOS.
1757 569 1847 603 Cum
1874 572 1981 613 igitur
2008 578 2141 604 certum

1152 618 1194 650 sit
1217 616 1330 650 Deum
1358 616 1535 651 Ecclesiae
1560 631 1641 652 suae
1669 622 1809 664 angelos
1828 622 2005 654 addidisse
2026 628 2142 655 custo-

1152 670 1228 708 des,
1257 669 1410 712 pericula
1430 682 1617 714 corporum
1637 671 1673 703 in
1692 673 1856 706 obeunda
1873 673 2056 706 vocatione
2075 672 2142 704 mi-

1152 731 1218 752 nus
1236 719 1479 753 formidemus.

1252 777 1349 811 Haec
1375 777 1466 811 mihi
1488 780 1678 822 scribenti,
1716 783 1887 828 quaedam
1915 783 2027 816 nostri
2052 789 2142 816 tem-

1152 829 1246 874 poris
1280 830 1439 874 exempla
1473 831 1510 863 in
1536 838 1686 865 mentem
1719 841 1905 870 venerunt.
1959 832 2006 868 Et
2029 845 2144 879 quan-

1152 892 1255 925 quam
1280 878 1446 914 historias
1474 883 1591 924 plnres
1619 891 1729 917 certas
1756 892 1788 917 et
1804 897 1901 919 veras
1924 886 1965 919 de
1984 883 2143 919 honestis

1152 929 1359 965 hominibus
1387 940 1419 966 et
1441 932 1508 966 fide
1532 934 1660 977 dignis,
1688 936 1747 980 qui
1766 934 1882 969 adhuc
1899 937 2034 976 vivunt,
2060 947 2144 968 uar-

1151 994 1229 1014 rare
1253 994 1408 1025 possem,
1451 991 1570 1017 tamen
1595 986 1735 1018 unicam
1757 987 1910 1021 recitabo
1936 989 1979 1020 de
1997 987 2143 1021 Simone

1153 1032 1338 1078 Grynaeo,
1367 1035 1427 1078 qui
1444 1036 1487 1067 ad
1506 1037 1731 1069 excellentem
1755 1038 1993 1072 eruditionem
2020 1045 2051 1071 et
2068 1038 2143 1070 vir-

1152 1091 1260 1117 tutem
1280 1085 1487 1118 adiunxerat
1503 1098 1620 1119 veram
1638 1088 1708 1120 Dei
1728 1090 1959 1123 reverentiam
1974 1117 1982 1131 ,
2010 1096 2043 1123 et
2067 1100 2142 1121 ma-

1150 1135 1242 1167 xime
1259 1133 1525 1180 Philosophiam
1546 1138 1689 1172 illorum
1710 1140 1969 1181 detestabatur,
1998 1140 2059 1185 qui
2078 1152 2143 1184 pu-

1149 1192 1225 1219 tant
1259 1199 1298 1219 eo
1329 1199 1364 1219 se
1396 1188 1474 1231 plus
1508 1188 1627 1222 videre
1659 1191 1820 1231 caeteris,
1855 1193 1948 1237 quod
1976 1192 2031 1224 vel
2058 1203 2142 1224 con-

1150 1244 1307 1271 temnere
1333 1238 1522 1281 religiones
1548 1242 1699 1281 audent,
1728 1242 1783 1274 vel
1809 1243 1851 1274 de
1869 1243 2037 1275 omnibus
2063 1253 2143 1274 sen-

1149 1288 1268 1321 tentiis
1278 1286 1480 1334 Pyrrhonio
1495 1302 1594 1325 more
1611 1292 1648 1324 in
1663 1299 1850 1337 utramque
1866 1301 2001 1338 partem
2018 1293 2142 1337 dispu-

1150 1346 1222 1372 tare
1239 1340 1364 1376 solent.

1253 1423 1295 1457 In
1318 1424 1505 1460 Conventu
1532 1427 1711 1472 Spirensi,
1745 1430 1805 1475 qui
1829 1429 1895 1463 fuit
1923 1441 2015 1462 anno
2037 1427 2145 1469 1529,

1149 1475 1239 1509 forte
1257 1477 1298 1509 ad
1326 1489 1382 1509 me
1406 1490 1445 1510 ex
1463 1477 1652 1513 Academia
1671 1480 1963 1524 Heidelbergensi
1983 1480 2143 1524 expacia-

1149 1533 1205 1559 tus
1223 1534 1306 1562 erat.
1361 1527 1415 1562 Ibi
1443 1541 1522 1562 cum
1550 1529 1706 1564 Fabrum
1727 1531 1970 1567 Viennensem
1992 1530 2142 1575 Episco-

1149 1590 1234 1621 pum
1259 1579 1413 1613 audisset
1442 1580 1479 1612 in
1505 1583 1675 1615 concione
1694 1586 1864 1628 quosdam
1883 1590 1990 1617 tetros
2007 1593 2143 1615 errores

1149 1629 1355 1668 defendere,
1384 1632 1544 1675 sequitur
1576 1635 1813 1675 egredientem
1847 1646 1887 1667 ex
1918 1634 2074 1677 templo,
2103 1646 2141 1666 ac

1150 1688 1352 1713 reverenter
1385 1682 1524 1714 salutat.
1586 1683 1710 1718 Postea
1736 1693 1858 1718 narrat
1882 1697 1916 1718 se
1940 1697 2013 1718 non
2037 1692 2142 1728 petu-

1149 1731 1257 1764 lantia
1279 1731 1417 1776 aliqua,
1448 1734 1506 1765 sed
1534 1734 1629 1767 bono
1654 1737 1770 1769 studio
1793 1736 1948 1776 moveri,
1976 1742 2012 1769 ut
2032 1748 2141 1780 quae-

1149 1784 1229 1814 dam
1248 1783 1351 1816 dicat.
1398 1783 1478 1815 Non
1496 1785 1664 1819 detrectat
1682 1786 1796 1820 Faber
1814 1787 2045 1832 colloquium.
2086 1786 2141 1820 Ibi

1150 1831 1337 1877 Grynaeus
1360 1834 1480 1867 dolere
1503 1847 1538 1868 se
1561 1837 1627 1877 ait,
1663 1840 1758 1882 quod
1783 1839 1837 1871 vir
1859 1839 2053 1872 instructus
2076 1838 2140 1870 do-

1149 1886 1273 1924 ctrina,
1302 1891 1333 1917 et
1351 1886 1562 1920 antecellens
1580 1889 1780 1929 autoritate,
1803 1890 1986 1923 confirmet
2004 1900 2141 1922 errores

1149 1935 1263 1978 palam
1282 1937 1555 1970 contumeliosos
1570 1941 1737 1973 adversus
1747 1939 1875 1979 Deum,
1904 1947 1937 1973 et
1952 1952 2039 1985 quos
2055 1952 2139 1973 con—

1148 1992 1213 2019 stet
1230 1987 1426 2020 manifestis
1450 1989 1661 2023 testimoniis
1685 1991 1906 2036 antiquitatis
1930 1991 2140 2024 ecclesiasti-

1148 2049 1206 2070 cae
1228 2038 1373 2071 refutari
1397 2051 1507 2082 posse.
1563 2041 1694 2075 Scribit
1717 2042 1882 2076 Irenaeus
1902 2042 2139 2088 Polycarpum

1148 2089 1291 2122 solitum
1325 2101 1426 2122 aures
1461 2092 1644 2125 obstruere
1675 2094 1876 2127 audientem
1912 2100 2138 2138 portentosos

1147 2152 1282 2173 errores
1314 2141 1547 2175 fanaticorum
1581 2141 1777 2178 hominum.
1839 2144 1919 2187 Quo
1943 2151 1976 2178 te
2008 2144 2140 2184 animo,

1147 2198 1259 2235 putas,
1285 2193 1439 2226 audisset
1455 2193 1524 2225 iam
1536 2193 1751 2240 polycarpus
1768 2195 2010 2235 disserentem,
2039 2194 2138 2237 Quid

1147 2254 1225 2276 mus
1240 2244 1401 2276 comedat
1417 2245 1586 2278 arrodens
1606 2258 1731 2290 panem
1749 2246 2017 2279 consecratum?
2046 2245 2136 2287 Quis

1146 2306 1219 2326 non
1244 2295 1404 2338 deploret
1428 2293 1606 2329 Ecclesiae
1629 2298 1815 2330 tenebras?
1843 2296 2049 2341 Interpellat
2068 2295 2138 2329 Fa-

1147 2345 1208 2378 ber
1227 2346 1328 2390 plura
1347 2346 1563 2388 additurum,
1590 2360 1628 2380 ac
1648 2348 1841 2390 interrogat
1859 2360 2000 2382 nomen.
2037 2344 2137 2380 Nihil

1146 2397 1346 2430 dissimulat
1368 2394 1443 2439 hic,
1470 2399 1529 2431 sed
1556 2398 1692 2442 placide
1715 2400 1845 2434 fatetur
1870 2411 1904 2432 se
1929 2398 2135 2444 Grynaeum

1144 2459 1229 2484 esse.

1246 2506 1335 2542 Erat
1352 2509 1500 2541 omnino
1518 2507 1648 2550 Faber,
1678 2516 1716 2543 ut
1733 2510 1837 2543 multi
1856 2516 2007 2550 norunt,
2035 2509 2135 2552 flagi-

1115 2567 1117 2579 *
1143 2558 1232 2593 tiose
1254 2560 1400 2592 timidus
1424 2560 1462 2591 in
1482 2561 1693 2603 congressib.
1713 2561 1918 2599 doctorum,
1946 2561 2001 2594 vel
2018 2561 2136 2605 potius

1144 2617 1239 2650 erat,
1263 2617 1301 2643 ut
1320 2610 1430 2642 veteri
1450 2611 1640 2654 proverbio
1656 2612 1856 2646 dicebatur:
1884 2611 2032 2653 Nullus,
2059 2624 2136 2645 ma-

1144 2672 1255 2704 gnus,
1290 2661 1405 2694 malus
1431 2661 1556 2704 piscis,
1587 2662 1624 2696 id
1650 2670 1719 2704 est,
1749 2663 1920 2707 pavidus,
1956 2673 2135 2707 procerus,

1143 2712 1338 2745 insidiosus
1357 2718 1389 2746 et
1414 2712 1543 2749 infans.
1598 2712 1718 2758 Quare
1742 2726 1820 2748 cum
1839 2713 1998 2761 Grynaei
2016 2712 2135 2747 erudi-
