2379 2948
138 98 236 135 1225

740 98 804 133 ΙΧ.
858 95 1224 133 COMMENTARH
1253 96 1304 131 IN
1331 95 1574 134 PSALMOS.

2080 98 2176 133 1226

135 185 298 224 deretur,
332 184 511 228 quomodo
529 185 688 219 membra
714 182 946 225 cohaereant,
980 184 1026 217 ita
1053 195 1128 216 ma·
1155 183 1159 218 l
1182 195 1324 229 quoque
1346 191 1457 217 ratam
1481 196 1571 225 esse,
1605 190 1637 218 et
1660 184 1858 230 acquiescat
1880 183 1948 217 fide
1976 183 2012 217 in
2033 183 2175 218 Media-

135 236 187 279 gis
203 233 382 279 perspicui
399 241 431 268 et
448 236 625 269 dulciores
641 242 764 276 erunt,
792 243 824 269 et
843 247 898 268 res
914 235 988 279 ipsa
1009 242 1129 268 osten-

135 288 194 320 det
219 298 293 320 non
317 298 389 319 esse
412 293 543 320 temere
569 294 772 320 coacervata
796 287 968 321 membra.
1031 286 1129 320 Sicut

135 338 246 381 igitur
262 338 301 370 in
318 338 396 370 aliis
414 338 562 372 eruditis
581 338 739 382 scriptis,
773 338 820 371 ita
846 344 878 371 et
905 335 963 370 hic
987 337 1127 382 quaeri-

134 401 216 422 mus
239 389 542 434 propositionem,
576 390 700 422 seriem
723 388 900 432 partium,
935 395 967 422 et
991 400 1128 421 accom-

135 441 322 474 modamus
340 439 518 481 Psalmos,
533 440 622 473 alios
640 441 683 473 ad
702 440 768 472 alia
787 451 915 483 genera
931 451 1129 479 causarum,

135 492 322 532 videlicet,
355 497 394 525 ut
419 491 514 524 iuxta
540 491 690 535 puerilia
715 498 897 535 praecepta
922 491 1129 534 diligentius
1155 509 1156 513 =

135 542 385 583 consideretis,
403 542 482 587 quis
497 543 542 576 sit
559 543 656 583 finis,
680 542 765 587 quid
785 543 869 576 velit
888 543 1023 575 efficere
1041 542 1127 575 scri-
1155 560 1156 597 ᾗ
1183 571 1299 592 meum
1318 563 1445 592 contra
1461 570 1515 591 mg
1532 563 1582 592 est
1598 571 1754 606 semper,
1784 560 1819 592 id
1841 566 1910 597 est,
1948 568 1998 593 est
2023 560 2059 592 in
2086 571 2173 592 cou-

135 601 255 638 ptum‚
282 606 328 627 an
345 595 489 634 doceat,
517 601 577 628 aut
594 600 687 638 petat
706 594 853 639 aliquid.
909 594 1001 627 Sunt
1021 594 1129 636 igitur

135 646 195 678 alii
213 644 344 678 Psalmi
368 642 583 689 prophetici,
620 645 680 690 qui
709 647 750 678 ad
780 657 890 688 genus
914 642 1128 679 διδασκαλι-

134 694 203 731 κὸν
221 696 417 741 pertinent,
455 697 585 730 docent
610 697 688 742 quis
716 697 759 730 sit
778 696 945 739 Messias,
982 704 1013 730 et
1039 707 1127 741 quae

140 748 209 781 sint
246 747 321 781 eius
345 747 533 788 beneficia,
570 754 609 781 ut
642 747 802 781 psalmus
823 749 878 782 2:
915 747 1035 790 Quare
1058 748 1129 780 sre-

135 805 320 836 muerunt,
348 805 411 832 etc.
466 798 593 834 Psalan.
617 799 715 834 110.:
745 798 1126 839 DixitI‡›0mi11us,etc.

135 849 213 885 45.:
243 847 430 883 Eructavit
448 857 510 885 etc.
541 850 619 885 72:
648 850 932 883 1⁷)eusiudicium
944 858 1043 884 tuum
1056 850 1127 893 regi

135 903 191 935 da.
256 900 331 934 Alii
351 908 432 934 sunt
460 902 622 935 doctrina
649 902 754 946 legis,
794 908 834 935 ut
857 903 899 934 de
924 901 1128 941 concordia,

137 952 236 987 133.:
271 950 362 985 Ecce
380 965 485 997 quam
506 954 654 987 bonum.

134 1055 273 1088 nacula.

134 1106 305 1140 actiones-

135 1164 168 1191 et
185 1157 270 1190 alias
289 1156 530 1193 liberationes.
586 1158 739 1193 Possunt
766 1166 882 1193 autem
912 1159 1126 1192 consolatio-

133 1220 197 1242 nes
213 1215 246 1242 et
272 1209 460 1253 petitiones
484 1210 608 1243 referri
634 1212 676 1244 ad
704 1222 813 1254 genus
835 1210 1053 1250 suasorium,
1089 1216 1126 1242 ut

134 1259 264 1295 Psalm.
283 1259 362 1295 51.:
399 1260 573 1295 Miserere
590 1268 654 1297 etc.

238 1310 433 1345 Sciendum
463 1319 515 1346 est
546 1320 662 1346 autem
695 1313 833 1346 misceri
858 1324 1000 1355 genera:
1045 1323 1127 1344 nam

134 1362 318 1396 doctrinae
350 1362 561 1397 intexuntur
589 1364 753 1404 affectus,
791 1371 824 1397 et
849 1363 1034 1397 affectibus
1063 1364 1127 1396 do-

134 1413 247 1447 ctrina
260 1440 269 1454 ,
293 1420 325 1446 et
342 1425 415 1447 non
430 1415 537 1448 nimis
553 1415 654 1448 anxie
673 1416 854 1448 faciendae
870 1421 954 1448 sunt
981 1413 1045 1448 hae
1071 1415 1127 1447 di-

133 1464 386 1506 stributiones‚
422 1467 482 1499 sed
505 1467 717 1511 principalia
740 1467 897 1499 membra
925 1467 1126 1511 quaerenda

134 1522 236 1556 sunt,
263 1522 297 1549 et
316 1517 473 1561 exempla
492 1518 706 1561 petitionum
725 1525 757 1552 et
776 1517 1040 1558 liberationum,
1062 1530 1127 1550 no-

133 1567 190 1600 bis
205 1572 287 1599 sunt
304 1566 401 1599 velut
415 1579 622 1601 communes
640 1569 913 1610 promissiones,
940 1569 1029 1602 sicut
1056 1569 1128 1611 ipse

134 1617 298 1651 Psalmus
315 1616 391 1650 34.:
406 1616 619 1652 Benedicam
631 1617 840 1658 Dominum,
857 1618 1009 1661 applicat
1028 1631 1128 1662 prae-

134 1680 215 1702 sens
232 1669 432 1713 exemplum
452 1670 495 1702 ad
514 1677 686 1703 caeteros:
716 1669 785 1703 Iste
802 1681 935 1714 pauper
951 1670 1128 1709 clamavit,

134 1727 168 1754 et
184 1719 362 1753 Dominus
378 1721 559 1756 exaudivit
576 1733 675 1763 eum,
710 1720 877 1754 Accedite
894 1721 935 1753 ad
954 1733 1033 1754 eum
1046 1748 1054 1762 ,
1089 1728 1122 1754 et
1154 1748 1155 1753 ,
1181 1760 1286 1793 quam
1304 1748 1493 1780 indianum
1541 1747 1575 1780 id
1596 1745 1800 1791 {lx-pocritae
1823 1754 1951 1781 nomm

1153 1772 1155 1779 ·
1385 1774 1402 1791 n
1504 1775 1512 1788 a
1621 1787 1629 1793 ,
1871 1771 1900 1791 o*
1956 1774 1964 1783 ⁰

134 1771 406 1806 illuminamini.

236 1820 302 1856 Est
319 1829 436 1856 autem
446 1821 608 1856 Psalmus
619 1822 792 1857 Miserere
808 1823 931 1867 petitio
948 1823 1127 1856 remissio-

133 1874 189 1908 nis
220 1881 466 1917 peccatorum,
507 1874 788 1915 iustificationis,
828 1874 1128 1915 sanctificationis,

134 1933 168 1960 et
184 1925 418 1968 mitigationis
442 1937 649 1969 poenarum.

134 2027 369 2073 plificationes
388 2036 421 2062 et
438 2037 658 2071 argumenta.

236 2077 379 2112 Primus
399 2091 520 2113 versus
536 2081 652 2114 statim
679 2087 730 2114 est
752 2080 966 2125 propositio:
1002 2076 1126 2113 Itffise-

137 2141 211 2163 rere
226 2127 437 2171 meiDeus,
465 2131 501 2164 id
519 2138 588 2173 est,
621 2133 762 2166 remitte
779 2129 867 2164 mihi
890 2138 1045 2176 peccata,
1081 2131 1127 2164 sis
1152 2144 1153 2173 j
1251 2166 1258 2173 ⁸
1570 2165 1577 2172 ,
1640 2166 1647 2172 ,
1975 2166 1982 2173 ,
2141 2164 2149 2171 ,

1179 2167 1275 2200 vabit
1298 2178 1373 2207 me,
1409 2177 1474 2199 nec
1498 2172 1614 2199 veniet
1638 2178 1675 2198 in
1698 2174 1927 2210 conspectum
1952 2177 2027 2201 eius
2052 2175 2169 2199 omnis

134 2179 225 2215 mihi
259 2181 524 2224 reconciliatus,
565 2190 599 2217 et
623 2183 769 2217 iustifica
795 2195 863 2217 me.
925 2181 1019 2215 Huic
1043 2195 1126 2227 pro-

135 2232 307 2278 positioni
323 2233 421 2266 addit
436 2241 700 2276 argumentum:
719 2231 928 2268 Secundum
946 2246 1125 2280 magnam

136 2281 429 2317 misericordiam
448 2289 550 2317 tuam
564 2313 573 2326 ,
601 2286 663 2320 ubi
682 2287 936 2331 promissiones
955 2286 1126 2325 intuetur,

134 2348 174 2370 ex
193 2336 323 2381 quibus
342 2336 583 2370 misericordia
601 2345 685 2371 nota
702 2345 770 2379 est,
795 2338 964 2382 promissa
983 2344 1127 2382 propter

132 2386 400 2428 Blediatorem,
426 2387 526 2422 cuius
541 2395 575 2422 et
589 2396 707 2432 postea
726 2390 762 2423 fit
784 2390 935 2431 mentio,
963 2402 1042 2423 cum
1069 2389 1126 2422 in—

136 2439 234 2485 quit:
275 2436 456 2485 Asper-ges·
485 2450 540 2472 me
565 2437 730 2474 Domine
763 2437 946 2488 hyssopo,
994 2441 1031 2474 id
1063 2447 1152 2481 est,³

573 2489 622 2525 Et
652 2490 838 2526 antithesis
869 2492 1125 2533 consideretur,
1151 2530 1152 2533 Ἰ

137 2490 310 2535 sanguine
343 2489 507 2526 Messiae.

720 952 793 986 Alii
819 954 948 986 docent
972 965 1061 998 quae
1083 952 1127 986 sit
1153 978 1156 984 .

134 1003 309 1044 Ecclesia,
338 1010 371 1037 et
389 1004 450 1037 ubi
468 1004 529 1045 sit,
569 1012 607 1038 ut
627 1003 702 1040 84:
730 1004 848 1047 Quam
866 1005 993 1038 dilecta
1011 1005 1128 1037 taber·
1180 1022 1264 1055 festa
1294 1021 1436 1056 scelera·

333 1053 405 1088 Alii
441 1062 525 1089 sunt
559 1057 837 1096 consolationes,
873 1063 907 1089 et
934 1056 1155 1099 gratiarum*

359 1104 436 1139 Alii
471 1114 596 1152 petunt
622 1108 867 1141 remissionem
891 1114 1127 1151 peccatorum,
1154 1107 1155 1131 ἲ

1183 243 1279 276 tore,
1325 242 1470 279 propter
1503 248 1607 281 quem
1637 237 1810 280 promissa
1845 242 1896 268 est
1917 235 2173 271 misericordia.

1182 285 1307 320 Postea
1322 286 1468 330 repetita
1486 295 1536 321 est
1553 288 1766 331 propositio:
1796 286 1964 331 Amplius
1984 287 2062 319 lava
2080 299 2146 322 me.

1284 353 1424 387 Deinde
1441 354 1602 399 sequitur
1621 356 1763 399 querela
1782 356 1818 388 in
1838 367 1904 400 qua
1923 361 1973 388 est
1998 353 2172 388 confessio

1184 405 1337 450 peccati,
1381 417 1470 450 quae
1496 405 1602 438 simul
1629 406 1787 440 continet
1815 406 2032 447 doctrinam,
2075 406 2173 438 unde

1155 471 1157 490 2
1182 458 1225 490 sit
1245 463 1443 500 peccatum,
1481 463 1512 489 et
1530 464 1704 501 quantum
1729 458 1862 490 malum
1878 458 1934 493 sit.
1983 454 2173 504 Quoniam

1155 520 1156 534 l

1155 542 1157 554 l

1155 652 1157 665 l

1155 699 1156 711 t

1155 717 1156 733 l

1155 688 1156 691 η
1183 661 1259 696 lum
1281 673 1402 695 coram
1423 665 1453 695 te
1463 660 1554 710 feci.

1155 775 1156 785 ¹
1182 772 1298 806 cator,

1153 793 1156 833 i

1182 507 1416 555 iniquitatem
1452 519 1570 540 meam
1606 519 1670 553 ego
1697 519 1890 553 cognosco,
1934 512 1964 541 et
1987 511 2174 555 peccatum

1463 607 1555 643 Tibi
1575 615 1719 643 lantum
1736 622 1816 643 snm
1834 614 2017 657 peccator,
2045 615 2075 643 et
2091 622 2172 643 ma-

1611 661 1741 695 Fateor
1764 674 1817 695 me
1844 674 1915 695 esse
1940 668 2173 706 peccatorem,

1183 721 1214 747 et
1232 714 1379 757 dignum
1397 725 1468 746 esse
1490 725 1616 757 poena,
1633 720 1666 747 et
1686 714 1828 758 quidem
1846 720 1984 747 tantum
2004 724 2080 746 sum
2094 724 2174 755 pec-

1341 776 1415 797 non
1439 765 1549 797 affero
1575 765 1721 805 merita,
1760 772 1820 798 aut
1846 776 1959 797 meam
1984 764 2175 802 iusticiam,

1182 618 1302 655 spectu
1320 623 1410 643 meo.

1155 835 1156 856 i
1181 818 1240 849 sed
1258 823 1290 849 te
1310 827 1383 849 esse
1403 816 1535 850 iustum
1555 816 1693 849 affirmo
1713 828 1791 849 cum
1811 827 1951 849 accusas
1968 827 2042 859 me,
2070 821 2102 848 et
2121 815 2174 847 af-

1154 878 1156 884 *
1181 868 1283 900 firmo
1301 874 1334 901 te
1351 867 1493 900 vincere
1512 879 1591 900 cum
1610 867 1778 900 iudicaris
1803 868 1846 899 ab
1870 864 2083 912 hypocritis,
2112 865 2175 910 qui

1154 917 1156 933 l

1154 940 1156 951 t
1182 917 1349 952 horribili
1392 919 1537 952 fremitu

1154 959 1156 974 l

1587 925 1751 952 accusant
1801 917 1916 951 Deum
1962 917 2174 957 iniusticiae,

1181 971 1275 1015 quod
1297 970 1362 1014 ipsi
1381 968 1581 1014 plectantur
1598 970 1691 1003 inter
1707 970 1794 1002 alios
1811 970 1871 1014 qui
1897 966 2030 1002 habent
2055 968 2173 1001 mani-

1496 1019 1571 1063 Ego
1607 1034 1691 1054 vero
1713 1033 1864 1064 agnosco
1892 1018 1984 1053 hanc
2008 1027 2173 1053 naturam

1181 1085 1329 1106 mersam
1351 1084 1423 1105 esse
1443 1073 1479 1104 in
1506 1079 1703 1115 peccatum,
1739 1079 1772 1105 et
1796 1072 1939 1115 dignam
1967 1082 2038 1104 esse
2060 1077 2174 1104 morte

1180 1132 1212 1159 et
1239 1124 1381 1169 poenis,
1421 1124 1558 1158 etiamsi
1589 1124 1700 1169 aliqui
1729 1136 1802 1157 non
1828 1121 1961 1158 habent
1988 1122 2173 1155 manifesta

1183 1176 1324 1209 scelera.

1282 1235 1379 1269 Haec
1404 1235 1576 1268 consvssio
1604 1235 1736 1279 peccati
1767 1247 1831 1268 vox
1859 1242 1908 1269 est
1935 1246 2007 1267 non
2034 1239 2173 1267 tantum

1178 1286 1345 1327 Davidis‚
1373 1288 1433 1320 sed
1451 1287 1560 1320 totius
1575 1285 1752 1319 Ecclesiae
1777 1287 1813 1319 in
1839 1298 1922 1320 vera
1948 1284 2174 1325 contritione,

1153 1355 1155 1365 ν
1179 1350 1379 1381 congruens
1396 1350 1474 1371 cum
1492 1336 1560 1371 hoc
1583 1338 1693 1370 dicto:
1730 1336 1833 1379 Dixi,
1868 1333 2078 1381 Confitebor
2104 1332 2174 1368 ad-

705 1925 781 1959 Hae
805 1933 887 1960 sunt
913 1926 1127 1970 principales
1153 1948 1155 1954 ›

133 1976 417 2022 propositiones,
443 1977 573 2022 quibus
590 1978 690 2012 mixti
705 1984 787 2012 sunt
805 1978 970 2019 affectus,
998 1984 1127 2011 etam·
1151 1999 1154 2010 .=
1314 2012 1322 2019 ‚
1358 2012 1366 2019 ‚
1414 2012 1422 2019 ‚
1491 2012 1498 2019 .
1779 2013 1786 2020 ,

1152 2026 1154 2047 :
1181 2020 1217 2046 tu
1234 2019 1385 2046 remittis
1412 2019 1630 2056 lmpietatem
1656 2020 1788 2057 peccati
1813 2025 1879 2046 me.

1151 2344 1152 2348 ’
1176 2337 1332 2385 peccatis
1347 2337 1504 2383 concepit
1524 2348 1579 2370 me
1593 2341 1711 2370 mater
1733 2349 1824 2374 mea,

137 2543 334 2576 secundum
351 2542 632 2576 misericordiam
647 2549 761 2583 tuam,
788 2556 864 2577 non
882 2551 1028 2589 propter
1052 2544 1125 2576 ulla
1150 2579 1151 2590 ἶ

136 2605 215 2627 mea
247 2606 352 2638 opera
377 2593 432 2626 vel
458 2594 594 2629 merita.

135 2645 324 2689 promissio
337 2644 407 2679 fide
423 2645 627 2690 accipienda
646 2652 716 2687 est,
741 2646 778 2679 id
796 2653 868 2687 est,
895 2659 969 2680 non
986 2652 1128 2680 maneat

137 2707 237 2729 mens
253 2696 292 2730 in
308 2697 553 2740 dubitatione,
580 2698 641 2731 sed
658 2697 744 2732 sciat
765 2697 1037 2743 promissionem
1062 2697 1127 2731 tibi
1149 2711 1152 2737 i
1176 2697 1220 2731 sit
1235 2709 1254 2731 a
1272 2695 1347 2731 Deo

654 2593 902 2629 Misericordia
926 2602 1042 2629 autem
1065 2607 1127 2628 seu
1150 2610 1152 2618 ν

1180 1401 1301 1422 uersus
1317 1400 1371 1422 me
1388 1387 1616 1422 iniusticiam
1636 1400 1753 1421 meam
1770 1386 1958 1429 Domino,
1995 1392 2025 1420 et
2052 1391 2090 1420 Ῑιι
2118 1397 2172 1419 re-

1180 1440 1297 1474 millis
1317 1440 1537 1487 impietatem
1555 1440 1696 1487 peccati
1717 1439 1798 1476 mei.
1852 1439 1968 1473 Simul
1993 1446 2109 1472 autem
2135 1437 2174 1470 in

1181 1491 1245 1526 hac
1264 1492 1485 1525 confessione
1503 1489 1861 1535 comprehenduntur
1877 1490 2084 1524 consolatio.
2114 1488 2172 1522 Tu

1180 1556 1214 1577 es
1236 1544 1348 1577 iustus
1366 1551 1396 1577 et
1417 1544 1631 1582 iustificans,
1651 1550 1682 1576 et
1700 1542 1972 1587 promissionem
1991 1540 2174 1576 tradidisti

1181 1596 1223 1627 de
1260 1594 1467 1627 remissione
1496 1600 1739 1641 peccatorum,
1784 1606 1823 1626 ac
1851 1600 1908 1627 tua
1939 1591 2174 1637 promissione

1181 1646 1288 1678 fretus
1323 1646 1366 1678 ad
1394 1652 1426 1678 te
1455 1645 1593 1678 accedo.
1650 1644 1774 1678 Statuo
1799 1652 1831 1678 te
1856 1657 2014 1677 veracem
2041 1655 2113 1676 esse
2140 1649 2173 1677 et

1181 1703 1377 1730 servantem
1397 1696 1688 1740 promissionem,
1724 1697 1836 1730 fateor
1855 1708 1909 1729 me
1928 1695 2037 1740 recipi
2057 1706 2173 1740 quan-

1283 1806 1379 1840 Haec
1396 1807 1488 1840 dicta
1508 1814 1709 1850 congruunt
1727 1808 1768 1840 ad
1789 1808 1987 1842 doctrinam
2005 1819 2106 1851 saepe
2116 1818 2172 1839 re-

1183 1859 1326 1902 petitam
1353 1859 1396 1891 de
1419 1858 1570 1901 gratuita
1588 1859 1890 1893 reconciliatione.
1944 1858 2099 1893 Roman.
2117 1857 2172 1893 3.:

1182 1909 1419 1943 Iustificamur
1436 1909 1503 1942 fide
1518 1910 1635 1953 gratis.
1673 1910 1815 1943 Psalmo
1834 1911 1909 1946 31.:
1936 1910 2033 1949 Dixi,
2050 1908 2173 1944 Confi-

1180 1962 1283 1995 tebor
1301 1962 1488 1993 adversum
1506 1973 1560 1993 me
1581 1960 1795 1995 iniusticiam
1813 1974 1926 1995 meam
1944 1960 2122 2001 Domino,
2139 1966 2171 1993 et

1932 2010 1977 2046 Et
1995 2011 2092 2045 Hiob
2114 2011 2172 2045 13.

1181 2064 1303 2107 capit.:
1333 2062 1482 2098 Etiamsi
1500 2064 1635 2097 occidet
1653 2076 1726 2104 me,
1755 2065 1903 2108 sperabo
1923 2065 1959 2097 in
1979 2076 2057 2097 eum
2071 2090 2079 2104 ,
2100 2061 2170 2095 Ve-

1179 2122 1370 2148 runtamen
1387 2115 1460 2147 vias
1478 2126 1573 2147 meos
1592 2127 1709 2147 coram
1729 2127 1768 2147 eo
1787 2127 1942 2158 arguam,
1958 2122 1991 2148 et
2007 2114 2081 2158 ipse
2100 2113 2170 2146 sal-

1178 2215 1375 2264 hypocrita.

1281 2284 1376 2320 Ecce
1392 2284 1430 2319 in
1451 2283 1714 2333 iniquitatibus
1733 2291 1921 2333 conceptus
1939 2300 2039 2331 sum,
2075 2295 2105 2324 et
2128 2291 2166 2325 in

1877 2339 1992 2374 Antea
2017 2341 2055 2374 in
2081 2355 2168 2388 que-

1177 2390 1250 2424 rela
1268 2390 1306 2422 in
1322 2401 1448 2433 genere
1466 2389 1619 2430 dixerat,
1649 2400 1801 2432 agnosco
1821 2398 2000 2434 peccatum
2013 2420 2022 2433 ‚
2058 2400 2091 2428 et
2113 2395 2166 2428 fa-

1177 2448 1254 2476 teor
1271 2453 1326 2473 me
1342 2452 1441 2473 reum
1463 2452 1553 2481 esse,
1571 2452 1666 2473 nunc
1682 2440 1781 2473 addit
1797 2441 2052 2486 definitionem,
2070 2447 2166 2491 quod

1177 2498 1359 2537 peccatum
1385 2491 1564 2535 deploret,
1601 2491 1733 2525 scilicet
1760 2504 1832 2525 non
1862 2500 1998 2527 tantum
2024 2503 2166 2533 externa

1178 2544 1303 2577 delicta
1315 2569 1324 2581 ,
1350 2543 1409 2575 sed
1425 2549 1573 2575 naturae
1589 2542 1869 2578 immunditiem.
1909 2543 2050 2581 Amissa
2069 2549 2164 2583 enim

1177 2595 1290 2640 prima
1307 2594 1384 2627 luce
1401 2600 1433 2626 et
1453 2593 1682 2633 rectitudine,
1710 2606 1806 2628 nunc
1830 2595 1878 2630 ita
1902 2599 2100 2641 nascimur,
2127 2608 2166 2636 ut

1177 2646 1340 2680 tenebras
1357 2644 1563 2687 afferamus,
1589 2652 1623 2679 et
1640 2643 1726 2679 haec
1743 2646 1870 2681 misera
1891 2655 2018 2684 natura
2043 2663 2164 2687 aversa

1405 2703 1439 2731 et
1457 2708 1572 2731 mersa
1588 2697 1626 2731 in
1649 2704 1800 2733 mortem
1823 2707 1962 2744 pereat,
1995 2702 2085 2737 sicut
2108 2715 2164 2738 res
