<?xml version="1.0" encoding="UTF-8"?>
<!DOCTYPE html PUBLIC "-//W3C//DTD XHTML 1.0 Transitional//EN"
    "http://www.w3.org/TR/xhtml1/DTD/xhtml1-transitional.dtd">
<html xmlns="http://www.w3.org/1999/xhtml" xml:lang="en" lang="en">
 <head>
  <title>
</title>
<meta http-equiv="Content-Type" content="text/html;charset=utf-8" />
  <meta name='ocr-system' content='tesseract 3.04.00' />
  <meta name='ocr-capabilities' content='ocr_page ocr_carea ocr_par ocr_line ocrx_word'/>
</head>
<body>
  <div class='ocr_page' id='page_1' title='image "./operaquaesupersu13melauoft_0729.png"; bbox 0 0 2379 2948; ppageno 0'>
   <div class='ocr_carea' id='block_1_1' title="bbox 117 102 217 139">
    <p class='ocr_par' dir='ltr' id='par_1_1' title="bbox 117 102 217 139">
     <span class='ocr_line' id='line_1_1' title="bbox 117 102 217 139; baseline -0.01 -2"><span class='ocrx_word' id='word_1_1' title='bbox 117 102 217 139; x_wconf 78' lang='lat'>1457</span> 
     </span>
    </p>
   </div>
   <div class='ocr_carea' id='block_1_2' title="bbox 726 105 1569 144">
    <p class='ocr_par' dir='ltr' id='par_1_2' title="bbox 726 105 1569 144">
     <span class='ocr_line' id='line_1_2' title="bbox 726 105 1569 144; baseline 0.004 -3"><span class='ocrx_word' id='word_1_2' title='bbox 726 106 788 142; x_wconf 88' lang='lat' dir='ltr'>IX.</span> <span class='ocrx_word' id='word_1_3' title='bbox 841 105 1208 144; x_wconf 87' lang='lat' dir='ltr'>COMMENTARII</span> <span class='ocrx_word' id='word_1_4' title='bbox 1244 106 1295 142; x_wconf 89' lang='lat' dir='ltr'>IN</span> <span class='ocrx_word' id='word_1_5' title='bbox 1327 105 1569 144; x_wconf 86' lang='lat' dir='ltr'>PSALMOS.</span> 
     </span>
    </p>
   </div>
   <div class='ocr_carea' id='block_1_3' title="bbox 2055 107 2151 143">
    <p class='ocr_par' dir='ltr' id='par_1_3' title="bbox 2055 107 2151 143">
     <span class='ocr_line' id='line_1_3' title="bbox 2055 107 2151 143; baseline 0.01 -1"><span class='ocrx_word' id='word_1_6' title='bbox 2055 107 2151 143; x_wconf 80' lang='lat'>1438</span> 
     </span>
    </p>
   </div>
   <div class='ocr_carea' id='block_1_4' title="bbox 113 189 2153 242">
    <p class='ocr_par' dir='ltr' id='par_1_4' title="bbox 113 189 2153 242">
     <span class='ocr_line' id='line_1_4' title="bbox 113 189 2153 242; baseline 0.002 -21"><span class='ocrx_word' id='word_1_7' title='bbox 113 189 271 222; x_wconf 84' lang='lat' dir='ltr'>iudicare</span> <span class='ocrx_word' id='word_1_8' title='bbox 296 191 340 224; x_wconf 88' lang='lat' dir='ltr'>de</span> <span class='ocrx_word' id='word_1_9' title='bbox 365 191 624 226; x_wconf 73' lang='lat' dir='ltr'>calamitatibus</span> <span class='ocrx_word' id='word_1_10' title='bbox 641 191 898 237; x_wconf 84' lang='lat' dir='ltr'>Evangelium,</span> <span class='ocrx_word' id='word_1_11' title='bbox 926 194 1028 229; x_wconf 86' lang='lat' dir='ltr'>aliter</span> <span class='ocrx_word' id='word_1_12' title='bbox 1052 207 1108 228; x_wconf 85' lang='lat' dir='ltr'>ra—</span> <span class='ocrx_word' id='word_1_13' title='bbox 1133 194 1137 242; x_wconf 71' lang='grc'>1</span> <span class='ocrx_word' id='word_1_14' title='bbox 1162 194 1316 238; x_wconf 82' lang='lat' dir='ltr'>impetu,</span> <span class='ocrx_word' id='word_1_15' title='bbox 1343 201 1459 228; x_wconf 88' lang='lat' dir='ltr'>tamen</span> <span class='ocrx_word' id='word_1_16' title='bbox 1482 195 1677 228; x_wconf 75' lang='lat' dir='ltr'>arbitratur</span> <span class='ocrx_word' id='word_1_17' title='bbox 1703 192 1738 226; x_wconf 90' lang='lat' dir='ltr'>id</span> <span class='ocrx_word' id='word_1_18' title='bbox 1762 205 1842 226; x_wconf 87' lang='lat' dir='ltr'>casu</span> <span class='ocrx_word' id='word_1_19' title='bbox 1867 192 1962 233; x_wconf 87' lang='lat' dir='ltr'>fieri,</span> <span class='ocrx_word' id='word_1_20' title='bbox 1988 194 2098 228; x_wconf 87' lang='lat' dir='ltr'>nescit</span> <span class='ocrx_word' id='word_1_21' title='bbox 2117 205 2153 227; x_wconf 89' lang='lat' dir='ltr'>se</span> 
     </span>
    </p>
   </div>
   <div class='ocr_carea' id='block_1_5' title="bbox 113 239 747 288">
    <p class='ocr_par' dir='ltr' id='par_1_5' title="bbox 113 239 747 288">
     <span class='ocr_line' id='line_1_5' title="bbox 113 239 747 288; baseline 0.008 -15"><span class='ocrx_word' id='word_1_22' title='bbox 113 239 267 282; x_wconf 87' lang='lat' dir='ltr'>tionem,</span> <span class='ocrx_word' id='word_1_23' title='bbox 293 242 401 285; x_wconf 85' lang='lat' dir='ltr'>legem</span> <span class='ocrx_word' id='word_1_24' title='bbox 422 250 453 276; x_wconf 90' lang='lat' dir='ltr'>et</span> <span class='ocrx_word' id='word_1_25' title='bbox 472 240 747 288; x_wconf 70' lang='lat' dir='ltr'><strong>philosophiam.</strong></span> 
     </span>
    </p>
   </div>
   <div class='ocr_carea' id='block_1_6' title="bbox 57 338 1106 2738">
    <p class='ocr_par' dir='ltr' id='par_1_6' title="bbox 109 338 1106 847">
     <span class='ocr_line' id='line_1_6' title="bbox 113 338 1106 391; baseline 0.004 -15"><span class='ocrx_word' id='word_1_26' title='bbox 113 343 222 377; x_wconf 88' lang='lat' dir='ltr'>dicta:</span> <span class='ocrx_word' id='word_1_27' title='bbox 266 338 474 389; x_wconf 75' lang='lat' dir='ltr'>Castigans</span> <span class='ocrx_word' id='word_1_28' title='bbox 508 345 707 391; x_wconf 61' lang='lat' dir='ltr'>castigavit</span> <span class='ocrx_word' id='word_1_29' title='bbox 739 357 793 378; x_wconf 84' lang='lat' dir='ltr'>me</span> <span class='ocrx_word' id='word_1_30' title='bbox 823 344 1031 385; x_wconf 70' lang='lat' dir='ltr'>Dominus,</span> <span class='ocrx_word' id='word_1_31' title='bbox 1076 352 1106 380; x_wconf 80' lang='lat' dir='ltr'>et</span> 
     </span>
     <span class='ocr_line' id='line_1_7' title="bbox 112 393 571 431; baseline 0.009 -5"><span class='ocrx_word' id='word_1_32' title='bbox 112 393 225 426; x_wconf 81' lang='lat' dir='ltr'>morti</span> <span class='ocrx_word' id='word_1_33' title='bbox 240 405 314 427; x_wconf 87' lang='lat' dir='ltr'>non</span> <span class='ocrx_word' id='word_1_34' title='bbox 331 393 489 429; x_wconf 80' lang='lat' dir='ltr'>tradidit</span> <span class='ocrx_word' id='word_1_35' title='bbox 505 408 571 431; x_wconf 81' lang='lat' dir='ltr'>me.</span> 
     </span>
     <span class='ocr_line' id='line_1_8' title="bbox 114 444 1103 494; baseline 0.006 -17"><span class='ocrx_word' id='word_1_36' title='bbox 114 444 252 484; x_wconf 68' lang='lat' dir='ltr'>vivam,</span> <span class='ocrx_word' id='word_1_37' title='bbox 294 448 324 477; x_wconf 79' lang='lat' dir='ltr'>el</span> <span class='ocrx_word' id='word_1_38' title='bbox 356 446 522 480; x_wconf 81' lang='lat' dir='ltr'>narrabo</span> <span class='ocrx_word' id='word_1_39' title='bbox 556 458 664 494; x_wconf 82' lang='lat' dir='ltr'>opera</span> <span class='ocrx_word' id='word_1_40' title='bbox 694 446 866 482; x_wconf 86' lang='lat' dir='ltr'><em>Domini.</em></span> <span class='ocrx_word' id='word_1_41' title='bbox 930 448 1103 494; x_wconf 80' lang='lat' dir='ltr'>Proponit</span> 
     </span>
     <span class='ocr_line' id='line_1_9' title="bbox 112 496 1104 543; baseline 0.005 -15"><span class='ocrx_word' id='word_1_42' title='bbox 112 496 328 540; x_wconf 88' lang='lat' dir='ltr'>exemplum,</span> <span class='ocrx_word' id='word_1_43' title='bbox 364 499 457 541; x_wconf 86' lang='lat' dir='ltr'>quod</span> <span class='ocrx_word' id='word_1_44' title='bbox 493 504 660 543; x_wconf 83' lang='lat' dir='ltr'>tanquam</span> <span class='ocrx_word' id='word_1_45' title='bbox 694 499 879 543; x_wconf 72' lang='lat' dir='ltr'>promissio</span> <span class='ocrx_word' id='word_1_46' title='bbox 906 501 1104 534; x_wconf 87' lang='lat' dir='ltr'>communis</span> 
     </span>
     <span class='ocr_line' id='line_1_10' title="bbox 111 547 1103 593; baseline 0.007 -15"><span class='ocrx_word' id='word_1_47' title='bbox 111 547 154 579; x_wconf 87' lang='lat' dir='ltr'>ad</span> <span class='ocrx_word' id='word_1_48' title='bbox 174 558 296 580; x_wconf 91' lang='lat' dir='ltr'>omnes</span> <span class='ocrx_word' id='word_1_49' title='bbox 314 548 493 582; x_wconf 86' lang='lat' dir='ltr'>credentes</span> <span class='ocrx_word' id='word_1_50' title='bbox 509 549 689 593; x_wconf 75' lang='lat' dir='ltr'>pertinens</span> <span class='ocrx_word' id='word_1_51' title='bbox 706 550 855 593; x_wconf 78' lang='lat' dir='ltr'>intelligi</span> <span class='ocrx_word' id='word_1_52' title='bbox 872 552 985 585; x_wconf 83' lang='lat' dir='ltr'>debet.</span> <span class='ocrx_word' id='word_1_53' title='bbox 1037 551 1103 585; x_wconf 90' lang='lat' dir='ltr'>Fa-</span> 
     </span>
     <span class='ocr_line' id='line_1_11' title="bbox 111 599 1103 645; baseline 0.005 -15"><span class='ocrx_word' id='word_1_54' title='bbox 111 604 207 631; x_wconf 82' lang='lat' dir='ltr'>tetur</span> <span class='ocrx_word' id='word_1_55' title='bbox 230 609 265 631; x_wconf 89' lang='lat' dir='ltr'>se</span> <span class='ocrx_word' id='word_1_56' title='bbox 289 599 493 641; x_wconf 82' lang='lat' dir='ltr'>castigatum</span> <span class='ocrx_word' id='word_1_57' title='bbox 520 611 610 641; x_wconf 88' lang='lat' dir='ltr'>esse,</span> <span class='ocrx_word' id='word_1_58' title='bbox 638 608 669 634; x_wconf 90' lang='lat' dir='ltr'>et</span> <span class='ocrx_word' id='word_1_59' title='bbox 693 601 863 635; x_wconf 89' lang='lat' dir='ltr'>luctatum</span> <span class='ocrx_word' id='word_1_60' title='bbox 884 614 961 635; x_wconf 89' lang='lat' dir='ltr'>cum</span> <span class='ocrx_word' id='word_1_61' title='bbox 980 610 1103 645; x_wconf 87' lang='lat' dir='ltr'>morte,</span> 
     </span>
     <span class='ocr_line' id='line_1_12' title="bbox 111 649 1103 693; baseline 0.005 -12"><span class='ocrx_word' id='word_1_62' title='bbox 111 649 171 681; x_wconf 90' lang='lat' dir='ltr'>sed</span> <span class='ocrx_word' id='word_1_63' title='bbox 200 655 317 682; x_wconf 87' lang='lat' dir='ltr'>tamen</span> <span class='ocrx_word' id='word_1_64' title='bbox 341 661 463 683; x_wconf 89' lang='lat' dir='ltr'>rursus</span> <span class='ocrx_word' id='word_1_65' title='bbox 487 651 676 685; x_wconf 85' lang='lat' dir='ltr'>liberatum</span> <span class='ocrx_word' id='word_1_66' title='bbox 695 664 778 685; x_wconf 81' lang='lat' dir='ltr'>esse.</span> <span class='ocrx_word' id='word_1_67' title='bbox 832 652 928 686; x_wconf 78' lang='lat' dir='ltr'>Haec</span> <span class='ocrx_word' id='word_1_68' title='bbox 946 666 986 686; x_wconf 90' lang='lat' dir='ltr'>eo</span> <span class='ocrx_word' id='word_1_69' title='bbox 1005 654 1103 693; x_wconf 83' lang='lat' dir='ltr'>dicit,</span> 
     </span>
     <span class='ocr_line' id='line_1_13' title="bbox 111 700 1103 747; baseline 0.006 -15"><span class='ocrx_word' id='word_1_70' title='bbox 111 706 151 733; x_wconf 89' lang='lat' dir='ltr'>ut</span> <span class='ocrx_word' id='word_1_71' title='bbox 181 700 358 733; x_wconf 85' lang='lat' dir='ltr'>discamus</span> <span class='ocrx_word' id='word_1_72' title='bbox 389 702 607 736; x_wconf 88' lang='lat' dir='ltr'>voluntatem</span> <span class='ocrx_word' id='word_1_73' title='bbox 635 703 697 736; x_wconf 87' lang='lat' dir='ltr'>Dei</span> <span class='ocrx_word' id='word_1_74' title='bbox 731 715 820 741; x_wconf 84' lang='lat' dir='ltr'>esse,</span> <span class='ocrx_word' id='word_1_75' title='bbox 858 704 920 737; x_wconf 87' lang='lat' dir='ltr'>etsi</span> <span class='ocrx_word' id='word_1_76' title='bbox 950 705 1103 747; x_wconf 83' lang='lat' dir='ltr'>castigat,</span> 
     </span>
     <span class='ocr_line' id='line_1_14' title="bbox 111 751 1103 796; baseline 0.006 -13"><span class='ocrx_word' id='word_1_77' title='bbox 111 751 235 794; x_wconf 87' lang='lat' dir='ltr'>punit,</span> <span class='ocrx_word' id='word_1_78' title='bbox 264 758 298 785; x_wconf 86' lang='lat' dir='ltr'>et</span> <span class='ocrx_word' id='word_1_79' title='bbox 321 752 358 784; x_wconf 89' lang='lat' dir='ltr'>in</span> <span class='ocrx_word' id='word_1_80' title='bbox 384 753 536 786; x_wconf 84' lang='lat' dir='ltr'>mediam</span> <span class='ocrx_word' id='word_1_81' title='bbox 558 761 707 787; x_wconf 90' lang='lat' dir='ltr'>mortem</span> <span class='ocrx_word' id='word_1_82' title='bbox 726 755 885 796; x_wconf 89' lang='lat' dir='ltr'>coniicit,</span> <span class='ocrx_word' id='word_1_83' title='bbox 914 767 1035 789; x_wconf 89' lang='lat' dir='ltr'>rursus</span> <span class='ocrx_word' id='word_1_84' title='bbox 1051 763 1103 789; x_wconf 86' lang='lat' dir='ltr'>ta—</span> 
     </span>
     <span class='ocr_line' id='line_1_15' title="bbox 109 803 571 847; baseline 0.009 -13"><span class='ocrx_word' id='word_1_85' title='bbox 109 813 192 835; x_wconf 83' lang='lat' dir='ltr'>men</span> <span class='ocrx_word' id='word_1_86' title='bbox 209 803 358 835; x_wconf 90' lang='lat' dir='ltr'>liberare</span> <span class='ocrx_word' id='word_1_87' title='bbox 376 804 571 847; x_wconf 77' lang='lat' dir='ltr'>castigatos.</span> 
     </span>
    </p>

    <p class='ocr_par' dir='ltr' id='par_1_7' title="bbox 107 852 1102 1206">
     <span class='ocr_line' id='line_1_16' title="bbox 212 852 1101 901; baseline 0.002 -14"><span class='ocrx_word' id='word_1_88' title='bbox 212 852 280 887; x_wconf 89' lang='lat' dir='ltr'>Sed</span> <span class='ocrx_word' id='word_1_89' title='bbox 307 855 393 899; x_wconf 90' lang='lat' dir='ltr'>quid</span> <span class='ocrx_word' id='word_1_90' title='bbox 417 855 562 889; x_wconf 87' lang='lat' dir='ltr'>interest</span> <span class='ocrx_word' id='word_1_91' title='bbox 587 856 680 889; x_wconf 90' lang='lat' dir='ltr'>inter</span> <span class='ocrx_word' id='word_1_92' title='bbox 704 854 876 889; x_wconf 86' lang='lat' dir='ltr'>Davidem</span> <span class='ocrx_word' id='word_1_93' title='bbox 903 865 934 890; x_wconf 82' lang='lat' dir='ltr'>et</span> <span class='ocrx_word' id='word_1_94' title='bbox 959 857 1101 901; x_wconf 86' lang='lat' dir='ltr'>Scipio-</span> 
     </span>
     <span class='ocr_line' id='line_1_17' title="bbox 109 903 1102 952; baseline 0.003 -16"><span class='ocrx_word' id='word_1_95' title='bbox 109 904 214 937; x_wconf 87' lang='lat' dir='ltr'>nem&#39;?</span> <span class='ocrx_word' id='word_1_96' title='bbox 265 903 393 938; x_wconf 78' lang='lat' dir='ltr'>Nonne</span> <span class='ocrx_word' id='word_1_97' title='bbox 419 913 451 940; x_wconf 91' lang='lat' dir='ltr'>et</span> <span class='ocrx_word' id='word_1_98' title='bbox 468 906 588 951; x_wconf 90' lang='lat' dir='ltr'>Scipio</span> <span class='ocrx_word' id='word_1_99' title='bbox 614 919 715 951; x_wconf 89' lang='lat' dir='ltr'>saepe</span> <span class='ocrx_word' id='word_1_100' title='bbox 739 908 774 939; x_wconf 93' lang='lat' dir='ltr'>in</span> <span class='ocrx_word' id='word_1_101' title='bbox 802 909 937 950; x_wconf 75' lang='lat' dir='ltr'>magnis</span> <span class='ocrx_word' id='word_1_102' title='bbox 960 909 1102 952; x_wconf 87' lang='lat' dir='ltr'>praeliis</span> 
     </span>
     <span class='ocr_line' id='line_1_18' title="bbox 108 956 1102 1000; baseline 0.002 -11"><span class='ocrx_word' id='word_1_103' title='bbox 108 956 329 1000; x_wconf 87' lang='lat' dir='ltr'>periclitatus</span> <span class='ocrx_word' id='word_1_104' title='bbox 358 963 425 998; x_wconf 84' lang='lat' dir='ltr'>est,</span> <span class='ocrx_word' id='word_1_105' title='bbox 468 965 500 991; x_wconf 87' lang='lat' dir='ltr'>et</span> <span class='ocrx_word' id='word_1_106' title='bbox 532 958 635 997; x_wconf 89' lang='lat' dir='ltr'>vicit,</span> <span class='ocrx_word' id='word_1_107' title='bbox 672 959 759 991; x_wconf 83' lang='lat' dir='ltr'>sicut</span> <span class='ocrx_word' id='word_1_108' title='bbox 791 957 934 991; x_wconf 76' lang='lat' dir='ltr'>David?</span> <span class='ocrx_word' id='word_1_109' title='bbox 986 959 1034 992; x_wconf 89' lang='lat' dir='ltr'>Et</span> <span class='ocrx_word' id='word_1_110' title='bbox 1064 966 1102 991; x_wconf 88' lang='lat' dir='ltr'>ut</span> 
     </span>
     <span class='ocr_line' id='line_1_19' title="bbox 108 1006 1101 1052; baseline 0.001 -11"><span class='ocrx_word' id='word_1_111' title='bbox 108 1008 250 1041; x_wconf 83' lang='lat' dir='ltr'>tandem</span> <span class='ocrx_word' id='word_1_112' title='bbox 270 1006 389 1052; x_wconf 88' lang='lat' dir='ltr'>Scipio</span> <span class='ocrx_word' id='word_1_113' title='bbox 413 1009 550 1052; x_wconf 89' lang='lat' dir='ltr'>placida</span> <span class='ocrx_word' id='word_1_114' title='bbox 575 1016 688 1042; x_wconf 86' lang='lat' dir='ltr'>morte</span> <span class='ocrx_word' id='word_1_115' title='bbox 712 1010 885 1043; x_wconf 85' lang='lat' dir='ltr'>extinctus</span> <span class='ocrx_word' id='word_1_116' title='bbox 907 1017 974 1050; x_wconf 86' lang='lat' dir='ltr'>est,</span> <span class='ocrx_word' id='word_1_117' title='bbox 1002 1012 1049 1043; x_wconf 90' lang='lat' dir='ltr'>ita</span> <span class='ocrx_word' id='word_1_118' title='bbox 1070 1017 1101 1043; x_wconf 91' lang='lat' dir='ltr'>et</span> 
     </span>
     <span class='ocr_line' id='line_1_20' title="bbox 107 1058 1101 1103; baseline 0.001 -11"><span class='ocrx_word' id='word_1_119' title='bbox 107 1058 227 1092; x_wconf 83' lang='lat' dir='ltr'>David</span> <span class='ocrx_word' id='word_1_120' title='bbox 248 1065 326 1102; x_wconf 89' lang='lat' dir='ltr'>post</span> <span class='ocrx_word' id='word_1_121' title='bbox 343 1065 393 1092; x_wconf 89' lang='lat' dir='ltr'>tot</span> <span class='ocrx_word' id='word_1_122' title='bbox 411 1060 588 1103; x_wconf 83' lang='lat' dir='ltr'>victorias,</span> <span class='ocrx_word' id='word_1_123' title='bbox 613 1067 729 1093; x_wconf 86' lang='lat' dir='ltr'>tamen</span> <span class='ocrx_word' id='word_1_124' title='bbox 743 1062 785 1093; x_wconf 89' lang='lat' dir='ltr'>ad</span> <span class='ocrx_word' id='word_1_125' title='bbox 800 1067 992 1093; x_wconf 81' lang='lat' dir='ltr'>extremum</span> <span class='ocrx_word' id='word_1_126' title='bbox 1007 1073 1101 1093; x_wconf 87' lang='lat' dir='ltr'>mor-</span> 
     </span>
     <span class='ocr_line' id='line_1_21' title="bbox 108 1109 1101 1154; baseline 0.001 -11"><span class='ocrx_word' id='word_1_127' title='bbox 108 1116 190 1143; x_wconf 88' lang='lat' dir='ltr'>tuus</span> <span class='ocrx_word' id='word_1_128' title='bbox 219 1116 278 1142; x_wconf 88' lang='lat' dir='ltr'>est.</span> <span class='ocrx_word' id='word_1_129' title='bbox 347 1109 418 1152; x_wconf 87' lang='lat' dir='ltr'>Qui</span> <span class='ocrx_word' id='word_1_130' title='bbox 451 1111 561 1154; x_wconf 79' lang='lat' dir='ltr'>magis</span> <span class='ocrx_word' id='word_1_131' title='bbox 590 1111 699 1153; x_wconf 83' lang='lat' dir='ltr'>igitur</span> <span class='ocrx_word' id='word_1_132' title='bbox 730 1109 814 1144; x_wconf 86' lang='lat' dir='ltr'>haec</span> <span class='ocrx_word' id='word_1_133' title='bbox 847 1112 942 1145; x_wconf 87' lang='lat' dir='ltr'>canit</span> <span class='ocrx_word' id='word_1_134' title='bbox 973 1111 1101 1150; x_wconf 85' lang='lat' dir='ltr'>David,</span> 
     </span>
     <span class='ocr_line' id='line_1_22' title="bbox 108 1159 914 1206; baseline 0.004 -12"><span class='ocrx_word' id='word_1_135' title='bbox 108 1172 213 1206; x_wconf 86' lang='lat' dir='ltr'>quam</span> <span class='ocrx_word' id='word_1_136' title='bbox 233 1159 380 1204; x_wconf 80' lang='lat' dir='ltr'>Scipio?</span> <span class='ocrx_word' id='word_1_137' title='bbox 432 1160 511 1194; x_wconf 87' lang='lat' dir='ltr'>Non</span> <span class='ocrx_word' id='word_1_138' title='bbox 530 1163 678 1201; x_wconf 87' lang='lat' dir='ltr'>moriar,</span> <span class='ocrx_word' id='word_1_139' title='bbox 706 1164 765 1195; x_wconf 87' lang='lat' dir='ltr'>sed</span> <span class='ocrx_word' id='word_1_140' title='bbox 787 1163 914 1197; x_wconf 71' lang='lat' dir='ltr'>xivam.</span> 
     </span>
    </p>

    <p class='ocr_par' dir='ltr' id='par_1_8' title="bbox 106 1210 1101 1511">
     <span class='ocr_line' id='line_1_23' title="bbox 211 1210 1101 1256; baseline 0.001 -11"><span class='ocrx_word' id='word_1_141' title='bbox 211 1210 444 1255; x_wconf 87' lang='lat' dir='ltr'>Respondeo:</span> <span class='ocrx_word' id='word_1_142' title='bbox 482 1212 597 1247; x_wconf 89' lang='lat' dir='ltr'>Multa</span> <span class='ocrx_word' id='word_1_143' title='bbox 624 1220 706 1246; x_wconf 87' lang='lat' dir='ltr'>sunt</span> <span class='ocrx_word' id='word_1_144' title='bbox 729 1214 954 1254; x_wconf 86' lang='lat' dir='ltr'>discrimina,</span> <span class='ocrx_word' id='word_1_145' title='bbox 981 1213 1101 1256; x_wconf 72' lang='lat' dir='ltr'>Scipio</span> 
     </span>
     <span class='ocr_line' id='line_1_24' title="bbox 108 1261 1100 1304; baseline 0.002 -9"><span class='ocrx_word' id='word_1_146' title='bbox 108 1262 235 1302; x_wconf 86' lang='lat' dir='ltr'>vincit,</span> <span class='ocrx_word' id='word_1_147' title='bbox 269 1261 345 1296; x_wconf 88' lang='lat' dir='ltr'>Deo</span> <span class='ocrx_word' id='word_1_148' title='bbox 376 1263 538 1304; x_wconf 84' lang='lat' dir='ltr'>iuvante,</span> <span class='ocrx_word' id='word_1_149' title='bbox 573 1265 630 1297; x_wconf 86' lang='lat' dir='ltr'>sed</span> <span class='ocrx_word' id='word_1_150' title='bbox 667 1277 740 1297; x_wconf 86' lang='lat' dir='ltr'>non</span> <span class='ocrx_word' id='word_1_151' title='bbox 777 1266 898 1298; x_wconf 88' lang='lat' dir='ltr'>statuit</span> <span class='ocrx_word' id='word_1_152' title='bbox 924 1277 958 1297; x_wconf 93' lang='lat' dir='ltr'>se</span> <span class='ocrx_word' id='word_1_153' title='bbox 983 1276 1000 1296; x_wconf 90' lang='lat' dir='ltr'>a</span> <span class='ocrx_word' id='word_1_154' title='bbox 1026 1264 1100 1297; x_wconf 91' lang='lat' dir='ltr'>Deo</span> 
     </span>
     <span class='ocr_line' id='line_1_25' title="bbox 107 1315 1100 1359; baseline 0 -12"><span class='ocrx_word' id='word_1_155' title='bbox 107 1320 271 1347; x_wconf 83' lang='lat' dir='ltr'>vocatum</span> <span class='ocrx_word' id='word_1_156' title='bbox 296 1325 388 1355; x_wconf 85' lang='lat' dir='ltr'>esse,</span> <span class='ocrx_word' id='word_1_157' title='bbox 414 1321 448 1348; x_wconf 88' lang='lat' dir='ltr'>et</span> <span class='ocrx_word' id='word_1_158' title='bbox 472 1327 553 1348; x_wconf 88' lang='lat' dir='ltr'>casu</span> <span class='ocrx_word' id='word_1_159' title='bbox 579 1322 675 1359; x_wconf 90' lang='lat' dir='ltr'>putat</span> <span class='ocrx_word' id='word_1_160' title='bbox 698 1315 760 1348; x_wconf 89' lang='lat' dir='ltr'>has</span> <span class='ocrx_word' id='word_1_161' title='bbox 779 1316 942 1349; x_wconf 81' lang='lat' dir='ltr'>victorias</span> <span class='ocrx_word' id='word_1_162' title='bbox 961 1316 1100 1348; x_wconf 86' lang='lat' dir='ltr'>contin-</span> 
     </span>
     <span class='ocr_line' id='line_1_26' title="bbox 107 1365 1101 1410; baseline 0 -13"><span class='ocrx_word' id='word_1_163' title='bbox 107 1376 206 1408; x_wconf 83' lang='lat' dir='ltr'>gere,</span> <span class='ocrx_word' id='word_1_164' title='bbox 240 1365 354 1398; x_wconf 90' lang='lat' dir='ltr'>multo</span> <span class='ocrx_word' id='word_1_165' title='bbox 386 1366 504 1397; x_wconf 88' lang='lat' dir='ltr'>minus</span> <span class='ocrx_word' id='word_1_166' title='bbox 528 1367 694 1408; x_wconf 81' lang='lat' dir='ltr'>intelligit</span> <span class='ocrx_word' id='word_1_167' title='bbox 716 1367 880 1399; x_wconf 85' lang='lat' dir='ltr'>victorias</span> <span class='ocrx_word' id='word_1_168' title='bbox 904 1373 1101 1410; x_wconf 73' lang='lat' dir='ltr'>praesentes</span> 
     </span>
     <span class='ocr_line' id='line_1_27' title="bbox 106 1415 1101 1452; baseline 0 -4"><span class='ocrx_word' id='word_1_169' title='bbox 106 1416 236 1449; x_wconf 89' lang='lat' dir='ltr'>debere</span> <span class='ocrx_word' id='word_1_170' title='bbox 270 1415 378 1448; x_wconf 88' lang='lat' dir='ltr'>simul</span> <span class='ocrx_word' id='word_1_171' title='bbox 407 1422 548 1449; x_wconf 89' lang='lat' dir='ltr'>aeterna</span> <span class='ocrx_word' id='word_1_172' title='bbox 579 1424 692 1449; x_wconf 87' lang='lat' dir='ltr'>morte</span> <span class='ocrx_word' id='word_1_173' title='bbox 714 1417 909 1452; x_wconf 83' lang='lat' dir='ltr'>absorberi,</span> <span class='ocrx_word' id='word_1_174' title='bbox 963 1415 1101 1449; x_wconf 69' lang='lat' dir='ltr'>Deinde</span> 
     </span>
     <span class='ocr_line' id='line_1_28' title="bbox 107 1464 914 1511; baseline 0 -11"><span class='ocrx_word' id='word_1_175' title='bbox 107 1465 228 1511; x_wconf 87' lang='lat' dir='ltr'>Scipio</span> <span class='ocrx_word' id='word_1_176' title='bbox 249 1464 341 1499; x_wconf 90' lang='lat' dir='ltr'>nihil</span> <span class='ocrx_word' id='word_1_177' title='bbox 358 1473 452 1499; x_wconf 89' lang='lat' dir='ltr'>certo</span> <span class='ocrx_word' id='word_1_178' title='bbox 470 1467 590 1500; x_wconf 84' lang='lat' dir='ltr'>statuit</span> <span class='ocrx_word' id='word_1_179' title='bbox 609 1467 651 1499; x_wconf 90' lang='lat' dir='ltr'>de</span> <span class='ocrx_word' id='word_1_180' title='bbox 671 1474 810 1500; x_wconf 88' lang='lat' dir='ltr'>aeterna</span> <span class='ocrx_word' id='word_1_181' title='bbox 832 1468 914 1500; x_wconf 83' lang='lat' dir='ltr'>vita.</span> 
     </span>
    </p>

    <p class='ocr_par' dir='ltr' id='par_1_9' title="bbox 57 1515 1101 2636">
     <span class='ocr_line' id='line_1_29' title="bbox 209 1515 1099 1563; baseline 0 -13"><span class='ocrx_word' id='word_1_182' title='bbox 209 1515 364 1550; x_wconf 88' lang='lat' dir='ltr'>Econtra</span> <span class='ocrx_word' id='word_1_183' title='bbox 380 1515 564 1558; x_wconf 80' lang='lat' dir='ltr'>Christus,</span> <span class='ocrx_word' id='word_1_184' title='bbox 591 1517 706 1551; x_wconf 79' lang='lat' dir='ltr'>David</span> <span class='ocrx_word' id='word_1_185' title='bbox 725 1525 757 1551; x_wconf 88' lang='lat' dir='ltr'>et</span> <span class='ocrx_word' id='word_1_186' title='bbox 776 1530 897 1551; x_wconf 86' lang='lat' dir='ltr'>omnes</span> <span class='ocrx_word' id='word_1_187' title='bbox 914 1518 973 1563; x_wconf 87' lang='lat' dir='ltr'>qui</span> <span class='ocrx_word' id='word_1_188' title='bbox 986 1516 1099 1550; x_wconf 84' lang='lat' dir='ltr'>Deum</span> 
     </span>
     <span class='ocr_line' id='line_1_30' title="bbox 106 1569 1101 1611; baseline -0.003 -8"><span class='ocrx_word' id='word_1_189' title='bbox 106 1575 199 1603; x_wconf 90' lang='lat' dir='ltr'>recte</span> <span class='ocrx_word' id='word_1_190' title='bbox 214 1569 393 1607; x_wconf 82' lang='lat' dir='ltr'>invocant,</span> <span class='ocrx_word' id='word_1_191' title='bbox 421 1576 615 1611; x_wconf 83' lang='lat' dir='ltr'>agnoscunt</span> <span class='ocrx_word' id='word_1_192' title='bbox 631 1580 665 1601; x_wconf 91' lang='lat' dir='ltr'>se</span> <span class='ocrx_word' id='word_1_193' title='bbox 681 1569 854 1602; x_wconf 88' lang='lat' dir='ltr'>divinitus</span> <span class='ocrx_word' id='word_1_194' title='bbox 872 1575 1012 1602; x_wconf 90' lang='lat' dir='ltr'>vocatos</span> <span class='ocrx_word' id='word_1_195' title='bbox 1029 1580 1101 1600; x_wconf 86' lang='lat' dir='ltr'>esse</span> 
     </span>
     <span class='ocr_line' id='line_1_31' title="bbox 105 1617 1100 1664; baseline -0.003 -10"><span class='ocrx_word' id='word_1_196' title='bbox 105 1622 149 1654; x_wconf 85' lang='lat' dir='ltr'>ad</span> <span class='ocrx_word' id='word_1_197' title='bbox 168 1620 384 1663; x_wconf 81' lang='lat' dir='ltr'>agnitionem</span> <span class='ocrx_word' id='word_1_198' title='bbox 404 1617 612 1664; x_wconf 87' lang='lat' dir='ltr'>Evangelii,</span> <span class='ocrx_word' id='word_1_199' title='bbox 638 1618 794 1653; x_wconf 89' lang='lat' dir='ltr'>etDeum</span> <span class='ocrx_word' id='word_1_200' title='bbox 813 1621 920 1660; x_wconf 78' lang='lat' dir='ltr'>velle,</span> <span class='ocrx_word' id='word_1_201' title='bbox 946 1627 983 1652; x_wconf 90' lang='lat' dir='ltr'>ut</span> <span class='ocrx_word' id='word_1_202' title='bbox 1001 1620 1100 1662; x_wconf 74' lang='lat' dir='ltr'>agni-</span> 
     </span>
     <span class='ocr_line' id='line_1_32' title="bbox 106 1668 1099 1714; baseline -0.004 -8"><span class='ocrx_word' id='word_1_203' title='bbox 106 1673 204 1706; x_wconf 82' lang='lat' dir='ltr'>tione</span> <span class='ocrx_word' id='word_1_204' title='bbox 220 1668 406 1714; x_wconf 83' lang='lat' dir='ltr'>Evangelii</span> <span class='ocrx_word' id='word_1_205' title='bbox 433 1677 466 1704; x_wconf 90' lang='lat' dir='ltr'>et</span> <span class='ocrx_word' id='word_1_206' title='bbox 488 1671 556 1704; x_wconf 86' lang='lat' dir='ltr'>fide</span> <span class='ocrx_word' id='word_1_207' title='bbox 578 1671 720 1704; x_wconf 89' lang='lat' dir='ltr'>vincant</span> <span class='ocrx_word' id='word_1_208' title='bbox 744 1678 920 1704; x_wconf 82' lang='lat' dir='ltr'>aeternam</span> <span class='ocrx_word' id='word_1_209' title='bbox 940 1678 1099 1704; x_wconf 89' lang='lat' dir='ltr'>mortem.</span> 
     </span>
     <span class='ocr_line' id='line_1_33' title="bbox 107 1722 1097 1767; baseline -0.002 -11"><span class='ocrx_word' id='word_1_210' title='bbox 107 1722 227 1767; x_wconf 82' lang='lat' dir='ltr'>Quare</span> <span class='ocrx_word' id='word_1_211' title='bbox 250 1722 352 1755; x_wconf 87' lang='lat' dir='ltr'>etiam</span> <span class='ocrx_word' id='word_1_212' title='bbox 377 1723 531 1765; x_wconf 91' lang='lat' dir='ltr'>superati</span> <span class='ocrx_word' id='word_1_213' title='bbox 556 1722 816 1756; x_wconf 84' lang='lat' dir='ltr'>calamitatibus</span> <span class='ocrx_word' id='word_1_214' title='bbox 838 1729 869 1755; x_wconf 90' lang='lat' dir='ltr'>et</span> <span class='ocrx_word' id='word_1_215' title='bbox 893 1729 1005 1755; x_wconf 85' lang='lat' dir='ltr'>morte</span> <span class='ocrx_word' id='word_1_216' title='bbox 1022 1734 1097 1754; x_wconf 83' lang='lat' dir='ltr'>cor-</span> 
     </span>
     <span class='ocr_line' id='line_1_34' title="bbox 105 1772 1100 1819; baseline -0.002 -12"><span class='ocrx_word' id='word_1_217' title='bbox 105 1774 223 1819; x_wconf 87' lang='lat' dir='ltr'>poriS,</span> <span class='ocrx_word' id='word_1_218' title='bbox 250 1780 369 1807; x_wconf 82' lang='lat' dir='ltr'>tamen</span> <span class='ocrx_word' id='word_1_219' title='bbox 394 1773 590 1807; x_wconf 80' lang='lat' dir='ltr'>clamitant:</span> <span class='ocrx_word' id='word_1_220' title='bbox 616 1772 696 1806; x_wconf 88' lang='lat' dir='ltr'>Non</span> <span class='ocrx_word' id='word_1_221' title='bbox 714 1773 864 1813; x_wconf 84' lang='lat' dir='ltr'>moriar,</span> <span class='ocrx_word' id='word_1_222' title='bbox 893 1774 952 1806; x_wconf 89' lang='lat' dir='ltr'>sed</span> <span class='ocrx_word' id='word_1_223' title='bbox 972 1773 1100 1813; x_wconf 86' lang='lat' dir='ltr'>vivam,</span> 
     </span>
     <span class='ocr_line' id='line_1_35' title="bbox 107 1822 1098 1868; baseline -0.002 -10"><span class='ocrx_word' id='word_1_224' title='bbox 107 1832 140 1859; x_wconf 90' lang='lat' dir='ltr'>et</span> <span class='ocrx_word' id='word_1_225' title='bbox 164 1825 317 1858; x_wconf 83' lang='lat' dir='ltr'>narrabo</span> <span class='ocrx_word' id='word_1_226' title='bbox 344 1836 449 1868; x_wconf 90' lang='lat' dir='ltr'>opera</span> <span class='ocrx_word' id='word_1_227' title='bbox 469 1824 625 1857; x_wconf 88' lang='lat' dir='ltr'>Domini.</span> <span class='ocrx_word' id='word_1_228' title='bbox 677 1823 724 1857; x_wconf 92' lang='lat' dir='ltr'>Et</span> <span class='ocrx_word' id='word_1_229' title='bbox 748 1822 833 1857; x_wconf 84' lang='lat' dir='ltr'>haec</span> <span class='ocrx_word' id='word_1_230' title='bbox 857 1837 923 1857; x_wconf 85' lang='lat' dir='ltr'>vox</span> <span class='ocrx_word' id='word_1_231' title='bbox 946 1824 1098 1867; x_wconf 88' lang='lat' dir='ltr'>primum</span> 
     </span>
     <span class='ocr_line' id='line_1_36' title="bbox 106 1874 1097 1920; baseline -0.003 -10"><span class='ocrx_word' id='word_1_232' title='bbox 106 1884 140 1910; x_wconf 87' lang='lat' dir='ltr'>et</span> <span class='ocrx_word' id='word_1_233' title='bbox 174 1874 417 1920; x_wconf 77' lang='lat' dir='ltr'>principaliter</span> <span class='ocrx_word' id='word_1_234' title='bbox 448 1876 612 1919; x_wconf 86' lang='lat' dir='ltr'>congruit</span> <span class='ocrx_word' id='word_1_235' title='bbox 643 1874 737 1908; x_wconf 87' lang='lat' dir='ltr'>Filio</span> <span class='ocrx_word' id='word_1_236' title='bbox 768 1874 854 1917; x_wconf 88' lang='lat' dir='ltr'>Dei,</span> <span class='ocrx_word' id='word_1_237' title='bbox 898 1888 960 1919; x_wconf 86' lang='lat' dir='ltr'>per</span> <span class='ocrx_word' id='word_1_238' title='bbox 995 1888 1097 1920; x_wconf 89' lang='lat' dir='ltr'>quem</span> 
     </span>
     <span class='ocr_line' id='line_1_37' title="bbox 105 1926 1099 1971; baseline -0.002 -11"><span class='ocrx_word' id='word_1_239' title='bbox 105 1939 201 1961; x_wconf 88' lang='lat' dir='ltr'>mors</span> <span class='ocrx_word' id='word_1_240' title='bbox 233 1934 437 1970; x_wconf 88' lang='lat' dir='ltr'>superatur,</span> <span class='ocrx_word' id='word_1_241' title='bbox 477 1934 510 1959; x_wconf 89' lang='lat' dir='ltr'>et</span> <span class='ocrx_word' id='word_1_242' title='bbox 541 1927 600 1971; x_wconf 82' lang='lat' dir='ltr'>qui</span> <span class='ocrx_word' id='word_1_243' title='bbox 634 1938 819 1969; x_wconf 73' lang='lat' dir='ltr'>resurgens</span> <span class='ocrx_word' id='word_1_244' title='bbox 853 1926 943 1959; x_wconf 87' lang='lat' dir='ltr'>victa</span> <span class='ocrx_word' id='word_1_245' title='bbox 974 1933 1099 1965; x_wconf 88' lang='lat' dir='ltr'>morte,</span> 
     </span>
     <span class='ocr_line' id='line_1_38' title="bbox 57 1975 1097 2021; baseline -0.005 -8"><span class='ocrx_word' id='word_1_246' title='bbox 57 1982 63 1986; x_wconf 61' lang='lat'><em>⁷</em></span> <span class='ocrx_word' id='word_1_247' title='bbox 107 1979 261 2013; x_wconf 84' lang='lat' dir='ltr'>ostendit</span> <span class='ocrx_word' id='word_1_248' title='bbox 285 1990 320 2011; x_wconf 86' lang='lat' dir='ltr'>sc</span> <span class='ocrx_word' id='word_1_249' title='bbox 337 1975 536 2021; x_wconf 83' lang='lat' dir='ltr'>Apostolis‚</span> <span class='ocrx_word' id='word_1_250' title='bbox 565 1977 685 2010; x_wconf 90' lang='lat' dir='ltr'>docuit</span> <span class='ocrx_word' id='word_1_251' title='bbox 704 1989 783 2017; x_wconf 78' lang='lat' dir='ltr'>e05‚</span> <span class='ocrx_word' id='word_1_252' title='bbox 812 1978 909 2010; x_wconf 82' lang='lat' dir='ltr'>dedit</span> <span class='ocrx_word' id='word_1_253' title='bbox 926 1976 1097 2021; x_wconf 87' lang='lat' dir='ltr'>Spiritum</span> 
     </span>
     <span class='ocr_line' id='line_1_39' title="bbox 106 2027 1098 2073; baseline -0.001 -10"><span class='ocrx_word' id='word_1_254' title='bbox 106 2036 287 2068; x_wconf 85' lang='lat' dir='ltr'>sanctum,</span> <span class='ocrx_word' id='word_1_255' title='bbox 314 2029 410 2062; x_wconf 86' lang='lat' dir='ltr'>misit</span> <span class='ocrx_word' id='word_1_256' title='bbox 434 2029 644 2073; x_wconf 77' lang='lat' dir='ltr'>Apostolos,</span> <span class='ocrx_word' id='word_1_257' title='bbox 671 2035 704 2061; x_wconf 88' lang='lat' dir='ltr'>et</span> <span class='ocrx_word' id='word_1_258' title='bbox 727 2035 850 2071; x_wconf 77' lang='lat' dir='ltr'>regnat</span> <span class='ocrx_word' id='word_1_259' title='bbox 872 2029 908 2060; x_wconf 90' lang='lat' dir='ltr'>in</span> <span class='ocrx_word' id='word_1_260' title='bbox 932 2027 1098 2062; x_wconf 82' lang='lat' dir='ltr'>Ecclesia.</span> 
     </span>
     <span class='ocr_line' id='line_1_40' title="bbox 105 2078 1098 2126; baseline -0.003 -12"><span class='ocrx_word' id='word_1_261' title='bbox 105 2079 240 2126; x_wconf 89' lang='lat' dir='ltr'>Estque</span> <span class='ocrx_word' id='word_1_262' title='bbox 263 2078 330 2113; x_wconf 90' lang='lat' dir='ltr'>hoc</span> <span class='ocrx_word' id='word_1_263' title='bbox 355 2080 505 2121; x_wconf 91' lang='lat' dir='ltr'>dictum,</span> <span class='ocrx_word' id='word_1_264' title='bbox 532 2080 613 2113; x_wconf 86' lang='lat' dir='ltr'>Non</span> <span class='ocrx_word' id='word_1_265' title='bbox 632 2080 782 2120; x_wconf 85' lang='lat' dir='ltr'>moriar,</span> <span class='ocrx_word' id='word_1_266' title='bbox 809 2080 867 2112; x_wconf 85' lang='lat' dir='ltr'>sed</span> <span class='ocrx_word' id='word_1_267' title='bbox 885 2081 1020 2117; x_wconf 78' lang='lat' dir='ltr'>vivam,</span> <span class='ocrx_word' id='word_1_268' title='bbox 1049 2086 1098 2112; x_wconf 88' lang='lat' dir='ltr'>te-</span> 
     </span>
     <span class='ocr_line' id='line_1_41' title="bbox 105 2129 1098 2166; baseline -0.003 -1"><span class='ocrx_word' id='word_1_269' title='bbox 105 2132 313 2166; x_wconf 87' lang='lat' dir='ltr'>stimonium</span> <span class='ocrx_word' id='word_1_270' title='bbox 339 2132 381 2163; x_wconf 88' lang='lat' dir='ltr'>de</span> <span class='ocrx_word' id='word_1_271' title='bbox 404 2132 661 2164; x_wconf 87' lang='lat' dir='ltr'>resurrectione</span> <span class='ocrx_word' id='word_1_272' title='bbox 690 2129 835 2166; x_wconf 81' lang='lat' dir='ltr'>Christi.</span> <span class='ocrx_word' id='word_1_273' title='bbox 878 2129 1023 2163; x_wconf 86' lang='lat' dir='ltr'>.Toties</span> <span class='ocrx_word' id='word_1_274' title='bbox 1048 2137 1098 2163; x_wconf 88' lang='lat' dir='ltr'>te-</span> 
     </span>
     <span class='ocr_line' id='line_1_42' title="bbox 105 2180 1098 2226; baseline -0.004 -9"><span class='ocrx_word' id='word_1_275' title='bbox 105 2190 217 2217; x_wconf 87' lang='lat' dir='ltr'>statur</span> <span class='ocrx_word' id='word_1_276' title='bbox 233 2183 404 2226; x_wconf 85' lang='lat' dir='ltr'>scriptura</span> <span class='ocrx_word' id='word_1_277' title='bbox 422 2180 602 2216; x_wconf 86' lang='lat' dir='ltr'>Christum</span> <span class='ocrx_word' id='word_1_278' title='bbox 620 2182 694 2214; x_wconf 87' lang='lat' dir='ltr'>fore</span> <span class='ocrx_word' id='word_1_279' title='bbox 711 2182 890 2215; x_wconf 81' lang='lat' dir='ltr'>victimam</span> <span class='ocrx_word' id='word_1_280' title='bbox 902 2209 911 2222; x_wconf 94' lang='lat'>,</span> <span class='ocrx_word' id='word_1_281' title='bbox 939 2188 970 2214; x_wconf 93' lang='lat' dir='ltr'>et</span> <span class='ocrx_word' id='word_1_282' title='bbox 988 2181 1098 2214; x_wconf 84' lang='lat' dir='ltr'>mori·</span> 
     </span>
     <span class='ocr_line' id='line_1_43' title="bbox 105 2230 1098 2276; baseline -0.003 -8"><span class='ocrx_word' id='word_1_283' title='bbox 105 2241 226 2269; x_wconf 84' lang='lat' dir='ltr'>turum</span> <span class='ocrx_word' id='word_1_284' title='bbox 258 2245 341 2268; x_wconf 89' lang='lat' dir='ltr'>esse.</span> <span class='ocrx_word' id='word_1_285' title='bbox 403 2232 448 2267; x_wconf 90' lang='lat' dir='ltr'>Et</span> <span class='ocrx_word' id='word_1_286' title='bbox 478 2245 598 2267; x_wconf 89' lang='lat' dir='ltr'>rursus</span> <span class='ocrx_word' id='word_1_287' title='bbox 625 2245 725 2276; x_wconf 84' lang='lat' dir='ltr'>saepe</span> <span class='ocrx_word' id='word_1_288' title='bbox 751 2233 855 2273; x_wconf 92' lang='lat' dir='ltr'>dicit,</span> <span class='ocrx_word' id='word_1_289' title='bbox 891 2240 930 2266; x_wconf 87' lang='lat' dir='ltr'>ut</span> <span class='ocrx_word' id='word_1_290' title='bbox 953 2230 1029 2273; x_wconf 90' lang='lat' dir='ltr'>hic,</span> <span class='ocrx_word' id='word_1_291' title='bbox 1064 2244 1098 2265; x_wconf 90' lang='lat' dir='ltr'>se</span> 
     </span>
     <span class='ocr_line' id='line_1_44' title="bbox 105 2284 1097 2327; baseline -0.003 -8"><span class='ocrx_word' id='word_1_292' title='bbox 105 2298 180 2319; x_wconf 88' lang='lat' dir='ltr'>non</span> <span class='ocrx_word' id='word_1_293' title='bbox 197 2285 412 2318; x_wconf 91' lang='lat' dir='ltr'>moriturum</span> <span class='ocrx_word' id='word_1_294' title='bbox 430 2296 515 2318; x_wconf 84' lang='lat' dir='ltr'>esse.</span> <span class='ocrx_word' id='word_1_295' title='bbox 575 2284 722 2326; x_wconf 81' lang='lat' dir='ltr'>Necesse</span> <span class='ocrx_word' id='word_1_296' title='bbox 739 2284 846 2327; x_wconf 84' lang='lat' dir='ltr'>igitur</span> <span class='ocrx_word' id='word_1_297' title='bbox 862 2284 929 2317; x_wconf 89' lang='lat' dir='ltr'>fuit</span> <span class='ocrx_word' id='word_1_298' title='bbox 947 2296 1025 2316; x_wconf 91' lang='lat' dir='ltr'>eum</span> <span class='ocrx_word' id='word_1_299' title='bbox 1044 2296 1097 2316; x_wconf 91' lang='lat' dir='ltr'>re-</span> 
     </span>
     <span class='ocr_line' id='line_1_45' title="bbox 106 2333 1098 2380; baseline -0.004 -9"><span class='ocrx_word' id='word_1_300' title='bbox 106 2348 267 2380; x_wconf 83' lang='lat' dir='ltr'>surgere,</span> <span class='ocrx_word' id='word_1_301' title='bbox 294 2336 384 2369; x_wconf 91' lang='lat' dir='ltr'>sicut</span> <span class='ocrx_word' id='word_1_302' title='bbox 410 2342 443 2368; x_wconf 88' lang='lat' dir='ltr'>et</span> <span class='ocrx_word' id='word_1_303' title='bbox 460 2335 599 2368; x_wconf 88' lang='lat' dir='ltr'>Psalmo</span> <span class='ocrx_word' id='word_1_304' title='bbox 620 2333 677 2369; x_wconf 87' lang='lat'>15.</span> <span class='ocrx_word' id='word_1_305' title='bbox 702 2336 765 2369; x_wconf 85' lang='lat' dir='ltr'>ait:</span> <span class='ocrx_word' id='word_1_306' title='bbox 795 2335 875 2368; x_wconf 90' lang='lat' dir='ltr'>Non</span> <span class='ocrx_word' id='word_1_307' title='bbox 899 2335 999 2368; x_wconf 84' lang='lat' dir='ltr'>(labis</span> <span class='ocrx_word' id='word_1_308' title='bbox 1019 2347 1098 2367; x_wconf 89' lang='lat' dir='ltr'>san-</span> 
     </span>
     <span class='ocr_line' id='line_1_46' title="bbox 105 2385 1097 2429; baseline -0.003 -8"><span class='ocrx_word' id='word_1_309' title='bbox 105 2394 201 2422; x_wconf 87' lang='lat' dir='ltr'>ctum</span> <span class='ocrx_word' id='word_1_310' title='bbox 219 2394 318 2421; x_wconf 87' lang='lat' dir='ltr'>tuum</span> <span class='ocrx_word' id='word_1_311' title='bbox 336 2387 456 2419; x_wconf 88' lang='lat' dir='ltr'>videre</span> <span class='ocrx_word' id='word_1_312' title='bbox 476 2387 754 2429; x_wconf 88' lang='lat' dir='ltr'>corruptionem.</span> <span class='ocrx_word' id='word_1_313' title='bbox 808 2385 947 2420; x_wconf 89' lang='lat' dir='ltr'>Deinde</span> <span class='ocrx_word' id='word_1_314' title='bbox 963 2386 1097 2419; x_wconf 86' lang='lat' dir='ltr'>intelli-</span> 
     </span>
     <span class='ocr_line' id='line_1_47' title="bbox 105 2434 1097 2482; baseline -0.004 -9"><span class='ocrx_word' id='word_1_315' title='bbox 105 2439 156 2482; x_wconf 84' lang='lat' dir='ltr'>git</span> <span class='ocrx_word' id='word_1_316' title='bbox 179 2438 295 2472; x_wconf 88' lang='lat' dir='ltr'>David</span> <span class='ocrx_word' id='word_1_317' title='bbox 319 2444 352 2471; x_wconf 91' lang='lat' dir='ltr'>et</span> <span class='ocrx_word' id='word_1_318' title='bbox 374 2445 508 2471; x_wconf 92' lang='lat' dir='ltr'>norunt</span> <span class='ocrx_word' id='word_1_319' title='bbox 531 2450 654 2471; x_wconf 90' lang='lat' dir='ltr'>omnes</span> <span class='ocrx_word' id='word_1_320' title='bbox 678 2438 808 2478; x_wconf 89' lang='lat' dir='ltr'>sancti,</span> <span class='ocrx_word' id='word_1_321' title='bbox 842 2439 967 2471; x_wconf 88' lang='lat' dir='ltr'>ducem</span> <span class='ocrx_word' id='word_1_322' title='bbox 992 2434 1097 2470; x_wconf 89' lang='lat' dir='ltr'>Chri-</span> 
     </span>
     <span class='ocr_line' id='line_1_48' title="bbox 105 2488 1096 2528; baseline -0.004 -4"><span class='ocrx_word' id='word_1_323' title='bbox 105 2497 198 2524; x_wconf 87' lang='lat' dir='ltr'>stum</span> <span class='ocrx_word' id='word_1_324' title='bbox 224 2489 365 2522; x_wconf 87' lang='lat' dir='ltr'>vincere</span> <span class='ocrx_word' id='word_1_325' title='bbox 388 2495 421 2522; x_wconf 76' lang='lat' dir='ltr'>et</span> <span class='ocrx_word' id='word_1_326' title='bbox 445 2489 561 2522; x_wconf 88' lang='lat' dir='ltr'>delere</span> <span class='ocrx_word' id='word_1_327' title='bbox 586 2496 755 2528; x_wconf 88' lang='lat' dir='ltr'>mortem,</span> <span class='ocrx_word' id='word_1_328' title='bbox 782 2496 821 2523; x_wconf 92' lang='lat' dir='ltr'>ut</span> <span class='ocrx_word' id='word_1_329' title='bbox 846 2489 970 2521; x_wconf 89' lang='lat' dir='ltr'>reddat</span> <span class='ocrx_word' id='word_1_330' title='bbox 991 2488 1096 2522; x_wconf 87' lang='lat' dir='ltr'>vitam</span> 
     </span>
     <span class='ocr_line' id='line_1_49' title="bbox 105 2536 1098 2582; baseline -0.003 -8"><span class='ocrx_word' id='word_1_331' title='bbox 105 2541 209 2575; x_wconf 84' lang='lat' dir='ltr'>etiam</span> <span class='ocrx_word' id='word_1_332' title='bbox 230 2540 375 2574; x_wconf 85' lang='lat' dir='ltr'>caeteris</span> <span class='ocrx_word' id='word_1_333' title='bbox 393 2540 532 2573; x_wconf 86' lang='lat' dir='ltr'>sanctis.</span> <span class='ocrx_word' id='word_1_334' title='bbox 585 2540 689 2574; x_wconf 85' lang='lat' dir='ltr'>Canit</span> <span class='ocrx_word' id='word_1_335' title='bbox 704 2540 812 2582; x_wconf 80' lang='lat' dir='ltr'>igitur</span> <span class='ocrx_word' id='word_1_336' title='bbox 827 2547 858 2574; x_wconf 90' lang='lat' dir='ltr'>et</span> <span class='ocrx_word' id='word_1_337' title='bbox 876 2538 990 2572; x_wconf 71' lang='lat' dir='ltr'>David</span> <span class='ocrx_word' id='word_1_338' title='bbox 1008 2536 1098 2572; x_wconf 78' lang='lat' dir='ltr'>hanc</span> 
     </span>
     <span class='ocr_line' id='line_1_50' title="bbox 105 2590 1063 2636; baseline 0 -12"><span class='ocrx_word' id='word_1_339' title='bbox 105 2604 226 2626; x_wconf 90' lang='lat' dir='ltr'>vocem</span> <span class='ocrx_word' id='word_1_340' title='bbox 245 2592 288 2624; x_wconf 89' lang='lat' dir='ltr'>de</span> <span class='ocrx_word' id='word_1_341' title='bbox 306 2591 376 2625; x_wconf 80' lang='lat' dir='ltr'>vita</span> <span class='ocrx_word' id='word_1_342' title='bbox 394 2598 534 2625; x_wconf 88' lang='lat' dir='ltr'>aeterna</span> <span class='ocrx_word' id='word_1_343' title='bbox 547 2619 556 2631; x_wconf 88' lang='lat'>‚</span> <span class='ocrx_word' id='word_1_344' title='bbox 583 2603 671 2636; x_wconf 90' lang='lat' dir='ltr'>quae</span> <span class='ocrx_word' id='word_1_345' title='bbox 687 2590 845 2634; x_wconf 86' lang='lat' dir='ltr'>Scipioni</span> <span class='ocrx_word' id='word_1_346' title='bbox 866 2591 983 2633; x_wconf 84' lang='lat' dir='ltr'>ignota</span> <span class='ocrx_word' id='word_1_347' title='bbox 1004 2598 1063 2624; x_wconf 82' lang='lat' dir='ltr'>est.</span> 
     </span>
    </p>

    <p class='ocr_par' dir='ltr' id='par_1_10' title="bbox 105 2641 1098 2738">
     <span class='ocr_line' id='line_1_51' title="bbox 209 2641 1098 2686; baseline -0.003 -10"><span class='ocrx_word' id='word_1_348' title='bbox 209 2641 348 2676; x_wconf 89' lang='lat' dir='ltr'>Deinde</span> <span class='ocrx_word' id='word_1_349' title='bbox 380 2649 412 2676; x_wconf 90' lang='lat' dir='ltr'>et</span> <span class='ocrx_word' id='word_1_350' title='bbox 445 2643 487 2675; x_wconf 90' lang='lat' dir='ltr'>de</span> <span class='ocrx_word' id='word_1_351' title='bbox 517 2641 762 2686; x_wconf 77' lang='lat' dir='ltr'>praesentibus</span> <span class='ocrx_word' id='word_1_352' title='bbox 788 2642 945 2675; x_wconf 76' lang='lat' dir='ltr'>victoriis</span> <span class='ocrx_word' id='word_1_353' title='bbox 971 2641 1098 2674; x_wconf 88' lang='lat' dir='ltr'>discri—</span> 
     </span>
     <span class='ocr_line' id='line_1_52' title="bbox 105 2692 1096 2738; baseline -0.002 -11"><span class='ocrx_word' id='word_1_354' title='bbox 105 2706 187 2727; x_wconf 89' lang='lat' dir='ltr'>men</span> <span class='ocrx_word' id='word_1_355' title='bbox 212 2700 273 2727; x_wconf 85' lang='lat' dir='ltr'>est.</span> <span class='ocrx_word' id='word_1_356' title='bbox 326 2693 402 2728; x_wconf 80' lang='lat' dir='ltr'>Etsi</span> <span class='ocrx_word' id='word_1_357' title='bbox 429 2693 574 2727; x_wconf 86' lang='lat' dir='ltr'>dimicat</span> <span class='ocrx_word' id='word_1_358' title='bbox 600 2692 719 2738; x_wconf 90' lang='lat' dir='ltr'>Scipio</span> <span class='ocrx_word' id='word_1_359' title='bbox 746 2693 916 2735; x_wconf 88' lang='lat' dir='ltr'>singulari</span> <span class='ocrx_word' id='word_1_360' title='bbox 942 2693 1096 2738; x_wconf 85' lang='lat' dir='ltr'>quodam</span> 
     </span>
    </p>
   </div>
   <div class='ocr_carea' id='block_1_7' title="bbox 626 390 1134 443">
    <p class='ocr_par' dir='ltr' id='par_1_11' title="bbox 626 390 1134 443">
     <span class='ocr_line' id='line_1_53' title="bbox 626 390 1134 443; baseline 0.004 -14"><span class='ocrx_word' id='word_1_361' title='bbox 626 396 730 431; x_wconf 85' lang='lat' dir='ltr'>Item:</span> <span class='ocrx_word' id='word_1_362' title='bbox 758 393 847 431; x_wconf 74' lang='lat' dir='ltr'>lVon</span> <span class='ocrx_word' id='word_1_363' title='bbox 861 397 1015 439; x_wconf 80' lang='lat' dir='ltr'>moriar,</span> <span class='ocrx_word' id='word_1_364' title='bbox 1043 390 1134 443; x_wconf 61' lang='lat' dir='ltr'>sed}</span> 
     </span>
    </p>
   </div>
   <div class='ocr_carea' id='block_1_8' title="bbox 218 243 2150 338">
    <p class='ocr_par' dir='ltr' id='par_1_12' title="bbox 218 243 2150 338">
     <span class='ocr_line' id='line_1_54' title="bbox 1132 243 2150 294; baseline 0 -16"><span class='ocrx_word' id='word_1_365' title='bbox 1132 243 1136 294; x_wconf 61' lang='grc' dir='ltr'><em>ξ</em></span> <span class='ocrx_word' id='word_1_366' title='bbox 1161 257 1178 278; x_wconf 90' lang='lat' dir='ltr'>a</span> <span class='ocrx_word' id='word_1_367' title='bbox 1197 246 1274 279; x_wconf 89' lang='lat' dir='ltr'>Deo</span> <span class='ocrx_word' id='word_1_368' title='bbox 1293 252 1454 279; x_wconf 81' lang='lat' dir='ltr'>vocatum</span> <span class='ocrx_word' id='word_1_369' title='bbox 1472 258 1564 287; x_wconf 91' lang='lat' dir='ltr'>esse,</span> <span class='ocrx_word' id='word_1_370' title='bbox 1592 257 1654 279; x_wconf 80' lang='lat' dir='ltr'>nec</span> <span class='ocrx_word' id='word_1_371' title='bbox 1670 245 1782 278; x_wconf 82' lang='lat' dir='ltr'>adfert</span> <span class='ocrx_word' id='word_1_372' title='bbox 1798 246 1839 278; x_wconf 86' lang='lat' dir='ltr'>ad</span> <span class='ocrx_word' id='word_1_373' title='bbox 1857 245 2028 289; x_wconf 85' lang='lat' dir='ltr'>praelium</span> <span class='ocrx_word' id='word_1_374' title='bbox 2047 245 2150 278; x_wconf 88' lang='lat' dir='ltr'>fidem</span> 
     </span>
     <span class='ocr_line' id='line_1_55' title="bbox 218 291 1135 338; baseline 0.004 -13"><span class='ocrx_word' id='word_1_375' title='bbox 218 291 403 327; x_wconf 89' lang='lat' dir='ltr'>Pertinent</span> <span class='ocrx_word' id='word_1_376' title='bbox 421 293 527 337; x_wconf 84' lang='lat' dir='ltr'>igitur</span> <span class='ocrx_word' id='word_1_377' title='bbox 544 296 585 327; x_wconf 82' lang='lat' dir='ltr'>ad</span> <span class='ocrx_word' id='word_1_378' title='bbox 607 295 858 338; x_wconf 85' lang='lat' dir='ltr'>promissiones</span> <span class='ocrx_word' id='word_1_379' title='bbox 878 295 955 328; x_wconf 89' lang='lat' dir='ltr'>illas</span> <span class='ocrx_word' id='word_1_380' title='bbox 973 302 1003 329; x_wconf 83' lang='lat' dir='ltr'>et</span> <span class='ocrx_word' id='word_1_381' title='bbox 1024 293 1107 329; x_wconf 85' lang='lat' dir='ltr'>baec</span> <span class='ocrx_word' id='word_1_382' title='bbox 1133 296 1135 326; x_wconf 77' lang='grc' dir='ltr'><strong><em>ἲ</em></strong></span> 
     </span>
    </p>
   </div>
   <div class='ocr_carea' id='block_1_9' title="bbox 1152 294 2149 2740">
    <p class='ocr_par' dir='ltr' id='par_1_13' title="bbox 1161 294 1729 341">
     <span class='ocr_line' id='line_1_56' title="bbox 1161 294 1729 341; baseline 0 -11"><span class='ocrx_word' id='word_1_383' title='bbox 1161 304 1400 341; x_wconf 85' lang='lat' dir='ltr'>expectantem</span> <span class='ocrx_word' id='word_1_384' title='bbox 1418 298 1588 330; x_wconf 81' lang='lat' dir='ltr'>auxilium</span> <span class='ocrx_word' id='word_1_385' title='bbox 1609 309 1625 329; x_wconf 91' lang='lat' dir='ltr'>a</span> <span class='ocrx_word' id='word_1_386' title='bbox 1643 294 1729 330; x_wconf 71' lang='lat' dir='ltr'>Deo.</span> 
     </span>
    </p>

    <p class='ocr_par' dir='ltr' id='par_1_14' title="bbox 1159 346 2149 443">
     <span class='ocr_line' id='line_1_57' title="bbox 1264 346 2149 389; baseline -0.005 -8"><span class='ocrx_word' id='word_1_387' title='bbox 1264 348 1404 389; x_wconf 91' lang='lat' dir='ltr'>Tertio,</span> <span class='ocrx_word' id='word_1_388' title='bbox 1433 361 1497 381; x_wconf 88' lang='lat' dir='ltr'>nec</span> <span class='ocrx_word' id='word_1_389' title='bbox 1520 349 1631 381; x_wconf 87' lang='lat' dir='ltr'>vincit</span> <span class='ocrx_word' id='word_1_390' title='bbox 1654 347 1690 379; x_wconf 88' lang='lat' dir='ltr'>in</span> <span class='ocrx_word' id='word_1_391' title='bbox 1714 347 1845 381; x_wconf 85' lang='lat' dir='ltr'>talibus</span> <span class='ocrx_word' id='word_1_392' title='bbox 1869 346 1950 380; x_wconf 85' lang='lat' dir='ltr'>fidei</span> <span class='ocrx_word' id='word_1_393' title='bbox 1976 346 2149 380; x_wconf 84' lang='lat' dir='ltr'>exercitiis</span> 
     </span>
     <span class='ocr_line' id='line_1_58' title="bbox 1159 406 1762 443; baseline 0.002 -11"><span class='ocrx_word' id='word_1_394' title='bbox 1159 406 1338 443; x_wconf 80' lang='lat' dir='ltr'>peccatum</span> <span class='ocrx_word' id='word_1_395' title='bbox 1356 406 1388 432; x_wconf 89' lang='lat' dir='ltr'>et</span> <span class='ocrx_word' id='word_1_396' title='bbox 1406 406 1555 433; x_wconf 89' lang='lat' dir='ltr'>mortem</span> <span class='ocrx_word' id='word_1_397' title='bbox 1573 406 1762 433; x_wconf 86' lang='lat' dir='ltr'>aeternam.</span> 
     </span>
    </p>

    <p class='ocr_par' dir='ltr' id='par_1_15' title="bbox 1156 448 2149 953">
     <span class='ocr_line' id='line_1_59' title="bbox 1262 448 2149 494; baseline -0.002 -11"><span class='ocrx_word' id='word_1_398' title='bbox 1262 449 1419 492; x_wconf 86' lang='lat' dir='ltr'>Quarto,</span> <span class='ocrx_word' id='word_1_399' title='bbox 1454 451 1517 484; x_wconf 86' lang='lat' dir='ltr'>etsi</span> <span class='ocrx_word' id='word_1_400' title='bbox 1547 461 1647 494; x_wconf 87' lang='lat' dir='ltr'>saepe</span> <span class='ocrx_word' id='word_1_401' title='bbox 1678 449 1828 482; x_wconf 84' lang='lat' dir='ltr'>feliciter</span> <span class='ocrx_word' id='word_1_402' title='bbox 1850 448 2059 493; x_wconf 87' lang='lat' dir='ltr'>praeliatur,</span> <span class='ocrx_word' id='word_1_403' title='bbox 2095 455 2149 481; x_wconf 89' lang='lat' dir='ltr'>ta-</span> 
     </span>
     <span class='ocr_line' id='line_1_60' title="bbox 1158 499 2147 545; baseline -0.001 -12"><span class='ocrx_word' id='word_1_404' title='bbox 1158 513 1238 533; x_wconf 89' lang='lat' dir='ltr'>men</span> <span class='ocrx_word' id='word_1_405' title='bbox 1265 513 1400 545; x_wconf 84' lang='lat' dir='ltr'>semper</span> <span class='ocrx_word' id='word_1_406' title='bbox 1424 508 1473 534; x_wconf 89' lang='lat' dir='ltr'>est</span> <span class='ocrx_word' id='word_1_407' title='bbox 1497 502 1652 534; x_wconf 88' lang='lat' dir='ltr'>incertus</span> <span class='ocrx_word' id='word_1_408' title='bbox 1678 501 1720 533; x_wconf 92' lang='lat' dir='ltr'>de</span> <span class='ocrx_word' id='word_1_409' title='bbox 1745 501 1856 540; x_wconf 85' lang='lat' dir='ltr'>exitu,</span> <span class='ocrx_word' id='word_1_410' title='bbox 1883 500 2014 533; x_wconf 86' lang='lat' dir='ltr'>sciebat</span> <span class='ocrx_word' id='word_1_411' title='bbox 2038 499 2147 532; x_wconf 89' lang='lat' dir='ltr'>inter-</span> 
     </span>
     <span class='ocr_line' id='line_1_61' title="bbox 1158 550 2146 596; baseline -0.003 -11"><span class='ocrx_word' id='word_1_412' title='bbox 1158 553 1266 585; x_wconf 88' lang='lat' dir='ltr'>fectos</span> <span class='ocrx_word' id='word_1_413' title='bbox 1292 564 1363 585; x_wconf 89' lang='lat' dir='ltr'>esse</span> <span class='ocrx_word' id='word_1_414' title='bbox 1385 559 1453 586; x_wconf 85' lang='lat' dir='ltr'>tam</span> <span class='ocrx_word' id='word_1_415' title='bbox 1477 553 1607 586; x_wconf 84' lang='lat' dir='ltr'>multos</span> <span class='ocrx_word' id='word_1_416' title='bbox 1632 558 1845 596; x_wconf 83' lang='lat' dir='ltr'>praestantes</span> <span class='ocrx_word' id='word_1_417' title='bbox 1865 551 1969 584; x_wconf 86' lang='lat' dir='ltr'>duces</span> <span class='ocrx_word' id='word_1_418' title='bbox 1985 550 2146 583; x_wconf 89' lang='lat' dir='ltr'>omnium</span> 
     </span>
     <span class='ocr_line' id='line_1_62' title="bbox 1158 603 2148 647; baseline -0.004 -11"><span class='ocrx_word' id='word_1_419' title='bbox 1158 610 1376 647; x_wconf 84' lang='lat' dir='ltr'>temporum,</span> <span class='ocrx_word' id='word_1_420' title='bbox 1421 604 1628 636; x_wconf 84' lang='lat' dir='ltr'>meminerat</span> <span class='ocrx_word' id='word_1_421' title='bbox 1658 603 1852 636; x_wconf 84' lang='lat' dir='ltr'>trucidatos</span> <span class='ocrx_word' id='word_1_422' title='bbox 1884 608 2039 646; x_wconf 87' lang='lat' dir='ltr'>patrem,</span> <span class='ocrx_word' id='word_1_423' title='bbox 2085 613 2148 644; x_wconf 86' lang='lat' dir='ltr'>pa-</span> 
     </span>
     <span class='ocr_line' id='line_1_63' title="bbox 1157 651 2145 699; baseline -0.002 -13"><span class='ocrx_word' id='word_1_424' title='bbox 1157 662 1294 691; x_wconf 86' lang='lat' dir='ltr'>truum,</span> <span class='ocrx_word' id='word_1_425' title='bbox 1330 654 1551 699; x_wconf 68' lang='lat' dir='ltr'>Aemylhxm,</span> <span class='ocrx_word' id='word_1_426' title='bbox 1588 653 1819 693; x_wconf 84' lang='lat' dir='ltr'>Marcellum,</span> <span class='ocrx_word' id='word_1_427' title='bbox 1854 659 1888 686; x_wconf 90' lang='lat' dir='ltr'>et</span> <span class='ocrx_word' id='word_1_428' title='bbox 1910 652 2008 685; x_wconf 88' lang='lat' dir='ltr'>alios.</span> <span class='ocrx_word' id='word_1_429' title='bbox 2063 651 2145 685; x_wconf 89' lang='lat' dir='ltr'>ldeo</span> 
     </span>
     <span class='ocr_line' id='line_1_64' title="bbox 1158 704 2147 750; baseline -0.001 -12"><span class='ocrx_word' id='word_1_430' title='bbox 1158 706 1285 748; x_wconf 80' lang='lat' dir='ltr'>cogitat</span> <span class='ocrx_word' id='word_1_431' title='bbox 1310 713 1342 739; x_wconf 90' lang='lat' dir='ltr'>et</span> <span class='ocrx_word' id='word_1_432' title='bbox 1367 717 1401 737; x_wconf 91' lang='lat' dir='ltr'>se</span> <span class='ocrx_word' id='word_1_433' title='bbox 1422 706 1615 750; x_wconf 85' lang='lat' dir='ltr'>aliquando</span> <span class='ocrx_word' id='word_1_434' title='bbox 1633 705 1739 736; x_wconf 88' lang='lat' dir='ltr'>simili</span> <span class='ocrx_word' id='word_1_435' title='bbox 1759 705 1830 738; x_wconf 76' lang='lat' dir='ltr'>fato</span> <span class='ocrx_word' id='word_1_436' title='bbox 1850 704 2044 747; x_wconf 85' lang='lat' dir='ltr'>periturum</span> <span class='ocrx_word' id='word_1_437' title='bbox 2063 714 2147 737; x_wconf 82' lang='lat' dir='ltr'>esse.</span> 
     </span>
     <span class='ocr_line' id='line_1_65' title="bbox 1158 754 2148 799; baseline -0.004 -10"><span class='ocrx_word' id='word_1_438' title='bbox 1158 755 1228 789; x_wconf 88' lang='lat' dir='ltr'>Nec</span> <span class='ocrx_word' id='word_1_439' title='bbox 1255 763 1393 789; x_wconf 89' lang='lat' dir='ltr'>tantum</span> <span class='ocrx_word' id='word_1_440' title='bbox 1420 757 1462 788; x_wconf 90' lang='lat' dir='ltr'>de</span> <span class='ocrx_word' id='word_1_441' title='bbox 1487 767 1657 799; x_wconf 89' lang='lat' dir='ltr'>personae</span> <span class='ocrx_word' id='word_1_442' title='bbox 1681 766 1763 787; x_wconf 82' lang='lat' dir='ltr'>suae</span> <span class='ocrx_word' id='word_1_443' title='bbox 1786 755 1880 787; x_wconf 86' lang='lat' dir='ltr'>exitu</span> <span class='ocrx_word' id='word_1_444' title='bbox 1905 762 1955 787; x_wconf 85' lang='lat' dir='ltr'>est</span> <span class='ocrx_word' id='word_1_445' title='bbox 1981 754 2148 791; x_wconf 86' lang='lat' dir='ltr'>incertus,</span> 
     </span>
     <span class='ocr_line' id='line_1_66' title="bbox 1157 806 2146 849; baseline -0.003 -10"><span class='ocrx_word' id='word_1_446' title='bbox 1157 808 1217 839; x_wconf 91' lang='lat' dir='ltr'>sed</span> <span class='ocrx_word' id='word_1_447' title='bbox 1249 807 1352 840; x_wconf 87' lang='lat' dir='ltr'>etiam</span> <span class='ocrx_word' id='word_1_448' title='bbox 1383 807 1426 839; x_wconf 90' lang='lat' dir='ltr'>de</span> <span class='ocrx_word' id='word_1_449' title='bbox 1456 818 1556 839; x_wconf 87' lang='lat' dir='ltr'>causa</span> <span class='ocrx_word' id='word_1_450' title='bbox 1589 814 1622 839; x_wconf 89' lang='lat' dir='ltr'>et</span> <span class='ocrx_word' id='word_1_451' title='bbox 1655 806 1776 848; x_wconf 88' lang='lat' dir='ltr'>repub.</span> <span class='ocrx_word' id='word_1_452' title='bbox 1806 816 1910 849; x_wconf 83' lang='lat' dir='ltr'>quam</span> <span class='ocrx_word' id='word_1_453' title='bbox 1937 810 2146 848; x_wconf 79' lang='lat' dir='ltr'>propugnat,</span> 
     </span>
     <span class='ocr_line' id='line_1_67' title="bbox 1157 855 2146 900; baseline -0.003 -10"><span class='ocrx_word' id='word_1_454' title='bbox 1157 855 1247 890; x_wconf 88' lang='lat' dir='ltr'>hanc</span> <span class='ocrx_word' id='word_1_455' title='bbox 1278 858 1383 891; x_wconf 86' lang='lat' dir='ltr'>etiam</span> <span class='ocrx_word' id='word_1_456' title='bbox 1413 857 1541 900; x_wconf 79' lang='lat' dir='ltr'>cogitat</span> <span class='ocrx_word' id='word_1_457' title='bbox 1568 869 1649 890; x_wconf 89' lang='lat' dir='ltr'>casu</span> <span class='ocrx_word' id='word_1_458' title='bbox 1673 856 1766 899; x_wconf 85' lang='lat' dir='ltr'>regi,</span> <span class='ocrx_word' id='word_1_459' title='bbox 1802 863 1834 889; x_wconf 91' lang='lat' dir='ltr'>et</span> <span class='ocrx_word' id='word_1_460' title='bbox 1859 856 2005 888; x_wconf 86' lang='lat' dir='ltr'>fortasse</span> <span class='ocrx_word' id='word_1_461' title='bbox 2029 855 2146 888; x_wconf 86' lang='lat' dir='ltr'>subito</span> 
     </span>
     <span class='ocr_line' id='line_1_68' title="bbox 1156 909 1689 953; baseline -0.002 -12"><span class='ocrx_word' id='word_1_462' title='bbox 1156 909 1277 953; x_wconf 86' lang='lat' dir='ltr'>aliquo</span> <span class='ocrx_word' id='word_1_463' title='bbox 1296 916 1393 941; x_wconf 92' lang='lat' dir='ltr'>motu</span> <span class='ocrx_word' id='word_1_464' title='bbox 1410 909 1584 941; x_wconf 87' lang='lat' dir='ltr'>ruituram</span> <span class='ocrx_word' id='word_1_465' title='bbox 1605 919 1689 940; x_wconf 87' lang='lat' dir='ltr'>esse.</span> 
     </span>
    </p>

    <p class='ocr_par' dir='ltr' id='par_1_16' title="bbox 1154 955 2148 2115">
     <span class='ocr_line' id='line_1_69' title="bbox 1259 955 2147 1003; baseline -0.003 -11"><span class='ocrx_word' id='word_1_466' title='bbox 1259 959 1472 1003; x_wconf 81' lang='lat' dir='ltr'>Quanquam</span> <span class='ocrx_word' id='word_1_467' title='bbox 1498 967 1612 992; x_wconf 87' lang='lat' dir='ltr'>autem</span> <span class='ocrx_word' id='word_1_468' title='bbox 1638 964 1784 991; x_wconf 86' lang='lat' dir='ltr'>eventus</span> <span class='ocrx_word' id='word_1_469' title='bbox 1809 957 1845 989; x_wconf 92' lang='lat' dir='ltr'>in</span> <span class='ocrx_word' id='word_1_470' title='bbox 1869 957 1999 1001; x_wconf 90' lang='lat' dir='ltr'>populo</span> <span class='ocrx_word' id='word_1_471' title='bbox 2024 955 2147 1000; x_wconf 79' lang='lat' dir='ltr'>Israe&#39;l,</span> 
     </span>
     <span class='ocr_line' id='line_1_70' title="bbox 1156 1008 2146 1054; baseline -0.003 -11"><span class='ocrx_word' id='word_1_472' title='bbox 1156 1017 1188 1043; x_wconf 81' lang='lat' dir='ltr'>et</span> <span class='ocrx_word' id='word_1_473' title='bbox 1211 1011 1356 1043; x_wconf 77' lang='lat' dir='ltr'>caeteris</span> <span class='ocrx_word' id='word_1_474' title='bbox 1378 1010 1535 1054; x_wconf 84' lang='lat' dir='ltr'>imperiis</span> <span class='ocrx_word' id='word_1_475' title='bbox 1561 1010 1728 1043; x_wconf 84' lang='lat' dir='ltr'>videntur</span> <span class='ocrx_word' id='word_1_476' title='bbox 1752 1020 1825 1041; x_wconf 89' lang='lat' dir='ltr'>esse</span> <span class='ocrx_word' id='word_1_477' title='bbox 1851 1008 2001 1049; x_wconf 88' lang='lat' dir='ltr'>similes,</span> <span class='ocrx_word' id='word_1_478' title='bbox 2036 1008 2146 1041; x_wconf 88' lang='lat' dir='ltr'>inter-</span> 
     </span>
     <span class='ocr_line' id='line_1_71' title="bbox 1156 1057 2147 1105; baseline -0.003 -12"><span class='ocrx_word' id='word_1_479' title='bbox 1156 1062 1323 1095; x_wconf 84' lang='lat' dir='ltr'>ficiuntur</span> <span class='ocrx_word' id='word_1_480' title='bbox 1348 1062 1465 1104; x_wconf 87' lang='lat' dir='ltr'>magni</span> <span class='ocrx_word' id='word_1_481' title='bbox 1490 1068 1522 1094; x_wconf 93' lang='lat' dir='ltr'>et</span> <span class='ocrx_word' id='word_1_482' title='bbox 1550 1061 1597 1105; x_wconf 92' lang='lat' dir='ltr'>pii</span> <span class='ocrx_word' id='word_1_483' title='bbox 1624 1062 1746 1100; x_wconf 87' lang='lat' dir='ltr'>duces,</span> <span class='ocrx_word' id='word_1_484' title='bbox 1778 1065 1817 1092; x_wconf 87' lang='lat' dir='ltr'>ut</span> <span class='ocrx_word' id='word_1_485' title='bbox 1841 1057 2010 1097; x_wconf 80' lang='lat' dir='ltr'>Samson,</span> <span class='ocrx_word' id='word_1_486' title='bbox 2040 1057 2147 1091; x_wconf 87' lang='lat' dir='ltr'>lona-</span> 
     </span>
     <span class='ocr_line' id='line_1_72' title="bbox 1157 1110 2147 1156; baseline -0.002 -12"><span class='ocrx_word' id='word_1_487' title='bbox 1157 1110 1253 1155; x_wconf 84' lang='lat' dir='ltr'>thas,</span> <span class='ocrx_word' id='word_1_488' title='bbox 1288 1112 1414 1153; x_wconf 80' lang='lat' dir='ltr'>losiaS‚</span> <span class='ocrx_word' id='word_1_489' title='bbox 1447 1112 1656 1146; x_wconf 81' lang='lat' dir='ltr'>exoriuntur</span> <span class='ocrx_word' id='word_1_490' title='bbox 1687 1110 1912 1156; x_wconf 84' lang='lat' dir='ltr'>tyrannides,</span> <span class='ocrx_word' id='word_1_491' title='bbox 1946 1110 2147 1149; x_wconf 87' lang='lat' dir='ltr'>seditiones,</span> 
     </span>
     <span class='ocr_line' id='line_1_73' title="bbox 1157 1160 2146 1206; baseline -0.003 -11"><span class='ocrx_word' id='word_1_492' title='bbox 1157 1170 1190 1196; x_wconf 90' lang='lat' dir='ltr'>et</span> <span class='ocrx_word' id='word_1_493' title='bbox 1214 1164 1302 1196; x_wconf 85' lang='lat' dir='ltr'>aliae</span> <span class='ocrx_word' id='word_1_494' title='bbox 1325 1175 1472 1206; x_wconf 83' lang='lat' dir='ltr'>magnae</span> <span class='ocrx_word' id='word_1_495' title='bbox 1491 1164 1722 1196; x_wconf 87' lang='lat' dir='ltr'>mutationes:</span> <span class='ocrx_word' id='word_1_496' title='bbox 1747 1169 1863 1195; x_wconf 85' lang='lat' dir='ltr'>tamen</span> <span class='ocrx_word' id='word_1_497' title='bbox 1883 1160 2029 1194; x_wconf 87' lang='lat' dir='ltr'>Davidis</span> <span class='ocrx_word' id='word_1_498' title='bbox 2047 1172 2146 1193; x_wconf 89' lang='lat' dir='ltr'>mens</span> 
     </span>
     <span class='ocr_line' id='line_1_74' title="bbox 1157 1212 2146 1256; baseline -0.002 -10"><span class='ocrx_word' id='word_1_499' title='bbox 1157 1221 1189 1247; x_wconf 87' lang='lat' dir='ltr'>et</span> <span class='ocrx_word' id='word_1_500' title='bbox 1213 1216 1256 1246; x_wconf 86' lang='lat' dir='ltr'>de</span> <span class='ocrx_word' id='word_1_501' title='bbox 1279 1227 1426 1256; x_wconf 84' lang='lat' dir='ltr'>persona</span> <span class='ocrx_word' id='word_1_502' title='bbox 1453 1226 1532 1255; x_wconf 87' lang='lat' dir='ltr'>sua,</span> <span class='ocrx_word' id='word_1_503' title='bbox 1560 1221 1592 1248; x_wconf 90' lang='lat' dir='ltr'>et</span> <span class='ocrx_word' id='word_1_504' title='bbox 1619 1215 1661 1246; x_wconf 88' lang='lat' dir='ltr'>de</span> <span class='ocrx_word' id='word_1_505' title='bbox 1678 1225 1799 1253; x_wconf 88' lang='lat' dir='ltr'>causa,</span> <span class='ocrx_word' id='word_1_506' title='bbox 1827 1212 1930 1254; x_wconf 84' lang='lat' dir='ltr'>longe</span> <span class='ocrx_word' id='word_1_507' title='bbox 1947 1212 2049 1245; x_wconf 90' lang='lat' dir='ltr'>aliter</span> <span class='ocrx_word' id='word_1_508' title='bbox 2064 1223 2146 1244; x_wconf 91' lang='lat' dir='ltr'>sen-</span> 
     </span>
     <span class='ocr_line' id='line_1_75' title="bbox 1157 1262 2145 1310; baseline -0.003 -12"><span class='ocrx_word' id='word_1_509' title='bbox 1157 1265 1216 1306; x_wconf 87' lang='lat' dir='ltr'>tit,</span> <span class='ocrx_word' id='word_1_510' title='bbox 1244 1278 1348 1310; x_wconf 82' lang='lat' dir='ltr'>quam</span> <span class='ocrx_word' id='word_1_511' title='bbox 1375 1265 1506 1309; x_wconf 88' lang='lat' dir='ltr'>Scipio.</span> <span class='ocrx_word' id='word_1_512' title='bbox 1560 1264 1674 1298; x_wconf 83' lang='lat' dir='ltr'>David</span> <span class='ocrx_word' id='word_1_513' title='bbox 1702 1265 1766 1297; x_wconf 88' lang='lat' dir='ltr'>scit</span> <span class='ocrx_word' id='word_1_514' title='bbox 1786 1275 1821 1296; x_wconf 91' lang='lat' dir='ltr'>se</span> <span class='ocrx_word' id='word_1_515' title='bbox 1843 1275 1862 1296; x_wconf 87' lang='lat' dir='ltr'>a</span> <span class='ocrx_word' id='word_1_516' title='bbox 1885 1262 1960 1296; x_wconf 88' lang='lat' dir='ltr'>Deo</span> <span class='ocrx_word' id='word_1_517' title='bbox 1984 1270 2145 1296; x_wconf 88' lang='lat' dir='ltr'>vocatum</span> 
     </span>
     <span class='ocr_line' id='line_1_76' title="bbox 1156 1314 2147 1360; baseline -0.002 -12"><span class='ocrx_word' id='word_1_518' title='bbox 1156 1328 1228 1349; x_wconf 87' lang='lat' dir='ltr'>esse</span> <span class='ocrx_word' id='word_1_519' title='bbox 1241 1343 1250 1356; x_wconf 97' lang='lat'>,</span> <span class='ocrx_word' id='word_1_520' title='bbox 1278 1317 1407 1349; x_wconf 86' lang='lat' dir='ltr'>deinde</span> <span class='ocrx_word' id='word_1_521' title='bbox 1425 1317 1461 1348; x_wconf 90' lang='lat' dir='ltr'>in</span> <span class='ocrx_word' id='word_1_522' title='bbox 1481 1317 1621 1360; x_wconf 86' lang='lat' dir='ltr'>praeliis</span> <span class='ocrx_word' id='word_1_523' title='bbox 1637 1317 1704 1349; x_wconf 86' lang='lat' dir='ltr'>fide</span> <span class='ocrx_word' id='word_1_524' title='bbox 1722 1315 1808 1359; x_wconf 86' lang='lat' dir='ltr'>petit</span> <span class='ocrx_word' id='word_1_525' title='bbox 1825 1322 1858 1349; x_wconf 88' lang='lat' dir='ltr'>et</span> <span class='ocrx_word' id='word_1_526' title='bbox 1874 1320 2030 1358; x_wconf 87' lang='lat' dir='ltr'>expectat</span> <span class='ocrx_word' id='word_1_527' title='bbox 2046 1314 2147 1347; x_wconf 83' lang='lat' dir='ltr'>auxi-</span> 
     </span>
     <span class='ocr_line' id='line_1_77' title="bbox 1157 1366 2145 1401; baseline -0.002 -2"><span class='ocrx_word' id='word_1_528' title='bbox 1157 1367 1243 1400; x_wconf 89' lang='lat' dir='ltr'>lium</span> <span class='ocrx_word' id='word_1_529' title='bbox 1276 1374 1308 1400; x_wconf 86' lang='lat' dir='ltr'>et</span> <span class='ocrx_word' id='word_1_530' title='bbox 1336 1367 1536 1400; x_wconf 88' lang='lat' dir='ltr'>victoriam:</span> <span class='ocrx_word' id='word_1_531' title='bbox 1575 1374 1607 1401; x_wconf 90' lang='lat' dir='ltr'>et</span> <span class='ocrx_word' id='word_1_532' title='bbox 1639 1369 1759 1400; x_wconf 87' lang='lat' dir='ltr'>eadem</span> <span class='ocrx_word' id='word_1_533' title='bbox 1791 1366 1858 1398; x_wconf 80' lang='lat' dir='ltr'>fide</span> <span class='ocrx_word' id='word_1_534' title='bbox 1888 1366 2041 1399; x_wconf 86' lang='lat' dir='ltr'>luctatur</span> <span class='ocrx_word' id='word_1_535' title='bbox 2066 1377 2145 1398; x_wconf 91' lang='lat' dir='ltr'>cum</span> 
     </span>
     <span class='ocr_line' id='line_1_78' title="bbox 1156 1418 2146 1461; baseline 0.002 -12"><span class='ocrx_word' id='word_1_536' title='bbox 1156 1418 1351 1450; x_wconf 88' lang='lat' dir='ltr'>terroribus</span> <span class='ocrx_word' id='word_1_537' title='bbox 1381 1419 1533 1461; x_wconf 90' lang='lat' dir='ltr'>peccati,</span> <span class='ocrx_word' id='word_1_538' title='bbox 1568 1426 1600 1452; x_wconf 89' lang='lat' dir='ltr'>et</span> <span class='ocrx_word' id='word_1_539' title='bbox 1633 1418 1741 1451; x_wconf 89' lang='lat' dir='ltr'>vincit</span> <span class='ocrx_word' id='word_1_540' title='bbox 1772 1424 1921 1450; x_wconf 89' lang='lat' dir='ltr'>mortem</span> <span class='ocrx_word' id='word_1_541' title='bbox 1955 1423 2146 1451; x_wconf 82' lang='lat' dir='ltr'>aeternam.</span> 
     </span>
     <span class='ocr_line' id='line_1_79' title="bbox 1156 1465 2147 1507; baseline -0.003 -5"><span class='ocrx_word' id='word_1_542' title='bbox 1156 1467 1231 1502; x_wconf 87' lang='lat' dir='ltr'>Scit</span> <span class='ocrx_word' id='word_1_543' title='bbox 1254 1476 1286 1502; x_wconf 90' lang='lat' dir='ltr'>et</span> <span class='ocrx_word' id='word_1_544' title='bbox 1310 1466 1395 1507; x_wconf 84' lang='lat' dir='ltr'>hoc,</span> <span class='ocrx_word' id='word_1_545' title='bbox 1423 1467 1538 1501; x_wconf 88' lang='lat' dir='ltr'>Deum</span> <span class='ocrx_word' id='word_1_546' title='bbox 1565 1469 1786 1502; x_wconf 80' lang='lat' dir='ltr'>defensorem</span> <span class='ocrx_word' id='word_1_547' title='bbox 1809 1480 1881 1500; x_wconf 90' lang='lat' dir='ltr'>esse</span> <span class='ocrx_word' id='word_1_548' title='bbox 1907 1479 2008 1500; x_wconf 85' lang='lat' dir='ltr'>verae</span> <span class='ocrx_word' id='word_1_549' title='bbox 2023 1465 2147 1500; x_wconf 83' lang='lat' dir='ltr'>Eccle-</span> 
     </span>
     <span class='ocr_line' id='line_1_80' title="bbox 1156 1516 2148 1563; baseline -0.001 -12"><span class='ocrx_word' id='word_1_550' title='bbox 1156 1519 1242 1559; x_wconf 80' lang='lat' dir='ltr'>siae,</span> <span class='ocrx_word' id='word_1_551' title='bbox 1271 1519 1327 1552; x_wconf 90' lang='lat' dir='ltr'>cui</span> <span class='ocrx_word' id='word_1_552' title='bbox 1344 1520 1416 1563; x_wconf 90' lang='lat' dir='ltr'>ipse</span> <span class='ocrx_word' id='word_1_553' title='bbox 1433 1520 1558 1559; x_wconf 88' lang='lat' dir='ltr'>seruit,</span> <span class='ocrx_word' id='word_1_554' title='bbox 1587 1526 1619 1552; x_wconf 90' lang='lat' dir='ltr'>et</span> <span class='ocrx_word' id='word_1_555' title='bbox 1637 1527 1819 1563; x_wconf 85' lang='lat' dir='ltr'>propterea</span> <span class='ocrx_word' id='word_1_556' title='bbox 1837 1520 1942 1552; x_wconf 90' lang='lat' dir='ltr'>duces</span> <span class='ocrx_word' id='word_1_557' title='bbox 1957 1530 1975 1551; x_wconf 87' lang='lat' dir='ltr'>a</span> <span class='ocrx_word' id='word_1_558' title='bbox 1992 1516 2067 1551; x_wconf 85' lang='lat' dir='ltr'>Deo</span> <span class='ocrx_word' id='word_1_559' title='bbox 2084 1530 2148 1551; x_wconf 88' lang='lat' dir='ltr'>vo-</span> 
     </span>
     <span class='ocr_line' id='line_1_81' title="bbox 1156 1567 2147 1615; baseline 0 -13"><span class='ocrx_word' id='word_1_560' title='bbox 1156 1576 1250 1602; x_wconf 88' lang='lat' dir='ltr'>catos</span> <span class='ocrx_word' id='word_1_561' title='bbox 1274 1571 1471 1615; x_wconf 85' lang='lat' dir='ltr'>plerunque</span> <span class='ocrx_word' id='word_1_562' title='bbox 1495 1571 1530 1602; x_wconf 92' lang='lat' dir='ltr'>in</span> <span class='ocrx_word' id='word_1_563' title='bbox 1549 1571 1672 1603; x_wconf 81' lang='lat' dir='ltr'>officiis</span> <span class='ocrx_word' id='word_1_564' title='bbox 1690 1570 1886 1603; x_wconf 84' lang='lat' dir='ltr'>vocationis</span> <span class='ocrx_word' id='word_1_565' title='bbox 1904 1569 2047 1602; x_wconf 84' lang='lat' dir='ltr'>servari.</span> <span class='ocrx_word' id='word_1_566' title='bbox 2099 1567 2147 1602; x_wconf 87' lang='lat' dir='ltr'>Et</span> 
     </span>
     <span class='ocr_line' id='line_1_82' title="bbox 1157 1618 2146 1666; baseline -0.001 -13"><span class='ocrx_word' id='word_1_567' title='bbox 1157 1630 1194 1653; x_wconf 90' lang='lat' dir='ltr'>ut</span> <span class='ocrx_word' id='word_1_568' title='bbox 1224 1621 1373 1653; x_wconf 84' lang='lat' dir='ltr'>maxime</span> <span class='ocrx_word' id='word_1_569' title='bbox 1398 1621 1435 1653; x_wconf 90' lang='lat' dir='ltr'>in</span> <span class='ocrx_word' id='word_1_570' title='bbox 1460 1621 1533 1653; x_wconf 82' lang='lat' dir='ltr'>acie</span> <span class='ocrx_word' id='word_1_571' title='bbox 1555 1621 1730 1655; x_wconf 89' lang='lat' dir='ltr'>intereant</span> <span class='ocrx_word' id='word_1_572' title='bbox 1755 1622 1881 1661; x_wconf 88' lang='lat' dir='ltr'>duces,</span> <span class='ocrx_word' id='word_1_573' title='bbox 1918 1618 2028 1666; x_wconf 82' lang='lat' dir='ltr'>(vidit</span> <span class='ocrx_word' id='word_1_574' title='bbox 2052 1620 2146 1652; x_wconf 91' lang='lat' dir='ltr'>enim</span> 
     </span>
     <span class='ocr_line' id='line_1_83' title="bbox 1156 1671 2147 1714; baseline -0.001 -10"><span class='ocrx_word' id='word_1_575' title='bbox 1156 1671 1269 1704; x_wconf 87' lang='lat' dir='ltr'>Deum</span> <span class='ocrx_word' id='word_1_576' title='bbox 1294 1672 1507 1704; x_wconf 81' lang='lat' dir='ltr'>mirabiliter</span> <span class='ocrx_word' id='word_1_577' title='bbox 1533 1684 1651 1714; x_wconf 81' lang='lat' dir='ltr'>regere</span> <span class='ocrx_word' id='word_1_578' title='bbox 1672 1671 1884 1712; x_wconf 85' lang='lat' dir='ltr'>Ecclesiam,</span> <span class='ocrx_word' id='word_1_579' title='bbox 1912 1678 1946 1704; x_wconf 89' lang='lat' dir='ltr'>et</span> <span class='ocrx_word' id='word_1_580' title='bbox 1969 1671 2058 1703; x_wconf 92' lang='lat' dir='ltr'>velle</span> <span class='ocrx_word' id='word_1_581' title='bbox 2081 1682 2147 1703; x_wconf 87' lang='lat' dir='ltr'>nos</span> 
     </span>
     <span class='ocr_line' id='line_1_84' title="bbox 1156 1722 2146 1767; baseline 0 -13"><span class='ocrx_word' id='word_1_582' title='bbox 1156 1723 1306 1755; x_wconf 85' lang='lat' dir='ltr'>exerceri</span> <span class='ocrx_word' id='word_1_583' title='bbox 1335 1723 1537 1766; x_wconf 86' lang='lat' dir='ltr'>ingentibus</span> <span class='ocrx_word' id='word_1_584' title='bbox 1565 1722 1757 1767; x_wconf 87' lang='lat' dir='ltr'>periculis‚)</span> <span class='ocrx_word' id='word_1_585' title='bbox 1783 1730 1900 1756; x_wconf 88' lang='lat' dir='ltr'>tamen</span> <span class='ocrx_word' id='word_1_586' title='bbox 1925 1722 1987 1754; x_wconf 90' lang='lat' dir='ltr'>scit</span> <span class='ocrx_word' id='word_1_587' title='bbox 2006 1733 2146 1754; x_wconf 87' lang='lat' dir='ltr'>causam</span> 
     </span>
     <span class='ocr_line' id='line_1_85' title="bbox 1155 1772 2146 1817; baseline 0 -11"><span class='ocrx_word' id='word_1_588' title='bbox 1155 1780 1187 1806; x_wconf 89' lang='lat' dir='ltr'>et</span> <span class='ocrx_word' id='word_1_589' title='bbox 1205 1772 1395 1806; x_wconf 86' lang='lat' dir='ltr'>Ecclesiam</span> <span class='ocrx_word' id='word_1_590' title='bbox 1415 1786 1486 1806; x_wconf 86' lang='lat' dir='ltr'>non</span> <span class='ocrx_word' id='word_1_591' title='bbox 1506 1774 1728 1807; x_wconf 87' lang='lat' dir='ltr'>interituram</span> <span class='ocrx_word' id='word_1_592' title='bbox 1747 1785 1831 1807; x_wconf 87' lang='lat' dir='ltr'>esse.</span> <span class='ocrx_word' id='word_1_593' title='bbox 1886 1772 2005 1815; x_wconf 86' lang='lat' dir='ltr'>Quare</span> <span class='ocrx_word' id='word_1_594' title='bbox 2022 1780 2055 1806; x_wconf 89' lang='lat' dir='ltr'>et</span> <span class='ocrx_word' id='word_1_595' title='bbox 2072 1773 2146 1817; x_wconf 91' lang='lat' dir='ltr'>ipse</span> 
     </span>
     <span class='ocr_line' id='line_1_86' title="bbox 1155 1821 2146 1868; baseline 0 -11"><span class='ocrx_word' id='word_1_596' title='bbox 1155 1824 1358 1865; x_wconf 71' lang='lat' dir='ltr'>revixiscet,</span> <span class='ocrx_word' id='word_1_597' title='bbox 1389 1832 1422 1857; x_wconf 92' lang='lat' dir='ltr'>et</span> <span class='ocrx_word' id='word_1_598' title='bbox 1446 1825 1511 1858; x_wconf 89' lang='lat' dir='ltr'>erit</span> <span class='ocrx_word' id='word_1_599' title='bbox 1536 1825 1651 1858; x_wconf 88' lang='lat' dir='ltr'>socius</span> <span class='ocrx_word' id='word_1_600' title='bbox 1675 1825 1808 1857; x_wconf 86' lang='lat' dir='ltr'>aeterni</span> <span class='ocrx_word' id='word_1_601' title='bbox 1827 1821 2001 1868; x_wconf 84' lang='lat' dir='ltr'>triumphi</span> <span class='ocrx_word' id='word_1_602' title='bbox 2016 1831 2047 1858; x_wconf 89' lang='lat' dir='ltr'>et</span> <span class='ocrx_word' id='word_1_603' title='bbox 2068 1825 2146 1867; x_wconf 86' lang='lat' dir='ltr'>glo-</span> 
     </span>
     <span class='ocr_line' id='line_1_87' title="bbox 1155 1872 2146 1920; baseline 0.001 -12"><span class='ocrx_word' id='word_1_604' title='bbox 1155 1876 1226 1908; x_wconf 87' lang='lat' dir='ltr'>riae</span> <span class='ocrx_word' id='word_1_605' title='bbox 1245 1877 1339 1920; x_wconf 87' lang='lat' dir='ltr'>apud</span> <span class='ocrx_word' id='word_1_606' title='bbox 1357 1875 1483 1910; x_wconf 87' lang='lat' dir='ltr'>Deum.</span> <span class='ocrx_word' id='word_1_607' title='bbox 1539 1874 1613 1908; x_wconf 83' lang='lat' dir='ltr'>Hac</span> <span class='ocrx_word' id='word_1_608' title='bbox 1631 1876 1737 1919; x_wconf 87' lang='lat' dir='ltr'>igitur</span> <span class='ocrx_word' id='word_1_609' title='bbox 1754 1876 1821 1908; x_wconf 84' lang='lat' dir='ltr'>fide</span> <span class='ocrx_word' id='word_1_610' title='bbox 1839 1887 1919 1908; x_wconf 86' lang='lat' dir='ltr'>vere</span> <span class='ocrx_word' id='word_1_611' title='bbox 1938 1875 2033 1909; x_wconf 87' lang='lat' dir='ltr'>canit</span> <span class='ocrx_word' id='word_1_612' title='bbox 2050 1872 2146 1909; x_wconf 91' lang='lat' dir='ltr'>hunc</span> 
     </span>
     <span class='ocr_line' id='line_1_88' title="bbox 1155 1925 2145 1972; baseline -0.001 -13"><span class='ocrx_word' id='word_1_613' title='bbox 1155 1925 1348 1972; x_wconf 85' lang='lat' dir='ltr'>hymnum,</span> <span class='ocrx_word' id='word_1_614' title='bbox 1385 1934 1418 1960; x_wconf 90' lang='lat' dir='ltr'>et</span> <span class='ocrx_word' id='word_1_615' title='bbox 1447 1927 1626 1971; x_wconf 86' lang='lat' dir='ltr'>praedicat</span> <span class='ocrx_word' id='word_1_616' title='bbox 1654 1939 1791 1960; x_wconf 86' lang='lat' dir='ltr'>causam</span> <span class='ocrx_word' id='word_1_617' title='bbox 1821 1939 1894 1960; x_wconf 92' lang='lat' dir='ltr'>non</span> <span class='ocrx_word' id='word_1_618' title='bbox 1922 1927 2145 1960; x_wconf 88' lang='lat' dir='ltr'>interituram</span> 
     </span>
     <span class='ocr_line' id='line_1_89' title="bbox 1155 1978 2147 2023; baseline -0.001 -13"><span class='ocrx_word' id='word_1_619' title='bbox 1155 1989 1244 2018; x_wconf 88' lang='lat' dir='ltr'>esse,</span> <span class='ocrx_word' id='word_1_620' title='bbox 1273 1978 1345 2010; x_wconf 91' lang='lat' dir='ltr'>imo</span> <span class='ocrx_word' id='word_1_621' title='bbox 1370 1989 1404 2010; x_wconf 91' lang='lat' dir='ltr'>se</span> <span class='ocrx_word' id='word_1_622' title='bbox 1427 1990 1568 2023; x_wconf 85' lang='lat' dir='ltr'>quoque</span> <span class='ocrx_word' id='word_1_623' title='bbox 1588 1979 1623 2011; x_wconf 92' lang='lat' dir='ltr'>in</span> <span class='ocrx_word' id='word_1_624' title='bbox 1641 1978 1883 2022; x_wconf 86' lang='lat' dir='ltr'>praesentibus</span> <span class='ocrx_word' id='word_1_625' title='bbox 1899 1978 2040 2021; x_wconf 90' lang='lat' dir='ltr'>praeliis</span> <span class='ocrx_word' id='word_1_626' title='bbox 2056 1978 2147 2011; x_wconf 88' lang='lat' dir='ltr'>libe-</span> 
     </span>
     <span class='ocr_line' id='line_1_90' title="bbox 1154 2029 2145 2067; baseline 0 -6"><span class='ocrx_word' id='word_1_627' title='bbox 1154 2035 1270 2061; x_wconf 82' lang='lat' dir='ltr'>ratum</span> <span class='ocrx_word' id='word_1_628' title='bbox 1303 2040 1375 2061; x_wconf 87' lang='lat' dir='ltr'>esse</span> <span class='ocrx_word' id='word_1_629' title='bbox 1401 2041 1418 2061; x_wconf 91' lang='lat' dir='ltr'>a</span> <span class='ocrx_word' id='word_1_630' title='bbox 1442 2035 1574 2067; x_wconf 75' lang='lat' dir='ltr'>morte,</span> <span class='ocrx_word' id='word_1_631' title='bbox 1611 2036 1645 2063; x_wconf 89' lang='lat' dir='ltr'>et</span> <span class='ocrx_word' id='word_1_632' title='bbox 1668 2041 1792 2063; x_wconf 87' lang='lat' dir='ltr'>rursus</span> <span class='ocrx_word' id='word_1_633' title='bbox 1817 2041 1897 2062; x_wconf 89' lang='lat' dir='ltr'>vere</span> <span class='ocrx_word' id='word_1_634' title='bbox 1919 2029 2145 2062; x_wconf 86' lang='lat' dir='ltr'>liberandum</span> 
     </span>
     <span class='ocr_line' id='line_1_91' title="bbox 1154 2080 1592 2115; baseline 0.005 -3"><span class='ocrx_word' id='word_1_635' title='bbox 1154 2091 1226 2112; x_wconf 88' lang='lat' dir='ltr'>esse</span> <span class='ocrx_word' id='word_1_636' title='bbox 1246 2080 1289 2112; x_wconf 90' lang='lat' dir='ltr'>ab</span> <span class='ocrx_word' id='word_1_637' title='bbox 1308 2087 1446 2113; x_wconf 89' lang='lat' dir='ltr'>aeterna</span> <span class='ocrx_word' id='word_1_638' title='bbox 1467 2087 1592 2115; x_wconf 87' lang='lat' dir='ltr'>morte.</span> 
     </span>
    </p>

    <p class='ocr_par' dir='ltr' id='par_1_17' title="bbox 1152 2129 2147 2740">
     <span class='ocr_line' id='line_1_92' title="bbox 1258 2129 2147 2166; baseline -0.001 -2"><span class='ocrx_word' id='word_1_639' title='bbox 1258 2129 1347 2164; x_wconf 92' lang='lat' dir='ltr'>Cum</span> <span class='ocrx_word' id='word_1_640' title='bbox 1363 2138 1478 2164; x_wconf 89' lang='lat' dir='ltr'>autem</span> <span class='ocrx_word' id='word_1_641' title='bbox 1504 2133 1546 2164; x_wconf 91' lang='lat' dir='ltr'>de</span> <span class='ocrx_word' id='word_1_642' title='bbox 1565 2132 1774 2165; x_wconf 88' lang='lat' dir='ltr'>liberatione</span> <span class='ocrx_word' id='word_1_643' title='bbox 1791 2144 1808 2164; x_wconf 87' lang='lat' dir='ltr'>a</span> <span class='ocrx_word' id='word_1_644' title='bbox 1826 2138 1938 2166; x_wconf 89' lang='lat' dir='ltr'>morte</span> <span class='ocrx_word' id='word_1_645' title='bbox 1957 2130 2147 2165; x_wconf 82' lang='lat' dir='ltr'>conciona-</span> 
     </span>
     <span class='ocr_line' id='line_1_93' title="bbox 1154 2181 2147 2225; baseline -0.001 -10"><span class='ocrx_word' id='word_1_646' title='bbox 1154 2188 1232 2222; x_wconf 91' lang='lat' dir='ltr'>tur,</span> <span class='ocrx_word' id='word_1_647' title='bbox 1268 2183 1545 2225; x_wconf 84' lang='lat' dir='ltr'>complectamur</span> <span class='ocrx_word' id='word_1_648' title='bbox 1579 2195 1643 2216; x_wconf 91' lang='lat' dir='ltr'>nos</span> <span class='ocrx_word' id='word_1_649' title='bbox 1668 2183 1786 2216; x_wconf 91' lang='lat' dir='ltr'>omnia</span> <span class='ocrx_word' id='word_1_650' title='bbox 1810 2181 1942 2216; x_wconf 87' lang='lat' dir='ltr'>Christi</span> <span class='ocrx_word' id='word_1_651' title='bbox 1966 2182 2147 2215; x_wconf 85' lang='lat' dir='ltr'>beneficia.</span> 
     </span>
     <span class='ocr_line' id='line_1_94' title="bbox 1154 2232 2144 2274; baseline -0.001 -8"><span class='ocrx_word' id='word_1_652' title='bbox 1154 2232 1233 2266; x_wconf 84' lang='lat' dir='ltr'>Non</span> <span class='ocrx_word' id='word_1_653' title='bbox 1254 2234 1415 2267; x_wconf 83' lang='lat' dir='ltr'>aboletur</span> <span class='ocrx_word' id='word_1_654' title='bbox 1430 2246 1526 2268; x_wconf 83' lang='lat' dir='ltr'>mors</span> <span class='ocrx_word' id='word_1_655' title='bbox 1551 2234 1587 2266; x_wconf 88' lang='lat' dir='ltr'>in</span> <span class='ocrx_word' id='word_1_656' title='bbox 1605 2233 1742 2267; x_wconf 80' lang='lat' dir='ltr'>Davide</span> <span class='ocrx_word' id='word_1_657' title='bbox 1761 2240 1793 2267; x_wconf 90' lang='lat' dir='ltr'>et</span> <span class='ocrx_word' id='word_1_658' title='bbox 1812 2234 1932 2274; x_wconf 87' lang='lat' dir='ltr'>nobis,</span> <span class='ocrx_word' id='word_1_659' title='bbox 1960 2234 2029 2267; x_wconf 90' lang='lat' dir='ltr'>nisi</span> <span class='ocrx_word' id='word_1_660' title='bbox 2053 2233 2144 2265; x_wconf 90' lang='lat' dir='ltr'>libe-</span> 
     </span>
     <span class='ocr_line' id='line_1_95' title="bbox 1154 2281 2142 2329; baseline -0.002 -12"><span class='ocrx_word' id='word_1_661' title='bbox 1154 2296 1274 2317; x_wconf 89' lang='lat' dir='ltr'>remur</span> <span class='ocrx_word' id='word_1_662' title='bbox 1302 2297 1320 2317; x_wconf 90' lang='lat' dir='ltr'>a</span> <span class='ocrx_word' id='word_1_663' title='bbox 1351 2292 1505 2329; x_wconf 88' lang='lat' dir='ltr'>peccato.</span> <span class='ocrx_word' id='word_1_664' title='bbox 1573 2284 1692 2328; x_wconf 88' lang='lat' dir='ltr'>Quare</span> <span class='ocrx_word' id='word_1_665' title='bbox 1724 2282 1781 2318; x_wconf 89' lang='lat' dir='ltr'>hic</span> <span class='ocrx_word' id='word_1_666' title='bbox 1814 2284 2023 2325; x_wconf 86' lang='lat' dir='ltr'>versiculus,</span> <span class='ocrx_word' id='word_1_667' title='bbox 2052 2281 2142 2317; x_wconf 86' lang='lat' dir='ltr'>Non</span> 
     </span>
     <span class='ocr_line' id='line_1_96' title="bbox 1154 2333 2142 2380; baseline -0.001 -12"><span class='ocrx_word' id='word_1_668' title='bbox 1154 2335 1310 2375; x_wconf 80' lang='lat' dir='ltr'>moriar,</span> <span class='ocrx_word' id='word_1_669' title='bbox 1340 2333 1408 2368; x_wconf 79' lang='lat' dir='ltr'>sed</span> <span class='ocrx_word' id='word_1_670' title='bbox 1432 2334 1572 2376; x_wconf 69' lang='lat' dir='ltr'>rivam,</span> <span class='ocrx_word' id='word_1_671' title='bbox 1604 2336 1850 2380; x_wconf 88' lang='lat' dir='ltr'>complectitur</span> <span class='ocrx_word' id='word_1_672' title='bbox 1872 2336 2142 2380; x_wconf 86' lang='lat' dir='ltr'>promissionem</span> 
     </span>
     <span class='ocr_line' id='line_1_97' title="bbox 1153 2386 2145 2430; baseline -0.001 -11"><span class='ocrx_word' id='word_1_673' title='bbox 1153 2388 1196 2419; x_wconf 91' lang='lat' dir='ltr'>de</span> <span class='ocrx_word' id='word_1_674' title='bbox 1222 2386 1429 2420; x_wconf 90' lang='lat' dir='ltr'>remissione</span> <span class='ocrx_word' id='word_1_675' title='bbox 1453 2394 1697 2430; x_wconf 82' lang='lat' dir='ltr'>peccatorum,</span> <span class='ocrx_word' id='word_1_676' title='bbox 1733 2394 1765 2420; x_wconf 89' lang='lat' dir='ltr'>et</span> <span class='ocrx_word' id='word_1_677' title='bbox 1790 2393 1861 2421; x_wconf 85' lang='lat' dir='ltr'>tota</span> <span class='ocrx_word' id='word_1_678' title='bbox 1887 2387 2145 2420; x_wconf 85' lang='lat' dir='ltr'>instauratione</span> 
     </span>
     <span class='ocr_line' id='line_1_98' title="bbox 1154 2437 2139 2483; baseline 0 -13"><span class='ocrx_word' id='word_1_679' title='bbox 1154 2445 1186 2471; x_wconf 92' lang='lat' dir='ltr'>et</span> <span class='ocrx_word' id='word_1_680' title='bbox 1209 2438 1464 2482; x_wconf 82' lang='lat' dir='ltr'>glorificatione</span> <span class='ocrx_word' id='word_1_681' title='bbox 1488 2445 1702 2473; x_wconf 89' lang='lat' dir='ltr'>sanctorum.</span> <span class='ocrx_word' id='word_1_682' title='bbox 1757 2437 1828 2471; x_wconf 88' lang='lat' dir='ltr'>lam</span> <span class='ocrx_word' id='word_1_683' title='bbox 1859 2438 1938 2470; x_wconf 91' lang='lat' dir='ltr'>vide</span> <span class='ocrx_word' id='word_1_684' title='bbox 1958 2438 2139 2483; x_wconf 87' lang='lat' dir='ltr'>quomodo</span> 
     </span>
     <span class='ocr_line' id='line_1_99' title="bbox 1153 2486 2140 2534; baseline 0 -12"><span class='ocrx_word' id='word_1_685' title='bbox 1153 2486 1209 2522; x_wconf 89' lang='lat' dir='ltr'>hic</span> <span class='ocrx_word' id='word_1_686' title='bbox 1226 2501 1336 2533; x_wconf 88' lang='lat' dir='ltr'>paean</span> <span class='ocrx_word' id='word_1_687' title='bbox 1354 2489 1541 2522; x_wconf 86' lang='lat' dir='ltr'>conveniat</span> <span class='ocrx_word' id='word_1_688' title='bbox 1561 2502 1639 2522; x_wconf 92' lang='lat' dir='ltr'>cum</span> <span class='ocrx_word' id='word_1_689' title='bbox 1661 2488 1774 2534; x_wconf 89' lang='lat' dir='ltr'>specie</span> <span class='ocrx_word' id='word_1_690' title='bbox 1793 2488 1984 2524; x_wconf 88' lang='lat' dir='ltr'>Ecclesiae.</span> <span class='ocrx_word' id='word_1_691' title='bbox 2039 2488 2140 2522; x_wconf 83' lang='lat' dir='ltr'>Dila-</span> 
     </span>
     <span class='ocr_line' id='line_1_100' title="bbox 1153 2538 2140 2586; baseline 0 -14"><span class='ocrx_word' id='word_1_692' title='bbox 1153 2547 1292 2573; x_wconf 82' lang='lat' dir='ltr'>ceratur</span> <span class='ocrx_word' id='word_1_693' title='bbox 1310 2551 1389 2572; x_wconf 90' lang='lat' dir='ltr'>vera</span> <span class='ocrx_word' id='word_1_694' title='bbox 1409 2538 1565 2573; x_wconf 87' lang='lat' dir='ltr'>Ecclesia</span> <span class='ocrx_word' id='word_1_695' title='bbox 1583 2541 1666 2574; x_wconf 89' lang='lat' dir='ltr'>inde</span> <span class='ocrx_word' id='word_1_696' title='bbox 1687 2552 1797 2586; x_wconf 88' lang='lat' dir='ltr'>usque</span> <span class='ocrx_word' id='word_1_697' title='bbox 1815 2541 1859 2573; x_wconf 90' lang='lat' dir='ltr'>ab</span> <span class='ocrx_word' id='word_1_698' title='bbox 1877 2541 1998 2581; x_wconf 89' lang='lat' dir='ltr'>initio,</span> <span class='ocrx_word' id='word_1_699' title='bbox 2023 2547 2054 2574; x_wconf 89' lang='lat' dir='ltr'>et</span> <span class='ocrx_word' id='word_1_700' title='bbox 2070 2552 2140 2573; x_wconf 91' lang='lat' dir='ltr'>un-</span> 
     </span>
     <span class='ocr_line' id='line_1_101' title="bbox 1154 2590 2138 2636; baseline 0.002 -14"><span class='ocrx_word' id='word_1_701' title='bbox 1154 2591 1259 2636; x_wconf 87' lang='lat' dir='ltr'>dique</span> <span class='ocrx_word' id='word_1_702' title='bbox 1276 2597 1326 2623; x_wconf 92' lang='lat' dir='ltr'>est</span> <span class='ocrx_word' id='word_1_703' title='bbox 1343 2590 1456 2623; x_wconf 86' lang='lat' dir='ltr'>cincta</span> <span class='ocrx_word' id='word_1_704' title='bbox 1473 2597 1596 2624; x_wconf 85' lang='lat' dir='ltr'>morte.</span> <span class='ocrx_word' id='word_1_705' title='bbox 1648 2590 1740 2626; x_wconf 85' lang='lat' dir='ltr'>Abel</span> <span class='ocrx_word' id='word_1_706' title='bbox 1765 2592 1993 2632; x_wconf 87' lang='lat' dir='ltr'>interficitur,</span> <span class='ocrx_word' id='word_1_707' title='bbox 2022 2591 2138 2624; x_wconf 73' lang='lat' dir='ltr'>lsra&#39;e‘-</span> 
     </span>
     <span class='ocr_line' id='line_1_102' title="bbox 1152 2640 2136 2687; baseline 0.001 -13"><span class='ocrx_word' id='word_1_708' title='bbox 1152 2642 1234 2675; x_wconf 87' lang='lat' dir='ltr'>litae</span> <span class='ocrx_word' id='word_1_709' title='bbox 1259 2642 1295 2674; x_wconf 89' lang='lat' dir='ltr'>in</span> <span class='ocrx_word' id='word_1_710' title='bbox 1312 2640 1492 2687; x_wconf 84' lang='lat' dir='ltr'>Aegypto,</span> <span class='ocrx_word' id='word_1_711' title='bbox 1521 2649 1639 2686; x_wconf 83' lang='lat' dir='ltr'>postea</span> <span class='ocrx_word' id='word_1_712' title='bbox 1668 2643 1772 2676; x_wconf 87' lang='lat' dir='ltr'>etiam</span> <span class='ocrx_word' id='word_1_713' title='bbox 1794 2643 1990 2677; x_wconf 76' lang='lat' dir='ltr'>Palaestina</span> <span class='ocrx_word' id='word_1_714' title='bbox 2015 2643 2136 2687; x_wconf 81' lang='lat' dir='ltr'>oppri-</span> 
     </span>
     <span class='ocr_line' id='line_1_103' title="bbox 1153 2692 2138 2740; baseline 0.002 -14"><span class='ocrx_word' id='word_1_715' title='bbox 1153 2699 1300 2727; x_wconf 89' lang='lat' dir='ltr'>muntur</span> <span class='ocrx_word' id='word_1_716' title='bbox 1326 2693 1512 2734; x_wconf 89' lang='lat' dir='ltr'>servitute,</span> <span class='ocrx_word' id='word_1_717' title='bbox 1547 2694 1773 2728; x_wconf 90' lang='lat' dir='ltr'>trucidantur</span> <span class='ocrx_word' id='word_1_718' title='bbox 1796 2692 2010 2740; x_wconf 82' lang='lat' dir='ltr'>Prophetae,</span> <span class='ocrx_word' id='word_1_719' title='bbox 2039 2693 2138 2739; x_wconf 87' lang='lat' dir='ltr'>Apo-</span> 
     </span>
    </p>
   </div>
  </div>
 </body>
</html>
