2379 2948
131 109 207 145 765
727 106 754 141 Ι.
808 104 1217 142 COMMENTARIUS
1256 105 1305 139 {N
1342 104 1566 141 GENESIN.
2088 108 2160 142 766

130 203 238 231 strare
257 199 321 227 etc.
378 191 446 226 Hic
470 202 552 226 usus
577 193 766 228 creationis
789 193 936 227 docetur
952 204 970 226 a
989 191 1120 225 Hiere-
1173 203 1238 225 suo
1264 191 1342 224 loco
1371 192 1484 236 capite
1506 192 1610 227 tertio
1633 193 1801 229 dicemus,
1852 191 2037 228 Caeterum
2063 195 2161 228 fateri

128 245 199 279 mia
219 245 332 288 capite
349 244 475 290 quinto
496 251 529 277 et
545 243 691 277 decimo.
1173 253 1313 275 necesse
1329 247 1398 283 est,
1428 244 1575 277 eandem
1597 256 1670 277 esse
1688 245 1862 279 rationem
1889 245 2033 278 creandi
2055 252 2088 278 et
2106 258 2160 279 re-

230 294 412 330 Hactenus
428 296 470 329 de
488 294 692 329 conditione
705 295 901 338 primorum
917 304 1119 336 corporum,
1172 293 1336 333 creandi,
1363 293 1423 326 sed
1449 290 1507 327 hic
1522 293 1640 328 Moses
1666 293 1733 330 hoc
1753 295 1976 341 potissimum
2003 297 2160 334 docebat,

127 359 225 382 nunc
251 353 450 392 sequuntur
473 357 595 379 causae
618 357 680 378 cur
708 345 842 390 reliqua
867 344 1010 378 condita
1035 344 1117 378 sint.
1170 345 1266 389 quod
1285 341 1477 387 Apostolus
1502 345 1565 378 ait:
1603 343 1736 380 Omnia
1762 360 1802 380 ex
1825 348 1919 391 ipso,
1947 359 2010 392 per
2033 348 2159 392 ipsum,

126 397 371 444 Hieronymus
389 399 459 431 duo
478 395 638 429 Hebraea
655 397 794 430 duobus
813 394 1020 441 synonymis
1034 396 1115 428 red-
1171 402 1206 429 et
1223 396 1260 428 in
1278 394 1353 439 ipso
1371 406 1461 435 esse,
1489 404 1529 429 ut
1546 396 1722 430 discamus
1739 399 1914 432 confidere
1931 399 1960 432 ei
1973 426 1982 439 ‚
2014 399 2067 432 cui
2093 400 2158 432 sci-

126 450 237 487 didit,
273 448 502 494 Septuaginta
528 447 755 490 interpretes,
791 446 982 480 invisibilis
1001 453 1035 479 et
1061 446 1115 478 in-
1141 465 1144 483 1
1170 458 1248 480 mus
1266 452 1443 480 creaturas
1459 458 1563 480 curae
1581 457 1665 482 esse.

127 501 335 545 composita:
370 512 407 533 ea
425 498 595 543 expositio
613 498 763 531 multum
783 498 920 542 negocii
941 498 1023 531 fecit
1040 496 1114 530 Au-

127 553 283 595 gustino:
326 548 510 589 Chaldaei,
542 554 636 582 vasta
662 556 695 582 et
721 561 848 589 vacua,
885 549 1114 595 quemadmo·
1314 551 1484 594 Spiritus
1507 547 1710 594 ferebatur
1737 561 1851 595 super
1879 563 2012 597 aquas.

127 606 211 636 dum
239 610 271 636 et
299 613 392 634 nunc
418 599 539 633 Iudaei
565 607 764 643 exponunt,
799 608 832 634 et
863 612 923 644 ego
949 607 1114 634 naturam

127 666 253 687 vocum
278 652 518 686 Hebraearum
551 657 643 684 recte
669 652 769 684 reddi
796 652 927 685 iudico.
981 649 1114 709 Estque
1140 667 1143 681 ·

127 704 317 744 sententia,
351 701 462 735 Terra
480 708 553 735 erat
572 708 684 742 vasta,
713 702 747 735 id
773 710 841 743 est,
869 702 1115 747 incomposita,

128 756 285 789 immixta
309 753 428 798 aquis,
458 753 559 787 nullo
577 754 662 786 dum
687 761 781 787 certo
800 754 879 787 loco
903 754 1114 787 consistens:

125 807 172 841 Et
194 817 319 845 vacua,
359 804 394 837 id
424 811 492 845 est,
526 805 688 837 nondum
719 811 807 838 tecta
842 805 994 849 plantis,
1022 802 1114 837 nihil

125 860 207 891 dum
226 856 382 899 gignens.
417 854 579 889 Primum
597 856 637 888 ad
657 863 770 889 terrae
788 856 934 899 figuram
951 856 1115 900 pertinet,

125 909 316 942 secundum
336 908 378 939 ad
399 907 469 939 vim
489 907 669 950 gignendi.
719 905 831 942 Docet
849 914 966 941 autem
986 906 1114 945 Moses,

123 960 217 1006 quod
237 958 326 991 sicut
344 970 406 1002 per
424 969 496 992 sese
515 958 610 1002 gigni
630 969 685 992 res
700 970 773 992 non
792 965 957 1003 potuere,
986 959 1034 992 ita
1051 969 1115 991 nec

122 1024 184 1056 per
207 1021 279 1044 sese
304 1009 442 1054 perfici,
478 1016 512 1043 et
538 1016 576 1043 ut
603 1016 685 1043 ante
711 1011 754 1042 de
789 1011 996 1044 conditione
1022 1009 1114 1043 dixi-

121 1074 219 1102 mus,
254 1061 300 1095 ita
326 1072 422 1094 nunc
449 1061 493 1094 de
524 1072 642 1094 rerum
674 1062 944 1095 conservatione
969 1068 1001 1095 et
1033 1072 1114 1108 per-

121 1113 271 1147 fectione
289 1112 479 1145 dicendum
495 1119 555 1146 est.

224 1160 435 1208 Philosophi
458 1165 657 1197 docuerunt
679 1175 754 1196 eam
779 1175 851 1197 esse
874 1170 986 1197 terrae
1011 1170 1112 1196 natu-

122 1228 197 1250 ram
209 1242 217 1254 ,
244 1222 284 1248 ut
303 1215 332 1247 si
347 1221 444 1248 extra
460 1226 562 1248 suum
580 1215 778 1248 naturalem
796 1215 914 1248 locum
932 1215 1115 1248 dimovea-

1269 624 1365 660 Haec
1384 627 1427 660 de
1449 626 1550 672 aquis
1570 627 1677 670 dicit,
1706 638 1794 671 quas
1814 628 1957 673 abyssus
1983 629 2041 661 illa
2069 630 2160 663 intra

1169 688 1204 709 se
1222 677 1438 711 continebat.

1271 729 1425 772 Spiritus
1442 727 1509 762 Dei
1533 728 1571 761 in
1590 728 1774 772 scripturis
1802 729 1975 772 Spiritum
2002 739 2159 765 sanctum

1140 779 1360 822 significat,
1388 780 1468 813 ideo
1488 791 1798 824 nonexponemus
1816 782 1858 813 de
1875 782 1974 821 aere,
2005 795 2083 815 narn
2104 796 2161 815 aer

1168 841 1257 875 aqua
1277 838 1344 871 est,
1372 838 1404 864 et
1428 843 1492 875 pro
1511 831 1707 870 ferebatur,
1734 832 1894 872 fovebat,
1923 834 2043 875 legunt
2061 833 2160 866 Basi-

1138 898 1142 926 Ι
1168 881 1248 921 lius,
1273 882 1487 915 Ambrosius
1516 889 1549 916 et
1566 880 1822 928 Hieronymus,
1851 891 1882 916 et
1899 883 2028 928 Syrum
2047 897 2160 930 quen-

1139 938 1142 965 Ι
1168 933 1247 965 dam
1272 940 1394 966 testem
1422 933 1506 967 citat
1529 932 1693 966 Basilius.
1755 933 1872 979 Atque
1899 935 1943 968 ita
1979 936 2070 968 idem
2104 934 2161 968 hic

1167 984 1332 1025 docetur,
1381 985 1476 1029 quod
1517 996 1639 1028 supra:
1700 985 2004 1019 conservationem
2050 999 2159 1031 aquae

1167 1047 1240 1068 non
1266 1042 1413 1068 naturae
1438 1046 1528 1074 esse,
1557 1036 1616 1068 sed
1644 1035 1798 1080 Spiritus
1823 1036 1933 1070 sancti
1959 1038 2161 1070 incubantis

1168 1097 1288 1131 aquae.
1345 1084 1390 1120 Et
1408 1083 1492 1119 haec
1511 1087 1553 1120 de
1571 1086 1684 1120 causis
1707 1087 1930 1131 sequentium
1950 1101 2108 1132 operum.

1504 1200 1550 1232 Et
1580 1197 1681 1233 dia-it
1706 1199 1825 1233 Deus.

121 1275 195 1308 tur,
221 1278 282 1300 sua
306 1272 431 1310 sponte
456 1266 637 1299 relabatur
662 1267 704 1299 ad
732 1267 850 1300 locum
872 1277 996 1306 suum,
1022 1272 1060 1299 ut
1077 1266 1114 1298 in
1271 1265 1440 1311 Sequitur
1461 1273 1640 1300 creaturae
1665 1278 1726 1300 seu
1743 1267 1874 1312 opificii
1897 1268 2020 1300 mundi
2041 1268 2159 1311 dispo—

122 1331 203 1352 saxo
220 1319 376 1360 adparet.
430 1315 498 1349 Hic
517 1317 672 1351 ostendit
690 1316 809 1350 Moses
825 1328 900 1349 non
921 1327 994 1350 esse
1011 1323 1112 1349 natu·
1168 1316 1259 1349 sitio.

120 1382 194 1402 ram
210 1376 323 1401 terrae
340 1364 407 1399 hoc
424 1367 479 1399 vel
498 1367 561 1399 illo
582 1368 660 1400 loco
679 1368 878 1401 subsidere:
906 1367 966 1400 sed
985 1367 1112 1400 volun·
1269 1364 1323 1399 Ex
1342 1365 1408 1400 hoc
1425 1367 1503 1400 loco
1520 1367 1592 1399 fere
1608 1374 1749 1411 accepta
1770 1375 1864 1409 sunt,
1886 1381 1973 1414 quae
1991 1370 2033 1402 de
2052 1371 2159 1401 verlm

119 1427 226 1454 tatem
251 1417 336 1458 Dei,
371 1416 433 1462 qui
458 1417 489 1451 ei
514 1417 676 1451 definivit
703 1418 837 1457 locum,
874 1417 963 1450 sicut
995 1423 1113 1461 postea
1168 1417 1338 1450 dicuntur
1360 1416 1502 1450 Psalmo
1528 1417 1708 1460 trigesimo
1732 1420 1903 1453 secundo:
1942 1419 2059 1453 Verbo
2084 1420 2161 1453 Do-

119 1472 267 1505 dicetur.
1168 1468 1259 1500 mini
1284 1467 1373 1500 coeli
1399 1468 1528 1502 firmati
1554 1475 1636 1502 sunt
1657 1475 1720 1502 etc.
1775 1469 1879 1504 Item:
1914 1471 1992 1515 Ipse
2015 1471 2103 1504 dixit
2129 1479 2161 1503 et

223 1520 311 1554 Item
343 1531 448 1553 nemo
471 1516 774 1564 Philosophorum
807 1531 880 1553 non
911 1526 1012 1564 putat
1043 1531 1114 1553 esse
1166 1519 1256 1552 facta
1272 1525 1370 1552 sunt.
1423 1517 1469 1553 Et
1487 1516 1658 1553 Iohannis
1677 1521 1812 1564 primo:
1849 1519 1983 1555 Omnia
2000 1535 2062 1566 per
2080 1535 2159 1555 ver-

120 1582 233 1608 terrae
249 1578 433 1610 naturam,
461 1571 556 1616 quod
576 1571 771 1605 seminibus
789 1570 826 1604 in
844 1583 921 1604 earn
946 1571 1114 1605 coniectis
1168 1570 1252 1603 bum
1279 1569 1395 1614 ipsum
1418 1571 1507 1604 facta
1532 1578 1624 1606 sunt.
1678 1570 1724 1606 Et
1746 1573 1899 1606 Hebrae.
1922 1575 1967 1606 1.:
2010 1573 2160 1607 Portans

119 1624 232 1668 gignit
265 1622 413 1667 plantas.
474 1621 524 1656 At
550 1620 671 1655 Moses
696 1622 784 1656 dicit
814 1628 944 1656 terram
968 1634 1112 1656 vacuam
1167 1621 1286 1654 omnia
1306 1622 1415 1655 verbo
1434 1622 1576 1656 virtutis
1596 1629 1661 1656 etc.

119 1676 246 1715 fuisse,
281 1674 318 1706 id
339 1679 408 1714 est,
437 1684 516 1706 cum
540 1672 610 1705 iam
636 1674 778 1706 condita
801 1680 889 1706 esset
913 1670 1029 1706 adhuc
1045 1673 1113 1705 im·
1270 1670 1415 1714 Dicere,
1443 1679 1492 1707 est
1513 1684 1635 1717 parere
1660 1674 1808 1708 verbum
1832 1675 1976 1720 aliquod
1991 1702 2000 1716 ‚
2026 1683 2059 1709 et
2077 1676 2160 1721 quia

120 1727 226 1760 mixta
245 1724 346 1770 aquis
363 1723 605 1764 circunlatam‚
628 1730 662 1758 et
679 1722 771 1757 nihil
787 1724 929 1767 gignere
947 1724 1114 1767 potuisse.
1167 1729 1248 1756 ante
1265 1723 1384 1757 omnia
1403 1735 1474 1757 sese
1491 1724 1692 1759 considerat
1709 1732 1822 1769 pater,
1851 1733 1883 1760 et
1902 1726 1938 1758 in
1956 1726 2159 1760 considera-

120 1777 214 1821 Ergo
243 1775 338 1822 quod
370 1775 451 1809 talis
474 1781 524 1808 est
551 1781 662 1816 terra,
696 1775 792 1820 quod
820 1775 952 1808 credita
979 1775 1113 1808 semina
1166 1774 1262 1807 tione
1278 1785 1360 1807 suae
1377 1775 1555 1822 potentiae
1571 1776 1733 1809 ordinem
1748 1784 1780 1810 et
1796 1777 1969 1810 rationem
1984 1778 2160 1818 omnium,

120 1841 199 1863 cum
225 1828 369 1861 foenore
389 1825 523 1867 reddit,
557 1837 631 1858 non
660 1832 775 1859 terrae
798 1832 926 1860 natura
956 1832 1025 1864 est,
1052 1826 1112 1859 sed
1167 1836 1256 1870 quae
1271 1826 1376 1858 condi
1395 1832 1558 1869 possunt:
1589 1825 1671 1860 Ideo
1692 1827 1852 1861 Verbum
1871 1828 1983 1872 parit,
2011 1830 2106 1874 quod
2126 1837 2159 1863 et

120 1880 285 1914 voluntas
300 1876 368 1911 Dei
390 1883 456 1911 est:
485 1883 517 1910 et
541 1873 634 1910 hanc
659 1877 931 1910 immensitatem
950 1875 1017 1910 Dei
1043 1889 1114 1910 un·
1166 1875 1282 1919 imago
1302 1877 1411 1923 patris
1429 1884 1489 1917 est,
1517 1883 1549 1910 et
1566 1877 1781 1921 ipsissimum
1797 1879 1986 1913 consilium
2005 1880 2160 1913 faciendi

121 1932 228 1976 dique
245 1941 280 1963 se
300 1929 338 1961 in
361 1928 482 1962 omnia
505 1927 721 1962 effundentis
739 1928 800 1973 qui
818 1928 932 1971 capiat
956 1925 1113 1961 humana
1166 1927 1288 1960 omnia
1323 1934 1387 1963 etc.
1440 1926 1508 1960 Per
1541 1925 1610 1961 hoc
1644 1928 1803 1962 Verbum
1839 1937 1873 1964 et
1900 1930 2042 1964 condita
2077 1939 2161 1964 sunt

120 1981 236 2016 ratio?
275 1978 324 2014 Et
348 1986 441 2014 recte
468 1979 612 2025 quidem
638 1986 752 2013 terrae
773 1979 971 2013 vastitatem
990 1985 1023 2013 et
1049 1991 1112 2012 va-
1167 1978 1298 2016 omnia,
1328 1985 1361 2011 et
1377 1985 1563 2012 servantur
1578 1979 1711 2021 omnia,
1740 1987 1773 2014 et
1789 1988 2008 2015 renovantur
2025 1983 2156 2016 omnia.

121 2033 286 2067 euitatem
310 2030 455 2073 tribuit,
482 2030 610 2076 abysso
636 2031 815 2064 tenebras:
853 2042 935 2064 nam
962 2036 997 2063 et
1020 2037 1112 2064 terra
1167 2027 1321 2074 Ideoque
1345 2026 1521 2063 Iohannes
1547 2029 1586 2062 in
1610 2042 1650 2064 eo
1675 2031 1725 2065 ait
1748 2043 1821 2065 esse
1847 2032 1955 2066 vitam
1973 2039 2006 2066 et
2031 2033 2157 2073 lucem,

122 2091 174 2118 est
190 2094 278 2128 quae
301 2081 430 2126 gignit,
457 2082 596 2115 coelum
614 2093 742 2126 corpus
764 2081 854 2115 lucis
877 2093 1003 2125 capax,
1032 2082 1112 2115 ideo
1165 2079 1256 2113 sicut
1278 2080 1317 2112 in
1339 2077 1406 2113 hoc
1430 2087 1527 2115 textu
1548 2080 1710 2116 videmus
1734 2083 1849 2116 lucem
1868 2091 1899 2118 et
1914 2083 2071 2118 viventia
2096 2097 2157 2128 per

122 2135 188 2169 ait:
216 2131 264 2167 Et
277 2133 442 2166 tenebrae
460 2139 560 2167 erant
578 2143 683 2176 super
701 2132 827 2166 faciem
847 2132 975 2178 abyssi.
1164 2131 1313 2165 verbum
1343 2131 1460 2165 condi.
1519 2130 1704 2167 Discemus
1727 2146 1808 2178 ergo
1832 2132 1890 2168 hic
1916 2141 2055 2178 praeter
2079 2147 2156 2169 cae-

223 2184 382 2228 Abyssus
397 2194 507 2229 aquae
521 2190 615 2225 sunt,
642 2195 732 2229 quae
747 2183 836 2217 coeli
854 2190 886 2217 et
901 2183 1113 2228 receptaculi
1165 2189 1255 2224 tera,
1279 2194 1386 2228 quam
1403 2190 1564 2228 oporteat
1580 2195 1653 2218 esse
1669 2185 1769 2219 verbi
1787 2185 1962 2219 incarnati
1978 2186 2155 2233 operatio-

123 2238 199 2270 vice
225 2239 346 2271 erant,
380 2245 462 2266 nam
489 2235 533 2268 de
565 2246 606 2268 eo
637 2241 730 2269 certe
760 2246 908 2278 corpore
942 2234 1112 2280 loquitur,
1163 2245 1245 2266 nem
1261 2233 1300 2267 in
1316 2235 1421 2268 corde
1437 2241 1571 2276 nostro,
1597 2236 1768 2270 nimirum
1789 2237 1939 2270 condere
1956 2248 2084 2270 novam
2102 2238 2158 2269 vi-

122 2288 179 2323 cui
204 2291 322 2331 postea
348 2283 408 2317 lux
432 2283 545 2319 indita
572 2291 636 2322 est.
688 2286 808 2331 Atque
826 2283 884 2319 hic
901 2286 1029 2320 iterum
1046 2286 1111 2319 do-
1163 2291 1235 2319 tam
1252 2292 1285 2319 et
1300 2297 1436 2319 novum
1455 2286 1588 2325 lumen,
1616 2287 1710 2321 iuxta
1726 2286 1907 2321 Psalmum
1924 2288 2154 2322 centesimum

121 2350 242 2374 cemur
258 2347 333 2370 non
349 2340 476 2370 natura
492 2336 699 2381 corporibus
720 2337 943 2384 congenitam
964 2348 1037 2371 esse
1055 2337 1109 2370 lu-
1163 2342 1318 2371 sextum:
1346 2336 1449 2372 Misit
1467 2338 1615 2372 verbum
1631 2349 1748 2379 suum,
1775 2345 1810 2372 et
1825 2338 1961 2372 sanavit
1979 2350 2050 2375 eos.
2102 2338 2156 2374 Ita

121 2402 216 2431 cem,
243 2388 301 2422 sed
327 2386 508 2421 voluntate
524 2385 592 2421 Dei
615 2387 783 2429 inditam,
808 2395 848 2422 ut
864 2388 1015 2422 sciamus
1036 2400 1111 2422 non
1161 2387 1263 2422 facile
1286 2388 1438 2433 intelligi
1463 2389 1614 2433 poterit,
1639 2389 1724 2435 quid
1741 2386 1919 2423 Iohannes
1942 2397 2081 2424 secutus
2109 2390 2156 2424 sit

122 2442 224 2475 initia
249 2444 408 2478 tantum,
442 2438 503 2472 sed
528 2445 562 2473 et
584 2440 887 2474 conservationem
918 2451 1110 2485 corporum
1163 2439 1202 2472 in
1225 2437 1413 2484 Evangelii
1439 2440 1495 2474 sui
1526 2440 1714 2484 principio.
1768 2438 1954 2474 Caeterum
1987 2441 2031 2474 de
2053 2442 2156 2476 verbi

122 2491 189 2528 Dei
204 2501 293 2535 opus
310 2500 393 2522 esse.
1161 2491 1319 2536 potentia
1338 2491 1419 2525 vide
1435 2490 1615 2525 Psalmum
1633 2490 1841 2534 vigesimum
1861 2498 2041 2529 octavum.
2077 2491 2152 2527 Ha-

223 2541 293 2576 Hic
321 2541 393 2574 fere
418 2540 463 2573 de
485 2538 734 2574 iustificatione
765 2539 922 2576 hominis
954 2549 987 2576 et
1016 2554 1109 2576 nova
1159 2542 1222 2576 bes
1237 2542 1324 2589 quid
1343 2543 1388 2576 sit
1406 2543 1502 2588 quod
1518 2542 1577 2582 ait,
1604 2542 1712 2584 dixit,
1739 2542 1775 2575 id
1793 2549 1856 2582 est,
1885 2542 2044 2577 Verbum
2062 2544 2153 2578 effu-

122 2600 279 2629 creatura
296 2591 500 2631 disseritur,
525 2592 705 2636 quomodo
725 2592 895 2627 infatuari
917 2605 1057 2628 carnem
1076 2600 1109 2628 et
1132 2608 1135 2663 Ι
1160 2593 1223 2635 dit,
1246 2594 1341 2639 quod
1358 2600 1407 2627 est
1424 2593 1499 2627 eius
1516 2593 1704 2627 consilium
1721 2593 1899 2628 condendi
1916 2594 2047 2628 omnia.
2082 2594 2155 2629 Sed

122 2646 284 2681 tenebras
298 2642 401 2676 fieri
391 2655 428 2676 m
444 2641 548 2676 nobis
565 2649 737 2688 oporteat,
765 2650 806 2678 ut
821 2644 1019 2679 reficiamur
1036 2645 1133 2697 spi—
1159 2641 1218 2679 hie
1251 2644 1375 2678 mirari
1403 2644 1580 2689 quispiam
1617 2645 1744 2689 possit,
1786 2657 1868 2680 cum
1902 2657 1963 2690 per
1989 2644 2155 2680 Verbum¹

123 2697 194 2731 ritu
209 2703 243 2730 et
259 2696 337 2729 luce
350 2692 434 2728 Dei.
469 2700 557 2728 tecte
580 2694 724 2740 quidem
743 2694 814 2736 illi,
848 2696 908 2729 sed
933 2693 1019 2730 haec
1042 2707 1107 2730 nos
1130 2720 1132 2724 -
1161 2695 1282 2729 omnia
1315 2696 1534 2737 condantur,
1570 2709 1633 2730 cur
1661 2708 1734 2731 non
1764 2703 1796 2732 et
1826 2709 1930 2743 supra
1960 2697 2149 2737 addiderit,
