2379 2948
211 113 233 145 7
449 108 655 147 SCRIPTA
684 109 759 144 ΡΠ.
788 106 901 142 MEL.
933 104 996 139 AD
1022 103 1147 141 HIST.
1172 100 1314 139 PROF.
1341 99 1407 134 ET
1435 96 1624 136 PmLOS.
1654 97 1973 138 SPECTANTIA.
2194 105 2216 137 8

215 206 335 232 earum
357 197 470 230 officia
497 195 696 233 distribuit,
722 194 801 237 quia
822 192 867 224 ita
889 191 1075 231 iudicavit,
1101 191 1193 223 mul-

216 255 266 281 tas
290 248 450 281 materias
474 248 509 278 iu
532 244 685 278 Ecclesia
713 256 784 275 non
811 240 937 274 habere
963 242 1092 281 lucem,
1120 242 1193 273 sine

218 296 282 331 hac
299 297 533 342 qualicunque
551 294 774 327 distinctione
795 293 1029 335 potentiarum
1048 292 1193 324 animae.

317 348 461 380 §ecesse
478 353 525 379 est
543 345 704 377 omuibus
723 343 758 374 iu
778 349 962 386 conspectu
987 354 1057 375 esse
1073 342 1196 374 discri-

219 410 300 430 men
327 398 410 439 legis
437 404 468 429 et
486 394 678 436 Evangelii.
732 392 799 425 llic
823 393 944 437 siquis
969 399 1060 425 recte
1074 392 1196 424 didicit

219 447 309 481 lianc
327 447 493 490 puerilem
508 445 722 483 doctrinam,
749 444 810 475 scit
836 444 943 485 legem
962 443 1108 475 noticias
1126 453 1197 474 esse

221 498 400 531 nobiscum
421 502 619 534 nascentes,
646 495 734 527 sicut
756 494 901 526 aliarum
921 493 1048 525 artium
1066 492 1197 535 prinei-

221 549 276 591 pia
299 554 330 580 et
346 545 667 578 deinoustrationes.
709 544 776 577 Sed
797 542 1023 585 l·]vaiigeli11m
1046 542 1198 575 dissimi-

222 599 339 629 limam
358 608 475 629 vocem
495 607 575 634 esse,
602 607 639 627 ac
656 605 874 638 nequaquam
892 593 1074 625 nobiscum
1094 592 1198 630 nasci,

222 648 277 679 sed
300 646 466 689 singulari
485 645 695 678 revelatione
714 643 815 676 aDeo
835 643 1028 675 illustribus
1044 643 1200 676 testimo-

223 697 291 730 niis
315 697 524 740 patefactum
548 706 628 727 esse.
683 693 805 726 Postea
829 705 948 726 rursus
967 693 1118 725 discerni
1139 704 1200 724 ne-

222 759 312 780 cesse
329 753 395 786 est,
422 746 568 778 noticias
585 753 615 778 et
632 744 873 787 appetitiones.
925 743 1013 777 Sunt
1032 743 1067 774 in
1086 749 1200 775 mente

222 798 371 830 noticiae
391 808 509 833 verae,
538 801 669 834 rectae,
696 801 854 826 aeternae
877 800 909 826 et
931 794 1103 825 immotae.
1155 791 1201 826 Et

222 855 337 880 tamen
357 847 587 890 appetitiones
611 845 803 877 contrariae
829 850 920 878 sunt.
975 842 1092 884 Quare
1109 842 1200 875 Pau-

223 898 276 930 lus
300 897 433 940 inquit,
459 894 619 928 homines
648 895 827 927 veritatem
844 893 927 933 Dei,
955 894 988 925 id
1008 900 1076 933 est,
1104 905 1201 926 veras

222 947 370 979 noticias
381 946 550 979 divinitus
567 945 669 978 nobis
687 945 818 983 insitas,
846 944 882 975 in
900 944 1074 976 iniusticia
1092 944 1200 987 capti-

221 1009 280 1029 vas
306 997 472 1031 detinere.
533 997 588 1029 De
612 996 741 1028 talibus
768 994 948 1028 sententiis
973 1006 1015 1026 ne
1049 994 1198 1037 populus

221 1048 363 1091 quidem
380 1047 496 1080 doceri
513 1052 644 1090 potest,
673 1046 740 1078 nisi
769 1042 849 1077 hinc
867 1052 1053 1078 sumantur:
1074 1052 1196 1088 poten-

221 1098 348 1131 tiarum
367 1097 621 1130 distinctiones·

322 1146 410 1180 Cum
428 1148 469 1179 de
485 1147 562 1179 labe
579 1145 724 1187 originis
740 1144 886 1182 dicitur,
914 1155 1052 1176 necesse
1073 1149 1121 1176 est
1146 1155 1201 1176 re-

222 1197 342 1237 citari,
366 1208 453 1241 quae
471 1197 539 1228 siut
559 1196 595 1228 iu
619 1196 765 1238 singulis
790 1194 953 1237 potentiis
976 1195 1140 1234 vulnera,
1169 1200 1201 1226 et

221 1260 307 1292 quae
325 1248 417 1280 bona
436 1247 505 1280 sint
523 1246 657 1290 reliqua
674 1246 710 1277 in
731 1243 794 1277 hac
812 1245 934 1277 misera
950 1251 1086 1277 natura.
1122 1244 1201 1276 Ma-

220 1306 306 1331 nent
328 1305 505 1341 utcunque
536 1296 685 1329 noticiae
710 1296 811 1338 legis,
847 1295 929 1339 quia
949 1293 1044 1327 Deus
1070 1295 1146 1327 vult
1167 1305 1201 1326 se

220 1348 372 1390 agnosci,
400 1348 476 1380 vult
501 1353 677 1390 peccatum
710 1346 857 1387 intelligi
885 1351 915 1377 et
935 1345 1099 1383 accusari,
1127 1345 1203 1377 vult

221 1398 323 1430 etiam
350 1398 421 1440 regi
444 1397 677 1440 disciplinam.
733 1395 855 1429 Blanet
881 1396 985 1438 igitur
1002 1403 1033 1428 et
1060 1396 1201 1427 libertas

224 1449 412 1481 voluntatis
433 1448 468 1480 iu
486 1448 635 1490 regenda
661 1447 737 1478 loco
756 1446 885 1479 motiva
900 1472 909 1486 ‚
937 1458 1024 1490 quae
1041 1452 1090 1478 est
1108 1445 1203 1478 velut

220 1499 381 1531 ministra
408 1498 623 1541 disciplinae.
675 1495 770 1529 Haec
792 1496 949 1529 doctrina
971 1497 1056 1528 adeo
1085 1507 1201 1529 neces-

222 1549 310 1580 saria
329 1555 396 1588 est,
422 1555 459 1581 ut
483 1548 581 1580 nulla
604 1558 759 1591 unquam
777 1554 867 1580 aetas
889 1558 928 1579 ea
948 1558 1062 1579 carere
1078 1552 1202 1590 potue-

221 1599 276 1631 rit.
328 1598 399 1631 Nec
415 1599 562 1631 dubium
579 1604 629 1631 est
645 1597 797 1641 primum
817 1604 995 1640 parentem
1015 1596 1087 1629 suis
1111 1597 1202 1629 natis

223 1649 361 1691 copiose
387 1660 460 1681 eam
486 1648 669 1681 tradidisse
693 1648 728 1679 iu
753 1647 974 1680 enarratione
992 1647 1093 1679 dicti:
1127 1646 1202 1679 Sub

222 1705 256 1731 te
271 1699 335 1731 erit
351 1699 534 1743 appetitus.
577 1697 623 1731 Et
639 1698 765 1741 passim
785 1698 1010 1731 intexuerunt
1026 1710 1099 1730 eam
1118 1698 1202 1740 poe-

222 1756 276 1781 tae
290 1749 361 1781 suis
378 1748 524 1791 scriptis,
544 1755 581 1781 ut
597 1748 818 1780 manifestum
836 1755 884 1781 est
894 1747 1099 1788 Homerum,
1124 1759 1201 1780 cum

222 1799 337 1841 pingit
352 1811 370 1831 a
391 1799 532 1831 Pallade
549 1795 677 1831 retrahi
694 1795 868 1829 Achillem
887 1798 1114 1841 stringentem
1130 1798 1204 1840 gla-

225 1849 335 1889 dium,
351 1849 565 1891 distinguere
584 1848 846 1892 appetitionem,
869 1855 901 1881 et
918 1849 1099 1887 rationem,
1115 1860 1202 1890 quae

223 1897 382 1932 cohercet
409 1900 486 1932 loco
508 1898 685 1931 motivam.
737 1897 783 1930 Et
802 1897 947 1930 Hesiodi
972 1896 1202 1931 Prometheus

223 1949 313 1982 ratio
340 1956 400 1984 est.
449 1946 679 1992 Epimetheus
701 1949 848 1980 stolidus
874 1949 998 1988 frater,
1025 1960 1145 1981 sensus
1169 1956 1202 1981 et

222 2000 380 2042 potentia
398 2007 573 2043 appetens.
602 1996 791 2031 Obiectum
810 2010 891 2030 vero
910 1999 1094 2031 blandiens
1109 1998 1203 2031 Pan·

224 2050 322 2084 dora.
374 2049 444 2082 Nec
468 2046 757 2092 Bellerophontes
783 2048 949 2090 Pegasum
986 2060 1106 2090 regere
1139 2060 1203 2091 po-

224 2099 308 2139 tuit,
338 2100 448 2132 donec
474 2099 589 2132 Pallas
618 2110 760 2131 aureum
787 2099 923 2131 sreuum
951 2111 1039 2143 equo
1072 2098 1204 2138 iniecit,

224 2150 259 2180 id
286 2156 352 2187 est,
388 2151 498 2183 donec
526 2149 672 2182 consilio
699 2146 918 2182 vehementes
948 2149 1057 2182 animi
1089 2155 1203 2181 motus

225 2199 325 2234 rexit.

329 2248 417 2282 Sunt
436 2255 466 2281 et
485 2249 572 2282 aliae
589 2249 720 2282 multae
736 2249 899 2281 materiae
919 2249 953 2280 in
971 2247 1138 2287 Ecclesia,
1167 2248 1202 2280 in

226 2299 354 2343 quibus
375 2300 577 2332 enarrandis
600 2300 808 2332 adiuvamur
842 2296 894 2330 his
918 2299 1203 2331 ‹listincti‹niil›us

226 2350 460 2391 potentiarum
486 2350 639 2389 animae,
665 2356 702 2381 nt
724 2362 801 2381 cum
822 2349 970 2380 dicimus
986 2349 1027 2380 de
1053 2349 1202 2391 imagine

224 2398 288 2431 Dei
309 2400 344 2431 in
361 2397 522 2439 homine,
549 2411 626 2431 cum
646 2399 811 2431 vocabula
830 2410 1048 2437 enarramus,
1076 2399 1203 2442 quibus

225 2450 383 2481 doctrina
418 2449 574 2482 coelestis
603 2450 770 2482 discernit
805 2448 934 2481 Filium
971 2455 1003 2481 et
1031 2449 1201 2491 Spiritum
1226 2478 1228 2484 ,

224 2506 390 2532 sanctum.
420 2498 580 2532 Vetustas
598 2510 716 2541 graeca
736 2506 767 2531 et
784 2499 891 2531 latina
907 2498 1054 2542 scripsit,
1070 2497 1201 2531 Filium

222 2549 294 2582 Dei
318 2549 387 2581 dici
411 2546 541 2596 λόγον,
575 2549 654 2592 quia
685 2549 893 2591 cogitatione
917 2549 1087 2586 nascitur,
1123 2560 1201 2581 cum

221 2607 382 2632 aeternus
396 2599 497 2632 Pater
514 2611 584 2631 sese
602 2599 741 2631 intuens
758 2599 866 2641 gignit
886 2600 1073 2642 imaginem
1091 2610 1201 2632 suam.

220 2648 438 2692 cogitatione
461 2649 554 2683 enim
578 2649 723 2682 formari
747 2649 914 2692 imagines
934 2650 971 2682 in
994 2650 1095 2683 nobis
1112 2661 1201 2694 quo-

1246 198 1312 232 que
1338 186 1475 219 scimus,
1527 182 1574 217 Et
1599 195 1677 217 cum
1700 187 1828 219 nostris
1843 187 2021 221 vocabulis
2037 190 2135 222 Deus
2151 189 2223 222 uti-

1246 245 1319 276 tur,
1353 235 1546 279 significare
1580 231 1646 268 hoc
1679 237 1809 277 voluit,
1843 238 1939 270 nasci
1965 238 2095 273 Filium
2128 239 2223 282 cogi-

1247 288 1387 321 tatione.

1348 336 1528 369 Praeterea
1547 333 1690 377 spiritus
1705 336 1825 369 vitales
1842 337 1877 369 in
1896 335 2049 378 homine,
2073 350 2224 372 nascun-

1248 394 1305 420 tur
1338 387 1374 418 in
1405 386 1527 425 corde,
1563 392 1596 417 et
1624 398 1702 418 vere
1736 394 1817 420 sunt
1850 388 2028 428 flammae,
2072 400 2158 432 quae
2186 390 2224 421 in

1249 437 1405 469 omnium
1429 436 1626 468 adfectuum
1645 436 1827 475 incendiis,
1856 438 1891 469 in
1915 438 2065 476 laeticia,
2094 439 2226 476 dolore,

1249 499 1384 524 amore,
1413 486 1513 524 odio,
1542 486 1612 524 ira,
1641 493 1673 519 et
1689 486 1784 524 aliis,
1809 495 2029 530 sparguntur.
2082 486 2225 521 Etcum

1251 537 1402 570 motibus
1420 537 1610 569 voluntatis
1634 548 1705 569 non
1728 537 1898 570 simulatis
1919 536 1982 570 hae
2008 539 2166 570 flammae
2188 538 2226 569 in

1251 588 1353 619 corde
1376 594 1584 629 congruunt.
1638 585 1691 619 Ex
1712 584 1775 619 hac
1799 588 1922 620 umbra
1941 595 2117 633 utcunque
2134 588 2227 630 cogi-

1252 644 1364 670 tamus
1390 638 1431 668 de
1458 637 1600 669 nomine
1622 636 1775 680 Spiritus
1798 638 1924 678 sancti,
1952 645 1984 671 et
2005 639 2169 671 discimus
2195 637 2226 670 ei

1254 685 1341 719 lianc
1363 686 1631 729 adpellatiouem
1657 687 1692 718 in
1711 688 1839 720 divinis
1864 688 1973 720 literis
1989 689 2116 729 tribui,
2144 687 2227 732 quia

1252 738 1296 770 sit
1316 738 1478 779 agitator,
1507 745 1540 770 et
1564 738 1661 781 quasi
1686 738 1843 777 flamma,
1870 750 1888 770 a
1912 738 2090 772 voluntate
2114 737 2227 770 Patris

1252 795 1284 820 et
1303 787 1385 820 Filii
1409 788 1619 831 procedens,
1647 800 1714 831 qua
1741 788 1907 820 divinitas
1933 788 2100 821 immensa
2125 787 2229 820 boni-

1253 845 1321 871 tate
1347 849 1409 869 nos
1435 838 1501 870 sibi
1526 839 1665 881 copulat
1682 845 1712 870 et
1732 850 1794 869 nos
1814 838 1925 870 leticia
1944 839 2112 881 complet,
2140 837 2230 870 sicut

1253 888 1402 920 ess'undit
1428 895 1536 920 mater
1560 889 1680 920 vitales
1709 889 1850 931 spiritus
1873 889 2033 921 osculans
2058 889 2229 921 infantem

1253 938 1362 970 filium
1382 945 1441 971 aut
1457 938 1575 973 liliam,
1609 937 1702 971 Haec
1718 939 1968 971 vocabulorum
1987 937 2228 982 interpretatio

1253 988 1367 1020 sobrie
1394 993 1427 1020 et
1446 988 1500 1031 pie
1525 990 1741 1022 considerata
1764 990 1806 1022 de
1829 990 1947 1022 multis
1969 989 2105 1032 magnis
2126 988 2230 1021 rebus

1254 1038 1427 1071 studiosos
1443 1039 1617 1074 admonet.

1345 1086 1449 1119 [stitis
1466 1095 1514 1120 est
1530 1095 1563 1121 et
1579 1086 1662 1122 haec
1678 1090 1911 1123 consideratio
1930 1090 2149 1124 intuentibus
2166 1086 2231 1122 ho-

1253 1137 1387 1170 minum
1409 1144 1589 1177 naturam,
1617 1151 1678 1171 cur
1703 1140 1739 1172 in
1758 1138 1901 1173 homine
1919 1152 1972 1173 res
1992 1140 2232 1174 dissimilimae

1253 1187 1434 1231 copulatae
1451 1188 1546 1220 sint?
1573 1187 1687 1230 Mens,
1705 1190 1801 1222 cuius
1818 1197 1979 1223 naturam
1997 1191 2145 1223 dicimus
2161 1201 2234 1222 esse

1254 1239 1494 1280 incorpoream
1507 1264 1515 1279 ‚
1539 1244 1571 1270 et
1587 1250 1720 1283 semper
1736 1240 1928 1280 victuram,
1956 1246 1988 1272 et
2003 1251 2160 1284 capacem
2178 1239 2232 1271 di-

1254 1289 1355 1320 vinae
1374 1289 1460 1321 lucis
1476 1289 1681 1331 sapientiae,
1705 1297 1737 1322 et
1753 1291 1900 1323 adflatus
1917 1290 2042 1322 divini.
2090 1287 2136 1322 Et
2153 1299 2233 1332 pars

1255 1350 1438 1382 corporea,
1464 1340 1652 1382 etquidem
1670 1340 1805 1379 culina,
1830 1351 1982 1384 coquens
1997 1340 2092 1372 cibos
2108 1346 2141 1372 et
2166 1336 2232 1371 hoc

1255 1389 1401 1421 mortale
1425 1401 1549 1432 corpus
1573 1390 1743 1425 nutriens.
1796 1389 1890 1423 Haec
1907 1391 2066 1423 miranda
2089 1389 2234 1422 societas

1255 1451 1371 1472 rerum
1397 1439 1698 1473 dissimilimarum
1724 1453 1795 1472 non
1821 1452 1901 1473 casu
1927 1441 2060 1480 extitit,
2095 1451 2159 1472 nec
2181 1445 2233 1471 te-

1255 1501 1347 1522 mere
1364 1490 1504 1523 condita
1529 1497 1588 1523 est.
1641 1490 1761 1535 Itaque
1785 1502 1919 1534 semper
1936 1503 2056 1523 omnes
2072 1502 2144 1522 non
2161 1496 2233 1522 sto-

1256 1540 1319 1572 lidi
1336 1538 1426 1572 hanc
1441 1540 1726 1574 coniunctionem
1745 1542 1845 1574 valde
1862 1541 2023 1574 admirati
2043 1547 2135 1575 sunt.
2161 1539 2234 1572 Nec

1255 1591 1438 1635 quisquam
1465 1602 1567 1623 sanus
1598 1589 1702 1624 homo
1735 1604 1891 1636 unquam
1925 1591 2109 1630 iudicavit,
2144 1588 2234 1622 hanc

1255 1641 1510 1684 copulationem
1522 1641 1745 1674 dissimilium
1757 1654 1874 1674 rerum
1892 1648 2019 1674 temere
2034 1641 2107 1674 fleri
2126 1651 2235 1684 posse,

1255 1691 1457 1735 praesertim
1483 1704 1561 1724 cum
1586 1693 1623 1724 in
1640 1698 1755 1725 mente
1775 1692 1844 1725 sint
1865 1693 1996 1725 similes
2014 1692 2050 1724 in
2068 1691 2233 1724 omnibns

1255 1742 1403 1774 noticiae
1429 1749 1614 1785 perpetuae
1633 1750 1664 1775 et
1683 1742 1865 1782 immotae,
1886 1753 2113 1774 numerorum
2131 1748 2163 1774 et
2181 1741 2233 1772 le·-

1258 1804 1338 1834 gum
1357 1791 1446 1824 vitae
1463 1799 1496 1825 et
1512 1792 1610 1827 aliae.
1661 1792 1805 1825 Necesse
1824 1799 1874 1825 est
1890 1793 1997 1835 igitur
2011 1791 2109 1825 fateri
2127 1789 2232 1824 huius

1255 1848 1394 1874 nostrae
1416 1848 1577 1880 naturae,
1611 1843 1709 1875 cuius
1738 1849 1871 1886 partem
1897 1842 2040 1875 interire
2061 1841 2232 1879 videmus,

1255 1893 1359 1925 aliam
1385 1903 1457 1924 esse
1482 1891 1791 1926 architectatricem
1815 1893 2081 1936 sempiternam,
2109 1898 2141 1924 et
2167 1891 2234 1923 im—

1254 1954 1429 1982 mensam,
1456 1955 1543 1987 quae
1564 1950 1602 1976 ut
1618 1951 1861 1985 agnosceretur
1885 1950 1917 1976 et
1933 1942 2031 1987 quasi
2055 1941 2233 1985 conspice-

1256 2000 1367 2033 retur,
1396 1993 1433 2024 iu
1453 1991 1611 2025 homines
1628 1993 1815 2035 imaginem
1833 2005 1928 2027 suam
1946 1992 2145 2026 transfudit.

1357 2041 1407 2075 Ac
1426 2043 1528 2075 nobis
1549 2044 1585 2075 in
1603 2041 1757 2076 Ecclesia
1775 2044 1949 2087 proposita
1968 2049 2018 2076 est
2033 2054 2232 2076 commone—

1255 2093 1380 2133 sactio,
1406 2093 1484 2125 ideo
1501 2093 1608 2126 menti
1626 2094 1826 2126 adiunctam
1849 2106 1920 2127 esse
1936 2094 2086 2126 culinam
2099 2117 2107 2130 ‚
2135 2092 2233 2125 cuius

1255 2150 1370 2176 tamen
1394 2144 1511 2176 nullus
1536 2144 1573 2176 in
1596 2144 1798 2177 aeternitate
1825 2155 1907 2177 usus
1933 2145 2013 2184 erit,
2040 2143 2121 2187 quia
2138 2142 2232 2175 Deus

1257 2192 1350 2226 hunc
1372 2194 1533 2226 ordinem
1559 2194 1688 2234 sanxit,
1711 2201 1749 2227 ut
1776 2195 1874 2227 initia
1894 2201 2053 2227 aeternae
2072 2193 2160 2225 vitae
2177 2203 2232 2224 sa-

1255 2244 1406 2287 pientiae
1428 2252 1460 2277 et
1485 2244 1640 2278 iusticiae
1665 2251 1848 2288 perpetuae
1865 2245 1901 2276 in
1920 2242 1984 2276 hac
2006 2243 2146 2276 mortali
2162 2243 2233 2275 vita

1255 2295 1502 2329 accendantur.
1563 2294 1643 2327 Nou
1674 2295 1821 2336 fulgebit
1845 2294 2014 2338 sapientia
2038 2300 2072 2326 et
2095 2292 2229 2326 iusticia

1255 2343 1321 2376 Dei
1338 2345 1373 2376 in
1392 2344 1479 2384 illis,
1505 2345 1564 2389 qui
1590 2356 1660 2376 non
1679 2342 1847 2377 inchoant
1862 2357 1937 2377 eam
1954 2344 1991 2376 in
2010 2342 2073 2377 hac
2089 2341 2229 2375 mortali

1255 2395 1336 2428 vita.
1381 2393 1462 2427 Ideo
1482 2407 1547 2427 vox
1564 2395 1744 2427 doctrinae
1759 2402 1858 2428 sonat
1875 2395 1910 2427 in
1929 2404 2050 2437 genere
2066 2390 2230 2431 humano,

1254 2451 1286 2477 et
1305 2444 1510 2487 gubernatio
1528 2445 1686 2477 instituta
1703 2451 1772 2483 est,
1800 2452 1832 2478 et
1849 2446 1967 2478 multis
1983 2442 2133 2476 vinculis
2150 2453 2230 2475 rnu-

1255 2494 1338 2527 nita.
1389 2493 1588 2527 Necessaria
1612 2501 1692 2527 sunt
1720 2495 1826 2537 igitur
1850 2494 2028 2527 doctrinae
2058 2493 2171 2525 studia
2195 2500 2229 2526 et

1253 2544 1448 2588 disciplina.
1486 2543 1538 2577 De
1555 2542 1610 2577 his
1626 2545 1729 2578 tantis
1747 2546 1849 2578 rebus
1865 2546 2029 2577 admonet
2051 2554 2114 2576 nos
2130 2554 2227 2585 aspe-

1252 2595 1320 2627 ctio
1346 2593 1518 2628 humanae
1541 2601 1705 2636 naturae,
1738 2608 1801 2628 nec
1827 2595 1899 2628 ulla
1923 2601 2016 2627 tanta
2047 2600 2097 2626 est
2120 2593 2226 2626 ullius

1252 2644 1379 2689 Angeli
1411 2651 1470 2678 aut
1508 2642 1663 2680 hominis
1699 2645 1885 2690 sapientia,
1936 2656 2024 2690 quae
2060 2643 2226 2678 utilitates
