2379 2948
129 59 205 94 677
745 61 789 98 V.

847 59 1172 96 EROTEMATA
1206 61 1544 99 DIALECTICES.

133 153 222 187 quae
255 153 334 175 cum
363 143 551 188 principali
577 156 678 178 causa
703 150 940 185 concurrunt,
973 149 1007 176 et
1029 143 1122 176 inter
1148 149 1149 152 ’

132 193 307 235 agendum
337 194 508 229 adiuvant
540 207 634 234 eam,
667 202 722 229 ut:
758 195 913 238 Somnus
946 201 996 227 est
1020 205 1122 227 causa

130 243 303 277 adiuvans
334 245 529 279 coctionem
554 246 754 279 ventriculi.
823 245 932 278 Calor
958 251 1122 278 externus

131 295 320 329 mediocris
345 303 395 330 est
421 309 523 330 causa
546 297 736 336 adiuvans,
762 296 798 329 id
826 303 894 337 est,
921 296 1044 328 fovens
1065 295 1122 329 in-

131 346 310 380 teriorem.
363 347 404 380 ln
422 347 587 392 Scipione
611 345 753 379 heroica
778 354 925 380 naturae
948 346 1000 379 vis
1019 347 1122 381 adiu-

130 404 189 431 vat
208 398 426 433 voluntatem
443 399 480 431 in
499 398 697 432 actionibus
715 398 900 434 virtutum.

400 471 465 504 Dic
488 474 636 503 octavam
658 471 853 503 divisionem.

233 525 385 570 Elegans
402 526 529 559 divisio
548 526 700 560 traditur
716 538 734 559 a
746 526 907 567 Medicis,
930 539 1019 572 quae
1036 541 1122 562 con-

131 579 226 624 gruit
243 590 320 612 cum
337 578 471 622 aliquot
487 577 732 621 superioribus
749 578 994 612 divisionibus.
1051 579 1119 613 Sed

130 637 276 675 propter
311 629 466 662 illustres
496 629 750 672 appellationes
784 630 1007 663 familiariter
1035 638 1121 664 nota

129 682 173 714 sit
189 680 364 715 omnibus.
418 678 499 713 Alia
516 687 597 714 sunt
611 679 721 721 αἴτια,
749 682 817 714 alia
837 679 1022 723 συναίτια,
1052 682 1121 715 alia

130 729 304 778 σύιέργα.

231 782 342 816 Αἴτια
373 788 457 815 sunt
481 781 695 826 principales
722 795 863 824 causae,
896 790 935 817 ut
963 796 1061 818 mens
1088 792 1121 818 et

129 833 292 867 voluntas
315 839 399 866 sunt
423 833 637 877 principales
661 846 783 868 causae
808 835 981 869 actionem
1008 834 1120 869 houe-

127 892 260 918 starum
279 891 339 917 aut
356 882 637 919 inhonestarum.

231 932 419 970 Συναίτια
436 943 518 970 sunt
534 935 784 969 inclinationes
797 937 911 969 bonae
927 938 981 970 vel
998 938 1119 981 malae,

127 999 217 1032 quae
232 986 367 1031 alioqui
382 994 555 1021 vocantur
572 998 695 1020 causae
713 987 832 1020 minus
851 988 1072 1032 principales.

230 1034 409 1085 Σύνεργα
433 1046 516 1072 sunt
539 1039 594 1071 vel
622 1045 869 1082 praeparantes
895 1051 1036 1079 causae,
1065 1039 1120 1072 vel

127 1091 383 1127 instrumenta,
409 1097 449 1123 ut
471 1090 632 1123 doctrina
656 1096 689 1122 et
706 1090 910 1123 assuefactio
929 1099 1010 1124 sunt
1031 1087 1119 1124 σύν-

128 1153 219 1188 εργα
248 1140 286 1173 in
310 1140 510 1174 actionibus
535 1141 688 1174 virtutis.
750 1139 880 1174 Robur
903 1142 1061 1185 corporis
1088 1149 1120 1175 et

127 1192 292 1226 laborum
329 1191 535 1232 assiduitas,
578 1199 659 1225 sunt
690 1188 852 1238 σύιέργα
884 1192 1118 1226 fortitudinis.

127 1243 167 1276 ln
193 1241 329 1276 Davide
358 1243 553 1286 praeliante
579 1242 698 1276 αἴτιοι]
725 1249 775 1275 est
801 1242 955 1286 Spiritus
980 1251 1119 1277 sanctus

126 1294 322 1328 exuscitans
339 1293 518 1334 animum,
547 1290 734 1335 συναίτια,
761 1293 962 1334 consilium,
990 1294 1120 1327 volun-

124 1353 196 1385 tas,
224 1351 259 1378 et
283 1355 410 1377 manus
434 1345 682 1387 obtemperans
707 1344 857 1377 consilio
881 1351 914 1378 et
931 1345 1120 1386 voluntati,

125 1393 307 1442 σύνεργα,
337 1394 482 1428 scientia
509 1394 559 1428 rei
587 1394 772 1435 militaris,
801 1403 833 1429 et
852 1395 1015 1429 laborum
1033 1396 1119 1429 assi-

125 1447 253 1481 duitas.
308 1445 349 1479 In
374 1443 500 1490 Ioseph
522 1446 722 1479 abstinente
747 1447 791 1479 ab
815 1446 931 1480 aliena
957 1448 1118 1490 coniuge,

126 1498 265 1537 αἴτιον,
299 1504 350 1530 est
376 1496 530 1540 Spiritus
563 1504 720 1536 sanctus,
755 1498 885 1531 docens
915 1505 949 1532 et
970 1509 1119 1532 movens

126 1556 283 1583 mentem
308 1554 340 1581 et
366 1548 584 1581 voluntatem
606 1545 751 1592 loseph,
779 1549 993 1592 cogitatione
1018 1562 1118 1582 man-

127 1601 199 1634 dati
226 1599 351 1634 divini.
418 1597 627 1639 Zuuczlna,
664 1611 762 1631 mens
789 1601 946 1643 cogitans
970 1601 1118 1633 manda-

127 1660 204 1686 tum
239 1650 420 1689 divinum,
462 1657 494 1683 et
528 1650 692 1683 voluntas
723 1651 971 1694 obtemperans
1003 1650 1119 1694 Spiri-

126 1703 179 1737 tui
210 1708 329 1735 sancto
359 1709 392 1735 et
421 1702 588 1734 mandato
626 1701 707 1734 Dei.
772 1698 970 1748 Edvepya,
1012 1703 1119 1735 disci—

126 1754 223 1799 plina
247 1760 279 1787 et
302 1752 485 1796 diligentia
508 1753 547 1785 in
572 1752 726 1785 vitandis
749 1752 946 1791 illecebris,
974 1760 1013 1786 nt
1030 1753 1118 1786 dici-

126 1813 200 1838 tur:
233 1804 353 1838 Vitare
371 1811 529 1850 peccata,
557 1810 607 1836 est
624 1804 733 1836 vitare
751 1804 950 1837 occasiones
972 1816 1118 1847 peccan-

127 1856 174 1889 di.
229 1854 324 1888 Haec
346 1866 531 1888 causarum
554 1855 809 1895 consideratio,
839 1867 917 1888 cum
937 1855 1022 1888 alias
1043 1867 1118 1888 ma-

127 1919 212 1952 gnas
232 1906 402 1940 utilitates
422 1906 541 1947 affert,
566 1913 640 1939 tum
659 1918 699 1939 eo
719 1907 824 1939 etiam
843 1907 1005 1949 prodest,
1035 1906 1117 1951 quia

128 1971 207 1992 cum
232 1958 406 1998 ostendit,
433 1970 522 2003 quae
550 1969 673 1991 causae
700 1958 735 1990 in
760 1958 1016 2001 gubernatione
1041 1970 1118 1990 mo-

128 2022 206 2042 rum
231 2016 464 2050 concurrant,
501 2016 639 2046 monet.
674 2016 712 2042 ut
739 2020 858 2041 causas
882 2008 960 2040 illas
984 2009 1118 2041 exusci-

128 2068 259 2098 temus,
286 2068 445 2105 petamus
468 2072 534 2093 nos
552 2061 624 2104 regi
643 2059 780 2104 Spiritu
799 2067 917 2092 sancto
931 2085 939 2098 ‚
969 2060 1037 2103 ipsi
1055 2072 1119 2092 an-

129 2112 300 2152 nitamur,
326 2118 367 2145 ut
381 2112 459 2144 voci
475 2112 617 2145 divinae
633 2113 935 2155 obtemperemus,
965 2118 997 2144 et
1012 2111 1120 2144 disci-

129 2163 226 2206 plina
253 2174 317 2195 nos
337 2162 524 2197 frenemus,

130 2213 281 2253 Paulus,
316 2213 497 2257 inquiens:
525 2213 724 2258 Diligenter
747 2214 924 2248 ambulate
949 2220 1117 2258 tanquam

130 2264 321 2309 sapientes,
347 2271 410 2298 etc.

414 2337 478 2370 Dic
500 2350 617 2372 nonam
641 2341 835 2372 divisionem.

231 2389 295 2425 Est
323 2398 357 2425 et
387 2389 473 2425 haec
506 2394 633 2427 divisio
665 2395 791 2428 usitata
821 2393 994 2434 Medicis,
1030 2405 1118 2439 quae

129 2443 265 2476 erudite
296 2443 466 2476 discernit
495 2444 680 2479 interiores
711 2457 832 2479 causas
863 2454 895 2480 et
921 2446 1119 2479 exteriores.
1145 2468 1147 2478 1

578 2162 674 2197 Haec
699 2175 818 2196 omnm
845 2162 1048 2206 complexus
1070 2170 1119 2196 est
1144 2187 1146 2223 ἶ
1173 2200 1233 2221 seu
1258 2188 1495 2231 impellentes,
1531 2201 1621 2233 quae
1646 2189 1816 2222 dicuntur
1840 2191 2060 2234 impulsivae.

1145 2300 1147 2317 1
1174 2290 1266 2325 ricis.

128 2493 329 2528 Efficientia
353 2501 435 2527 sunt
458 2495 633 2539 duplicia,
668 2494 952 2543 προηρόύλιιενα,
981 2504 1119 2530 antece-
1144 2511 1146 2515 ’

130 2546 262 2581 ‹lentia-

130 2609 218 2641 quae
243 2596 398 2631 irritatae
423 2598 467 2631 ab
485 2598 638 2632 externis
658 2599 770 2631 causis
788 2605 869 2631 sunt
886 2599 1118 2643 principalio-

132 2659 185 2680 res
209 2659 332 2682 causae
353 2649 556 2690 effectuum,
586 2656 624 2683 ut
648 2661 726 2683 cum
748 2649 947 2694 dysenteria
969 2651 1011 2684 sit
1028 2651 1120 2684 inte-

336 2545 429 2580 Sunt
466 2555 582 2580 autem
624 2547 810 2580 interiores
853 2548 1147 2591 dispositiones,-

2089 71 2162 105 678

1175 145 1349 179 stinorum
1389 147 1619 187 exulceratio,
1659 146 1943 198 προηγούμενον
1979 161 2030 188 est
2069 158 2163 199 bilis,

1173 197 1369 230 exuberans
1400 197 1438 230 in
1466 204 1539 232 toto
1564 212 1729 244 corpore,
1761 208 1794 235 et
1818 209 1981 246 corrupta
2005 218 2044 239 ac
2073 209 2162 242 sacta

1174 247 1290 280 acrior
1313 259 1353 281 ac
1376 250 1596 284 venenatior.
1649 250 1719 285 Sed
1745 264 1846 286 causa
1865 258 2162 304 προκαταρητικὴ

1175 297 1306 332 dicitur
1331 299 1503 333 irritatrix
1528 313 1648 342 causa,
1684 316 1788 348 quam
1815 305 1922 349 vulgo
1946 307 2162 351 primitivam

1173 355 1313 384 vocant.
1364 347 1428 383 Est
1453 358 1569 385 autem
1593 359 1734 388 externa
1754 367 1876 397 causa,
1905 370 1994 402 quae
2015 359 2163 394 interio-

1174 412 1247 433 rem
1272 400 1407 441 irritat‚
1434 407 1473 434 ut
1498 402 1630 445 largior
1654 412 1757 446 potus
1782 406 1819 439 in
1844 415 1957 450 aestu,
1985 417 2045 444 aut
2063 413 2163 445 crudi

1174 452 1328 490 fructus,
1357 452 1417 496 qui
1436 453 1644 496 putrefacti,
1672 464 1800 498 augent
1816 467 2024 494 venenatam
2045 463 2163 503 bilem,

1174 509 1207 535 et
1225 501 1461 538 lubricitatem
1480 504 1647 545 efficiunt,
1675 517 1713 538 ac
1732 515 1875 542 movent
1892 519 2028 545 auctam
2045 514 2162 548 bilem.

1174 553 1448 587 Transferamus
1473 551 1535 588 has
1559 555 1814 600 appellationes
1840 560 1882 591 ad
1909 561 1975 594 alia
1996 566 2163 607 exempla.

1174 603 1398 638 Antecedens
1438 617 1558 646 causa,
1597 619 1686 652 quae
1728 608 1860 642 dicitur
1889 614 2163 661 προηγοωιέιή,

1175 656 1290 689 civilis
1313 657 1397 689 belli
1421 655 1514 690 inter
1537 656 1721 692 Romanos
1744 659 1811 693 fuit
1834 660 1871 693 in
1891 660 2061 706 Pompeio
2086 679 2159 698 am-

1173 707 1262 740 bitio
1287 719 1348 741 seu
1371 707 1545 751 cupiditas
1570 709 1747 743 retinendi
1772 712 1901 744 summi
1920 713 1987 746 loci
2008 715 2099 749 inter
2115 718 2163 750 ci-

1174 771 1251 799 ves,
1288 771 1392 804 quem
1419 759 1481 792 diu
1506 759 1574 793 iam
1603 762 1816 804 possederat.
1870 761 1973 797 Hanc
1999 767 2163 800 ambitio-

1174 822 1253 842 nem
1270 811 1533 844 comitabantur
1550 812 1653 845 multi
1671 812 1823 854 affectus,
1850 821 1964 848 metus
1978 818 2163 851 amittendi

1174 861 1248 893 eius
1266 861 1360 903 Unci,
1389 862 1587 896 invidentia
1614 870 1647 896 et
1671 864 1775 897 dolor
1798 876 1875 897 cum
1894 868 2071 901 aemulum
2090 882 2163 902 cre-

1173 923 1268 945 scere
1302 913 1446 948 videret.
1509 912 1574 946 His
1603 914 1787 949 affectibus
1815 915 2090 961 incendebatur,
2125 928 2163 954 ut

1174 963 1299 996 tollere
1324 971 1383 998 aut
1408 965 1599 1008 reprimere
1626 978 1705 998 eum
1731 973 1928 1003 conaretur.
1990 970 2037 1003 At
2062 983 2163 1004 causa

1174 1014 1345 1047 irritatrix
1376 1027 1435 1048 seu
1468 1015 1767 1063 προκαταρκτικὴ
1793 1018 1860 1052 fuit
1888 1021 2043 1063 potentia
2070 1022 2164 1061 Iulii,

1173 1071 1206 1098 et
1232 1066 1325 1109 quod
1352 1066 1462 1099 multa
1490 1068 1629 1111 petebat
1655 1075 1715 1101 aut
1739 1069 1886 1103 faciebat
1912 1069 2023 1105 Iulius
2043 1081 2166 1106 contra.

1174 1116 1391 1149 voluntatem
1418 1116 1599 1162 Pompeii,
1634 1131 1723 1163 quae
1748 1121 1922 1163 augebant
1947 1122 2163 1167 indignatio-

1173 1179 1252 1200 nem
1278 1176 1311 1202 et
1333 1169 1456 1201 odium
1484 1169 1520 1201 in
1545 1170 1664 1202 animo
1689 1169 1862 1214 Pompeii.
1940 1171 2006 1207 His
2031 1176 2165 1209 facibus

1172 1230 1356 1260 accensuS,
1390 1220 1530 1253 tandem
1566 1222 1653 1254 adeo
1680 1222 1826 1265 exarsit,
1864 1230 1901 1256 ut
1927 1224 2060 1259 bellum
2087 1239 2163 1259 mo-

1172 1276 1280 1304 veret-

1274 1320 1444 1355 Nominat
1464 1320 1622 1356 Galenus
1646 1329 1679 1357 et
1705 1323 1810 1356 aliam
1829 1326 2006 1369 quandam
2026 1339 2162 1360 causam

1173 1369 1403 1416 συνεκτικὴν.
1459 1371 1527 1406 Sed
1556 1370 1642 1407 haec
1670 1386 1742 1407 non
1769 1382 1819 1408 est
1846 1376 1883 1408 in
1910 1374 1984 1418 his,
2013 1390 2164 1422 quornm

1172 1434 1295 1455 causae
1321 1435 1399 1456 cum
1424 1423 1513 1456 sacta
1530 1431 1631 1465 sunt,
1658 1437 1730 1458 esse
1748 1425 1947 1467 desierunt,
1975 1435 2014 1461 ut
2032 1429 2164 1461 debili—

1172 1481 1225 1507 tas
1243 1474 1432 1507 ventriculi
1451 1481 1581 1513 manet,
1609 1475 1713 1509 etiam
1728 1484 1912 1523 postquam
1928 1479 2078 1523 repletio
2093 1491 2165 1513 esse

1173 1525 1290 1558 desiit.
1343 1524 1425 1558 Non
1452 1532 1502 1558 est
1528 1525 1637 1569 igitur
1660 1527 1808 1570 repletio
1833 1541 1935 1562 causa
1958 1529 2164 1576 σωέκῖικὴ,

1173 1576 1309 1609 etiamsi
1328 1576 1529 1621 propinqua
1547 1589 1648 1610 causa
1666 1585 1716 1611 est
1733 1578 1808 1612 eius
1825 1580 2030 1616 debilitatis,
2066 1580 2165 1615 Alibi

1173 1635 1289 1660 autem
1314 1635 1507 1672 usurpatur
1529 1626 1766 1673 συνεκτικὸν,
1795 1642 1873 1663 cum
1893 1632 2024 1666 dicitur
2042 1645 2165 1666 eorum

1173 1678 1360 1711 effectuum
1386 1690 1487 1711 causa
1507 1690 1596 1718 esse,
1625 1680 1686 1725 qui
1705 1681 1750 1714 ita
1768 1683 1922 1724 pendent
1939 1695 1958 1716 a
1977 1696 2100 1724 causa,
2126 1692 2165 1718 ut

1173 1741 1245 1762 non
1271 1730 1400 1762 durent
1422 1730 1585 1771 effectus,
1612 1743 1690 1764 curn
1708 1744 1809 1765 causa
1827 1733 1983 1775 tollitur,
2011 1742 2049 1768 ut
2068 1747 2164 1767 mor·

1173 1780 1226 1813 bis
1259 1781 1391 1814 dicitur
1420 1779 1633 1826 Synecticon
1665 1784 1920 1827 symptomatis.
1997 1784 2165 1819 Pleuritis

1172 1839 1220 1865 est
1241 1831 1445 1877 synecticou
1465 1831 1540 1865 eius
1558 1832 1666 1865 febris
1685 1845 1775 1878 quae
1791 1835 1936 1869 accedit.

1437 1922 1504 1954 Dic
1525 1922 1682 1954 decimam
1706 1923 1902 1956 divisionem.

1274 1980 1516 2017 Efficientium
1541 1984 1630 2017 aliae
1654 1991 1764 2027 agunt
1788 1994 1904 2020 motae
1929 1988 1972 2021 ab
1996 1989 2091 2025 aliis,
2127 1997 2165 2022 ut

1174 2034 1337 2068 voluntas
1362 2034 1434 2077 agit
1458 2042 1550 2068 mota
1576 2036 1620 2068 ab
1648 2036 1807 2077 obiecto,
1843 2039 1937 2082 quod
1963 2040 2164 2081 cognitione

1172 2092 1409 2119 monstratum
1437 2097 1496 2119 seu
1523 2086 1681 2120 oblatum
1708 2095 1759 2120 est
1784 2089 1978 2127 voluntati,
2014 2098 2051 2123 ut
2077 2092 2165 2123 dici—

1173 2145 1245 2171 tur:
1284 2136 1400 2179 Ignoti
1427 2137 1525 2170 nulla
1552 2138 1692 2182 cupido,
1745 2137 1847 2172 Aliae
1874 2147 1955 2173 sunt
1984 2149 2164 2174 mox-entes

2126 2192 2163 2225 ld

1174 2252 1303 2272 nomen
1329 2239 1485 2273 retinent
1504 2238 1768 2279 Iurisconsulti,
1796 2249 1949 2274 sumtum
1978 2254 2014 2274 ex
2042 2241 2163 2276 rheto-

1318 2288 1395 2323 Etsi
1414 2298 1528 2324 autem
1547 2291 1725 2324 interdum
1744 2292 2015 2325 confunduntur
2032 2294 2165 2338 impul-

1174 2342 1246 2375 siva
1280 2348 1313 2374 et
1343 2342 1479 2380 finalis,
1524 2349 1641 2375 tamen
1673 2342 1855 2375 sciendum
1892 2351 1941 2377 est
1974 2345 2164 2378 discrimen

1174 2394 1351 2439 quoddam
1379 2405 1462 2425 esse.
1517 2392 1709 2436 ltnpulsiva
1736 2400 1785 2425 est
1811 2393 1954 2427 affectus
1982 2396 2036 2427 vel
2066 2397 2164 2429 obie-

1174 2453 1267 2478 ctum
1294 2456 1440 2477 movens
1460 2451 1638 2486 agentem,
1666 2451 1703 2476 ut
1721 2444 1887 2477 dicimus:
1917 2445 2164 2480 Misericordia

1174 2503 1290 2529 motus
1316 2503 1383 2536 est,
1406 2495 1481 2535 vel,
1509 2494 1630 2537 inopia
1657 2495 1759 2527 amici
1787 2503 1902 2529 motus
1925 2498 2065 2541 scripsit
2084 2511 2163 2531 enin

1174 2544 1370 2582 haeredem,
1424 2545 1677 2587 prodigalitate
1699 2553 1862 2579 movetur
1885 2547 2009 2588 iudex,
2034 2557 2081 2582 'ut
2107 2551 2164 2582 det

1174 2605 1338 2632 tutorem.
1408 2594 1548 2629 Dicitur
1577 2596 1686 2639 igitur
1717 2597 1944 2640 prodigalitas
1974 2599 2163 2644 impulsiva

1174 2659 1291 2682 causa:
1322 2648 1379 2681 sed
1405 2647 1521 2680 finalis
1543 2653 1611 2687 est,
1644 2654 1683 2681 ut
1705 2655 1863 2682 servetur
1881 2648 2040 2695 Respub.
2065 2652 2163 2684 cuius

1602 2695 1683 2732 43*
