2379 2948
204 104 275 139 323

207 194 338 232 patrem
366 192 399 219 et
428 185 550 218 fratres
585 178 768 214 interfecit.
831 174 1023 208 Gravidam
1057 173 1182 207 conin-

209 250 284 281 gem
311 237 452 281 quidam
476 233 631 266 Basileae
663 228 807 267 occidit,
843 238 882 258 ac
907 236 978 258 sese
995 231 1111 268 postea
1139 225 1182 256 de

211 288 351 320 sublimi
377 287 452 318 loco
478 281 698 326 praecipitem
723 276 867 314 deiecit,
910 283 1012 319 atque
1045 275 1092 308 ita
1116 273 1182 306 sibi

212 345 359 371 mortem
384 333 560 367 conscivit.
620 329 694 362 Hos
717 329 853 361 furores
881 338 897 358 a
921 325 1071 359 Diabolo
1098 323 1184 356 oriri

212 395 342 421 certum
360 392 425 423 est,
449 383 529 426 quia
547 380 722 425 quaelibet
738 384 877 417 natura,
908 377 1018 409 donec
1035 374 1185 407 naturali
1209 404 1211 414 Α

212 439 287 470 luce
304 443 335 468 et
352 434 488 466 adfectu
506 434 658 472 regitur,
687 429 739 462 sui
756 426 1057 460 conservationem
1079 425 1184 466 adpe—

213 489 270 525 tit,
298 492 329 517 et
358 490 448 516 amat
472 488 647 525 cognatos.
706 479 773 512 Sed
808 476 896 510 hanc
921 477 1032 508 lucem
1061 482 1094 508 et
1123 471 1186 506 hos

213 537 368 569 adfectus
387 533 559 575 extinguit
576 530 765 568 Diabolus,
801 535 838 560 ut
856 527 1022 569 scriptum
1040 531 1107 557 est:
1136 531 1187 556 te-
1211 544 1215 591 ι

214 597 295 619 nere
312 596 390 618 eum
408 584 561 626 captivas
576 587 708 613 mentes
724 578 925 621 impiorum.
978 573 1023 608 Et
1041 575 1082 607 de
1100 572 1186 606 Iuda

213 636 358 669 dicitur:
387 633 537 666 Intravit
554 633 590 664 in
611 642 688 663 eum
706 628 861 662 Satanas.
1212 637 1214 649 ι

314 683 360 718 Et
377 684 481 717 variis
497 682 610 715 modis
621 685 793 722 grassatur
802 676 989 713 Diabolus,
1009 674 1187 707 interdum

213 737 309 770 velut
324 736 448 768 ludens
471 732 622 766 ostendit
646 731 737 762 bona
761 728 856 770 signa
882 724 1109 764 hominibus,
1149 729 1190 756 ut
1213 735 1215 749 r

214 787 394 820 confirmet
413 783 643 816 securitatem.
695 778 784 811 Nam
803 777 895 822 qnod
907 775 1106 820 Polycrates
1126 785 1190 806 an-

214 838 338 871 nulum
355 836 392 866 in
408 846 501 865 mare
519 832 691 865 abiectum
727 828 875 871 recepit,
911 826 945 858 id
971 837 1043 858 non
1062 824 1190 868 opinor

214 889 250 920 in
267 886 366 920 astris
384 885 535 928 aliquam
553 882 725 914 illustrem
742 890 878 912 causam
897 874 1034 909 habere.
1074 874 1189 916 Magis

214 937 355 969 videtur
372 933 514 967 Diaboli
540 933 645 965 ludus
670 930 795 971 fuisse,
839 934 878 960 ut
903 926 1101 970 Polycrates
1123 924 1189 957 sibi

214 987 437 1031 persuaderet
453 995 550 1016 suam
568 980 789 1014 foelicitatem
806 983 1007 1022 perpetuam
1025 976 1109 1014 sore,
1121 985 1188 1019 qua
1214 994 1216 1006 .

217 1037 341 1069 fiducia
368 1041 484 1078 postea
504 1032 621 1065 Ioniae
647 1029 922 1063 dominationem
949 1026 1116 1068 adpetiit,
1158 1031 1188 1056 et

214 1086 437 1119 fallacissimo
465 1082 598 1115 homini
633 1080 800 1116 credidit,
840 1090 857 1110 a
891 1089 960 1120 quo
983 1087 1044 1118 per
1067 1075 1188 1107 dolum

216 1138 472 1169 circumventus
499 1132 631 1164 crudeli
663 1128 835 1172 supplicio
856 1128 1011 1159 adfectus
1030 1133 1089 1160 est.
1118 1124 1189 1157 Lu·

216 1187 265 1218 dit
289 1186 382 1218 enim
402 1183 578 1216 Diabolus
591 1179 774 1213 hocmodo
792 1185 823 1210 et
841 1177 876 1209 in
893 1176 969 1209 aliis
990 1176 1114 1214 rebus,
1152 1182 1190 1207 nt

218 1237 252 1267 in
271 1235 377 1277 signis
412 1234 495 1266 etin
513 1231 674 1264 oraculis.
737 1228 904 1262 Croesum
923 1226 1088 1268 ambiguo
1113 1237 1190 1257 ora-

215 1287 293 1319 culo
312 1285 451 1328 impulit
465 1284 507 1315 ad
524 1282 654 1315 bellum
674 1280 901 1316 movendum,
928 1277 1021 1320 quod
1038 1275 1103 1318 ipsi
1121 1276 1191 1306 exi-

216 1337 263 1369 tio
280 1336 359 1369 fuit.
417 1333 630 1373 Noribergae
659 1340 778 1362 recens
810 1339 903 1360 anno
937 1324 1046 1360 1530.
1080 1336 1192 1357 sacer-

216 1386 288 1419 doti
307 1386 343 1417 in
363 1383 527 1420 crystallo
550 1380 731 1414 thesauros
756 1378 966 1411 ostenderat.
1020 1375 1098 1408 Hos
1115 1386 1192 1407 cum
1216 1393 1219 1408 ρ

216 1437 292 1468 loco
312 1423 465 1478 perfosso
488 1438 568 1464 aute
591 1431 714 1464 urbem
741 1433 923 1472 quaereret
948 1426 1107 1458 sacerdos
1131 1425 1192 1456 ad-

216 1484 329 1519 hibito
346 1484 457 1517 amico
475 1487 665 1525 spectatore
678 1506 686 1520 ,
714 1489 862 1522 cumque
881 1477 950 1508 iam
967 1475 1137 1508 vidissent
1156 1474 1192 1506 in

215 1548 319 1580 specu
342 1546 456 1567 arcam
481 1539 512 1565 ct
536 1538 650 1565 atrum
669 1540 788 1562 canem
808 1527 994 1560 cubantem
1009 1526 1051 1558 ad
1069 1536 1194 1564 arcam,

215 1587 390 1628 ingressus
406 1583 566 1617 sacerdos
583 1582 619 1613 in
642 1591 783 1622 specum
805 1576 1040 1620 opprimitur,
1077 1586 1114 1607 ac
1138 1575 1194 1606 in-

214 1637 383 1669 terficitur
401 1640 523 1667 ruente
540 1631 732 1669 cacumine,
758 1634 789 1661 et
807 1638 946 1670 specum
958 1636 1080 1658 rursus
1097 1636 1194 1657 com-

239 1687 341 1718 lente.

214 1699 234 1729 p
317 1735 410 1767 llaec
428 1735 471 1766 de
487 1733 602 1776 primo
621 1741 745 1772 genere
763 1728 904 1766 dixisse,
933 1726 1016 1759 satis
1032 1726 1088 1765 sit,
1116 1736 1195 1768 per-

216 1787 329 1820 tinent
347 1791 461 1817 antem
481 1781 548 1815 huc
565 1788 597 1814 et
618 1781 756 1822 piorum
789 1775 993 1817 hominum,
1027 1782 1067 1809 ut
1090 1773 1196 1809 Chri-

219 1837 279 1874 sti,
307 1835 500 1878 Baptistae,
533 1831 634 1865 Pauli
659 1837 691 1862 et
718 1828 886 1861 similium
913 1826 1094 1866 interitus,
1134 1825 1194 1869 qui

219 1888 260 1918 ad
285 1885 460 1927 singulare
486 1882 671 1915 consilium
690 1878 756 1911 Dei
785 1878 959 1910 referendi
980 1883 1080 1914 suut,
1123 1887 1195 1907 non

219 1937 261 1968 ad
290 1935 424 1975 stellis,
465 1939 523 1965 aut
554 1932 638 1964 alias
667 1940 784 1962 causas
810 1928 989 1960 secundas.
1058 1925 1138 1958 Huc
1163 1932 1195 1958 et

221 1985 408 2028 impiorum
451 1991 546 2016 ortus
575 1988 607 2014 et
636 1979 798 2012 interitus
829 1977 1011 2020 praecipue
1043 1977 1197 2008 reseren-

221 2037 256 2069 di
282 2042 372 2068 sunt.

322 2085 442 2128 Itaque
473 2083 505 2114 in
535 2080 600 2114 hoc
622 2080 736 2122 primo
760 2089 905 2120 genere,
946 2078 1038 2120 quod
1064 2075 1196 2119 alioqui
1221 2075 1223 2113 ξ

222 2140 398 2169 szrtuuam
422 2140 565 2171 vocant,
600 2141 718 2163 revera
744 2128 907 2170 impulsio
931 2133 998 2165 est,
1040 2138 1106 2170 qua
1130 2123 1197 2158 hu-

221 2187 314 2218 mani
332 2185 439 2217 animi
459 2196 474 2215 a
492 2183 584 2221 Deo,
606 2181 660 2212 vel
678 2192 695 2212 a
711 2176 978 2219 bonisAngelis,
1005 2183 1065 2209 aut
1082 2174 1197 2207 aDia-

223 2237 311 2269 bulis
338 2236 529 2267 incitantur
554 2233 594 2264 ad
618 2230 749 2274 aliquid
776 2229 970 2270 agendum,
1003 2233 1063 2258 aut
1087 2232 1199 2258 retra-

224 2286 367 2319 huntur.
422 2284 472 2317 Ae
492 2284 525 2315 in
546 2281 677 2324 magnis
693 2280 796 2312 rebus
815 2277 916 2310 bonis
935 2283 968 2309 et
986 2276 1106 2317 malis,
1134 2277 1196 2308 do·

222 2338 348 2369 minari
371 2334 429 2368 lt‘ts
446 2345 562 2367 causas
579 2343 650 2364 non
669 2330 817 2363 dubium
836 2333 895 2360 est.
1222 2348 1224 2370 ξ

405 2453 461 2484 De
482 2449 803 2493 Temperamentis
828 2451 864 2480 et
880 2445 1023 2480 Stellis.
1222 2434 1223 2446 ¹

1220 2495 1223 2511 l

324 2535 481 2568 Secunda
503 2544 611 2575 perse
630 2544 730 2565 causa
752 2531 976 2564 fortuitorum
1008 2531 1195 2558 eventuum
1220 2547 1222 2557 i

478 94 684 134 semem
712 93 786 128 PH.
810 88 923 124 MEL.
951 87 1018 124 AD
1043 87 1171 124 HtST.
1197 84 1339 123 PROF.
1365 84 1431 121 ET
1458 84 1647 120 PHILOS.
1669 82 1986 126 spEcTAN'mA,

224 2595 272 2621 est
302 2582 563 2627 temperamenti
599 2582 768 2615 foelicitas
799 2589 857 2613 aut
883 2577 1111 2615 infoelicitas,
1157 2567 1222 2608 ιη’

225 2639 352 2671 multos
371 2643 492 2669 natura
514 2632 683 2665 obnoxios
702 2632 831 2665 morbis
850 2629 1018 2663 discimus
1041 2627 1193 2660 infortu-

2139 89 2214 124 324

1234 178 1353 213 natos,
1380 172 1461 217 quia
1478 183 1577 216 saepe
1595 176 1628 205 et
1647 172 1742 205 varie
1758 179 1947 215 aegrotant.
1976 172 2129 207 Naturas
2146 175 2211 207 ab·

1233 220 1417 256 horrentes
1432 235 1452 255 a
1469 221 1621 262 musica,
1654 228 1686 255 et
1706 234 1886 266 perperam
1905 231 2085 265 canentes,
2119 225 2207 257 dici-

1234 284 1311 306 mus
1336 273 1373 305 in
1397 285 1436 306 eo
1460 284 1584 315 genere
1612 272 1856 306 infortunatas.
1909 271 2003 307 Haec
2028 275 2171 318 proprie
2189 287 2206 307 a

1235 323 1517 366 temperamentis
1533 322 1636 362 oriri,
1663 323 1885 356 manifestum
1903 330 1963 356 est.

1339 372 1470 405 Verum
1488 379 1538 406 est
1554 379 1669 406 autem
1688 374 1866 407 stellarum
1884 373 1999 416 positu
2016 375 2213 415 gubernari,

1240 429 1271 454 et
1291 423 1417 455 variari
1435 430 1719 465 temperamenta.
1769 423 1851 456 ideo
1868 424 2034 456 coniunxi
2053 421 2118 456 hoc
2135 425 2212 457 loco

1239 479 1423 516 utramque
1439 484 1596 513 causam,
1635 475 1694 506 sed
1718 481 1833 506 tamen
1858 473 1989 518 aliquid
2012 485 2028 506 a
2052 475 2158 516 stirpe
2182 482 2214 506 et

1238 522 1440 564 regionib-us
1472 530 1745 566 temperamenta
1773 525 1972 558 adsumunt.
2031 523 2212 556 Praeterea

1238 572 1288 604 vis
1321 579 1370 604 est
1392 573 1509 616 aliqua
1535 573 1713 606 stellarum
1736 574 1774 605 in
1799 574 2089 607 inclinationibus
2122 574 2213 606 exci-

1239 622 1375 659 tandiS,
1410 633 1497 665 quae
1519 623 1562 654 ad
1589 629 1860 665 temperamenta
1884 625 2007 656 referri
2034 636 2106 657 non
2133 625 2215 657 satis

1240 678 1360 715 potest.
1408 670 1476 704 Sed
1494 678 1610 704 tamen
1630 684 1703 704 non
1724 673 1827 705 nimis
1845 674 2020 707 subtiliter
2040 672 2123 707 haec
2142 674 2215 706 dis-

1240 729 1413 765 putemus.
1467 720 1654 762 Dicamus,
1687 724 1780 767 quod
1804 735 1856 755 res
1873 731 1940 764 est,
1972 736 2071 768 saepe
2088 724 2216 756 fortui-

1240 779 1355 805 torum
1374 778 1566 805 eventuum
1589 783 1648 815 per
1667 784 1702 805 se
1720 784 1838 806 causas
1859 785 1929 806 esse
1946 781 2217 817 temperamenta

1240 829 1274 855 et
1293 822 1472 855 stellarum
1497 823 1641 865 positus.
1692 820 1766 855 Etsi
1795 823 1888 856 enim
1906 830 1937 856 et
1955 836 2033 856 cum
2051 822 2105 856 his
2125 822 2216 868 phy-

1241 873 1319 905 sicis
1351 872 1462 905 causis
1492 871 1585 904 Deus
1612 873 1821 906 coniunctus
1847 880 1913 913 est,
1949 880 2113 917 tanquam
2141 874 2214 917 pri-

1240 935 1294 955 ma
1321 929 1352 955 et
1381 922 1588 955 universalis
1619 935 1738 963 causa,
1782 931 1897 956 tamen
1931 923 2047 956 differt
2071 921 2136 956 hoc
2156 934 2216 965 ge-

1241 984 1307 1005 nus
1340 972 1517 1005 actionum
1551 984 1568 1005 a
1601 974 1715 1016 primo
1750 984 1894 1016 genere,
1939 974 1981 1006 (le
2017 985 2086 1017 quo
2120 974 2216 1016 prius

1241 1024 1372 1055 dictum
1391 1029 1450 1056 est.

1342 1071 1454 1104 Antea
1485 1072 1527 1103 de
1558 1072 1754 1105 actionibus
1785 1075 1917 1106 dictum
1952 1082 2022 1117 est,
2059 1086 2146 1118 quae
2168 1074 2216 1105 sic

1244 1124 1331 1155 fiunt
1347 1135 1364 1154 a
1382 1121 1479 1163 Deo,
1505 1128 1544 1154 ut
1561 1134 1632 1154 non
1647 1123 1844 1157 reserantur
1860 1125 1901 1157 ad
1916 1136 2034 1157 causas
2048 1121 2219 1168 physicas,

1243 1181 1280 1206 ut
1298 1172 1401 1205 Petro
1420 1184 1590 1204 carcerem
1607 1171 1735 1215 Angeli
1758 1174 1981 1217 patefaciunt.
2039 1172 2110 1206 lam
2136 1185 2217 1205 vero

1215 1234 1217 1270 ᾗ
1242 1224 1392 1255 dicimus
1406 1223 1447 1254 de
1465 1222 1505 1253 iis
1522 1222 1723 1263 eventibus,
1751 1224 1811 1267 qui
1829 1224 1947 1269 aliquo
1963 1223 2067 1256 modo
2091 1235 2109 1256 a
2136 1235 2217 1256 cau-

1243 1274 1288 1305 sis
1313 1270 1465 1317 physicis
1490 1280 1677 1314 reguntur,
1713 1273 1875 1307 videlicet
1902 1286 1920 1306 a
1946 1274 2098 1311 viribus,
2133 1285 2218 1317 quas

1243 1323 1337 1356 Deus
1354 1329 1498 1355 naturae
1515 1321 1663 1362 indidit,
1689 1329 1728 1355 ut
1744 1330 1923 1356 sustentat.
1958 1323 2080 1367 Itaque
2096 1324 2139 1355 ad
2158 1321 2219 1355 has

1244 1374 1333 1404 vires
1350 1379 1516 1415 tanquam
1528 1372 1569 1403 ad
1582 1372 1761 1414 propiores
1771 1384 1900 1410 causas,
1919 1373 2053 1405 erudite
2062 1373 2220 1406 referun-

1244 1429 1302 1455 tur
1318 1429 1480 1461 eventus,
1506 1428 1544 1454 ut
1561 1427 1692 1453 certum
1712 1428 1761 1454 est
1778 1422 1815 1454 in
1839 1429 2112 1466 temperamento
2139 1435 2221 1455 cau-

1244 1484 1317 1505 sam
1343 1483 1434 1510 esse,
1473 1483 1535 1503 cur
1555 1471 1683 1515 aliquis
1709 1472 1753 1505 sit
1775 1469 1931 1515 δυνάμει
1947 1469 2108 1517 νοσερός.
2172 1471 2220 1505 Et

1246 1521 1378 1555 Medici
1403 1522 1473 1554 fere
1497 1521 1652 1554 contenti
1679 1528 1759 1554 sunt
1784 1523 2064 1555 consideratione
2088 1529 2221 1566 tempe-

1246 1572 1413 1610 ramenti,
1441 1583 1480 1603 ex
1497 1583 1566 1615 quo
1582 1571 1693 1604 multa
1712 1578 1804 1605 certe
1823 1573 1972 1605 iudicari
1988 1579 2145 1615 possunt.
2181 1572 2221 1606 Si

1246 1623 1289 1655 sit
1314 1633 1396 1665 epar
1427 1621 1593 1661 calidius,
1641 1627 1674 1654 et
1712 1622 1928 1655 ventriculus
1964 1623 2143 1665 frigidior,
2186 1630 2219 1655 et

1246 1678 1363 1716 pectus
1380 1677 1585 1713 angustum,
1611 1678 1644 1704 et
1661 1683 1786 1715 corpus
1802 1673 1949 1713 siccum,
1974 1673 2076 1706 multi
2095 1673 2220 1706 catarri

1246 1722 1474 1755 destillabunt
1497 1721 1534 1752 in
1560 1728 1694 1764 pectus,
1728 1723 1904 1765 praedicet
1929 1723 2036 1767 igitur
2059 1721 2221 1756 Medicus

1245 1773 1313 1806 tale
1329 1783 1453 1815 corpus
1468 1769 1602 1814 phthisi
1620 1771 1814 1815 periturum
1832 1784 1913 1808 esse.
1979 1772 2085 1806 Tales
2106 1771 2221 1806 homi-

1246 1834 1308 1856 nes
1324 1821 1555 1865 Hippocrates
1571 1820 1694 1855 Alatos
1709 1829 1825 1863 vocat,
1845 1820 2099 1870 πτερυγώὸεις.

1350 1872 1438 1905 Cum
1457 1878 1572 1904 autem
1595 1872 1631 1904 in
1648 1874 1933 1916 temperamentis
1955 1873 2109 1916 insignes
2134 1885 2220 1918 qua-

1247 1924 1361 1956 litates
1380 1929 1459 1955 sunt
1477 1923 1590 1955 honae
1607 1930 1666 1955 aut
1683 1923 1812 1963 malae,
1839 1923 2035 1967 plerunque
2059 1923 2103 1955 ab
2119 1924 2219 1956 astris

1247 1974 1432 2009 oriuntur,
1461 1979 1499 2005 ut
1513 1973 1555 2004 ab
1571 1972 1700 2005 eisdem
1720 1973 1925 2016 parentibus
1945 1972 2009 2004 filii
2026 1972 2220 2011 lineamen-

1219 2020 1223 2040 ἶ
1246 2025 1289 2057 tis
1307 2023 1463 2066 corporis
1482 2022 1611 2054 similes
1630 2023 1810 2061 oriuntur,
1846 2034 1995 2067 quorum
2024 2030 2138 2056 tamen
2159 2024 2217 2056 alii

1247 2086 1392 2117 corpora
1412 2071 1540 2105 habent
1565 2084 1648 2105 sana
1674 2080 1705 2106 et
1732 2072 1865 2112 valida,
1907 2079 1940 2105 et
1965 2080 2047 2106 sunt
2072 2073 2219 2113 vivaces,

1247 2125 1306 2157 alii
1330 2123 1494 2166 languida
1523 2130 1556 2156 et
1583 2134 1655 2155 non
1673 2123 1857 2155 durabilia.
1906 2121 2022 2156 Huius
2038 2123 2219 2157 dissimili-

1246 2174 1382 2208 tudinis
1410 2174 1605 2217 plerunque
1642 2173 1794 2205 illustres
1822 2184 1942 2205 cansae
1969 2174 2006 2205 in
2035 2174 2135 2207 astris
2159 2175 2219 2207 de-

1248 2222 1523 2268 prehenduntur.
1587 2222 1832 2266 Quare‘saepe
1858 2229 1891 2256 et
1912 2223 2030 2257 stellae
2054 2231 2135 2258 sunt
2158 2236 2219 2268 per

1247 2287 1281 2307 se
1299 2284 1420 2307 causae
1436 2272 1660 2305 fortuitorum
1677 2279 1876 2308 eventuum.

1348 2320 1510 2356 Marchio
1545 2319 1719 2354 Iohannes
1749 2323 1916 2356 Alhertus
1938 2321 2218 2367 Archepiscopus

1248 2372 1558 2416 Magdeburgensis
1571 2371 1707 2404 Lunam
1725 2369 1830 2406 habet
1854 2373 1890 2405 in
1909 2373 2028 2407 Ariete
2050 2375 2086 2405 in
2111 2374 2215 2406 domo

1247 2431 1358 2462 sexta,
1386 2434 1473 2468 quae
1491 2422 1683 2455 valetudini
1701 2423 1881 2465 significat.
1933 2422 1979 2456 Et
1996 2424 2218 2457 circumsessa

1221 2479 1223 2490 ¹
1247 2481 1297 2507 est
1313 2474 1412 2507 Luna
1431 2485 1449 2505 a
1466 2472 1600 2509 Marte,
1633 2473 1741 2516 quiet
1763 2473 1835 2517 ipse
1860 2474 1896 2505 in
1916 2474 2034 2507 Ariete
2051 2480 2118 2514 est,
2147 2482 2179 2507 et
2196 2485 2215 2507 a

1247 2525 1418 2563 Saturno,
1444 2522 1502 2566 qui
1520 2529 1568 2555 est
1593 2522 1628 2554 in
1647 2522 1778 2558 Tauro,
1818 2522 1864 2556 Et
1881 2523 2031 2566 oppositi
2059 2532 2139 2558 sunt
2156 2524 2219 2558 Sol

1245 2582 1278 2607 et
1300 2573 1508 2607 Mercurius.
1561 2572 1636 2605 Hae
1660 2579 1740 2606 sunt
1766 2573 1968 2606 manifestae
1993 2574 2216 2616 significatio-

1219 2623 1221 2642 *
1244 2636 1304 2657 nes
1320 2624 1477 2658 assiduae
1492 2624 1658 2657 saeviciae
1675 2624 1891 2658 morborum.
