2379 2948
524 553 557 593 1.
618 551 1185 596 COMMENTARIUS

1244 553 1315 595 IN
1379 551 1704 608 GENssssslN.

197 646 305 675 Prodiit
324 645 378 672 iam
402 652 478 672 anno
502 642 596 673 1523.
622 645 737 674 libellus
760 645 956 674 Melantlionis
981 646 1153 683 inscriptus:

279 688 339 725 „Iu
365 687 528 715 obscuriora
556 688 666 725 aliquot
689 689 783 726 capita
805 690 957 717 Geneseos
978 688 1053 718 Phil.
1076 688 1257 717 Melanchtli.
1281 688 1494 717 annotationes.
1542 687 1702 725 Hagenoae
1731 695 1784 724 per
1816 687 1953 714 loannem
1984 687 2133 715 Seceriuiu

236 740 311 758 auno
336 727 428 757 1523.
452 739 553 758 meuse
577 729 673 758 Nov.''
695 731 725 760 8.
751 747 791 752 -
835 731 916 759 Haec
937 731 1054 758 videtur
1078 740 1142 759 esse
1166 732 1261 769 prima
1282 730 1347 759 libri
1377 731 1482 766 editio,
1511 739 1612 758 recusa
1634 730 1787 766 Tubingae
1812 728 1904 757 1523.
1927 744 1968 750 —-
2011 729 2135 756 lterum:

236 773 294 809 „In
319 772 483 799 obscuriora
511 773 622 811 aliquot
652 774 745 811 capita
768 774 919 802 Geneseos
942 773 1017 801 Phil.
1043 773 1113 801 Mel.
1139 775 1350 802 annotationes.
1398 774 1444 801 Ex
1467 773 1651 801 foelicissima
1673 773 1812 809 Haganoa
1833 781 1888 809 per
1910 772 1949 799 Io.
1973 772 2134 800 Seceriuiu.

235 814 403 852 (Praecedit
425 814 567 852 praefatio
590 816 704 844 Nicolai
726 816 858 845 Gerbelii
882 816 948 844 data
972 825 999 843 a.
1026 814 1157 854 1524).”

407 857 566 895 „waitippi
596 857 834 896 {Dtctancbtbonis
865 858 1015 895 erftttrung
1047 860 1109 888 obet
1140 867 1308 897 nngongung
1339 859 1368 887 in
1399 858 1492 894 etlicbe
1522 857 1678 895 sdymersten
1702 857 1827 895 §.mittet
1851 857 1899 886 bes
1922 855 2010 893 ersten
2034 855 2135 891 ffiucbs

234 898 351 937 {moysa
375 900 503 938 ttirgtud)
529 901 585 936 «1115
609 903 670 931 bem
695 903 782 931 lntcin
807 902 855 931 ins
880 902 979 938 tcutsd)
1003 902 1139 939 gebracht.
1184 901 1420 930 M.D.XX1111.”

234 857 346 886 manice
357 867 364 885 ε

1207 817 1274 844 vid.
1296 816 1421 844 Panzeri
1440 816 1536 843 annal.
1561 821 1676 853 typogr.
1700 815 1751 851 IX„
1773 813 1843 842 138.
1869 812 1941 842 305.
1965 830 2007 836 —
2057 814 2135 841 Ger-

1464 902 1543 940 (sine
1566 900 1656 939 loco).
1688 917 1726 922 —
1778 901 1891 928 'sextus
1917 900 2023 927 latinus
2047 908 2134 936 repe-

236 944 304 971 titus
327 948 371 971 est
393 944 422 971 in
449 953 517 981 opp.
541 945 613 973 Mel.
635 945 851 973 Basileeusibus
874 945 909 973 T.
927 945 950 972 l.
973 954 1003 982 p.
1021 944 1049 973 1.
1075 952 1105 973 et
1128 946 1234 973 iteruin
1257 946 1285 972 in
1309 954 1377 982 opp.
1402 944 1471 972 Mel.
1495 944 1648 981 Viteberg.
1671 943 1762 972 T.11.
1787 953 1817 980 p.
1835 940 1898 970 377
1917 952 1960 979 sq.
1988 943 2036 970 ubi
2058 942 2135 970 Peu-

235 994 319 1014 cerus
343 986 448 1015 librum
474 988 513 1015 sic
536 988 695 1026 inscripsit:
719 987 1008 1027 „Commentarius
1032 988 1067 1016 in
1092 985 1246 1025 Genesin,
1269 988 1329 1026 qui
1349 991 1399 1016 est
1422 987 1513 1015 inter
1533 985 1642 1024 prima
1668 984 1808 1015 Autoris
1830 983 1988 1023 scripta.’'

534 1125 583 1156 ΙΝ
612 1122 809 1156 GENESIN
839 1124 1100 1156 PRAEFATIO
1135 1125 1333 1157 PHILIPPI
1361 1124 1713 1156 MELANTHONIS.

104 1190 383 1255 Praeterquam
407 1212 502 1256 quod
530 1210 680 1245 Genesis
707 1223 825 1245 rerum
852 1212 1094 1246 conditionem

106 1261 262 1301 indicat,
289 1262 332 1294 ad
360 1259 428 1294 hoc
452 1274 490 1295 ea
515 1263 738 1306 potissimum
765 1264 936 1297 utendum
965 1270 1031 1303 est,
1056 1269 1095 1296 ut

107 1313 191 1345 inde
215 1312 328 1345 discas
353 1313 526 1356 originem
552 1313 706 1356 peccati,
734 1320 767 1347 et
789 1314 939 1358 primam
967 1314 1097 1357 gratiae

106 1363 390 1408 promissionem,
418 1375 458 1395 ex
474 1363 605 1407 quibus
621 1364 762 1396 duobus
777 1364 863 1398 locis
879 1372 998 1409 postea
1014 1364 1096 1397 uni-

106 1425 205 1450 versa
225 1415 354 1457 pendet
371 1414 557 1457 scriptura.
611 1413 704 1448 Sunt
719 1420 753 1447 et
768 1416 925 1458 exempla
944 1415 1097 1459 prodita,

106 1466 145 1498 in
162 1464 292 1510 quibus
311 1471 386 1498 tum
403 1465 476 1498 irae
493 1464 595 1506 filios,
624 1471 698 1498 tum
715 1465 846 1508 gratiae
862 1465 953 1499 filios
970 1467 1095 1500 adum-

105 1517 202 1550 brat:
230 1516 392 1549 timorem
419 1514 486 1549 Dei
519 1516 664 1549 illorum
696 1517 854 1561 exempla
883 1518 1030 1558 docent,
1058 1514 1096 1549 hi

107 1568 225 1602 fidem.
261 1566 367 1609 Quod
385 1567 479 1599 enim
497 1567 659 1600 invenias
674 1567 809 1601 tristius
826 1568 1025 1612 exemplum
1042 1568 1097 1601 di-

106 1618 218 1658 luvio,
245 1625 305 1651 aut
321 1617 562 1651 Zodomorum
577 1618 708 1652 exitio?
735 1625 769 1652 et
787 1619 849 1664 qui
864 1620 994 1663 poterit
1011 1619 1097 1662 erigi

108 1669 343 1703 confidentius
374 1669 477 1709 fides,
521 1681 626 1713 quam
661 1669 690 1702 si
724 1670 943 1709 consideres,
991 1682 1097 1715 quam

107 1720 257 1761 blande,
287 1731 391 1764 quam
410 1719 583 1759 suaviter,
612 1726 779 1753 ettamen
802 1721 838 1753 in
856 1732 979 1761 cruce,
1006 1721 1098 1753 filios

109 1771 239 1814 gratiae
263 1770 429 1804 tueatur?
482 1767 575 1803 Mihi
600 1776 692 1803 certe
716 1771 826 1804 nullis
849 1771 1099 1805 blandioribus

108 1822 275 1866 exemplis
292 1818 560 1868 φιλοστοργίαν
573 1832 673 1855 suam
693 1827 837 1856 testatus
858 1822 1007 1856 videtur.

315 1947 380 1981 De
409 1945 694 1982 conditione
722 1957 892 1982 rerum.

212 2028 260 2064 Ut
277 2042 295 2063 a
310 2030 515 2064 conditione
534 2042 652 2064 rerum
670 2030 866 2071 ordiretur,
893 2042 966 2063 non
986 2027 1098 2064 histo-

111 2080 184 2115 riae
203 2087 337 2115 tantum
356 2082 443 2114 ordo
461 2081 673 2125 postulabat,
699 2082 759 2114 sed
777 2088 809 2115 et
827 2082 901 2126 ipsa
920 2082 1099 2115 docendae

112 2131 251 2177 pietatis
274 2132 385 2171 ratio,
411 2133 493 2177 quia
517 2130 585 2166 hoc
609 2140 713 2177 caput
735 2133 895 2166 omnium
920 2132 1099 2178 quaestio—

112 2194 198 2216 num
225 2188 291 2215 est:
319 2181 417 2216 Sitne
441 2182 554 2217 Deus:
583 2183 710 2218 Siutne
734 2195 752 2217 a
775 2184 897 2217 divina
921 2184 1038 2229 aliqua
1064 2184 1098 2216 vi

112 2231 198 2266 haec
215 2233 374 2266 condita:
402 2232 631 2277 Reganturne
653 2235 772 2280 aliquo
792 2235 916 2268 divino
940 2235 1099 2270 numine.

113 2283 159 2319 Et
175 2282 242 2318 hoc
259 2290 361 2328 caput
380 2291 429 2317 est
453 2285 673 2329 ignorantiae
695 2293 728 2320 et
754 2286 946 2331 impietatis
971 2284 1100 2319 huma-

112 2348 200 2376 nae,
227 2347 317 2381 quae
343 2334 639 2379 comprehendere
666 2349 739 2371 non
762 2344 875 2382 potest
899 2350 1018 2371 rerum
1046 2337 1099 2370 vel

114 2387 356 2421 conditionem
379 2386 434 2419 vel
459 2387 820 2430 administrationem,
845 2389 1022 2434 sentitque
1047 2400 1101 2422 res

114 2446 243 2475 temere
259 2438 357 2478 ferri,
386 2438 493 2476 nasci,
521 2437 677 2478 interire,
706 2439 824 2473 redire
840 2447 902 2474 etc.
939 2438 1047 2474 Rom.
1069 2440 1100 2475 1.

115 2498 149 2525 et
174 2492 206 2526 1.
233 2489 395 2528 Corinth.
421 2488 452 2522 1.
505 2487 563 2522 Sic
584 2488 621 2522 in
644 2490 849 2524 universum
877 2491 983 2525 sentit
1009 2503 1102 2532 caro,

114 2554 154 2581 ut
172 2547 323 2579 maxime
341 2543 443 2576 aliter
461 2545 613 2576 doceant
631 2537 848 2585 hypocritae.
907 2540 954 2575 Et
969 2550 1100 2576 veteres

115 2599 257 2643 quidem
275 2594 452 2638 Theologi
471 2593 628 2627 contenti
646 2590 790 2625 fuerunt
805 2590 999 2626 Ecclesiam
1016 2605 1100 2626 con-

115 2657 166 2683 tra
192 2645 435 2693 philosophica
461 2646 624 2688 dogmata
656 2653 808 2675 armare:
843 2650 963 2677 contra
988 2642 1100 2690 hypo-

117 2700 222 2733 crisin
246 2711 317 2733 non
340 2699 441 2732 item:
479 2696 530 2730 Ita
554 2696 684 2730 facturn
714 2699 782 2734 est,
811 2700 848 2727 ut
875 2702 1102 2729 enervaretur

1149 1212 1307 1248 Verbum
1341 1212 1497 1257 spiritus,
1560 1211 1671 1245 Nobis
1704 1223 1742 1244 ea
1776 1215 1898 1244 contra
1932 1206 2135 1254 hypocrisin

1149 1265 1321 1297 utendum
1340 1270 1407 1304 est,
1434 1270 1473 1297 ut
1489 1264 1632 1308 quando
1650 1263 1693 1296 de
1712 1261 1916 1295 conditione
1940 1271 2057 1293 rerum
2084 1258 2137 1290 lo·

1150 1315 1289 1360 quitur,
1315 1315 1543 1355 intelligenda
1567 1314 1637 1347 sint
1662 1313 1769 1346 verba
1790 1312 1871 1344 viva
1895 1310 2052 1355 potentia
2074 1316 2137 1342 etc.

1150 1366 1246 1399 iuxta
1274 1365 1382 1398 illud:
1427 1364 1543 1402 Dixit,
1585 1372 1617 1398 et
1644 1365 1734 1397 facta
1762 1368 1854 1395 sunt.
1916 1360 1967 1394 lta
1996 1361 2136 1405 quando

1151 1415 1246 1449 Deus
1263 1415 1374 1459 tangit
1392 1427 1453 1448 cor
1467 1422 1628 1449 nostrum
1647 1415 1715 1447 fide
1735 1412 1941 1451 creationis,
1968 1418 2000 1444 et
2020 1418 2137 1443 osten-

1151 1467 1203 1500 dit
1217 1467 1311 1511 quod
1330 1478 1370 1499 ex
1390 1477 1445 1506 se,
1477 1466 1513 1498 in
1532 1478 1583 1507 se,
1611 1473 1643 1500 et
1660 1477 1721 1510 per
1737 1477 1772 1498 se
1789 1464 1859 1498 siut
1875 1462 2004 1502 omnia,
2032 1461 2138 1504 erigi-

1150 1525 1210 1551 tur
1234 1529 1294 1551 cor
1315 1517 1442 1550 fiducia
1466 1528 1545 1560 erga
1561 1517 1697 1557 Deum,
1725 1516 1900 1561 sentitque
1917 1525 1952 1547 se
1969 1514 2012 1546 de
2029 1524 2138 1545 manu

1150 1568 1217 1602 Dei
1237 1568 1394 1613 accipere
1416 1570 1553 1610 omnia,
1587 1576 1619 1603 et
1642 1569 1696 1602 illi
1717 1567 1837 1601 omnia
1861 1565 2033 1608 resignat,
2067 1564 2138 1596 sive

1151 1621 1263 1660 vivat,
1289 1620 1363 1653 sive
1380 1620 1566 1654 moriatur.
1620 1618 1667 1653 Et
1685 1619 1788 1652 video
1806 1629 1878 1651 non
1894 1617 2003 1651 alium
2021 1615 2137 1648 locum

1152 1683 1243 1712 esse,
1277 1671 1315 1703 in
1340 1683 1410 1716 quo
1437 1682 1472 1703 se
1496 1671 1697 1704 mirabilius
1717 1670 1801 1703 fides
1824 1674 1997 1707 exerceat,
2032 1678 2137 1711 quam

1153 1720 1260 1756 hunc.
1300 1720 1390 1755 Nam
1409 1720 1466 1755 hic
1482 1724 1625 1756 demum
1641 1722 1678 1754 in
1695 1719 1960 1754 obscurissimas
1976 1718 2138 1751 tenebras

1152 1773 1364 1817 ingreditur,
1401 1773 1449 1806 sic
1473 1774 1643 1806 sentiens:
1678 1771 1767 1805 Ecce
1791 1778 1828 1805 tu
1853 1768 2044 1803 condidisti
2069 1779 2138 1808 me,

1153 1825 1260 1870 idque
1294 1823 1370 1857 sine
1401 1836 1481 1858 meo
1514 1824 1682 1864 consilio,
1715 1823 1791 1856 sine
1821 1832 1898 1854 mea
1929 1831 2051 1863 opera:
2087 1818 2139 1852 Ita

1153 1888 1250 1909 nunc
1274 1882 1454 1918 egentem,
1487 1875 1695 1908 morientem
1720 1881 1784 1907 etc.
1808 1871 2020 1905 sublevabis,
2081 1870 2139 1904 Sic

1154 1925 1314 1962 Christus
1330 1925 1470 1960 Psalmo
1489 1926 1656 1970 vigesimo
1676 1925 1807 1968 primo:
1863 1922 1921 1955 Tu
1944 1934 1978 1955 es
2003 1921 2138 1967 quiex-

1153 1977 1287 2012 traxisti
1304 1990 1359 2011 me
1377 1979 1421 2010 dc
1439 1984 1561 2011 ventre
1578 1976 1701 2010 matris
1719 1986 1828 2008 meae.
1883 1971 1930 2007 Et
1948 1972 2138 2006 centesimo

1153 2029 1274 2064 tertio:
1295 2027 1411 2062 Dante
1425 2035 1458 2062 te
1474 2029 1546 2062 illis
1563 2027 1730 2071 colligent
1747 2033 1809 2060 etc.
1838 2022 1885 2058 Et
1895 2023 2137 2057 Hebraeorum

1153 2079 1356 2114 undecimo:
1391 2078 1479 2113 Fide
1507 2079 1741 2121 intelligimus
1766 2083 1879 2121 aptata
1906 2087 1978 2108 esse
2009 2075 2136 2108 secula.

1154 2131 1343 2175 Quomodo
1367 2131 1403 2164 fit
1429 2138 1545 2164 autem
1570 2138 1609 2165 ut
1632 2127 1718 2163 haec
1741 2126 2015 2171 cognoscamus?
2066 2124 2139 2159 Re-

1153 2183 1331 2227 spondeo,
1357 2181 1571 2216 Mortificata
1592 2180 1760 2226 sapientia
1779 2179 1893 2213 carnis
1911 2189 1971 2223 per
1987 2188 2139 2217 crucem,

1156 2231 1360 2270 1.Corinth.
1375 2236 1406 2269 1.

1255 2285 1374 2319 Litera
1392 2284 1586 2319 sententiae
1609 2285 1652 2318 de
1669 2283 1845 2318 creatione
1873 2288 1923 2315 est
1944 2278 2139 2326 hypocrisis

1154 2344 1188 2371 et
1208 2337 1331 2381 opinio
1347 2337 1498 2371 carnalis
1514 2337 1557 2369 de
1573 2335 1778 2370 conditione
1800 2345 1930 2366 rerum.
1984 2331 2141 2376 Spiritus

1154 2395 1271 2422 autem
1297 2395 1346 2422 est
1372 2389 1476 2428 fides,
1513 2385 1580 2420 hoc
1607 2393 1674 2426 est,
1707 2392 1799 2418 certa
1825 2383 1970 2417 scientia
1994 2382 2094 2415 cordi
2122 2394 2140 2415 a

1154 2438 1291 2484 Spiritu
1308 2446 1428 2473 sancto
1444 2439 1570 2477 indita,
1596 2448 1664 2482 qua
1683 2436 1853 2469 sentimus
1871 2434 2141 2478 amplitudinem

1154 2491 1325 2524 bonitatis
1341 2490 1501 2529 divinae,
1527 2487 1742 2521 effundentis
1760 2499 1795 2520 se
1811 2486 1848 2519 in
1865 2498 1987 2519 omnes
2006 2493 2141 2519 creatu-

1154 2553 1228 2575 ras:
1256 2549 1287 2575 et
1305 2541 1514 2574 confidimus
1538 2539 1621 2571 inde
1639 2550 1705 2572 nos
1721 2544 1923 2582 accepturos
1940 2538 2060 2571 omnia
2077 2538 2143 2572 bo,

1155 2605 1199 2625 na
1215 2592 1410 2636 corporalia
1433 2598 1466 2624 et
1488 2590 1684 2633 spiritualia
1696 2616 1706 2630 ‚
1732 2595 1837 2634 atque
1852 2589 1899 2623 ita
1915 2589 2061 2623 fidentes
2078 2601 2146 2629 nos

1155 2644 1208 2676 illi
1244 2642 1482 2687 permittimus
1521 2642 1593 2674 sive
1627 2641 1786 2674 vivamus
1821 2640 1894 2674 sive
1925 2641 2120 2674 moriamur
2137 2675 2146 2688 Ἰ

1155 2695 1250 2728 iuxta
1269 2694 1374 2727 illud:
1411 2690 1451 2725 ln
1470 2693 1544 2738 ipso
1563 2703 1702 2733 sumus,
1730 2692 1881 2725 vivimus
1899 2699 1931 2726 et
1950 2704 2146 2731 movemur,
