2379 2948
242 99 316 135 875

243 195 328 228 porc
353 183 523 216 adventus
547 177 700 218 Christi,
726 178 770 210 de
794 183 906 211 morte
925 174 1076 218 Christi,
1103 178 1144 210 de
1168 176 1226 211 iu·-

244 234 342 268 sticia
364 233 447 266 novi
465 229 699 269 Testamenti,
727 229 769 261 de
787 228 922 261 excidio
948 228 1092 272 politiae
1111 227 1229 261 ludai—

245 297 316 318 cae.
370 280 622 324 Complectitur
656 286 688 312 et
723 279 760 311 in
794 279 995 322 precatione
1027 279 1227 312 doctrinam

246 332 500 379 poenitentiae,
527 337 618 364 taxat
634 330 796 362 fiduciam
814 330 975 373 propriae
991 329 1168 367 iusticiae‚
1197 335 1230 362 et

246 390 417 417 monstrat
444 381 616 415 iusticiam
641 380 734 413 fidei.
788 379 906 422 Quare
936 377 1004 413 hoc
1027 379 1142 424 Caput
1166 380 1231 412 do-

247 435 395 468 ctrinam
426 432 649 466 utilissimam
681 430 858 471 continet,
892 431 934 463 ad
963 431 1176 464 erudiendos
1200 436 1233 463 et

246 483 506 519 confirmandos
523 482 599 526 pios
616 483 658 515 de
679 481 799 515 multis
817 481 986 516 articulis.

349 550 404 584 Ad
424 547 509 582 haec
528 548 711 593 perspicue
728 547 859 581 refutat
876 547 1063 580 amentiam
1082 546 1233 580 Iudaeo-

247 614 344 639 rum,
373 600 433 645 qui
460 606 588 642 negant
614 598 780 632 Messiam
805 599 958 638 venisse,
981 605 1109 640 negant
1135 596 1233 630 Mes-

249 653 334 685 siam
353 651 548 695 oportuisse
567 649 654 693 pati,
681 649 898 682 contendunt
919 648 1063 681 ludaeos
1089 646 1234 681 habitu-

249 714 307 735 ros
330 713 476 744 reguum
504 701 724 733 mundanum
752 705 815 732 etc.
870 698 937 731 Hic
960 699 1057 731 locus
1081 698 1232 731 maxime

249 752 427 786 convincit
447 750 605 790 Iudaeos,
625 757 658 783 et
673 750 825 782 ostendit
842 761 900 782 eos
917 755 1037 782 contra
1053 749 1234 782 conscien-

249 804 332 836 tiam
351 814 447 835 suam
466 801 660 845 pervicaces
676 811 758 833 esse.

351 869 422 903 Sed
447 868 600 912 primum
634 865 799 901 historica
830 866 1111 906 consideremus,
1148 866 1235 899 Iere.

250 933 325 965 cap.
341 919 400 954 25.
421 926 454 952 et
471 918 532 954 29.
555 917 723 962 praedicit
742 917 885 950 exilium
903 917 1026 960 populi
1047 915 1179 949 Iudaici
1198 916 1236 948 in

251 971 433 1010 Babylone
458 971 667 1002 duraturum
693 979 764 1000 esse
789 979 901 1000 annos
919 966 978 1002 70.
1029 966 1125 999 Haec
1152 979 1235 1010 pro-

251 1011 368 1066 phetia
400 1021 557 1053 diluebat
585 1024 790 1061 argumenta
821 1015 1237 1061 Pseudoprophetarum,

252 1073 312 1117 qui
340 1071 553 1104 obiiciebant
582 1068 849 1112 promissiones,
886 1066 981 1101 Deus
1011 1067 1173 1111 promisit
1201 1079 1236 1100 se

253 1185 317 1205 nec
343 1171 459 1204 veniat
481 1169 637 1203 Messias.

253 1223 363 1256 deleri
387 1221 577 1264 templum,
604 1231 667 1252 nec
692 1220 861 1263 populum
887 1220 1033 1258 abduci,
1061 1231 1124 1252 nec
1146 1219 1238 1263 poli-

253 1274 337 1307 tiam
357 1270 461 1305 huius
477 1271 600 1315 populi
620 1270 731 1312 redigi
752 1270 790 1302 in
809 1270 1017 1303 vastitatem.
1074 1269 1238 1302 Ieremias

254 1323 360 1357 diluit
386 1329 650 1365 argumentum,
676 1319 771 1353 Deus
793 1321 957 1364 promisit
981 1327 1013 1354 et
1037 1319 1239 1364 praestabit,

255 1375 314 1407 sed
339 1373 438 1406 aliter
464 1383 569 1416 quam
593 1382 656 1403 nos
687 1371 940 1419 imaginamur,
977 1371 1109 1404 interea
1135 1370 1238 1404 etiarn

256 1423 436 1467 castigabit
452 1429 483 1455 et
502 1421 683 1463 castigatos
701 1421 908 1453 mirabiliter
926 1421 1093 1454 restituet.

359 1488 410 1522 Ac
434 1488 588 1532 profecto
610 1485 693 1520 haec
717 1487 789 1528 ipsa
813 1487 969 1520 reductio
994 1499 1032 1520 ex
1055 1486 1240 1532 Babylone
1267 1509 1269 1516 ι

255 1552 331 1574 non
362 1540 429 1572 suit
462 1538 582 1571 minus
617 1537 846 1577 miraculum,
887 1549 991 1582 quam
1025 1538 1163 1570 eductio
1200 1549 1241 1569 ex

257 1591 429 1635 Aegypto.
481 1587 526 1620 Iit
545 1588 642 1621 tarde
659 1587 824 1630 processit
843 1585 898 1619 hic
914 1588 1048 1620 reditus
1063 1594 1095 1620 et
1119 1587 1241 1630 templi

256 1640 444 1674 restitutio.
479 1638 566 1671 Nam
585 1637 752 1681 paulatim
771 1637 830 1668 alii
849 1644 925 1680 post
943 1638 1030 1670 alios
1048 1637 1241 1674 redierunt,

257 1699 289 1725 et
314 1689 507 1724 aedificatio
533 1688 700 1731 impedita
722 1687 788 1720 fuit
804 1693 876 1720 toto
892 1686 976 1732 Cyri
1002 1694 1181 1732 tempore,
1209 1693 1244 1720 et

256 1741 421 1784 deinceps
456 1751 567 1772 annos
594 1739 642 1771 42
680 1748 789 1782 usque
813 1739 857 1770 ad
888 1739 1080 1771 secundum
1107 1750 1243 1772 annum

257 1790 482 1834 Longimani.

360 1849 456 1883 Haec
479 1849 649 1891 legentes,
677 1847 828 1889 cogitare
855 1848 1042 1891 dehemus,
1070 1859 1176 1892 quam
1200 1848 1244 1882 sit

259 1899 441 1934 horribilis
463 1899 513 1931 ira
537 1897 602 1931 Dei
628 1899 794 1931 adversus
825 1906 982 1942 peccata,
1008 1910 1086 1931 cum
1111 1899 1154 1932 de
1178 1897 1245 1932 hoc
1271 1905 1273 1915 ³

1008 1948 1242 1992 Cogitandum
1271 1966 1273 1975 ν

261 1963 323 1984 suo
341 1950 472 1994 populo
496 1955 610 1982 tantas
627 1960 756 1991 poenas
783 1949 954 1983 sumserit.

259 2002 365 2035 etiam
377 2025 386 2039 ,
413 2011 518 2044 quam
535 1999 579 2031 sit
596 1998 716 2041 exigua
737 1997 903 2032 Ecclesia.

364 2057 501 2092 Rursus
521 2057 714 2090 consolatio
732 2057 798 2100 piis
814 2058 1040 2101 proponitur,
1069 2058 1190 2091 vident
1208 2057 1245 2090 in

260 2110 369 2144 tantis
388 2108 570 2152 periculis,
597 2114 713 2140 tamen
740 2107 839 2153 nulla
857 2109 980 2140 mundi
1008 2109 1163 2152 potentia
1183 2120 1246 2152 op-

263 2160 368 2205 primi
394 2157 585 2192 Ecclesiam
612 2169 728 2200 posse,
763 2158 820 2189 sed
847 2158 919 2200 regi
948 2170 1023 2190 eam
1050 2166 1082 2192 et
1114 2159 1246 2193 servari

263 2210 448 2245 divinitus.
492 2207 661 2241 Videmus
678 2215 710 2240 et
725 2205 808 2246 hoc,
837 2208 891 2251 pia
910 2209 1053 2241 consilia
1072 2210 1246 2242 bonorum

264 2261 464 2306 principum
487 2258 605 2291 multis
629 2259 744 2290 modis
769 2258 953 2301 impediri,
981 2259 1068 2292 sicut
1084 2259 1167 2304 Cyri
1187 2260 1247 2291 he-

264 2312 427 2345 neficium
453 2310 658 2352 impeditum
683 2309 748 2342 suit
771 2315 927 2352 ternpore
943 2308 1046 2354 Cyri,
1076 2317 1108 2343 et
1131 2317 1247 2354 postea

264 2370 421 2406 tempore
440 2359 558 2400 Darii,
587 2371 689 2404 quem
703 2358 835 2392 Graeci
853 2360 901 2392 sic
918 2366 1056 2395 vocant.

368 2444 457 2479 Cum
480 2444 587 2486 igitur
616 2443 684 2475 iam
708 2450 869 2485 ageretur
893 2454 1006 2475 annus
1037 2444 1249 2487 septuagesi-

269 2507 345 2528 mus
363 2495 476 2532 exilii,
503 2494 616 2537 primo
636 2504 728 2526 anno
747 2492 849 2538 Cyri,
878 2500 954 2537 post
978 2500 1113 2537 captam
1132 2492 1246 2539 Baby-

840 92 965 128 PHlL.
994 92 1110 128 MEL.
1140 90 1350 128 SCRIPTA
1377 91 1676 130 EXEGETICA.

2190 96 2262 133 876

1380 176 1449 211 Hic
1482 177 1580 211 locus
1615 176 1785 220 significat
1819 176 2012 222 Prophetas
2047 193 2086 214 ex
2114 181 2263 215 lectione

1279 228 1490 273 quaesivisse
1509 227 1807 269 consolationem,
1829 235 1862 261 et
1880 229 2075 273 profecisse.

1383 294 1507 329 Monet
1526 295 1630 336 item,
1656 295 1764 339 quod,
1791 295 1853 329 etsi
1873 295 2079 338 promiserat
2094 295 2189 331 Deus
2206 310 2264 332 re-

1281 345 1416 387 ditum,
1450 353 1567 380 tamen
1593 346 1746 379 voluerit
1770 345 1840 389 peti
1864 343 1932 379 hoc
1956 346 2164 379 beneficium
2184 359 2264 390 pre-

1283 397 1413 436 cando,
1439 403 1472 430 et
1495 396 1718 430 invocatione
1743 396 1895 429 exerceri
1916 397 2020 429 fidem
2044 396 2267 439 Sanctorum,

1283 447 1372 480 sicut
1388 445 1689 492 inquitChristus:
1720 446 1844 487 Petite,
1868 453 1901 480 et
1922 447 2109 491 accipietis,
2161 446 2265 481 Item:

1287 496 1415 530 lnvoca
1433 509 1488 530 me
1511 497 1548 530 in
1566 497 1622 530 die
1647 497 1904 537 tribulationis,
1933 504 1965 530 et
1990 497 2135 541 eripiam
2155 504 2188 531 te
2203 505 2267 534 etc.

1285 545 1433 581 Etiamsi
1451 548 1611 592 promisit
1621 547 1716 581 Deus
1733 547 1898 581 beneficia
1914 547 2108 591 corporalia
2124 548 2179 581 vel
2196 549 2268 593 spi-

1287 597 1447 637 ritualia,
1479 604 1596 630 tamen
1622 598 1783 641 precibus
1808 598 1884 631 vult
1907 599 2056 631 exerceri
2084 598 2206 639 fidem,
2234 605 2269 633 et

1260 681 1261 690 ἶ
1287 648 1363 681 vult
1378 658 1530 680 crescere
1547 648 1808 691 poenitentiam,
1833 649 1921 682 sicut
1938 649 2053 694 inquit
2065 647 2268 683 Zacharias:

1283 697 1548 731 vConvertimini
1572 699 1615 731 ad
1635 710 1708 738 me,
1735 705 1767 732 et
1786 710 1847 742 ego
1868 707 2052 733 convertar
2068 700 2110 733 ad
2127 710 2187 733 vos
2206 706 2269 735 etc.

1286 747 1335 782 Et
1358 754 1434 781 orat
1458 747 1585 782 Daniel
1612 749 1655 781 de
1686 748 1901 782 restituenda
1925 748 2099 790 Ecclesia,
2128 749 2176 783 ita
2205 761 2270 783 nos

1288 810 1429 844 quoque
1453 799 1647 832 afficiamur
1672 811 1753 832 vero
1778 799 1898 832 dolore
1929 807 2072 845 propter
2094 799 2270 834 Ecclesiae

1261 872 1262 875 =
1288 849 1501 883 calamitates
1514 875 1522 889 ,
1550 856 1582 883 et
1599 860 1757 891 oremUS‚
1783 856 1822 883 ut
1839 848 1934 883 Deus
1950 862 2025 884 eam
2043 857 2178 895 augeat,
2207 862 2271 895 gu-

1287 900 1413 933 bernet
1428 906 1459 932 et
1479 906 1602 935 servet.

1391 966 1547 1000 Maxime
1566 966 1729 1011 displicet
1748 965 1822 999 Deo
1840 967 2006 1000 securitas
2023 967 2184 1010 illorum,
2211 969 2273 1014 qui

1262 1015 1381 1059 3,nihil
1415 1017 1617 1051 afficiuntur
1651 1017 1909 1051 calamitatibus
1944 1015 2139 1059 Ecclesiae,
2184 1019 2274 1053 sicut

1262 1068 1264 1113 j
1286 1067 1451 1113 queritur
1461 1065 1570 1101 Amos
1587 1079 1661 1111 cap.
1677 1068 1729 1103 6.:
1760 1067 1833 1100 Vae
1849 1068 2027 1111 opulentis
2044 1075 2119 1109 etc„
2139 1069 2198 1113 qui
2217 1069 2275 1102 ni-

250 1129 471 1155 servaturum
489 1131 559 1152 esse
575 1117 670 1151 hunc
687 1119 820 1152 cultum
842 1125 874 1151 et
890 1116 957 1151 hoc
975 1130 1143 1161 regnum,
1171 1119 1236 1151 do-
1262 1119 1264 1134 ³

690 1167 785 1212 Ergo
810 1168 1015 1202 iudicabant
1039 1181 1112 1201 non
1136 1179 1237 1212 posse
1263 1187 1265 1189 >

1291 1116 1343 1151 hil
1370 1118 1554 1162 patiuntur
1575 1130 1680 1162 super
1701 1118 1913 1153 contritione
1940 1116 2077 1162 loseph.
2129 1117 2276 1153 Aema-

1291 1169 1362 1201 niel
1394 1168 1560 1211 intelligit
1593 1168 1871 1211 magnitudinem
1904 1169 2161 1210 calamitatum,
2196 1170 2274 1203 ideo

1290 1226 1363 1253 tam
1394 1219 1530 1253 tristem
1565 1219 1743 1264 querelam
1770 1219 1814 1252 de
1842 1219 1990 1264 peccatis
2020 1220 2143 1265 populi
2175 1227 2208 1254 et
2232 1221 2275 1254 de

1292 1281 1405 1314 poena
1428 1269 1559 1304 recitat.

1394 1361 1476 1396 Dixi
1494 1368 1609 1395 autem
1626 1359 1683 1394 hic
1707 1361 1798 1394 tradi
1815 1361 2010 1394 doctrinam
2027 1362 2276 1405 poenitentiae,

1288 1412 1419 1447 Daniel
1437 1412 1565 1445 fatetur
1582 1417 1719 1455 peccata
1735 1412 1877 1455 populi,
1903 1418 1937 1445 et
1959 1412 2084 1446 tribuit
2099 1412 2174 1446 Deo
2199 1413 2275 1446 lau-

1293 1465 1375 1497 dem
1409 1462 1586 1502 iusticiae‚
1629 1462 1722 1506 quod
1756 1461 1846 1495 iuste
1880 1461 2060 1505 puniverit
2094 1464 2278 1506 populum.

1293 1513 1431 1548 Deinde
1447 1512 1532 1556 petit
1546 1511 1787 1544 remissionem
1803 1518 2035 1555 peccatorum,
2054 1519 2087 1546 et
2101 1514 2278 1547 reductio-

1296 1575 1377 1596 nem
1403 1563 1536 1606 populi.
1591 1560 1654 1595 Est
1675 1573 1757 1604 ergo
1775 1573 1856 1594 vera
1878 1562 2064 1603 contritio,
2090 1574 2278 1606 agnoscere

1295 1614 1384 1647 iram
1414 1612 1479 1646 Dei
1505 1613 1672 1645 adversus
1707 1617 1826 1645 nostra
1857 1619 2017 1656 peccata,
2053 1625 2279 1657 expavescere

1297 1670 1440 1709 propter
1465 1664 1553 1696 iram
1579 1660 1664 1702 Dei,
1695 1663 1814 1695 dolere
1835 1664 1930 1707 quod
1947 1661 2059 1697 Deum
2086 1664 2278 1698 offenderi-

1293 1726 1392 1754 -mus,
1419 1714 1574 1747 tribuere
1591 1712 1621 1745 ei
1645 1713 1810 1756 laudem,
1836 1714 1930 1757 quod
1957 1713 2045 1747 iuste
2068 1726 2132 1747 nos
2156 1716 2279 1758 puniat

1293 1772 1330 1799 ret
1346 1765 1490 1797 obedire
1504 1764 1541 1796 in
1560 1763 1690 1807 poenis.
1742 1762 1843 1796 Hanc
1866 1764 2122 1797 confessionem
2140 1763 2197 1798 hic
2223 1778 2279 1799 re-

1297 1815 1393 1849 citaz:
1421 1814 1506 1847 Tibi
1522 1813 1675 1846 Domine
1693 1813 1841 1854 iusticia,
1868 1815 1971 1848 nobis
1986 1822 2102 1848 autem
2120 1816 2278 1850 confusio

1296 1865 1406 1899 faciei.
1460 1864 1554 1897 Haec
1578 1871 1627 1897 est
1650 1876 1716 1896 vox
1742 1876 1843 1897 verae
1865 1865 2107 1906 contritionis,
2136 1866 2225 1900 sicut
2245 1875 2279 1902 et

1297 1915 1457 1949 Psalmus
1483 1915 1542 1949 32.
1571 1915 1688 1947 docet:
1722 1913 1826 1952 Dixi,
1868 1915 2060 1948 confitebor
2091 1916 2277 1951 adversum

1299 1979 1353 2000 me
1370 1965 1579 1999 iniusticiam
1597 1976 1710 1997 meam
1727 1963 1883 1999 Domino
1902 1972 1965 1998 ete.

1399 2031 1442 2064 Et
1458 2030 1596 2064 Psalmo
1612 2029 1691 2064 51.:
1746 2029 1830 2063 Tibi
1848 2031 1962 2064 solum
1979 2032 2131 2075 peccavi,
2158 2039 2190 2067 et
2207 2045 2280 2068 ma-

1298 2083 1370 2116 lum
1396 2093 1511 2115 coram
1537 2088 1568 2113 te
1590 2079 1675 2121 seci,
1709 2088 1747 2114 ut
1772 2081 1967 2114 iustificeris
1992 2082 2029 2114 in
2055 2084 2278 2119 sermonibus

1298 2133 1385 2172 tuis,
1414 2140 1444 2166 et
1462 2132 1578 2164 vincas
1595 2143 1671 2165 cum
1689 2131 1866 2172 iudIcaris,
1895 2132 1929 2165 id
1947 2139 2017 2173 est,
2043 2133 2205 2176 Agnosco
2223 2147 2278 2171 me

1298 2189 1435 2217 tantum
1457 2194 1528 2215 esse
1549 2188 1785 2225 peccatorem,
1813 2194 1852 2215 ac
1875 2194 1972 2215 reum
1991 2195 2108 2216 coram
2132 2191 2176 2218 te.
2231 2184 2279 2219 Ut

1299 2233 1514 2271 iustificeris,
1543 2232 1576 2264 id
1595 2239 1663 2270 est,
1692 2231 1739 2265 Ut
1760 2232 1823 2265 tibi
1844 2233 1999 2266 tribuam
2023 2234 2163 2267 laudem
2189 2235 2278 2269 iuste

1300 2284 1478 2328 punientis
1503 2294 1541 2315 ac
1565 2283 1755 2326 plectentis.
1810 2281 1861 2316 Ac
1885 2283 2003 2317 vincas
2026 2297 2105 2318 cum
2129 2292 2161 2319 te
2183 2285 2277 2318 iudi-

1300 2342 1379 2369 cant
1397 2333 1617 2379 hypocritae,
1645 2333 1777 2366 scilicet
1793 2333 1854 2378 qui
1869 2334 2022 2377 cogitant
2039 2333 2152 2368 Deum
2172 2335 2277 2369 nimis

1301 2397 1479 2428 asperum,
1509 2383 1614 2415 nimis
1631 2384 1757 2416 durum
1774 2395 1846 2416 esse
1868 2385 2033 2417 adversus
2058 2383 2147 2418 hanc
2173 2386 2277 2419 mise-

1300 2447 1373 2468 ram
1397 2441 1578 2474 naturam,
1606 2440 1769 2466 accusant
1795 2434 1963 2467 iudicium
1987 2434 2071 2475 Dei,
2099 2447 2170 2468 non
2196 2447 2277 2482 pos·-

1300 2492 1381 2518 sunt
1409 2496 1445 2517 se
1473 2484 1502 2517 ei
1530 2484 1576 2517 ita
1609 2485 1800 2524 subiicere,
1836 2492 1874 2519 ut
1904 2492 2092 2527 agnoscant
2121 2497 2156 2519 se
2188 2487 2275 2521 iuste

270 2547 406 2584 Ionem,
432 2543 559 2576 Daniel
580 2555 714 2576 memor
738 2544 1022 2588 promissionum,
1049 2550 1081 2577 et
1106 2556 1249 2587 sperans
1272 2545 1275 2593 J
1302 2536 1415 2580 plecti·

270 2594 523 2629 restitutionem
546 2594 686 2636 populi,
711 2594 915 2627 recordatur
937 2594 1140 2627 vaticinium
1157 2593 1249 2627 Iere-

271 2645 380 2685 miae,
408 2650 440 2676 et
458 2644 590 2686 ingenti
609 2644 742 2688 impetu
759 2652 918 2678 movetur
934 2646 975 2678 ad
994 2645 1217 2689 precandum.

1400 2592 1467 2625 Hic
1491 2593 1650 2625 fremitus
1676 2599 1724 2626 est
1748 2593 1868 2635 ingens
1893 2599 1926 2625 et
1950 2604 2116 2627 arcanum
2143 2595 2275 2628 malurn

1301 2644 1336 2677 in
1361 2644 1487 2678 animis
1510 2643 1707 2677 hominum.
1759 2642 1844 2676 Ideo
1860 2641 1990 2677 Paulus
2014 2644 2198 2690 aliquoties
2220 2646 2276 2678 in-
