2379 2948
24 2229 31 2280 aa«.

119 89 212 124 1061

115 174 184 207 sint
201 171 261 218 qui
279 178 313 206 te
331 184 411 206 vere
429 172 595 215 doceant,
618 179 650 207 et
667 174 711 208 ad
728 175 969 219 posteritatem
989 181 1104 210 trans-

112 224 271 265 mittant,
298 220 427 258 Amen.

258 329 600 375 Aryumentum
628 338 679 362 ac
706 326 965 372 dispositio

432 394 590 436 Psalmi
618 393 784 433 XXIX.

162 463 312 513 Afferte
338 469 499 503 Domino
531 466 605 515 filii
636 464 819 511 fortium,
854 465 994 514 afferte
1021 470 1100 503 Do-

160 520 262 553 mino
287 520 446 565 gloriam
472 524 509 553 et
532 517 820 564 fortitudinem.

212 584 280 619 Hic
298 585 458 618 Psalmus
473 591 522 618 est
539 585 677 628 generis
697 585 988 625 demonstrativi,
1015 587 1097 631 quia

109 634 265 669 laudatio
299 647 360 669 seu
386 636 573 680 descriptio
602 643 652 669 est
685 636 757 669 veri
789 635 872 677 Dei,
907 638 1123 678 ostendens⁴

110 686 190 730 quis
213 687 256 720 sit
285 698 364 720 vere
387 684 501 728 Deus,
539 694 571 721 et
596 687 775 731 quomodo
805 694 838 721 et
870 688 931 720 ubi
955 689 1095 731 agnosci

107 736 204 771 velit.

107 787 205 821 iubet
224 785 305 821 huic
322 789 400 821 Deo
420 789 563 828 offerre,
593 789 627 821 id
649 796 716 830 est,
739 787 833 822 hunc
851 789 965 823 Deum
991 790 1094 824 invo-

107 849 204 879 care,
238 839 299 883 qui
322 851 357 872 se
390 840 552 883 patefecit
583 840 712 873 tradito
736 841 844 873 verbo
873 841 909 873 in
937 838 1004 875 hoc
1029 853 1092 885 po-

104 889 211 934 pulo,
245 896 279 923 et
311 890 411 923 cuius
444 903 509 924 vox
536 891 620 931 fuit,
655 898 705 924 est
731 898 764 924 et
790 892 854 924 erit
881 892 1018 925 efficax:
1054 899 1092 926 ut

105 940 280 985 quassavit
295 948 431 975 montes
447 954 511 975 vox
521 942 590 976 Dei
607 954 686 975 cum
704 942 855 986 populus
872 949 958 976 esset
975 943 1012 975 in
1031 944 1092 976 de-

104 997 216 1035 serto,
244 991 293 1025 sic
313 1003 451 1036 semper
474 1005 540 1026 vox
557 991 743 1036 Evangelii
764 994 843 1027 data
865 1006 882 1026 a
908 993 1000 1035 Deo,
1027 994 1093 1028 erit
1118 1004 1119 1008 ’

104 1042 243 1084 efficax,
269 1043 410 1086 colliget
427 1041 638 1085 Ecclesiam,
666 1051 696 1078 et
724 1043 760 1076 in
784 1056 820 1076 ea
844 1044 957 1077 lucem
983 1052 1016 1079 ct
1040 1046 1091 1077 vi-

102 1100 174 1128 tam
192 1100 368 1127 aeternam
389 1094 563 1136 incoabit,
590 1101 621 1128 et
640 1095 677 1128 in
694 1106 730 1128 ea
747 1094 901 1128 Ecclesia
920 1103 1088 1140 perpetuo

102 1141 290 1179 habitabit.

206 1195 295 1229 Tres
321 1204 403 1231 sunt
429 1197 536 1241 igitur
561 1204 674 1241 partes
698 1196 802 1231 liuius
818 1197 960 1233 Psalmi.
1012 1195 1091 1230 Pri-

101 1258 156 1279 ma
180 1254 231 1280 est
252 1248 294 1281 de
318 1260 399 1281 vera
432 1249 670 1282 invocatione:
706 1248 813 1282 Hunc
839 1248 954 1282 Deum
990 1249 1092 1280 invo-

103 1304 197 1338 cate,
225 1299 285 1343 qui
308 1296 391 1332 huic
408 1300 538 1343 populo
559 1299 667 1333 Israel
683 1301 827 1333 verbum
846 1311 948 1333 suum
968 1300 1091 1343 ingen-

103 1348 198 1382 tibus
215 1356 248 1382 et
265 1349 464 1383 illustribus
481 1350 691 1383 testimoniis
707 1350 862 1384 tradidit.

203 1398 369 1434 Secunda
393 1407 444 1434 est
470 1402 512 1434 de
538 1402 633 1434 vocis
665 1413 704 1434 ac
727 1401 914 1434 ministerii
942 1412 1092 1444 evange-

102 1450 162 1483 lici
177 1450 339 1486 efficacia.
392 1449 496 1485 Certo
513 1452 662 1485 sciamus
680 1452 795 1485 Deum
813 1452 902 1485 velle
919 1452 1089 1485 efficacem

103 1512 176 1534 esse
210 1513 272 1545 per
298 1513 419 1535 vocem
442 1500 654 1546 Evangelii,
687 1503 853 1546 colligere
885 1501 1091 1541 Ecclesiam,

103 1553 187 1585 dare
208 1552 451 1586 remissionem
477 1560 718 1597 peccatorum,
763 1566 892 1587 novam
920 1554 1033 1587 lucem
1059 1561 1093 1588 et

101 1603 211 1637 vitam
230 1610 406 1642 aeternam
421 1631 430 1644 ,
458 1605 547 1638 sicut
564 1616 642 1637 vere
661 1604 729 1638 fuit
753 1605 872 1638 efficax
889 1617 968 1638 cum
987 1616 1093 1649 quas-
1115 1626 1117 1636 .

103 1661 193 1688 saret
209 1661 366 1688 montem
384 1654 504 1694 Sinai,
534 1662 567 1689 et
584 1656 700 1689 ederet
716 1656 783 1688 alia
808 1656 968 1688 miranda
995 1656 1091 1689 testi-

101 1705 222 1739 monia
240 1705 277 1738 in
295 1707 444 1741 deserto.
498 1705 600 1739 Hanc
615 1706 840 1739 collationem
863 1706 994 1740 Paulus
1011 1719 1092 1740 eru-

103 1756 276 1791 ditissime
301 1763 427 1790 tractat
454 1757 491 1790 in
517 1760 550 1792 2.
568 1756 726 1800 Epistola
753 1759 793 1790 ad
816 1756 895 1792 Cor.
915 1757 964 1790 3.:
1002 1755 1092 1791 Cum

101 1807 210 1841 fuerit
226 1807 348 1851 ingens
365 1808 476 1851 gloria
492 1808 618 1841 veteris
630 1807 862 1849 Testamenti,
890 1808 1001 1841 multo
1020 1820 1093 1841 ma-

101 1859 158 1892 ior
176 1859 241 1892 erit
254 1859 370 1901 'gloria
387 1860 471 1892 novi
489 1858 726 1897 Testamenti,
754 1860 790 1892 id
807 1866 874 1896 est,
904 1871 982 1892 cum
994 1859 1092 1892 Deus

101 1910 301 1943 illustribus
318 1910 528 1944 testimoniis
548 1911 742 1944 ostenderit
767 1923 800 1943 se
827 1923 897 1944 esse
917 1910 1090 1943 efficacem

102 1961 142 1994 in
166 1959 322 1994 Ecclesia
350 1961 424 1995 eius
455 1961 644 2005 temporis,
681 1969 714 1995 et
745 1962 881 1995 ornarit
906 1974 980 1994 earn
1010 1969 1094 1995 tunc

102 2022 229 2054 magna
245 2012 378 2056 gloria,
407 2019 440 2045 et
464 2013 625 2045 miranda
645 2013 868 2051 defensione,
897 2025 969 2045 non
988 2012 1093 2045 dubi-

103 2070 216 2096 temus
250 2063 364 2097 Deum
404 2063 576 2097 efficacem
619 2075 690 2096 esse
731 2064 834 2098 etiam
872 2064 1092 2108 promulgato

103 2110 314 2156 Evangelio:
344 2126 545 2160 quanquam
565 2112 787 2148 horribiliter
812 2115 947 2148 onerati
973 2126 1093 2147 sumus

106 2175 206 2197 cruce
224 2163 261 2196 in
278 2161 343 2197 hac
359 2165 449 2205 vita,
475 2178 513 2199 ac
534 2167 694 2199 nondum
713 2166 863 2200 efficacia
882 2166 942 2199 illa
963 2172 994 2200 et
1013 2166 1089 2208 glo-

106 2215 157 2248 ria
175 2215 345 2248 cernitur.

210 2263 407 2308 Diligenter
431 2273 546 2300 autem
565 2269 726 2302 doctrina
744 2269 787 2302 de
811 2267 962 2301 efficacia
985 2267 1091 2300 mini-

107 2314 399 2359 steriiEvangelii
414 2317 576 2352 discenda
596 2326 664 2361 est,
691 2332 736 2353 ne
752 2330 960 2365 quaeramus
976 2317 1089 2351 Deum

107 2367 183 2401 sine
212 2379 274 2400 suo
290 2365 504 2411 Evangelio:
532 2370 660 2403 deinde
684 2378 723 2405 ut
747 2371 896 2404 sciamus
922 2370 1025 2403 etiam
1055 2369 1092 2401 in

106 2418 184 2463 ipso
217 2416 414 2462 Evangelio
446 2420 737 2464 acquiescendum
776 2434 868 2463 esse,
910 2428 943 2454 et
976 2419 1091 2453 Deum

107 2481 187 2503 vere
206 2466 272 2503 hoc
288 2471 393 2503 modo
418 2482 481 2514 per
496 2471 599 2504 fidem
623 2473 898 2517 acquiescentem
919 2472 956 2504 in
972 2470 1092 2505 Evan-

107 2520 215 2563 gelio,
243 2521 326 2553 dare
344 2518 429 2554 haec
448 2521 522 2565 ipsa
541 2523 633 2556 bona
647 2550 655 2563 ‚
683 2536 772 2568 quae
789 2523 970 2568 promisit,
998 2523 1092 2556 scili-

109 2577 161 2605 cet
177 2571 420 2605 remissionem
439 2580 660 2616 peccatorum
683 2580 716 2607 et
730 2573 903 2618 Spiritum
921 2581 1092 2608 sanctum.

208 2621 310 2656 Hanc
330 2623 527 2657 doctrinam
547 2625 589 2657 de
612 2623 764 2658 efficacia
781 2625 969 2658 ministerii
986 2637 1093 2658 evan-

109 2672 209 2715 getici
226 2685 299 2707 non
323 2674 528 2718 intelligunt
545 2682 680 2709 mentes
697 2673 916 2721 prophanae:
950 2677 1009 2709 sed
1034 2688 1093 2709 ex-

733 88 798 123 IX.
849 85 1215 126 COMMENTARII
1242 89 1294 125 IN
1317 89 1557 129 PSALMOS.

258 736 418 770 Primum
442 737 549 780 igitur
572 738 768 782 propositio
794 739 976 778 recitatur,
1005 751 1096 786 quae
1119 753 1122 769 π

2049 101 2146 136 1062

1157 176 1330 224 perientia
1357 177 1394 211 in
1424 190 1506 212 vera
1537 180 1778 214 consolatione
1800 183 1955 217 ostendit
1985 197 2144 222 necessa-

1156 228 1245 261 riam
1264 234 1298 261 et
1320 229 1509 262 salutarem
1536 242 1619 265 esse.
1673 230 1924 276 Anabaptistae
1949 241 1983 269 et
2006 237 2066 270 alii
2090 239 2142 272 fa-

1154 278 1262 312 natici
1277 285 1385 312 totam
1405 280 1543 322 delent,
1572 282 1633 326 qui
1652 283 1724 315 suis
1742 283 2056 327 imaginationibus
2085 301 2141 322 re-

1115 351 1118 353 *
1153 330 1236 363 licto
1269 327 1464 373 Evangelio
1501 343 1611 365 novas
1646 333 1927 370 illuminationes
1952 346 2139 382 quaerunt.

1154 380 1258 414 Tales
1279 381 1416 414 furores
1438 384 1623 416 execrandi
1645 391 1745 426 sunt,
1771 393 1804 420 et
1827 390 2040 431 opponenda
2059 398 2141 424 sunt

1152 431 1349 465 testimonia
1370 432 1412 465 de
1430 433 1579 466 efficacia
1597 434 1786 469 ministerii
1804 439 2006 482 evangelici.

1254 481 1373 516 Tertia
1393 495 1473 527 pars
1493 485 1536 516 de
1551 482 1708 518 Ecclesia
1725 487 1901 531 loquitur:
1929 501 2067 534 semper
2083 503 2138 524 re-

1150 533 1273 575 gnabit
1288 545 1391 567 verus
1409 533 1503 567 Deus
1524 534 1560 567 in
1580 533 1757 575 Ecclesia,
1785 537 1822 569 in
1847 550 1914 582 qua
1938 548 2040 575 sonat
2057 554 2137 575 ver—

1149 584 1234 617 bum
1258 584 1302 618 ab
1329 585 1404 627 ipso
1424 586 1604 621 traditum.
1658 585 1754 621 Haec
1777 590 1949 623 sententia
1978 592 2078 626 docet
2106 600 2138 627 et

1149 636 1234 679 quid
1259 635 1301 669 sit
1325 633 1496 679 Ecclesia,
1532 643 1565 669 et
1596 637 1864 679 promissionem
1888 641 2012 682 tradit,
2050 655 2139 688 quae

1121 684 1123 701 ί
1147 687 1309 720 adfirmat
1323 684 1516 720 Ecclesiam
1536 694 1705 731 perpetuo
1725 700 1925 723 mansuram
1951 703 2041 730 esse,
2069 706 2136 738 qua

1147 737 1389 771 consolatione
1412 737 1479 782 piis
1504 749 1593 782 opus
1617 745 1686 779 est,
1722 751 1765 772 ne
1790 740 1989 776 existiment
2012 741 2138 776 Eccle-

1119 799 1121 830 ,’
1146 788 1232 821 siam
1252 788 1474 822 interituram
1493 800 1584 830 esse,
1615 801 1694 823 cum
1713 796 1782 823 tam
1801 791 1896 824 varie
1915 802 2137 837 oppugnetur

1118 861 1120 864 -
1145 846 1177 873 et
1196 847 1389 884 quassetur.

1118 914 1120 929 l

1118 936 1119 940 ’
1282 941 1623 988 Argumentum
1649 954 1702 977 ac
1731 942 1994 990 dispositio

1474 1001 1634 1041 Psalmi
1664 1002 1808 1042 XXX.

1195 1073 1379 1109 Exultabo
1414 1080 1451 1109 te
1486 1076 1667 1120 Domine,
1717 1079 1893 1122 quoniam
1928 1077 2135 1114 subvexisti

1196 1136 1274 1169 me,
1303 1130 1374 1161 etc.

1117 980 1119 995 l

1246 1190 1451 1227 Gratiarum
1473 1194 1562 1227 actio
1579 1200 1648 1234 est,
1670 1194 1821 1228 recitans
1842 1196 2050 1229 beneficium
2075 1208 2135 1230 seu

1144 1242 1402 1277 liberationem.
1438 1244 1637 1277 Miscentur
1649 1252 1765 1278 autem
1784 1252 1822 1279 ut
1840 1247 1896 1287 fit,
1924 1247 2135 1291 descriptio-

1144 1305 1205 1326 nes
1222 1294 1368 1337 periculi
1386 1302 1419 1328 et
1437 1296 1688 1335 afflictionum,
1718 1303 1750 1330 et
1775 1305 1988 1331 enarrantur
2011 1309 2134 1331 causae

1144 1345 1303 1388 periculi,
1333 1353 1365 1379 et
1383 1353 1588 1389 argumenta
1605 1353 1749 1390 propter
1767 1359 1856 1392 quae
1874 1349 2067 1391 expetenda
2085 1355 2135 1382 est

1144 1395 1322 1429 liberatio,
1376 1395 1487 1440 Saepe
1513 1403 1629 1429 autem
1656 1396 1789 1430 dictum
1819 1404 1888 1441 est,
1926 1396 1990 1431 hac
2012 1411 2135 1432 narra·

1116 1453 1118 1480 !
1144 1446 1257 1480 tiones
1275 1446 1354 1479 ideo
1371 1448 1515 1491 scriptas
1534 1459 1617 1485 esse,
1641 1454 1680 1481 ut
1697 1449 1854 1491 exempla
1873 1456 2133 1493 proponantur,

1143 1509 1232 1542 quae
1256 1504 1427 1531 testentur
1449 1496 1566 1532 Deum
1586 1510 1665 1531 vere
1689 1499 1854 1532 exaudire
1877 1512 1935 1532 eos
1953 1500 2013 1545 qui
2032 1501 2136 1534 invo-

1143 1555 1223 1582 cant
1242 1548 1279 1581 in
1298 1546 1454 1583 Ecclesia
1469 1576 1477 1590 ,
1504 1556 1538 1583 et
1555 1561 1634 1582 vere
1650 1550 1818 1594 opitulari
1837 1550 1904 1591 eis,
1934 1558 1966 1585 et
1984 1553 2134 1586 doceant

1141 1600 1247 1633 fidem
1265 1607 1298 1634 et
1316 1599 1589 1635 invocationem.
1643 1601 1743 1635 Sicut
1759 1601 1852 1633 enim
1870 1599 1965 1635 Deus
1982 1603 2134 1647 promis—

1144 1651 1259 1684 siones
1275 1650 1441 1692 tradidit,
1464 1658 1496 1684 et
1512 1651 1619 1684 scribi
1636 1651 1762 1691 voluit,
1778 1658 1810 1685 et
1827 1653 1984 1696 exempla
2002 1654 2133 1687 libera-

1143 1702 1280 1735 tionum
1308 1702 1418 1735 multa
1440 1702 1599 1746 quotidie
1624 1702 1795 1740 ostendit,
1838 1710 1870 1736 et
1889 1703 2041 1747 insignia
2067 1705 2134 1738 ali-

1143 1765 1211 1798 qua
1230 1753 1336 1786 scribi
1357 1753 1486 1794 voluit,
1513 1760 1682 1797 tanquam
1702 1753 1901 1787 testimonia
1925 1755 2133 1798 promissio-

1144 1816 1249 1844 num,
1278 1810 1317 1838 ut
1341 1804 1513 1838 discamus
1531 1816 1611 1837 vere
1632 1804 1791 1837 exaudiri
1815 1804 2038 1839 invocantem
2063 1805 2133 1840 Ec-

1116 1870 1118 1875 ·
1143 1855 1303 1895 clesiam,
1338 1861 1370 1888 et
1395 1856 1631 1889 accendantur
1651 1854 1756 1895 fides,
1783 1855 1982 1895 invocatio,
2011 1864 2042 1890 et
2069 1858 2130 1890 alii

1117 1915 1119 1936 1
1143 1913 1259 1940 motus
1285 1904 1360 1939 Deo
1394 1906 1570 1949 placentes
1595 1906 1632 1938 in
1659 1905 1825 1939 cordibus
1857 1907 2014 1950 piorum:
2051 1908 2131 1941 ideo

1143 1957 1246 1991 toties
1270 1957 1339 1989 iam
1367 1958 1500 1990 dictum
1521 1964 1588 1997 est,
1624 1963 1786 2000 oportere
1810 1969 1874 1990 nos
1904 1958 2061 2002 exempla
2087 1960 2132 1992 ad

1144 2020 1246 2042 usum
1280 2014 1443 2041 nostrum
1475 2007 1674 2041 transferre.
1732 2006 1831 2041 Sicut
1858 2015 1890 2042 te
1913 2008 2066 2042 includis
2092 2010 2131 2043 in

1145 2071 1263 2093 vocem
1292 2059 1588 2103 promissionum,
1624 2059 1672 2092 sic
1698 2059 1802 2092 etiam
1832 2060 2030 2104 exemplum
2065 2061 2131 2094 tibi

1144 2110 1349 2144 concionari
1373 2111 1478 2151 scias,
1508 2109 1589 2155 quia
1607 2108 1703 2142 Deus
1727 2122 1800 2142 non
1825 2117 1874 2143 est
1899 2122 2129 2154 personarum

1143 2172 1314 2206 acceptor.
1377 2160 1468 2194 Tam
1494 2161 1570 2195 vult
1598 2159 1693 2194 Deus
1726 2168 1757 2194 te
1789 2161 1970 2201 exaudire,
2016 2174 2130 2206 quan-

1144 2225 1250 2258 quam
1274 2212 1454 2246 exaudivit
1478 2211 1668 2252 Davidem,
1706 2212 1812 2244 modo
1849 2218 1885 2244 ut
1910 2219 2003 2253 petas
2029 2213 2129 2245 auxi-

1141 2265 1240 2297 lium.
1296 2263 1417 2309 ltaque
1439 2263 1630 2307 gratiarum
1658 2262 1748 2295 actio
1768 2263 1804 2294 in
1822 2259 1887 2295 hoc
1904 2261 2064 2304 Psalmo,
2090 2271 2129 2298 ut

1143 2315 1248 2354 alibi,
1277 2321 1424 2349 testatur
1441 2325 1505 2348 nos
1523 2313 1701 2353 exaudiri,
1732 2320 1763 2345 et
1786 2313 1883 2346 iubet
1907 2314 2064 2357 exemplo
2088 2323 2126 2349 ut

1142 2374 1300 2411 petamus
1321 2366 1512 2405 auxilium,
1547 2372 1579 2398 et
1613 2370 1755 2408 accepto
1793 2364 1961 2396 beneficio
1998 2365 2127 2408 gratias

1142 2430 1302 2461 agamus,
1326 2425 1358 2451 et
1373 2417 1460 2450 alios
1479 2422 1596 2449 nostra
1616 2414 1682 2447 fide
1711 2421 1742 2448 et
1759 2414 1977 2447 confessione
2003 2416 2046 2448 ad
2070 2416 2126 2449 in-

1142 2469 1360 2503 vocationem
1378 2468 1578 2501 invitemus.

1245 2519 1332 2552 Tres
1350 2519 1455 2563 primi
1471 2528 1590 2550 versus
1609 2516 1755 2549 eandem
1775 2515 2051 2560 propositionem
2069 2529 2125 2551 re—

1143 2577 1282 2616 petunt:
1306 2567 1365 2602 Tu
1380 2567 1486 2602 Deus
1503 2565 1680 2603 liberasti.
1734 2565 1891 2610 Quartus
1916 2579 2035 2601 versus
2062 2569 2124 2601 ad·

1143 2623 1195 2656 dit
1227 2621 1416 2664 gratiarum
1449 2620 1638 2659 actionem,
1677 2629 1781 2663 quam
1809 2617 1885 2651 vult
1909 2618 1984 2651 fieri
2009 2632 2026 2652 a
2051 2626 2124 2653 toto

1144 2679 1262 2711 coetu,
1290 2671 1370 2717 quia
1392 2670 1519 2716 passim
1536 2669 1667 2703 Psalmi
1692 2669 1872 2703 deducunt
1893 2681 1958 2703 nos
1982 2670 2025 2703 ad
2048 2682 2125 2704 coe-

1572 2718 1653 2755 67*
