2379 2948
157 116 258 152 1175

153 203 250 237 Deus
275 200 400 236 dilexit
417 201 612 243 mundum,
638 208 677 236 ut
694 200 828 235 Filium
845 199 1071 244 unigenitum
1092 199 1153 232 de-

155 253 268 294 derit,
295 260 335 287 ut
351 252 467 286 omnis
483 254 543 298 qui
561 253 672 286 credit
689 253 727 285 in
744 264 825 285 eum
842 263 915 285 non
933 257 1063 295 pereat,
1092 251 1151 284 sed

154 301 284 338 habeat
307 304 415 338 vitam
442 312 633 338 aeternam.
687 303 783 336 Haec
807 302 994 347 promissio
1018 308 1094 335 rata
1119 308 1154 335 et

152 356 299 390 immota
318 362 369 389 est
383 356 552 389 omnibus
569 355 807 389 credentibus-

257 421 361 457 Aliae
375 430 490 456 autem
503 428 586 455 sunt
597 420 850 466 promissiones
860 420 1038 453 bonorum
1051 431 1152 464 prae-

153 474 320 509 sentium.
354 473 447 517 Quia
470 473 564 506 enim
592 474 629 505 in
651 470 718 505 hac
740 472 813 505 vita
832 471 1011 515 colligitur
1028 470 1153 505 Eccle-

154 526 216 566 sia,
239 537 329 570 opus
345 532 394 559 est
408 525 511 558 etiam
528 524 632 557 bonis
649 522 907 571 corporalibus,
932 523 1028 556 iuxta
1044 523 1152 556 illud:

151 576 235 610 Non
260 576 391 610 mortui
413 575 610 609 laudabunt
634 581 667 608 te
686 574 855 609 Domine:
884 575 943 608 sed
962 575 1081 607 addita
1100 581 1152 608 est

153 627 450 672 promissionibus
492 627 670 660 bonorum
717 625 957 671 praesentium
993 625 1150 670 exceptio

153 679 268 713 crucis
286 686 318 712 et
336 677 585 721 castigationis.

259 737 473 782 Quanquam
499 742 616 770 autem
638 737 733 770 bona
756 735 952 780 corporalia
978 747 1051 768 non
1077 735 1150 767 sin-

153 789 244 834 gulis
267 789 390 821 eodem
416 788 523 821 modo
549 787 778 828 tribuuntur,
805 794 838 820 et
861 785 957 820 Deus
981 787 1058 820 vult
1080 784 1151 820 Ec-

154 840 295 874 clesiam
313 838 506 872 subiectam
525 851 598 873 esse
614 839 728 878 cruci,
755 845 788 872 et
803 838 934 872 multos
952 838 1070 882 punit:
1098 844 1150 870 ta-

152 903 234 924 men
252 890 504 935 promissiones
522 892 700 924 bonorum
721 889 959 934 corporalium
977 902 1051 922 non
1068 896 1151 923 sunt

152 942 293 983 irritae,
320 954 460 986 semper
482 942 576 975 enim
595 942 762 975 universo
781 941 897 974 coetui
916 947 1150 985 praestantur,

152 993 190 1026 id
216 1000 286 1034 est,
319 993 457 1027 etiamsi
482 993 693 1026 interficitur
716 990 904 1033 Ionathas,
940 999 1056 1025 tamen
1080 990 1150 1025 Ec-

152 1044 257 1078 clesia
274 1051 308 1078 et
324 1044 398 1078 eius
415 1045 601 1088 posteritas
616 1051 794 1083 servatur,
823 1050 855 1077 et
872 1043 1051 1088 pertinent
1067 1041 1151 1076 haec

151 1096 196 1129 ad
212 1096 364 1130 dictum:
393 1095 473 1129 Non
491 1096 624 1130 mortui
642 1096 841 1129 laudabunt
858 1102 891 1128 te
901 1094 1068 1130 Domine.
1104 1092 1149 1128 Et

151 1147 191 1180 in
209 1147 380 1191 petitione
398 1159 471 1180 non
487 1147 601 1180 solum
617 1148 660 1181 de
677 1147 781 1180 nobis
797 1147 855 1180 sed
872 1146 1038 1179 universo
1051 1153 1151 1179 coetu
1176 1152 1178 1162 ¹

152 1198 365 1242 cogitemus,
391 1198 481 1233 sicut
497 1210 599 1243 saepe
618 1199 750 1243 petitur
766 1198 802 1231 in
821 1197 987 1239 Psalmis,
1015 1196 1151 1241 Rogate

153 1261 244 1295 quae
270 1250 314 1283 ad
341 1262 461 1294 pacem
489 1258 573 1283 sunt
593 1249 801 1283 Ierusalem:
830 1249 905 1282 Nec
929 1249 1079 1282 dubium
1102 1254 1152 1281 est

152 1298 219 1334 hac
237 1300 306 1334 fide
325 1308 358 1334 et
376 1301 602 1335 invocatione
620 1300 801 1345 impetrari
817 1306 851 1334 et
870 1300 936 1334 tibi
955 1307 990 1334 et
1005 1300 1152 1333 nniver-

152 1352 200 1385 sis
220 1352 482 1398 mitigationem
502 1364 709 1396 poenarum.

255 1410 353 1445 Haec
377 1411 574 1445 admonitio
600 1411 638 1444 in
665 1411 816 1444 lectione
840 1408 947 1443 huius
962 1409 1094 1443 Psalmi
1121 1417 1153 1443 et

153 1462 327 1498 similium
353 1462 633 1507 promissionum
658 1463 703 1496 sit
719 1463 756 1495 in
776 1468 966 1506 conspectu
979 1488 988 1501 ,
1015 1468 1046 1494 et
1064 1462 1154 1494 scia-

152 1526 231 1548 mus
264 1512 350 1547 haec
381 1514 540 1547 membra
570 1521 662 1548 recte
695 1513 917 1554 consentire,
957 1511 1152 1546 Ecclesiam

154 1566 347 1600 subiectam
367 1576 440 1598 esse
456 1565 551 1599 cruci
563 1592 572 1605 ,
600 1572 633 1598 et
650 1571 768 1598 tamen
787 1577 861 1597 non
879 1565 996 1597 deesse
1014 1564 1045 1596 ei
1061 1564 1153 1597 bona

154 1616 364 1663 praesentia.
419 1616 514 1661 Quia
532 1616 665 1650 scilicet
684 1628 820 1660 semper
838 1615 877 1650 in
895 1613 961 1648 hac
979 1615 1050 1648 vita
1068 1627 1154 1648 con-

156 1675 333 1708 servatur,
361 1674 394 1701 et
410 1667 506 1702 Dens
531 1667 667 1710 mitigat
688 1678 876 1701 aerumnas
894 1665 1155 1707 invocantibus,

155 1719 294 1754 etiamsi
324 1718 413 1752 alios
439 1719 542 1752 aliter
563 1724 720 1759 exercet,
754 1726 788 1752 et
813 1718 889 1751 vult
913 1729 979 1750 nos
1003 1717 1072 1750 fide
1095 1729 1153 1750 ex-

155 1778 295 1816 pectare
313 1770 589 1814 protectionem,
615 1781 689 1802 non
707 1769 784 1802 vult
803 1775 919 1813 septos
938 1780 1011 1802 esse
1028 1768 1153 1801 visibi-

156 1823 252 1856 libus
277 1822 479 1866 praesidiis,
515 1821 604 1854 sicut
626 1820 728 1865 impii
754 1820 879 1854 volunt
906 1818 1035 1853 habere
1060 1827 1151 1853 certa

154 1873 329 1919 praesidia
356 1873 394 1905 in
419 1879 631 1916 conspectu,
659 1872 757 1905 iuxta
779 1871 838 1904 illa
858 1871 968 1905 dicta:
998 1870 1152 1904 Maledi-

154 1932 230 1959 ctus
258 1924 319 1970 qui
343 1924 490 1958 confidit
513 1924 550 1956 in
567 1921 714 1956 brachio
733 1923 860 1956 carniS.
916 1921 1020 1956 Item:
1049 1921 1153 1955 Pater

155 1984 189 2011 et
204 1983 314 2009 mater
330 1975 599 2021 dereliquerunt
616 1987 683 2015 me,
710 1974 888 2008 Dominus
903 1981 1019 2007 antem
1037 1985 1153 2007 susce-

156 2028 211 2072 pit
227 2039 292 2062 me.
347 2024 455 2060 Zach.
468 2026 521 2062 4.:
549 2025 632 2060 Non
650 2026 686 2058 in
704 2026 870 2067 exercitu,
899 2038 972 2058 non
991 2025 1027 2058 in
1045 2026 1152 2058 robo-

156 2091 205 2117 re,
226 2079 285 2112 sed
301 2078 337 2110 in
347 2078 474 2122 spiritu
490 2090 579 2119 meo,
603 2077 690 2112 dicit
700 2076 889 2111 Dominus.
925 2075 972 2111 Et
983 2074 1152 2112 Zach.2.:

155 2129 231 2173 Ego
250 2141 310 2162 ero
326 2141 450 2163 murus
469 2130 592 2173 igneus
607 2129 645 2162 in
661 2129 810 2163 circuitu
830 2140 964 2162 eorum.

262 2193 406 2229 Beatus
437 2195 491 2228 vir
515 2195 580 2243 qui
603 2194 702 2228 timet
724 2193 953 2234 Dominum,
990 2199 1021 2228 et
1045 2207 1154 2228 man-

159 2246 260 2281 datis
283 2246 360 2280 eius
378 2244 484 2280 “alde
499 2244 715 2281 delectatur:
744 2246 854 2281 Initio
873 2247 997 2280 definit
1014 2248 1153 2292 qualem

158 2300 246 2334 velit
273 2310 346 2332 esse
368 2310 576 2343 personam,
611 2299 669 2333 cui
693 2306 878 2344 sequentes
904 2299 1155 2343 promissiones

159 2350 339 2385 attribuet.
394 2348 494 2383 Talis
516 2350 560 2383 sit
578 2350 710 2396 inquit:
741 2350 882 2384 Timeat
898 2362 1021 2383 verum
1040 2349 1154 2384 Deum

159 2410 193 2437 et
210 2402 405 2436 delectetur
420 2402 597 2435 mandatis
615 2402 708 2442 eius,
737 2402 774 2435 id
793 2409 861 2443 est,
889 2402 932 2435 sit
950 2402 1063 2435 iustus
1078 2402 1156 2443 fide,

159 2461 194 2488 et
208 2452 337 2487 habeat
352 2454 482 2487 bonam
501 2452 763 2488 conscientiam.
798 2451 854 2487 Ad
872 2451 964 2486 hanc
981 2465 1155 2487 summam

159 2517 242 2539 vere
267 2511 300 2539 et
324 2512 415 2538 recte
437 2505 727 2538 accommodatur
751 2502 809 2538 hic
827 2505 982 2545 dictum,
1010 2517 1092 2537 nam
1112 2505 1158 2539 ti-

161 2568 241 2590 mor
271 2557 398 2591 usitate
429 2555 602 2600 significat
625 2562 739 2588 totum
764 2556 923 2597 cultum,
955 2556 1044 2590 sicut
1069 2556 1159 2590 dici—

162 2615 238 2642 tur:
268 2607 415 2642 Initium
435 2607 627 2652 sapientiae
648 2607 756 2640 timor
770 2605 931 2641 Domini.
985 2606 1031 2641 Et
1048 2614 1085 2641 ut
1102 2606 1158 2641 hic

162 2660 327 2694 ostendat
349 2671 385 2692 se
406 2660 449 2692 de
467 2670 549 2692 vero
566 2657 642 2692 Deo
661 2664 694 2692 et
711 2659 755 2692 de
770 2669 852 2691 vera
870 2659 1031 2692 doctrina
1047 2659 1159 2703 loqui,

161 2711 325 2745 nominat
347 2709 464 2745 Deum
487 2709 726 2755 appellatione
752 2721 842 2755 quae
866 2716 940 2743 erat
962 2721 1065 2743 verae
1091 2708 1160 2744 Ec-

771 113 835 150 lX.
888 109 1256 149 COMMENTARII
1283 110 1335 146 IN
1362 109 1605 148 PSALMOS.

2106 117 2204 155 1174

1206 196 1330 231 clesiae
1356 197 1520 242 propria,
1548 199 1647 244 quasi
1669 200 1784 243 dicat,
1814 201 1915 235 illum
1936 201 2065 245 :verum
2083 202 2199 240 Deum

1206 249 1343 289 timeat,
1387 248 1449 293 qui
1474 261 1509 282 se
1534 251 1700 294 patefecit
1726 252 1762 285 in
1788 252 1908 286 lsrael.
1968 253 2014 288 Et
2037 267 2117 289 mox
2142 257 2200 290 in-

1205 300 1298 346 quit:
1332 296 1542 334 Mandatis
1572 301 1648 335 eius
1681 301 1787 336 vulda
1819 301 2037 344 delectatur,
2071 307 2106 340 id
2138 316 2200 347 est,

1205 358 1276 385 tota
1308 351 1470 385 doctrina
1495 352 1581 395 legis
1607 361 1639 386 et
1663 355 1907 397 promissionis
1932 357 1975 390 de
1998 357 2199 393 Mediatore

1207 409 1239 436 et
1265 402 1389 446 gratia.
1442 401 1544 436 Hanc
1570 404 1638 437 fide
1661 407 1912 449 amplectatur,
1942 415 1974 442 et
2000 408 2095 443 iuxta
2121 423 2198 444 eam

1204 453 1345 487 invocet
1370 465 1493 487 verum
1512 452 1627 488 Deum
1652 463 1685 490 et
1708 457 1737 489 ei
1757 458 1995 502 obtemperet,
2025 462 2125 506 quasi
2143 462 2199 495 di-

1204 511 1274 539 cat:
1302 502 1453 538 Etiamsi
1475 505 1611 540 Aeacus
1635 515 1695 541 aut
1711 507 1825 541 Numa
1849 516 1932 543 sunt
1956 509 2095 546 honesti
2120 513 2199 555 viri,

1204 563 1237 590 et
1261 556 1388 590 timent
1412 556 1500 589 iram
1525 555 1610 598 Dei,
1645 564 1762 592 tamen
1787 572 1860 593 non
1887 570 2099 605 agnoscunt,
2125 576 2198 598 non

1205 608 1372 641 invocant
1395 619 1517 640 verum
1545 607 1682 649 Deum,
1717 622 1789 642 non
1816 612 2026 655 confugiunt
2050 616 2092 647 ad
2117 615 2198 649 Me-

1203 659 1396 699 diatorem,
1424 659 1483 692 sed
1506 659 1645 703 fingunt
1669 660 1734 704 ipsi
1761 673 1842 694 suos
1865 663 1980 696 cultus
1999 672 2031 698 et
2051 677 2112 700 sua
2129 679 2197 699 nu-

1204 710 1298 743 mina
1324 710 1400 742 sine
1427 707 1494 743 hoc
1516 712 1647 755 verbo,
1676 719 1707 745 et
1732 712 1808 745 sine
1825 710 1889 746 hac
1907 716 2141 757 promissione
2159 719 2196 751 in

1204 773 1270 806 qua
1296 772 1400 794 verus
1417 759 1512 795 Deus
1529 761 1663 795 Filium
1683 762 1918 797 Mediatorem
1943 773 1976 799 et
1997 767 2198 802 misericor-

1202 813 1296 846 diam
1316 812 1491 856 patefecit.

1306 889 1358 922 Ac
1391 901 1534 934 prorsus
1567 886 1635 923 hoc
1662 890 1796 925 dictum
1821 891 1952 926 Psalmi
1980 894 2199 940 intelligatur

1204 940 1297 974 iuxta
1317 941 1467 975 dictum:
1496 940 1535 975 Si
1554 941 1633 986 quis
1645 942 1761 985 diligit
1774 956 1837 984 me,
1867 956 2065 979 sermonem
2079 960 2196 983 meum

1203 992 1375 1033 servabit,
1402 998 1436 1025 et
1457 1000 1556 1037 pater
1578 1005 1676 1026 meus
1699 995 1822 1038 diliget
1839 1007 1940 1037 eum,
1968 1004 2001 1031 et
2019 999 2200 1034 veniemus

1204 1044 1245 1076 ad
1276 1055 1375 1083 eum,
1410 1049 1443 1076 et
1467 1043 1689 1077 mansionem
1716 1047 1810 1089 apud
1837 1058 1916 1080 eum
1942 1048 2127 1091 faciemus,
2163 1051 2198 1085 id

1204 1102 1273 1135 est,
1302 1093 1430 1128 Custos
1454 1107 1550 1128 meae
1570 1095 1752 1130 doctrinae
1770 1097 1837 1130 fide
1856 1105 1889 1131 et
1905 1099 1997 1133 bona
2016 1102 2199 1136 conscien-

1204 1146 1271 1187 tia,
1297 1146 1459 1187 diligitur
1475 1158 1493 1179 a
1511 1153 1627 1190 patre,
1655 1154 1689 1181 et
1706 1155 1757 1181 est
1774 1149 1996 1183 domicilium
2015 1149 2093 1185 Dei.
2148 1153 2199 1188 Ita

1205 1195 1262 1230 bic
1286 1197 1506 1240 intelligatur
1528 1197 1678 1231 dictum:
1709 1198 1781 1241 Qui
1800 1200 1994 1234 delectatur
2010 1204 2201 1247 mandatis,

1205 1249 1294 1282 sicut
1316 1255 1348 1281 et
1373 1247 1533 1281 Psalmo:
1561 1247 1662 1283 Beati
1688 1250 1905 1285 immaculati
1931 1253 1991 1297 qui
2015 1256 2201 1291 ambulant

1207 1300 1242 1332 in
1268 1300 1342 1342 lege
1360 1298 1528 1338 Domini,
1558 1300 1591 1333 id
1618 1308 1687 1342 est,
1715 1302 1777 1346 qni
1797 1314 1876 1335 vera
1895 1303 1962 1336 fide
1979 1306 2202 1349 amplectun-

1206 1358 1263 1384 tur
1287 1351 1485 1383 doctrinam
1510 1363 1527 1384 a
1547 1349 1623 1384 Deo
1648 1353 1834 1394 traditam,
1861 1360 1893 1387 et
1918 1354 2015 1389 iuxta
2043 1369 2119 1390 eam
2146 1359 2203 1391 in-

1208 1408 1334 1434 vocant
1366 1401 1482 1445 ipsum
1514 1402 1641 1435 fiducia
1668 1402 1899 1445 mediatoris,
1936 1412 1969 1439 et
1998 1407 2092 1442 bona
2117 1421 2203 1443 con-

1207 1453 1350 1486 scientia
1372 1453 1402 1485 ei
1422 1453 1679 1496 obtemperant.
1735 1453 1986 1498 intelligantur
2004 1459 2099 1492 enim
2119 1457 2204 1495 haec

1206 1505 1318 1544 dicta,
1345 1504 1439 1537 iuxta
1456 1501 1711 1547 Evangelium‚
1738 1517 1809 1539 non
1830 1510 2014 1553 νομικῶς,
2042 1511 2203 1546 utillud:

1208 1555 1422 1588 Maledictus
1451 1555 1513 1600 qui
1544 1567 1617 1588 non
1650 1565 1832 1600 permanet
1859 1558 1895 1591 in
1922 1562 2091 1595 omnibus
2115 1575 2205 1608 quae

1206 1613 1290 1640 sunt
1314 1606 1442 1650 scripta
1469 1606 1505 1638 in
1532 1606 1616 1649 lege.
1680 1607 1840 1642 Sciamus
1865 1609 1973 1652 igitur
1999 1609 2055 1645 hic
2079 1613 2116 1646 in
2142 1615 2205 1648 de—

1207 1657 1398 1701 scriptione
1422 1669 1594 1703 personae
1620 1657 1772 1702 intelligi
1796 1656 1977 1694 hominem
1996 1662 2146 1706 iustum,
2170 1674 2206 1701 et

1180 1709 1411 1741 intueamur
1455 1714 1564 1741 totam
1612 1710 1811 1743 doctrinam
1850 1712 1893 1745 de
1936 1713 2205 1757 iustificatione,

1208 1766 1324 1803 postea
1351 1756 1433 1791 huic
1458 1759 1550 1793 iusto
1569 1760 1729 1794 attribuit
1750 1762 2011 1806 promissiones.
2065 1764 2131 1800 Hic
2148 1768 2204 1801 in-

1177 1827 1181 1851 ,v
1208 1818 1280 1844 stns
1306 1810 1422 1855 inquit
1447 1817 1496 1844 est
1515 1811 1654 1852 beatus,
1683 1813 1798 1857 placet
1814 1813 1911 1855 Deo,
1938 1822 1971 1850 et
1987 1814 2092 1852 habet
2110 1819 2204 1853 bona

1178 1864 1179 1867 ’
1207 1869 1347 1895 aeterna
1365 1869 1398 1895 et
1416 1863 1625 1906 praesentia.

1311 1935 1446 1971 Potens
1465 1938 1504 1971 in
1522 1943 1619 1972 terra
1636 1951 1754 1973 semen
1773 1939 1867 1983 eius,
1895 1946 1925 1976 et
1941 1946 2132 1988 generatio
2150 1959 2205 1981 re-

1208 1994 1345 2024 ctorum
1368 1988 1603 2025 benedicetur.
1641 1990 1763 2025 Primo
1788 1993 1866 2026 loco
1890 2003 2045 2030 recenset
2067 1998 2203 2032 felicem

1208 2042 1378 2075 sobolem.
1431 2040 1600 2075 Summus
1624 2043 1728 2076 dolor
1745 2044 1782 2076 in
1802 2042 1947 2078 homine
1967 2055 2044 2090 post
2060 2060 2202 2084 sensum

1209 2094 1280 2126 irae
1295 2092 1379 2133 Dei,
1406 2099 1456 2125 est
1484 2104 1606 2128 sensus
1629 2094 1838 2129 calamitatis
1862 2098 2013 2136 sobolis,
2043 2106 2076 2133 et
2097 2112 2204 2134 econ-

1209 2152 1260 2177 tra
1286 2145 1408 2187 ingens
1425 2142 1492 2177 Dei
1518 2146 1652 2178 donum
1677 2153 1726 2180 est
1750 2147 1900 2181 felicitas
1923 2149 2075 2188 sobolis,
2103 2158 2141 2184 ut
2164 2152 2202 2185 in

1209 2195 1369 2229 Psalmo:
1402 2195 1479 2229 Nisi
1504 2194 1681 2229 Dominus
1707 2198 1941 2232 aedificaverit
1965 2201 2111 2234 domum
2138 2211 2201 2239 etc.

1210 2245 1299 2281 Ecce
1322 2244 1522 2280 haereditas
1539 2246 1688 2280 Domini
1709 2248 1792 2289 filii,
1818 2262 1950 2283 merces
1964 2251 2099 2285 fructus
2116 2266 2200 2287 ven-

1210 2299 1284 2334 tris.
1337 2297 1424 2332 Item
1451 2298 1553 2331 alibi:
1588 2297 1671 2331 Filii
1695 2300 1748 2332 tui
1769 2300 1859 2334 sicut
1882 2301 2063 2345 plantulae
2088 2304 2201 2338 oliva-

1211 2363 1299 2383 rnm.
1354 2349 1494 2384 Rursus
1517 2350 1610 2382 inter
1631 2361 1785 2383 summas
1813 2363 1943 2394 poenas
1968 2363 2204 2391 numerantur

1210 2401 1424 2435 calamitates
1453 2401 1603 2441 sobolis,
1642 2400 1746 2435 Dent.
1772 2401 1845 2437 18.:
1884 2402 2018 2445 Gignes
2045 2405 2137 2440 filios
2169 2417 2203 2443 et

1211 2454 1435 2486 abducentur
1453 2453 1489 2485 in
1505 2451 1757 2495 captivitatem.
1802 2452 1906 2486 Item:
1934 2455 2108 2491 Comedes
2125 2471 2202 2493 car.

1213 2516 1291 2537 nem
1316 2504 1470 2536 filiorum
1490 2510 1632 2536 tuorum
1653 2509 1686 2536 et
1705 2504 1748 2536 de
1766 2505 1972 2541 secundina.
2027 2506 2149 2554 Itaque
2164 2511 2203 2544 in

1214 2553 1279 2588 hoc
1297 2554 1438 2589 Psalmo
1463 2554 1556 2587 inter
1579 2565 1703 2597 magna
1726 2555 1819 2588 bona
1846 2557 2014 2591 recitatur
2035 2559 2118 2593 felix
2139 2573 2204 2605 po-

1213 2607 1370 2646 steritas,
1397 2612 1427 2637 et
1455 2605 1493 2639 in
1511 2605 1635 2649 primis
1653 2606 1689 2638 in
1705 2604 1862 2640 Ecclesia
1881 2609 1984 2642 dulce
2003 2618 2052 2644 est
2072 2608 2203 2646 habere

1213 2658 1299 2691 tales
1321 2663 1496 2701 posteros,
1529 2656 1588 2702 qui
1614 2663 1705 2690 recte
1729 2657 1844 2691 Deum
1869 2659 2052 2699 invocent,
2085 2669 2117 2696 et
2140 2665 2203 2696 ad-

1215 2709 1336 2743 iuvent
1365 2708 1670 2742 conservationem
1694 2708 1889 2753 Ecclesiae,
1924 2712 2013 2746 sicut
2037 2711 2204 2749 Abrahae

1634 2756 1718 2793 74*
