2379 2948
163 133 237 168 285

168 214 315 249 Veneris
332 226 349 247 a
367 213 447 247 Sole
474 208 670 253 inaequales
688 217 778 245 esse,
804 210 836 237 et
862 203 1002 248 quidem
1027 204 1145 235 mino·
1167 214 1169 229 τ

168 278 235 307 tes,
262 265 403 310 quando
423 268 580 294 centrum
599 255 744 301 epicyeli
759 255 870 287 fertur
884 253 973 286 circa
988 265 1144 297 apogeou

169 315 351 350 eccentrici
365 340 373 352 ,
394 311 541 344 maiores
560 318 642 340 vero
667 307 754 338 circa
767 305 933 350 perigeon
949 303 1143 337 eccentrici.
1168 307 1170 321 ³

271 363 376 397 Ponit
401 367 514 393 autem
540 356 760 390 Ptolemaeus
787 355 970 388 minimam
999 353 1144 386 Veneris

171 413 391 452 ἀπόστασιν,
424 420 511 454 quae
541 407 714 448 contingit
735 407 772 438 in
796 417 925 450 apogeo
952 403 1146 440 eccentrici,

170 477 287 500 arcum
302 460 493 504 Eclipticae
515 457 750 491 continentem
768 457 895 499 gradus
914 454 980 495 44,
1008 454 1066 487 mi.
1086 451 1145 485 25.
1169 463 1171 490 !

170 515 361 550 Maximam
384 522 486 549 vero,
515 520 602 553 quae
619 507 789 549 contingit
813 507 848 538 in
870 506 1008 548 perigeo
1026 515 1146 535 eccen-

169 565 267 603 trici,
302 561 538 595 continentem
553 559 679 601 gradus
697 556 759 595 47,
787 557 845 589 mi.
864 553 922 590 35.
948 554 1055 586 Vides
1075 553 1146 585 exi-

169 626 273 659 guam
297 623 368 645 esse
393 610 561 643 minimae
588 616 622 641 et
647 607 817 639 maximae
843 605 1027 638 distantiae
1046 603 1147 634 diffe-

169 665 339 702 rentiam,
373 661 471 694 cuius
495 670 594 692 causa
608 664 675 698 est,
709 657 802 701 quod
819 656 939 688 Venus
957 653 1146 686 admodum

168 725 314 761 parvam
335 710 441 744 habet
458 708 759 743 eccentricitatem.

275 763 344 797 Sed
364 760 532 795 Mercurii
552 758 801 800 digressiones,
829 756 893 789 etsi
911 761 1052 799 propter
1069 765 1147 797 par-—

172 815 313 848 vitatem
341 810 488 856 epicycli
513 809 691 842 breviores
718 814 818 844 sunt,
859 818 964 850 quam
987 803 1150 842 Veneris,

173 863 333 898 habentis
351 862 460 894 multo
478 859 683 903 ampliorem
701 857 911 901 epicyclum,
939 863 1055 888 tamen
1074 865 1146 885 ma-

175 916 283 948 iorem
310 912 491 945 continent
518 908 798 952 inaequalitatem
824 918 967 939 arcuum
990 905 1027 937 in
1053 904 1148 936 coelo

174 962 465 1008 respondentium
507 958 763 992 semidiametro
798 957 961 1001 epicycli,
1008 961 1150 997 propter

174 1025 336 1057 magnam
363 1010 651 1043 eccentricitatem
669 1007 855 1046 Mercurii,
883 1017 971 1050 quae
988 1005 1150 1048 aliquan-

175 1066 219 1097 do
239 1074 363 1096 novem
383 1067 496 1104 partes
512 1057 736 1098 sexagesimas
756 1055 1005 1088 semidiametri
1031 1065 1147 1099 eccen-

176 1115 256 1148 trici
275 1111 447 1149 continet,
475 1108 683 1153 aliquando,
711 1118 788 1138 cum
809 1106 1042 1148 minimassest‚
1074 1110 1151 1135 tan-

177 1173 250 1197 tum
274 1170 354 1195 tres.
410 1159 574 1191 Variatur
599 1157 692 1189 enirn
719 1155 957 1188 eccentricitas
978 1153 1150 1187 Mercurii

176 1219 322 1258 propter
342 1209 575 1244 mobilitatem
595 1207 703 1239 centri
722 1206 914 1238 ecccntrici.

276 1260 414 1295 Deinde
431 1257 626 1302 inaequalia
650 1263 730 1289 sunt
757 1256 871 1299 spacia
896 1254 1150 1298 digressionum

176 1311 348 1347 Mercurii
379 1321 452 1342 non
482 1315 617 1341 tantum
646 1313 788 1350 propter
811 1317 982 1338 accessum
1009 1302 1153 1347 epicycli

177 1365 219 1396 ad
241 1368 399 1395 centrum
422 1358 545 1391 mundi
568 1364 600 1389 et
624 1367 814 1395 recessum,
849 1356 906 1386 sed
933 1355 1010 1386 ideo
1038 1353 1153 1389 etiam,

178 1413 273 1456 quod
294 1416 451 1443 centrum
471 1406 616 1451 epicycli
634 1417 705 1438 non
723 1406 769 1438 ita
785 1402 1070 1437 adhaeretlineae
1081 1401 1153 1433 veri

177 1462 246 1495 loci
268 1460 378 1498 Solis,
407 1465 446 1491 ut
470 1458 505 1489 in
532 1456 667 1488 Venere
694 1456 764 1488 fere
787 1454 929 1493 accidit,
962 1454 1021 1485 sed
1047 1452 1090 1484 ab
1114 1463 1154 1483 eo

179 1513 274 1546 ultro
292 1510 450 1553 citroque
464 1507 654 1551 aliquando
673 1505 839 1548 plusculis
857 1504 1021 1547 gradibus
1040 1502 1156 1534 abesse

180 1568 315 1607 potest,
343 1559 405 1604 qui
421 1559 548 1601 gradus
568 1557 621 1588 vel
639 1556 803 1593 addendi,
828 1555 883 1586 vel
904 1553 1081 1586 adimendi
1101 1563 1157 1583 ar-

181 1612 255 1650 cui,
282 1610 344 1654 qui
371 1608 628 1642 semidiametro
653 1605 795 1649 epicycli
819 1605 1024 1647 respondet,
1069 1600 1157 1635 ἄπο-

182 1658 325 1698 στάσεις
334 1657 504 1692 b'lercurii
523 1656 706 1698 insigniter
724 1655 923 1698 inaequales
941 1653 1106 1686 efficiunt.

290 1709 361 1744 Sed
385 1708 603 1741 Ptolemaeus
633 1705 734 1750 ponit
768 1704 956 1737 terminum
991 1702 1158 1734 minimae

182 1756 416 1796 ἀποστάσεως
442 1756 633 1796 Mercurii,
667 1766 754 1799 quae
780 1755 869 1787 circa
888 1764 1056 1796 apogeum
1074 1764 1158 1784 con-

182 1811 305 1853 tingit,
334 1820 451 1842 arcum
468 1806 609 1839 Zodiaci
627 1806 864 1838 continentem
881 1804 1007 1845 gradus
1025 1809 1158 1835 tantum

187 1862 232 1895 16
263 1867 294 1892 et
327 1858 464 1892 minuta
495 1856 529 1889 8.
595 1855 770 1889 Maximae
811 1860 925 1887 autem
964 1853 1159 1891 distantiae,

184 1921 272 1955 quae
291 1909 328 1942 fit
346 1909 384 1940 in
406 1907 509 1946 locis,
535 1906 597 1938 ubi
622 1906 778 1948 proxime
802 1904 1001 1938 Mercurius
1024 1904 1066 1934 ad
1091 1908 1160 1935 ter-

185 1971 261 1993 tam
279 1958 422 1997 accedit,
447 1968 564 1989 arcum
582 1956 764 1988 constituit
780 1954 1016 1987 continentem
1034 1953 1161 1995 gradus
1185 1966 1186 1974 ¹

184 2009 247 2049 27,
266 2009 324 2041 mi.
354 2006 414 2040 37.
441 2005 582 2040 Dictum
601 2012 715 2038 autem
740 2015 841 2046 supra
867 2010 936 2043 est,
972 2004 1009 2035 in
1032 2003 1161 2047 quibus

185 2059 345 2104 partibus
368 2055 512 2089 Zodiaci
547 2055 720 2099 epicyclus
748 2053 919 2087 blercurii
957 2055 999 2085 ad
1032 2058 1188 2101 ‘terram‘x

186 2109 345 2155 proxime
364 2107 520 2144 accedat,
548 2112 578 2137 et
603 2104 730 2148 quibus
755 2105 789 2136 id
815 2104 992 2135 mensibus
1023 2103 1162 2135 contin·
1185 2125 1188 2145 ¹

187 2167 262 2203 gat,
289 2157 469 2195 videlicet,
496 2155 585 2187 circa
610 2155 631 2187 9
650 2166 719 2196 gra.
743 2163 767 2195 χ
799 2161 831 2186 et
855 2152 879 2187 9
904 2154 999 2194 grad.
1025 2152 1163 2192 Cancri,

188 2221 276 2254 quae
301 2208 375 2241 loca
400 2205 574 2250 epicyclus
597 2204 736 2246 attingit
767 2215 884 2236 mense
906 2202 1098 2235 Februario
1132 2209 1163 2235 et
1187 2209 1189 2242 ζ

188 2259 313 2298 Iunio,
347 2257 440 2301 quod
459 2257 538 2287 ideo
556 2262 690 2298 repeto,
716 2261 754 2287 ut
773 2254 799 2286 si
817 2253 877 2297 qui
895 2254 1079 2285 observare
1103 2265 1163 2295 ap·

190 2309 404 2352 paritionem
420 2305 589 2339 Mercurii
610 2304 753 2344 volunt,
780 2304 840 2348 qui
857 2303 1032 2336 rarissime
1055 2303 1091 2334 in
1110 2300 1163 2334 bis

191 2358 393 2401 regionibus
416 2355 645 2398 conspicitur,
673 2354 759 2386 scire
785 2354 940 2397 possint,
973 2353 1101 2397 quibus
1128 2352 1162 2384 id
1188 2342 1190 2359 ⁵

191 2407 406 2450 temporibus
431 2407 542 2438 facere
567 2405 734 2444 debeant,
764 2411 837 2437 tum
864 2403 1044 2440 videlicet,
1087 2414 1164 2435 cum
1188 2405 1190 2427 ⁴

193 2464 336 2502 propter
357 2455 653 2499 propinquitatem
671 2454 814 2499 epicycli
833 2454 874 2487 ad
892 2460 1018 2486 terram
1037 2459 1069 2485 et
1089 2465 1165 2485 cor-

193 2518 259 2551 pus
275 2505 443 2538 Mercurii
469 2505 580 2537 maius
598 2505 771 2542 cernitur,
806 2511 838 2538 et
858 2503 1032 2546 longiores
1058 2503 1166 2546 ipsius
1189 2517 1192 2549 ¹,

195 2569 213 2590 a
229 2556 310 2590 Sole
335 2555 423 2586 fiunt
447 2554 687 2594 digressiones.
740 2554 827 2588 Nam
854 2560 947 2587 extra
972 2551 1054 2585 haec
1076 2559 1165 2585 tem-
1190 2553 1193 2588 ᾖ

194 2617 279 2650 pora
311 2604 539 2636 maximarum
561 2603 832 2646 digressionum,
871 2603 1070 2636 Mercurius
1093 2614 1166 2635 non
1191 2590 1192 2619 ³

195 2658 242 2690 ita
259 2653 382 2701 procul
405 2664 424 2686 a
440 2651 522 2686 Sole
547 2659 763 2695 removetur,
803 2661 842 2688 ut
867 2653 1064 2697 egrediatur
1088 2653 1167 2686 illos
1190 2628 1194 2684 l

405 122 611 163 SCRIPTA
639 121 715 156 PH.
743 116 858 153 MEL.
889 115 954 152 AD
981 116 1106 153 HIST.
1136 114 1277 153 PROF.
1305 113 1370 150 ET
1396 111 1586 150 PHILOS.
1615 109 1932 150 SPECTANTIA.

2093 113 2168 148 284

1194 201 1341 241 limites,
1383 201 1474 234 intra
1505 210 1592 243 quos
1615 198 1825 232 constitutae
1847 199 1965 232 stellae
1990 211 2009 232 a
2032 199 2167 242 fulgore

1195 251 1302 284 vicini
1326 251 1418 284 Solis
1442 251 1692 286 obscurantur,
1724 249 1819 281 unde
1843 249 1898 289 fit,
1931 256 1971 282 ut
1994 250 2167 282 rarissime

1195 308 1377 345 appareat,
1403 300 1604 344 praesertim
1626 300 1662 331 iu
1682 296 1735 331 his
1764 298 1983 340 regionibus,
2019 311 2169 344 quarum

1196 350 1341 384 horizon
1365 351 1545 394 obliquior
1563 357 1628 389 est,
1655 355 1686 381 et
1703 360 1780 380 raro
1798 349 1844 380 ita
1870 349 1912 381 ab
1936 346 2168 382 exhalationi-

1195 403 1260 434 bus
1278 402 1384 441 IIber,
1409 408 1446 433 ut
1465 400 1580 432 stellas
1599 400 1730 432 vicinas
1748 398 1822 431 Soli
1848 399 1976 431 orienti
2002 405 2060 431 aut
2077 399 2170 431 oeci-

1197 452 1293 484 denti
1328 450 1591 494 conspiciendas
1626 450 1799 492 praebeat.
1868 448 2012 481 Accedit
2038 455 2070 481 et
2088 446 2171 482 haec

1196 512 1308 538 causa,
1327 513 1388 533 cur
1404 501 1516 533 rarius
1528 500 1687 533 videatur
1697 498 1893 532 Mercurius
1912 499 1948 530 in
1960 496 2014 531 his
2032 504 2172 541 septen-

1196 551 1406 584 trionalibus
1445 550 1666 592 regionibus,
1715 550 1807 593 quod
1845 549 2040 593 plerunque
2080 549 2172 582 ultra

1195 599 1403 643 Eclipticam
1428 611 1547 633 versus
1573 599 1753 632 meridiem
1784 599 1956 640 deflectit,
2000 606 2036 632 ut
2067 599 2171 643 paulo

1197 657 1273 694 post
1287 650 1436 684 dicetur.

1297 700 1365 733 Sed
1385 699 1522 739 Venus,
1548 711 1635 743 quae
1660 706 1692 732 et
1717 711 1840 742 corpus
1866 700 2033 741 grandius
2055 698 2174 740 habet,

1198 757 1230 783 et
1255 750 1451 794 plerunque
1476 761 1595 782 versus
1628 749 1898 792 septentrionem
1923 751 2030 792 magis
2055 750 2175 783 latitu-

1199 801 1280 833 dine
1306 812 1367 833 sua
1398 800 1565 838 declinat,
1607 806 1639 832 et
1667 799 1803 842 longius
1827 811 1844 831 a
1866 799 1947 832 Sole
1969 800 2175 842 digreditur,

1199 862 1335 893 semper
1352 851 1422 884 sere
1442 850 1628 893 conspicua
1647 856 1706 884 est.
1759 849 1833 882 Imo
1851 850 1942 893 quod
1970 851 2096 882 mirum
2115 857 2177 890 est,

1200 902 1389 945 aliquando
1404 913 1476 933 non
1496 907 1607 933 totum
1624 901 1771 932 biduum
1789 901 2007 940 obscuratur,
2035 901 2176 944 quando

1200 951 1273 984 Soli
1292 951 1518 993 coniungitur
1536 949 1668 982 habens
1689 950 1910 982 latitudinem
1929 961 2103 991 magnam,
2131 950 2179 983 ita

1200 1008 1238 1034 ut
1256 1002 1391 1043 vesperi
1416 1008 1493 1044 post
1523 1012 1681 1033 occasum
1708 1000 1800 1033 Solis
1833 1007 2034 1043 conspecta,
2069 1000 2180 1033 inter-

1203 1052 1297 1083 iectis
1314 1052 1449 1083 duabus
1474 1051 1656 1091 noctibus,
1684 1063 1763 1082 mox
1781 1050 1888 1082 altero
1908 1051 1963 1082 die
1979 1062 2080 1083 mane
2099 1057 2180 1083 ante

1202 1101 1294 1134 Solis
1319 1108 1434 1134 ortum
1460 1108 1632 1134 cernatur.
1704 1100 1799 1142 Quin
1825 1101 1949 1139 etiam,
1984 1101 2078 1145 quod
2103 1101 2181 1143 plus

1203 1159 1271 1191 est,
1314 1151 1351 1183 in
1386 1151 1590 1193 regionibus
1621 1151 1857 1183 serenioribus
1882 1151 1956 1182 fieri
1991 1151 2181 1194 aliquando

1204 1208 1334 1244 potest,
1369 1202 1516 1233 maxime
1543 1201 1630 1232 circa
1654 1201 1784 1243 primos
1811 1202 1937 1242 gradus
1960 1199 2109 1240 Arietis,
2143 1207 2182 1233 ut

1205 1252 1306 1284 initio
1325 1258 1357 1284 et
1373 1252 1441 1283 fine
1460 1251 1614 1283 eiusdem
1640 1251 1752 1283 noctis
1769 1257 1932 1283 cernatur
1949 1249 2088 1290 Venus,
2115 1247 2182 1283 hoc

1205 1308 1273 1341 est,
1309 1308 1346 1334 ut
1371 1308 1403 1334 et
1430 1302 1564 1345 vesperi
1593 1308 1669 1343 post
1695 1300 1787 1332 Solis
1811 1311 1968 1331 occasum
1996 1300 2183 1343 conspicua

1205 1353 1269 1391 sit,
1298 1358 1330 1384 et
1355 1352 1503 1384 eundem
1530 1356 1810 1393 praetercurrens
1839 1361 1940 1381 mane
1964 1357 2044 1383 ante
2068 1350 2182 1393 ipsum

1206 1400 1418 1433 exorientem
1458 1411 1576 1432 rursus
1610 1405 1773 1442 appareat
1811 1410 1914 1442 supra
1953 1387 2184 1434 borizontem.

1208 1450 1276 1484 Sed
1295 1451 1342 1482 ibi
1361 1461 1499 1482 necesse
1524 1457 1572 1482 est
1591 1456 1623 1482 et
1640 1448 1811 1481 Venerem
1832 1461 1902 1481 esse
1921 1449 1956 1481 in
1972 1450 2186 1493 septentrio—

1208 1501 1279 1532 nali
1305 1500 1491 1532 latitudine
1518 1500 1539 1532 6
1559 1511 1609 1542 gr.
1634 1500 1683 1533 20
1701 1500 1784 1532 min.
1809 1497 1959 1532 habente
1985 1500 2185 1539 minimum,

1209 1557 1240 1584 et
1259 1551 1468 1583 celeritatem
1494 1557 1608 1582 motus
1634 1551 1670 1581 in
1696 1549 1848 1594 epicyclo
1874 1550 2055 1590 accedere,
2081 1562 2186 1594 quam

1210 1599 1314 1634 habet
1332 1599 1452 1632 Venus
1469 1601 1556 1632 circa
1576 1600 1752 1643 perigeum
1779 1600 1924 1644 epicycli
1949 1600 2028 1633 ideo
2052 1600 2187 1644 praeci-

1210 1663 1293 1694 pue,
1329 1652 1421 1694 quod
1455 1650 1583 1683 diurno
1620 1650 1730 1682 motui
1759 1649 1904 1682 cheris
1931 1650 1967 1682 in
1995 1651 2063 1683 ima
2089 1657 2186 1694 parte

1210 1701 1353 1745 epicycli
1370 1701 1480 1732 multo
1505 1700 1615 1731 maius
1642 1700 1794 1742 spacium
1823 1700 1859 1731 in
1875 1701 1970 1733 coelo
1989 1702 2188 1744 respondet,

1210 1763 1313 1795 quam
1343 1751 1379 1782 in
1404 1762 1536 1782 summa
1563 1750 1706 1795 epicycli
1731 1750 1857 1793 apside.
1921 1749 2002 1792 Quo
2033 1757 2188 1795 ternpore

1211 1801 1313 1833 etiam
1345 1812 1470 1843 corpus
1496 1800 1605 1842 ipsius
1635 1801 1801 1841 grandius
1833 1800 1971 1834 videtur
2006 1807 2037 1834 et
2068 1802 2188 1834 lumen

1210 1851 1410 1893 fulgentius.
1464 1849 1559 1883 Idem
1586 1852 1627 1882 de
1646 1850 1745 1882 Luna
1772 1850 1920 1890 dicitur,
1947 1851 2040 1894 quod
2067 1852 2188 1884 eodem

1211 1901 1267 1933 die
1285 1913 1374 1933 nova
1393 1908 1425 1934 et
1443 1907 1540 1933 vetus
1563 1900 1716 1942 conspici
1742 1900 1867 1942 possit,
1896 1895 2188 1935 concurrentibus

1212 1952 1376 1983 omnibus
1404 1950 1534 1988 causis,
1562 1950 1814 1992 apparitionem
1842 1950 1914 1982 eius
1941 1952 2089 1994 primam
2116 1964 2189 1984 ma-

1212 2002 1410 2034 turantibus
1436 2008 1511 2044 post
1535 2001 1833 2039 coniunctionem,
1867 2001 1909 2033 de
1934 2001 2062 2045 quibus
2086 2013 2190 2045 supra

1212 2052 1342 2084 dictum
1362 2058 1421 2085 est.

1314 2101 1381 2134 Sed
1402 2100 1457 2133 bic
1475 2101 1576 2133 etiam
1603 2107 1699 2133 ortus
1727 2107 1757 2133 et
1777 2111 1917 2133 occasus
1933 2100 2190 2144 discernuntur,

1187 2183 1188 2187 ,
1212 2164 1284 2185 non
1302 2149 1428 2184 horum
1453 2158 1589 2184 tantum
1609 2150 1832 2184 Planetarum
1857 2163 1975 2188 causa,
2001 2152 2059 2184 sed
2088 2153 2189 2186 etiam

1215 2203 1320 2235 trium
1347 2202 1579 2246 superiorum.
1634 2199 1791 2234 Primum
1817 2209 1931 2234 autem
1957 2202 1999 2234 de
2020 2203 2189 2236 vocabulo

1214 2253 1380 2285 monendi
1399 2259 1480 2285 sunt
1497 2251 1670 2290 iuniores,
1697 2258 1735 2284 ut
1758 2251 1867 2285 sciant
1883 2248 1940 2284 hic
1956 2258 2053 2285 ortus
2070 2254 2190 2297 appel—

1214 2303 1279 2335 lari
1295 2303 1532 2346 apparitiones
1551 2301 1697 2344 primas,
1723 2313 1781 2334 seu
1807 2313 1916 2335 novas
1933 2313 2051 2335 earum
2070 2304 2189 2336 stella-

1215 2365 1292 2385 rum
1304 2380 1312 2393 ‚
1339 2365 1426 2397 quae
1441 2351 1645 2395 aliquandiu
1662 2352 1768 2384 radiis
1785 2351 1877 2385 Solis
1894 2352 2097 2386 obscuratae
2113 2353 2192 2387 fue-

1214 2409 1307 2442 rant,
1333 2415 1419 2447 quos
1438 2408 1534 2434 ortus
1548 2413 1642 2434 nunc
1662 2413 1751 2435 nova
1771 2415 1853 2436 voce
1871 2404 1909 2436 in
1923 2399 2052 2435 scholis
2070 2404 2190 2449 appel-

1215 2453 1287 2485 lant
1314 2450 1477 2486 helisaeos.

1318 2502 1375 2536 Sic
1409 2503 1511 2535 etiam
1545 2503 1697 2544 cogitent
1729 2513 1869 2535 occasus
1894 2499 1950 2534 hic
1974 2503 2044 2536 dici
2069 2516 2188 2539 earum

1217 2553 1412 2592 stellarum,
1440 2564 1528 2596 quae
1543 2552 1722 2597 aliquanto
1741 2558 1821 2585 ante
1839 2563 1943 2595 supra
1970 2550 2190 2590 horizontem

1217 2615 1318 2636 mane
1336 2603 1391 2635 vel
1409 2603 1544 2647 vesperi
1569 2603 1774 2647 conspicuae
1798 2602 1954 2641 fuerant,
1980 2604 2108 2647 primas
2130 2618 2191 2640 seu

1217 2665 1326 2687 novas
1343 2653 1624 2697 obscurationes,
1647 2652 1845 2687 evenientes
1869 2653 1915 2686 ob
1938 2665 2111 2688 accessum
2135 2657 2189 2690 vel
