2379 2948
149 87 250 126 1165

739 88 802 124 lx.
854 86 1220 125 COMMENTARII
1246 87 1296 123 IN
1323 86 1566 124 PSALMOS.

2090 88 2190 123 1166

145 182 262 210 autem
285 175 323 208 in
346 172 402 209 his
420 175 644 221 quotidianis
667 177 836 221 periculis
854 188 1012 210 exercere
1028 177 1145 216 fidem,
1170 181 1173 216 Ι
1197 175 1260 221 qui
1286 175 1360 219 ipse
1383 176 1431 209 sic
1454 175 1587 221 inquit:
1622 174 1750 209 Venite
1776 177 1820 209 ad
1843 187 1898 209 me
1921 187 2042 210 omnes
2060 176 2122 223 qui
2137 177 2189 211 Ia-

143 226 409 260 invocationem
445 234 478 261 et
509 239 623 271 spem,
660 236 821 272 petamus
859 235 892 262 et
924 235 1145 271 expectemus
1196 227 1330 260 boratis
1348 233 1381 260 et
1403 227 1538 260 onerati
1557 227 1656 266 estis,
1683 238 1746 270 ego
1771 227 1924 261 reficiam
1950 239 2024 263 vos.

143 278 317 312 auxilium
335 285 368 312 et
387 278 629 312 defensionem
647 291 665 312 a
682 278 775 312 Filio
793 279 871 320 Dei,
900 290 933 311 et
945 279 1143 312 doctrinam

1300 278 1398 320 Quid
1428 278 1599 311 vocabulo
1631 278 1712 311 fidei
1736 278 2007 321 intelligendum
2038 277 2081 310 sit
2103 278 2189 311 alibi

143 329 203 374 pie
228 340 415 370 sonemus,
449 341 515 362 nec
545 329 754 363 misceamus
787 330 934 363 consilia
964 330 1008 363 de
1041 330 1144 364 novis
1168 366 1171 381 Κ
1194 340 1297 373 saepe
1312 329 1459 369 dicitur,
1489 341 1568 362 cum
1586 329 1694 372 igitur
1711 327 1807 362 hunc
1825 329 2006 362 Psalmum
2031 328 2190 371 legimus,

143 380 306 426 imperiis
324 380 592 414 constituendis.

247 428 439 464 Dominus
456 443 480 464 α
498 428 639 464 dextris
656 429 743 471 iuis,
772 431 808 464 id
827 438 887 473 est,
915 431 1064 465 Messias
1081 433 1142 477 qui

145 489 196 517 est
212 484 258 516 ad
277 484 437 517 dextram
453 482 588 516 aeterni
606 481 726 526 patriS‚
753 482 845 516 sicut
863 490 895 516 et
912 494 1017 527 supra
1035 484 1142 517 dixit:

144 534 236 569 Sede
261 546 280 567 a
307 534 438 567 dextris
463 532 568 573 meis,
596 532 633 565 id
658 539 725 574 est,
752 545 902 576 regnans
932 535 1052 567 eadem
1078 547 1142 578 po-

143 585 256 619 tentia
274 596 354 618 cum
371 591 488 628 patre,
516 581 574 616 hic
601 584 747 629 inquam
767 584 915 618 Messias
936 586 1057 618 divina
1076 599 1142 629 po-

143 637 255 669 tentia
288 635 460 680 percutiet
491 646 588 678 reges
616 635 784 670 defendet
817 643 850 670 et
882 637 1047 670 liberabit
1075 636 1142 670 Ec-

144 687 299 722 clesiam.

248 734 426 770 Perculiet
459 740 567 783 caput
600 749 777 782 magnum
803 735 841 769 in
866 741 983 779 terra,
1015 739 1050 771 id
1080 745 1142 779 est,

144 800 282 822 summa
308 787 476 831 imperia,
512 788 693 828 diabolos,
730 796 762 821 et
787 789 861 822 eius
892 801 1024 833 organa
1053 801 1142 834 pug—

143 840 264 873 nantia
283 850 363 871 cum
381 837 575 881 Evangelio
594 846 626 873 et
646 840 754 873 verbo
773 840 858 872 eius.

243 895 306 930 ,De
323 900 479 930 torrente
499 897 537 930 ιή
557 898 615 931 cia
643 897 754 940 bibet,
781 899 909 932 usitata
926 897 1064 943 phrasis
1081 906 1142 940 est,

142 949 265 984 bibere
282 948 426 982 calicem
451 961 515 992 pro
534 949 663 992 affligi,
690 957 729 983 ut
755 949 858 983 Mati.
878 951 955 983 20,;
991 950 1142 984 Potestis

142 1001 265 1034 bibere
284 999 427 1032 calicem
452 1012 557 1045 quem
575 1012 637 1044 ego
662 1001 804 1042 bibam,
832 1002 878 1034 ita
898 999 955 1035 hic
973 1001 1142 1035 brevissi-

141 1063 199 1085 me
218 1051 353 1084 dictum
373 1058 424 1084 est
442 1051 485 1084 de
502 1052 679 1096 passione.

243 1107 293 1143 In
312 1108 389 1148 cia,
419 1109 455 1143 id
481 1117 550 1151 est,
577 1111 614 1143 in
632 1109 697 1144 bac
718 1111 787 1145 vita
814 1119 848 1145 et
876 1111 914 1144 in
939 1110 1140 1145 ministerio

142 1161 329 1196 sacerdotii
346 1167 427 1194 ante
447 1162 754 1205 glorificationem.

242 1218 352 1253 Bibet
371 1217 413 1253 de
432 1223 605 1262 torrente,
634 1222 670 1254 id
688 1229 757 1262 est,
784 1222 936 1264 gustabit
954 1234 1027 1254 non
1047 1222 1140 1255 leves

141 1271 371 1312 afflictiones,
406 1272 465 1304 sed
489 1272 552 1305 illo
579 1284 706 1316 magno
735 1280 892 1307 torrente
917 1273 1141 1317 opprimetur

142 1336 214 1369 quo
230 1323 404 1366 mergitur
418 1329 532 1356 totum
550 1335 661 1366 genus
680 1321 888 1364 humanum,
916 1324 951 1356 id
973 1331 1034 1361 est,
1063 1335 1140 1357 sus—

141 1374 271 1408 tinebit
294 1371 509 1406 horrendam
538 1374 626 1406 iram
649 1373 733 1414 Dei,
762 1381 794 1407 et
821 1380 971 1408 mortem
997 1387 1060 1418 pro
1080 1386 1138 1418 ge-

141 1437 225 1458 nere
243 1422 401 1458 humano
414 1451 423 1465 ,
451 1425 510 1457 sed
530 1431 610 1468 post
626 1422 693 1458 hoc
707 1425 911 1458 mirandum
927 1426 1138 1459 sacrificium

140 1475 375 1509 inenarrabili
393 1475 565 1519 sapientia
584 1474 652 1509 Dei
671 1477 888 1512 ordinatum.

243 1533 331 1582 Ipse
350 1531 536 1567 exaltabit
557 1539 686 1580 caput,
713 1536 750 1568 id
774 1542 841 1576 est,
869 1535 991 1569 divina
1011 1542 1139 1579 poten-

141 1587 189 1621 tia
211 1586 286 1631 ipse
308 1598 348 1618 ex
370 1592 484 1618 morte
508 1593 682 1628 resurget,
715 1586 806 1619 sicut
831 1586 915 1619 dicit
936 1586 1033 1622 Ioan.
1063 1588 1137 1620 10.:

140 1637 267 1672 Habeo
292 1642 499 1681 potestatem
522 1648 655 1680 ponere
678 1637 833 1670 animam
858 1649 993 1675 meam,
1021 1644 1054 1671 et
1072 1635 1137 1671 ha-

140 1690 208 1723 beo
225 1694 430 1733 potestatem
448 1687 605 1731 recipere
628 1699 715 1723 earn.

396 1788 667 1835 Applicatio
705 1788 887 1825 Psalmi.

244 1856 399 1902 Reliqua
417 1863 469 1891 est
486 1857 684 1890 admonitio
705 1858 748 1890 de
764 1857 1020 1900 applicatione,
1049 1869 1138 1902 quo-

141 1910 208 1945 ties
233 1908 392 1942 narratio
417 1909 460 1941 de
485 1907 618 1941 blessia
643 1908 681 1940 in
705 1907 854 1940 Psalmis
873 1908 1052 1951 proposita
1078 1915 1138 1949 est,

142 1961 250 1995 simul
267 1960 494 2003 cogitandum
514 1966 564 1991 est
582 1960 624 1992 de
644 1959 897 2003 applicatione,
925 1960 969 1992 de
993 1971 1061 2004 qua
1081 1960 1138 1992 in-

142 2013 283 2047 terdum
302 2021 463 2054 expressa
479 2010 572 2043 dicta
587 2011 624 2042 in
643 2010 727 2054 ipsis
741 2009 890 2042 Psalmis
907 2010 1026 2043 addita
1043 2018 1138 2052 sunt,

142 2069 182 2097 ut
200 2062 341 2096 Psalmo
358 2062 409 2095 2:
438 2059 665 2095 Osculamini
693 2061 837 2094 Filium.
890 2060 990 2094 Beati
1017 2073 1138 2095 omnes

143 2114 207 2160 qui
230 2113 415 2146 confidunt
437 2112 475 2145 in
493 2125 546 2146 eo.
597 2111 645 2146 Et
663 2112 776 2145 sicubi
795 2124 869 2144 non
890 2124 1051 2156 expresse
1074 2114 1138 2146 ad-

143 2166 218 2199 dita
236 2171 304 2204 est,
332 2170 451 2196 tamen
474 2163 592 2207 regula
618 2164 791 2207 generalis
810 2164 962 2196 tenenda
981 2170 1029 2196 est
1054 2176 1137 2208 pro-

143 2215 349 2250 missionem
374 2221 538 2258 oportere
562 2215 630 2248 fide
654 2215 783 2258 accipi,
811 2222 849 2248 ut
865 2213 973 2250 Rom.
993 2214 1026 2249 4.
1046 2216 1137 2248 dici·
1162 2223 1163 2252 ξ

143 2275 220 2310 tur,
249 2273 283 2299 et
307 2264 507 2309 saepissime
533 2266 620 2300 alibi
642 2267 810 2310 repetitae
843 2273 925 2298 sunt
949 2266 1138 2299 conciones
1162 2287 1163 2290 =

144 2320 188 2352 de
205 2318 294 2358 fide,
320 2324 360 2350 ut
377 2315 521 2349 Ioannis
539 2317 590 2351 35
621 2317 680 2351 Sic
696 2316 792 2351 Deus
811 2317 934 2350 dilexit
952 2319 1138 2357 mundum,
1161 2307 1163 2332 ἶ
1190 2315 1223 2342 et
1248 2320 1364 2341 secum
1393 2318 1588 2351 congruens
1610 2306 1782 2339 sententia
1807 2306 1962 2338 inveniri
1994 2305 2122 2349 possit,
2150 2311 2184 2338 et

144 2376 184 2404 ut
194 2369 329 2403 Filium
347 2379 450 2401 suum
467 2368 690 2411 unigenitum
708 2368 862 2409 dederit,
889 2375 927 2401 ut
944 2369 1060 2401 omnis
1076 2369 1137 2413 qui
1189 2366 1228 2393 1¹1
1247 2359 1315 2403 ἰΡεἰ
1333 2369 1562 2402 agno-“camus
1586 2357 1629 2389 ad
1655 2368 1759 2401 quem
1777 2369 1880 2391 u⁵um
1899 2363 2078 2393 ¹¹⁰⁵¹sum³
2108 2356 2182 2389 ⁵5¹¹-

144 2421 255 2455 credit
272 2420 309 2452 in
326 2431 406 2453 eum
426 2430 500 2452 non
516 2426 652 2462 pereat,
679 2420 737 2452 sed
754 2417 879 2453 habeat
897 2420 1003 2452 vitam
1025 2427 1137 2453 aeter-
1161 2409 1163 2440 ἶ
1189 2411 1262 2454 gun
1279 2409 1409 2443 psalmi
1429 2408 1663 2444 transterendi
1684 2407 1764 2442 Sint·

143 2484 228 2506 nam
251 2478 316 2506 etc.
372 2469 491 2513 Quare
516 2481 652 2515 semper
673 2470 764 2504 lecta
787 2471 990 2504 narratione
1008 2471 1050 2504 de
1077 2472 1137 2504 be-

144 2523 279 2557 neficiis
295 2521 520 2561 mediatoris,
545 2521 694 2554 sciamus
711 2522 907 2555 faciendam
929 2534 1001 2555 esse
1023 2522 1138 2566 appli-

145 2574 331 2614 cationem,
360 2584 428 2618 qua
446 2579 576 2606 statuas
594 2570 679 2605 haec
696 2572 852 2614 ingentia
869 2573 1036 2606 beneficia
1057 2585 1138 2606 vere

144 2626 186 2659 ad
206 2632 240 2659 te
256 2636 397 2670 quoque
413 2624 609 2668 pertinere,
636 2623 701 2656 tibi
726 2635 867 2668 quoque
887 2622 983 2657 hunc
999 2625 1138 2657 redem-

144 2682 259 2710 torem
293 2682 327 2710 et
350 2675 561 2709 salvatorem
588 2674 753 2716 missum,
787 2681 821 2708 et
850 2675 1022 2709 donatum
1054 2687 1138 2715 esse,

1194 379 1408 414 exuscitetur
1424 380 1528 420 fides,
1552 391 1782 422 agnoscamus
1799 380 1932 414 Filium
1948 379 2014 414 Dei
2038 390 2189 422 regnan-

1195 438 1262 465 tem
1287 435 1331 464 ad
1354 432 1511 465 dextram
1541 431 1674 464 aeterni
1697 432 1805 474 patris
1830 432 1934 465 nobis
1954 431 2188 465 constitutum

1194 494 1266 516 esse
1292 483 1508 515 sacerdotem
1530 488 1563 515 et
1590 493 1726 523 regem,
1755 483 1924 515 sacrificio
1944 482 2054 526 ipsius
2072 481 2187 526 placa—

1195 540 1265 566 tam
1290 545 1362 566 esse
1390 533 1478 565 iram
1511 533 1644 565 aeterni
1668 534 1793 576 patris,
1828 545 1892 576 per
1922 534 2039 577 ipsum
2065 538 2188 566 contra

1194 585 1331 618 furores
1357 584 1492 617 diaboli
1517 584 1656 627 excerpi
1680 595 1720 616 ex
1739 595 1864 627 genere
1889 581 2045 617 humano
2063 590 2096 617 et
2115 583 2188 615 col-

1194 636 1255 679 ligi
1279 648 1318 669 ac
1343 635 1485 668 defendi
1502 634 1714 675 Ecclesiam,
1743 641 1775 668 et
1800 635 1830 667 ei
1853 634 1992 668 restitui
2013 633 2187 668 iusticiam

1193 693 1226 720 et
1256 687 1364 720 vitam
1400 693 1578 720 aeternam
1614 685 1717 718 valde
1755 685 1919 718 mirando
1956 686 2084 726 modo,
2126 696 2188 728 per

1193 737 1378 781 Evangelii
1409 736 1727 781 praedicationem,
1761 736 1855 769 inter
1889 736 2045 779 ingentia
2077 741 2187 768 certa-

1195 788 1309 832 mina,
1345 789 1493 821 insidias
1522 788 1750 821 diabolorum
1784 793 1817 820 et
1847 787 1984 819 furores
2016 794 2187 832 tyranno-

1194 852 1293 879 rum,
1321 846 1354 872 et
1377 839 1466 872 velle
1493 851 1573 871 eum
1594 845 1633 872 ut
1654 838 1722 870 fide
1746 835 1831 871 haec
1853 838 2022 871 beneficia
2038 844 2077 871 tu
2096 848 2188 882 quo-

1194 903 1262 935 que
1286 891 1447 935 accipias.
1505 889 1581 923 Hac
1599 889 1705 922 erecti
1728 889 1969 922 consolatione
1989 887 2187 921 invocatio—

1194 954 1273 974 nem
1308 948 1339 975 et
1372 941 1564 985 gratiarum
1596 940 1769 974 actionem
1804 941 2055 982 adiungamus,
2092 946 2124 972 et
2148 939 2185 970 in

1195 991 1267 1025 Deo
1293 1000 1437 1036 propter
1461 992 1691 1025 mediatorem
1717 991 1996 1036 acquiescamus,
2024 990 2119 1024 iuxta
2142 989 2187 1021 il-

1194 1044 1272 1077 lud:
1303 1043 1481 1077 Iustilicati
1505 1044 1573 1076 fide
1597 1054 1715 1086 pacem
1744 1039 1927 1077 habemus.
1982 1041 2087 1075 Item:
2118 1038 2187 1072 Per

1194 1092 1288 1127 hunc
1307 1092 1480 1127 habemus
1498 1106 1671 1127 accessum
1697 1093 1734 1125 in
1756 1093 1882 1126 fiducia
1902 1105 1964 1136 per
1985 1093 2088 1126 fidem
2108 1089 2187 1124 Iesu

1194 1143 1338 1180 Christi.
1394 1144 1489 1178 Haec
1516 1145 1552 1177 in
1580 1144 1753 1178 exercitiis
1772 1143 2011 1188 poenitentiae
2034 1149 2067 1176 et
2083 1142 2187 1174 invo-

1193 1197 1341 1230 cationis
1359 1196 1564 1235 discuntur,
1591 1207 1679 1240 quae
1703 1195 1846 1239 quidem
1866 1195 2005 1227 assidua
2034 1205 2106 1226 esse
2124 1193 2186 1225 de—

1193 1248 1295 1289 bent,
1331 1259 1467 1280 summa
1495 1247 1589 1279 enim
1616 1254 1648 1280 et
1681 1253 1834 1278 extrema
1858 1246 2000 1278 miseria
2033 1251 2082 1277 est
2111 1243 2186 1276 sine

1193 1298 1410 1342 poenitentia
1428 1306 1596 1342 tanquam
1612 1295 1748 1330 hostem
1760 1295 1826 1330 Dei
1839 1303 1872 1329 et
1888 1297 2064 1329 abiectum
2080 1307 2098 1328 a
2109 1293 2185 1327 Deo

1192 1350 1323 1384 vivere.
1386 1348 1483 1383 Haec
1513 1361 1613 1391 saepe
1645 1348 1830 1390 cogitanda
1857 1354 1959 1388 sunt,
1992 1354 2032 1379 ut
2055 1358 2120 1379 nos
2142 1346 2185 1378 ad

1192 1400 1355 1433 exercitia
1392 1400 1648 1444 poenitentiae,
1688 1398 1770 1431 fidei
1803 1404 1835 1431 et
1862 1397 2098 1431 invocationis
2129 1407 2186 1428 ex-

1191 1451 1393 1485 uscitemus.

1327 1570 1665 1615 Argumentum
1701 1579 1752 1601 ac
1789 1567 2050 1612 dispositio

1531 1636 1688 1676 Psalmi
1735 1635 1848 1678 CXI.

1244 1722 1400 1754 Gratias
1419 1731 1486 1766 ‘¹90
1512 1719 1581 1754 tibi
1605 1721 1766 1754 Domine
1792 1725 1867 1755 toto
1891 1719 1998 1755 corde
2018 1731 2119 1763 meo,
2147 1722 2185 1754 in

1244 1773 1400 1805 concilio
1423 1776 1460 1805 et
1482 1776 1585 1805 coetu
1605 1774 1785 1806 iustorum
1805 1777 1877 1806 etc.

1294 1847 1406 1891 Saepe
1420 1848 1608 1891 repetenda
1631 1854 1681 1881 est
1699 1848 1896 1881 admonitio
1917 1849 1961 1881 de
1981 1847 2186 1881 discernen-

1191 1898 1244 1932 dis
1262 1899 1450 1941 generibus
1475 1910 1536 1931 seu
1555 1898 1772 1941 argumentis
1796 1897 2042 1939 psalmorum,
2071 1905 2111 1933 ut
2129 1898 2186 1930 in-

1191 1950 1303 1993 telligi
1328 1950 1438 1993 possit
1462 1962 1532 1995 quo
1556 1949 1724 1990 consilio,
1753 1956 1786 1983 et
1805 1950 1848 1983 ad
1868 1962 1973 1995 quem
1991 1961 2094 1983 usum
2111 1949 2185 1982 sin-

1191 2001 1264 2045 guli
1283 2001 1405 2045 scripti
1422 2000 1505 2035 sint.
1556 1998 1639 2032 Dixi
1658 2007 1773 2034 autem
1795 2001 1884 2034 alios
1908 2012 1981 2034 esse
2008 2000 2187 2040 vaticinia,

1191 2059 1222 2086 et
1246 2064 1366 2085 vocem
1389 2052 1568 2096 propriam
1596 2048 1783 2094 Evangelii
1817 2053 1861 2084 de
1886 2051 2016 2085 Messia
2049 2058 2081 2084 et
2111 2051 2186 2084 eius

1162 2110 1164 2126 =¹
1190 2104 1387 2143 beneficiis,
1422 2103 1509 2136 alios
1543 2113 1615 2135 esse
1640 2102 1829 2135 conciones
1860 2103 1965 2145 legis,
2001 2102 2089 2135 alios
2114 2112 2185 2134 esse

1191 2154 1452 2188 consolationes
1488 2160 1548 2187 aut
1582 2154 1819 2197 precationes,
1870 2154 1958 2186 alios
1992 2153 2183 2196 gratiarum

1191 2206 1365 2248 actiones,
1416 2212 1448 2238 et
1483 2203 1569 2237 haec
1603 2216 1729 2246 genera
1764 2205 1945 2237 interdum
1980 2204 2185 2237 miscentur.

1189 2256 1339 2290 Prodest
1356 2262 1472 2290 autem
1490 2254 1574 2288 haec
1593 2255 1793 2297 diligentia,
1822 2261 1854 2289 et
1878 2262 1916 2288 ut
1933 2267 2002 2288 una
2023 2255 2184 2298 simplex,

1292 2469 1453 2503 Primum
1475 2468 1583 2512 igitur
1607 2466 1789 2500 sciendum
1816 2475 1867 2501 est
1886 2465 1982 2500 hunc
2000 2465 2180 2499 Psalmum

1190 2533 1263 2555 esse
1285 2521 1480 2564 simplicem
1504 2518 1694 2563 gratiarum
1720 2518 1917 2559 actionem,
1944 2518 1980 2551 id
2000 2524 2070 2558 est,
2097 2529 2181 2550 nar-

1160 2569 1163 2576 *
1189 2573 1362 2607 rationem
1387 2573 1430 2604 de
1452 2570 1555 2603 certis
1579 2568 1756 2602 beneficiis
1787 2567 1872 2608 Dei,
1901 2581 2007 2615 quam
2037 2575 2181 2612 apparet

1188 2625 1233 2657 ad
1257 2635 1359 2656 usum
1389 2621 1570 2665 publicum
1593 2620 1630 2652 in
1664 2626 1765 2653 coetu
1792 2620 1917 2665 populi
1949 2620 2180 2664 compositam

1189 2686 1272 2708 esse.
1329 2671 1414 2717 Agit
1440 2671 1549 2716 igitur
1571 2670 1698 2715 gratias
1717 2669 1812 2714 Deo,
1847 2672 1883 2705 id
1904 2678 1974 2711 est,
2009 2676 2129 2704 narrat
2147 2676 2181 2704 et
