2379 2948
115 63 213 100 121⁷
709 59 771 96 lx.
823 56 1187 94 COMMENTARII
1224 56 1275 92 IN
1311 56 1555 95 PsALMOS.
2045 66 2143 100 1218

109 147 254 189 rientia‚
284 155 402 182 tamen
416 146 497 181 sciri
517 147 682 181 mandata
700 144 767 179 Dei
791 152 825 180 et
844 144 1097 189 promissiones
1258 141 1420 178 Iuniores
1436 145 1661 181 considerent
1681 143 1847 192 phrasin:
1881 146 1929 182 Si
1945 148 2140 184 introivero

109 206 261 244 oportet.
324 198 538 232 Mandatum
573 205 624 231 est
656 197 785 233 Psalin.
820 197 901 230 37.:
943 194 1095 239 Expecta
1153 194 1191 227 in
1210 193 1491 229 tabernaculum
1522 194 1651 230 domus
1673 209 1784 234 meae.
1838 197 1934 234 Haec
1959 203 2139 236 conditio—

108 251 308 284 Dominum
325 257 358 284 et
375 250 513 284 custodi
531 249 604 282 vias
620 249 713 289 eius,
747 248 884 282 declina
903 260 920 280 a
945 248 1038 280 malo
1062 253 1097 280 et
1122 283 1123 287 Ἰ
1151 247 1242 279 nalis
1260 246 1295 278 in
1313 246 1520 281 iuramentis
1539 249 1665 282 usitata
1684 256 1733 283 est
1752 262 1814 294 pro
1834 251 2015 295 negativa,
2039 260 2073 287 et
2089 260 2140 287 est

107 303 162 335 fac
193 303 337 337 bonum.
407 300 616 334 promissio:
653 298 871 333 Commenda
900 297 974 331 Deo
1002 298 1094 330 viam
1150 309 1285 331 summa
1303 299 1512 339 sententiae,
1546 299 1626 333 Non
1648 301 1825 346 quiescam
1846 303 1963 336 donec
1987 305 2139 337 condam

109 360 224 393 tuam,
253 360 285 386 et
303 364 402 396 spera
419 352 457 384 in
475 363 572 391 eum,
600 357 633 384 et
649 349 721 394 ipse
735 350 849 385 faciet.
904 348 1008 382 Item:
1040 348 1095 382 la·
1150 349 1334 393 templum.
1386 348 1524 383 Petenti
1540 357 1656 384 autem
1670 352 1758 385 facta
1777 360 1828 387 est
1852 354 2040 398 promissio
2063 355 2139 389 fore

108 411 161 437 cta
180 404 218 436 in
236 404 353 438 Deum
372 414 490 436 curam
508 408 604 434 tuam
617 428 626 445 ,
662 408 695 435 et
720 401 792 445 ipse
816 407 849 434 te
872 399 1094 434 sustentabit.
1151 407 1189 433 ut
1205 412 1267 444 per
1284 400 1397 432 filium
1416 402 1600 434 condatur.

107 456 212 488 Item:
249 454 318 488 Pax
344 454 409 488 Dei
433 458 554 496 regnet
580 452 617 484 in
644 452 811 485 cordibus
840 451 977 486 vestris.
1038 451 1093 484 Ad
1253 449 1422 495 Sequitur
1446 452 1640 494 gratiarum
1664 453 1772 486 actio:
1809 452 1901 488 Ecce
1924 455 2136 491 audivimus

107 504 171 539 has
189 505 380 539 sententias
397 511 430 538 et
449 502 505 536 hic
520 502 679 536 Psalmus
698 503 1018 536 accommodandus
1035 509 1095 543 est,
1150 514 1248 540 eum,
1283 501 1320 535 id
1343 509 1411 543 est,
1446 503 1618 536 laetamur
1638 516 1711 537 esse
1740 506 1923 539 conditum
1951 510 2137 553 templum,

107 558 144 589 in
164 569 234 602 quo
254 554 430 600 Propheta
447 555 592 588 eandem
612 554 810 589 doctrinam
831 555 866 587 in
885 565 948 587 suo
977 566 1094 587 exem·
1150 553 1328 586 conditam
1348 554 1493 586 domum
1511 553 1671 590 Domini.
1720 552 1770 588 In
1787 553 1985 603 Ephrata,
2021 560 2055 593 id
2076 567 2137 600 est,

107 608 187 652 plo,
223 608 294 640 imo
318 607 503 640 universae
524 603 699 639 Ecclesiae
725 606 884 650 exemplo
912 605 1094 649 proponit,
1150 616 1211 662 per
1223 601 1480 648 Ephrataeum,
1509 605 1652 649 stirpem
1663 606 1820 648 Davidis‚
1848 608 1947 642 cuius
1964 612 2060 644 sedes
2071 611 2136 645 fuit

109 667 141 692 et
172 659 209 691 in
234 658 362 691 nostris
385 657 569 690 doloribus
597 655 687 690 haine
713 657 910 690 doctrinam
937 668 1095 689 exercere
1151 656 1186 688 in
1205 652 1434 694 Bethlehem,
1463 668 1552 701 quae
1570 658 1777 691 nominatur
1792 657 1962 702 Ephrata.

108 710 304 749 discamus,
340 720 403 741 nec
427 709 610 742 turbemus
634 707 828 741 Ecclesiam
851 708 988 741 incitati
1021 719 1093 740 am·
1251 703 1486 740 Inveniemus
1505 718 1583 740 eum
1599 707 1640 740 in
1656 707 1755 754 iugis
1771 707 1915 754 sylvae,
1941 713 1976 746 id
1993 720 2063 754 est,
2081 714 2135 747 in-

106 761 261 801 bitione,
290 759 513 799 curiositate,
541 759 735 806 cupiditate
763 759 961 796 vindictae,
989 766 1021 792 et
1049 759 1095 791 si—
1150 765 1202 791 ter
1219 757 1346 790 oliveta
1366 759 1401 790 in
1422 757 1521 791 Sion.

107 812 252 844 milibus
269 811 443 850 motibus,
475 811 584 844 simus
601 810 765 844 ablactati
783 810 884 850 tales,
904 811 946 842 de
965 810 1095 854 quibus
1253 805 1499 841 Introibimus
1524 809 1561 841 in
1587 808 1865 845 tabernaculum
1888 811 1983 855 elus,
2016 813 2051 846 id
2077 822 2138 852 est,

106 863 193 896 dicit
211 859 349 895 Esaias:
386 861 501 904 Quem
522 862 661 895 docebit
679 861 886 894 scientiam?
924 861 1095 894 Ablacta-
1152 859 1324 892 laetamur
1349 858 1543 893 Ecclesiam
1573 872 1645 893 esse
1679 864 1908 904 concordem,
1946 865 2137 899 convenire

107 920 161 947 tos
179 926 196 946 a
214 913 322 954 lacte,
350 913 490 946 avulsos
508 913 552 946 ab
570 913 761 957 uberibus,
791 920 854 948 etc.
1123 933 1125 943 .
1152 911 1188 943 iii
1205 917 1338 944 certum
1359 911 1494 952 locum,
1523 908 1683 945 habitare
1700 915 1742 946 ad
1762 921 1891 948 certam
1907 917 2035 949 sedem.

1255 959 1508 995 Adorabz'mus
1523 960 1578 995 ad
1593 961 1794 997 scabellum
1816 964 1948 1012 pedum
1972 967 2065 1006 eius,
2101 968 2138 1002 id

1153 1020 1220 1051 est,
1256 1014 1298 1046 ad
1320 1014 1627 1058 propiciatorium,
1663 1016 1758 1060 quod
1775 1025 1847 1051 erat
1863 1018 1960 1050 sedes
1978 1018 2061 1060 Dei,
2095 1020 2139 1052 de

246 1030 588 1080 Arynmenfum
619 1044 668 1065 “c
692 1031 953 1076 disposztlo
1153 1076 1223 1109 quo
1248 1071 1322 1098 erat
1347 1065 1517 1099 traditum
1549 1066 1777 1108 mandatum,
1820 1066 1935 1101 Deum
1968 1069 2019 1102 ibi
2050 1070 2140 1104 velle

394 1101 554 1141 Psalmi
584 1098 808 1142 CXXXII.
1154 1115 1331 1156 invocari,
1358 1122 1391 1149 et
1410 1115 1523 1150 Deum
1543 1116 1592 1149 ibi
1609 1118 1856 1152 exauditurum
1877 1131 1960 1155 esse.

483 1184 625 1208 Gradiuum
645 1183 719 1206 xm.
1256 1165 1399 1211 Repetit
1423 1168 1645 1211 petitionem:
1690 1166 1808 1215 Surge
1831 1167 1995 1204 Domine
2021 1170 2059 1205 in
2087 1182 2141 1205 re-

156 1238 343 1271 DIemento
374 1236 536 1269 Domine
565 1235 709 1278 David,
744 1240 779 1269 el
810 1238 1009 1270 universae
1037 1233 1100 1280 af-
1154 1229 1272 1264 ‘smem
1291 1222 1411 1257 ‘Ham’
1442 1220 1475 1251 'd
1498 1226 1566 1259 ‘³⁵¹’
1599 1218 1635 1251 in
1655 1231 1770 1252 arcam
1791 1227 1905 1262 ‘uam’
1940 1224 2059 1256 sedeas‘
2081 1235 2141 1257 ⁵¹¹·

154 1287 340 1334 'ficu-onis
366 1289 461 1321 eiu&
1156 1281 1217 1312 pra
1238 1267 1348 1309 lianc,
1377 1269 1410 1302 id
1431 1277 1499 1309 est,
1528 1271 1677 1303 ascende
1695 1271 1731 1303 in
1751 1269 1841 1305 hanc
1858 1285 1994 1315 arcam,
2025 1285 2140 1308 serves

1155 1332 1192 1352 ac
1211 1321 1380 1354 defendas
1403 1318 1494 1354 lianc
1510 1319 1718 1357 Ecclesiam.
1766 1322 1984 1366 Quomodo?
2010 1323 2142 1359 Sacer-

208 1353 275 1387 H¹c
308 1353 471 1386 psalmus
505 1359 665 1386 comm&
707 1360 810 1386 mmo
849 1360 1100 1397 precanonem'
1155 1368 1254 1404 doles
1271 1370 1328 1404 tui
1354 1368 1562 1404 induantur
1588 1372 1757 1411 iusticia,
1794 1374 1958 1408 videlicet
1982 1376 2141 1410 ministe-

104 1406 235 1440 deinde
252 1404 445 1448 gratiarum
466 1404 662 1445 actionem,
704 1411 823 1448 postea
842 1412 874 1438 et
891 1404 1099 1448 promissio-

104 1469 167 1491 nes
233 1455 396 1490 precatio
421 1461 472 1489 est
525 1462 565 1489 ut
581 1454 677 1489 Deus
703 1462 887 1489 conservet
904 1453 1098 1489 Ecclesiam
1154 1422 1220 1463 rii,
1253 1422 1289 1455 id
1314 1430 1382 1464 est,
1424 1423 1661 1457 ministerium
1687 1424 1731 1457 sit
1757 1424 1888 1459 iustum
1918 1433 1952 1460 et
1976 1427 2142 1467 salutare,

170 1483 180 1492 Δ
482 1483 490 1496 3

227 1508 234 1515 ,
255 1507 263 1514 ,
392 1506 400 1514 ,
617 1506 624 1513 ,
666 1507 674 1514 ,
889 1507 895 1514 ,
929 1507 936 1514 ,
1154 1474 1245 1507 sicut
1278 1474 1370 1506 infra
1431 1487 1475 1508 uo
1505 1487 1547 1508 ue
1575 1474 1612 1507 in
1641 1475 1709 1508 uit:
1753 1474 1959 1511 Sacerdotes
1984 1478 2058 1512 eius
2085 1479 2142 1511 in-

104 1516 138 1542 et
163 1508 346 1552 politiam,
390 1513 486 1540 iuxta
510 1518 781 1550 promissionem
807 1506 938 1540 Davidi
963 1507 1099 1546 factam,
1124 1506 1128 1571 ἶ
1154 1527 1312 1558 duamur
1328 1487 1551 1566 iusticgm'qid
1575 1487 1643 1565 esa
1679 1525 1725 1558 sis
1748 1527 1866 1560 efficax
1892 1540 1954 1573 per
1980 1529 2142 1564 ministe-

106 1570 206 1617 cum?
222 1559 302 1591 ¹de⁰
322 1557 361 1590 fit
386 1564 538 1614 me⁰.¹¹⁰,'
578 1569 660 1601 ‘1⁰¹³
687 1558 772 1591 fides
796 1571 833 1590 ¹¹¹
861 1559 1012 1615 petepdo
1042 1569 1097 1589 ¹¹¹·
1124 1574 1129 1600 ¹
1154 1576 1266 1616 rium,
1301 1576 1426 1618 collige
1451 1583 1482 1609 et
1508 1587 1607 1610 serva
1626 1574 1821 1610 Ecclesiam
1845 1590 1929 1612 voce
1953 1580 2142 1614 ministerii

109 1619 200 1645 tueri
229 1609 332 1642 debet
357 1618 613 1656 promissiones
640 1614 674 1641 et
696 1610 862 1640 mandata
880 1608 958 1643 Dei.
1011 1607 1100 1640 Pro-
1125 1601 1128 1641 Ι

602 1658 609 1664 .
641 1659 649 1665 .
794 1659 802 1665 ,
1027 1658 1034 1665 ,
1154 1638 1172 1658 a
1189 1633 1221 1659 te
1239 1626 1404 1660 instituti.

107 1662 254 1695 miserat
270 1667 386 1693 autem
405 1658 501 1693 Deus
518 1657 651 1691 DaVidi
673 1665 934 1702 posteritatem,
969 1665 1001 1692 et
1026 1670 1099 1691 ius-

395 1710 402 1717 ·
1259 1675 1311 1709 Et
1328 1674 1462 1710 Sancti
1476 1676 1533 1710 lui
1546 1676 1727 1717 exultent,
1762 1679 1797 1712 id
1823 1687 1893 1722 est,
1917 1694 2040 1715 omnes
2056 1694 2141 1716 con-

107 1719 201 1772 Sffl'f't
217 1719 257 1745 ¹12
274 1723 335 1755 Pel=
354 1710 465 1768 filum]
490 1710 704 1768 coqdesfftm
726 1710 908 1767 ῘῗΠΨῙ-Πῐη·
962 1707 1009 1743 Et
1026 1707 1098 1742 Da·
1124 1762 1126 1771 ‚
1154 1728 1244 1761 versi
1264 1740 1325 1772 per
1342 1728 1579 1762 ministerium
1600 1730 1778 1763 celebrent
1795 1737 1826 1764 te
1843 1731 1880 1764 in
1905 1733 2003 1766 omni
2029 1741 2141 1768 aeter-

107 1765 167 1796 Vid
188 1763 354 1796 mandata
383 1762 481 1794 dedit
506 1761 600 1801 filio,
636 1761 716 1794 ideo
740 1768 877 1819 inquit:
912 1757 1099 1793 Memento
1123 1782 1126 1863 J

107 1812 271 1849 Domine
288 1810 423 1846 David
476 1812 510 1845 id
530 1819 597 1852 est
633 1812 911 1856 promissionum
938 1819 970 1845 et
995 1824 1078 1845 man
1155 1780 1284 1820 nitate,
1310 1779 1380 1813 sint
1397 1777 1564 1814 haeredes
1594 1781 1686 1815 vitae
1709 1788 1882 1818 aeternae.
1936 1783 1988 1818 Ita
2013 1786 2055 1818 de
2071 1783 2140 1818 Ec-

431 1838 439 1851 ,
1081 1833 1098 1839 ‹—

1153 1831 1255 1863 clesia
1274 1837 1434 1874 precatus
1451 1838 1521 1871 est,
1548 1838 1581 1866 et
1595 1833 1794 1866 referantur
1810 1834 1941 1868 similes
1965 1836 2139 1879 precatio-

105 1869 270 1901 d³t⁰mm
289 1876 379 1921 ‘mae
405 1864 532 1897 de‘hst'
550 1864 584 1897 D
590 1863 703 1904 ‘nuh’
738 1861 793 1896 Et
819 1874 1006 1896 ¹¹m⁹⁶r⁵⁰⁶
1034 1862 1126 1910 “sq
1153 1894 1214 1915 nes
1231 1893 1353 1915 omnes
1370 1882 1412 1914 ad
1431 1882 1668 1925 precationem
1688 1882 1771 1917 Filii
1788 1882 1854 1917 Dei
1873 1885 1911 1918 in
1926 1897 2054 1929 agone:
2072 1886 2140 1920 Pa-

99 1915 283 1966 fliclzonis
302 1915 398 1957 eius,
435 1915 470 1948 id
499 1923 569 1955 est,
608 1915 715 1948 totius
738 1914 905 1948 curriculi
935 1913 1125 1953 Davidis,'
1123 1927 1125 1934 ’

1122 1943 1126 1980 l
1155 1940 1206 1966 ter
1221 1945 1320 1966 serva
1338 1944 1396 1966 eos
1415 1933 1453 1966 in
1471 1934 1615 1967 nomine
1631 1941 1709 1976 tuo,
1737 1936 1913 1969 sanctifica
1935 1949 1994 1971 eos
2019 1938 2055 1971 in
2080 1951 2139 1971 ve-

107 1969 203 2015 (Ιῦοᾱ
222 1974 254 2001 et
273 1979 381 2001 ‘¹⁰⁰³‘
385 1978 453 2000 ems
470 1978 570 2006 ‘mm’
607 1973 640 2000 et
656 1966 784 2000 texens
811 1978 848 1998 ¹¹¹
874 1973 944 1999 ΜΘ
967 1966 1096 2009 gnber'
1123 1990 1124 1993 ’
1153 1985 1253 2018 ritate
1269 1992 1326 2018 tua
1368 1991 1407 2017 ut
1423 1984 1493 2018 sint
1509 1997 1621 2019 unum
1638 1985 1675 2018 in
1694 1987 1798 2020 nobis
1843 1987 1913 2020 sint
1929 1988 1978 2022 ibi
1997 1990 2057 2022 ubi
2076 2001 2116 2022 eff

109 2021 274 2059 natione,
308 2026 341 2052 et
357 2018 496 2051 dederis
521 2018 686 2051 mandata
708 2018 751 2050 de
781 2017 986 2050 conditione
1007 2024 1097 2050 tem·
1122 2014 1125 2026 ¹
1337 2011 1345 2023 '
1806 2013 1815 2027 ‘
2096 2002 2138 2032 ²³⁰

1123 2039 1124 2073 ᾗ
1151 2048 1240 2070 siim.
1294 2034 1445 2069 Dilectio
1463 2043 1523 2069 tua
1543 2048 1611 2082 qua
1634 2049 1691 2070 me
1714 2037 1832 2081 diligis
1857 2036 1992 2074 habitet
2014 2040 2051 2072 in
2077 2041 2137 2074 eis.

107 2071 159 2116 pli
173 2098 182 2110 2
226 2070 326 2115 qURSi
355 2070 463 2103 dican
508 2069 647 2127 Im'OfO·
669 2076 815 2127 propfer
843 2068 1096 2126 Pr⁰‚“¹¹⁵⁵l,⁰¹¹e⁵
1152 2088 1207 2120 Ad
1226 2084 1315 2120 hanc
1334 2087 1571 2131 precationem
1590 2086 1675 2120 Filii
1688 2087 1757 2122 Dei
1775 2101 1838 2122 nos
1855 2101 1997 2135 quoque
2016 2098 2136 2125 nostra

107 2129 186 2156 tuas
200 2127 233 2154 et
248 2121 412 2154 mandata
436 2127 496 2154 tua
515 2120 649 2154 Davidi
674 2121 821 2160 tradita,
857 2132 913 2153 cui
939 2126 1096 2153 testimo·
1122 2128 1125 2143 ‘
1153 2145 1231 2172 vota
1249 2138 1440 2181 adiungere
1454 2139 1632 2174 debemus·

108 2174 211 2207 nium
227 2171 441 2216 perhibuisti
460 2171 497 2204 in
514 2178 587 2205 toto
607 2171 717 2216 ipsius
735 2171 929 2212 curriculo,
959 2183 997 2204 ac
1022 2171 1097 2204 sin·
1122 2148 1126 2236 i
1255 2188 1369 2222 versu
1397 2189 1533 2222 decimo
1570 2188 1779 2222 nominatim
1815 2190 1902 2234 petit
1936 2193 2137 2225 conservari

108 2225 242 2283 gplffjns
260 2220 436 2281 ‘stupha-‘³¹⁵
454 2229 524 2281 {⁵13
548 2223 644 2268 qUOd
662 2222 1011 2282 {Olumfm'r'fflssum
1023 2221 1098 2281 Da-
1154 2253 1322 2283 regnum,
1359 2247 1391 2273 et
1415 2240 1489 2272 dari
1513 2240 1630 2273 felices
1654 2251 1830 2274 successus
1856 2242 1892 2274 in
1922 2239 1986 2274 hac
2011 2243 2135 2286 politia

108 2277 202 2309 vidis
221 2280 382 2308 nominat
404 2274 632 2313 afflictiones,
666 2287 705 2307 in
731 2274 862 2320 quibus
881 2272 976 2307 Deus
999 2280 1096 2306 testi-

105 2326 270 2361 monium
303 2324 467 2370 praebuit
499 2325 772 2369 patefactionum
800 2337 943 2359 suarum
971 2325 1008 2357 in
1033 2325 1096 2359 isio

109 2377 257 2424 populo.

1153 2293 1337 2326 continuo.
1392 2289 1524 2335 Estque
1550 2291 1722 2324 sententia
1746 2293 1954 2326 verborum:
1982 2289 2136 2340 Propter

1152 2340 1287 2377 David
1299 2354 1440 2376 servum
1459 2346 1579 2380 tuum,
1607 2342 1643 2375 id
1662 2349 1731 2384 est,
1767 2350 1911 2387 propter
1927 2345 2136 2388 promissio-

1152 2408 1232 2429 nem
1250 2393 1379 2428 Davidi
1402 2394 1540 2428 factam.

213 2444 408 2491 sequentes
427 2456 548 2478 versus
565 2451 648 2479 sunt
658 2446 846 2489 promissio
857 2446 901 2479 de
910 2446 1097 2479 condendo
1254 2442 1344 2479 Non
1361 2448 1506 2478 avertas
1516 2443 1658 2492 faciem
1675 2444 1771 2490 regis
1789 2444 1862 2484 tui,
1900 2445 1935 2479 id
1955 2452 2025 2487 est,
2060 2459 2134 2481 non

109 2498 265 2542 templo,
302 2507 392 2541 quae
414 2495 634 2540 intelligatur
657 2497 754 2531 iuxta
778 2495 983 2536 historiam,
1019 2509 1098 2530 cum
1124 2503 1128 2571 ἱ
1153 2497 1246 2530 sinas
1263 2496 1376 2530 deleri
1391 2496 1540 2529 formam
1559 2496 1657 2539 regni
1678 2498 1740 2531 tui.
1784 2497 1923 2531 Faciem
1947 2497 2042 2531 enim
2067 2510 2135 2532 no-

108 2548 226 2584 David
243 2547 349 2581 vellet
367 2548 537 2588 condere,
560 2548 765 2581 mandatum
784 2555 835 2582 est
851 2548 940 2589 filio,
973 2555 1012 2582 ut
1039 2549 1099 2581 ille
1125 2574 1127 2592 ξ
1153 2549 1264 2582 minat
1288 2547 1399 2591 ipsam
1423 2546 1521 2589 regni
1547 2546 1716 2589 formam,
1759 2548 1998 2592 magistratus,
2031 2549 2134 2593 leges,

110 2601 296 2639 conderet,
323 2605 356 2632 et
373 2599 528 2632 vicissim
550 2597 646 2632 Deus
661 2599 837 2643 promittit
855 2599 1099 2635 conditionem
1125 2595 1127 2603 ⁸
1154 2599 1302 2639 iudicia,
1345 2609 1496 2656 poena5‚
1536 2597 1782 2641 disciplinam,
1825 2600 2066 2634 defensionem
2100 2607 2134 2634 et

112 2659 145 2686 et
161 2650 466 2685 conservationem
485 2649 621 2694 templi.
1125 2625 1130 2685 l
1154 2650 1339 2695 praecipue
1359 2649 1456 2693 pium
1473 2656 1601 2682 statum
1618 2646 1808 2687 Ecclesiae.

164 2704 346 2735 Muaxrii.
367 2704 471 2735 Orien.
499 2703 585 2736 Von,
603 2701 696 2733 XIII,
1577 2699 1625 2733 77
