2379 2948
241 115 314 152 867

243 200 348 233 Tales
373 206 405 232 et
427 205 544 244 postea
566 198 710 231 suerunt
733 193 957 237 Demetrius,
995 202 1029 230 et
1053 194 1226 241 posterior

243 248 440 294 Philippus.

347 300 416 333 Nec
440 311 517 332 raro
541 297 685 337 accidit,
711 303 749 330 nt
772 296 839 329 viri
859 304 1072 341 praestantes
1092 309 1169 330 cum
1190 297 1228 329 in

246 353 351 385 rebus
374 349 534 393 gerendis
558 347 719 382 acerrimi
743 347 909 387 fuissent,
936 355 970 382 et
985 361 1048 382 nec
1066 347 1229 392 periculis

246 403 329 435 ullis
359 412 420 433 nec
454 400 636 433 laboribus
668 398 925 439 succubissent‚
962 406 1079 443 postea
1112 405 1255 441 tamen¹

246 451 488 495 voluptatibus
511 450 630 491 fracti,
657 449 877 484 calamitosos
900 456 934 484 et
953 450 1100 493 tragicos
1118 448 1230 482 exitus
1254 449 1256 463 ⁴

246 500 449 536 habuerint.

347 551 490 585 Possem
513 551 664 584 recentia
687 551 843 596 exempla
866 562 1072 594 magnorum
1100 550 1230 583 ducum

250 602 407 636 recitare.
462 601 504 635 In
528 600 715 635 Francisco
739 601 889 641 Sfortia‚
924 607 1052 646 quanta
1076 600 1229 644 primum

247 653 359 687 virtus
382 653 465 693 fuit,
491 658 620 697 quanta
640 652 848 695 magnitudo
864 652 990 691 animi,
1018 663 1118 684 senex
1137 663 1231 691 vero,

250 704 349 748 quasi
383 702 500 736 Circes
530 703 675 735 venenis
707 710 832 736 natura
864 703 937 735 eius
971 708 1101 735 mutata
1135 708 1231 742 esset,

249 754 368 798 priora
381 754 503 786 decora
516 752 727 787 libidinibus
741 753 947 787 deformavit
961 759 1064 797 atque
1076 752 1205 785 obruit.

351 803 419 837 Sed
444 803 568 837 omitto
592 805 766 847 exempla,
796 815 883 848 quae
902 803 1011 836 lector
1028 802 1231 836 admonitus

249 854 445 887 consideret
470 854 540 898 ipse
566 854 602 886 in
620 854 800 886 communi
818 854 899 886 vita.
951 852 1041 886 Nam
1057 860 1090 887 et
1104 852 1232 886 Daniel

249 903 311 937 has
333 904 485 948 picturas
506 905 707 949 proposuit,
734 911 773 937 ut
795 915 919 946 magna
945 903 1085 946 ingenia
1109 905 1232 936 admo-

249 962 348 995 neat,
376 967 418 987 ne
443 955 508 988 sibi
534 955 756 997 indulgeant,
784 955 842 987 sed
870 954 1021 998 impetus
1043 961 1075 987 et
1094 954 1232 998 cupidi-

248 1013 334 1039 tates
365 1006 611 1044 moderentur,
646 1017 689 1037 ne
716 1016 845 1048 poenas
870 1005 938 1037 sibi
964 1011 1159 1045 accersant,
1194 1011 1233 1037 nt
1257 1014 1258 1031 1

250 1056 304 1088 illi
329 1056 392 1099 ipsi
418 1067 505 1099 quos
531 1055 688 1088 recensui
709 1056 886 1096 fecerunt,
912 1052 1120 1098 Philippus,
1147 1053 1232 1089 Ale-

248 1107 402 1145 xander,
429 1105 643 1145 Demetrius,
670 1111 701 1138 et
721 1106 780 1138 alii
800 1105 1088 1138 innumerabiles.

351 1155 390 1188 ln
416 1154 481 1189 hoc
502 1156 580 1188 loco
604 1156 670 1188 alia
693 1163 743 1190 est
767 1157 902 1200 pictura
927 1154 1083 1189 Graecae
1108 1155 1231 1199 gentis.

250 1205 379 1250 Capras
406 1213 505 1240 vocat
528 1205 674 1239 Daniel:
709 1213 749 1240 ut
772 1208 866 1239 enim
892 1204 956 1239 hae
980 1207 1141 1239 eximiam
1167 1204 1231 1238 ha-

250 1258 332 1289 bent
348 1257 384 1289 in
400 1257 599 1289 scandendo
615 1257 810 1298 solertiam,
837 1264 869 1290 et
885 1257 1131 1290 saltationibus
1147 1257 1232 1289 assi-

250 1307 329 1340 duis
356 1308 528 1350 gaudent,
565 1307 611 1340 ita
639 1306 856 1340 Graecorum
890 1307 1111 1350 ingeniorum
1144 1307 1232 1340 mira

249 1358 316 1391 fuit
341 1357 378 1389 in
403 1357 627 1401 experiundis
650 1358 752 1390 novis
777 1359 899 1398 rebus,
934 1358 1068 1391 artibus
1093 1365 1123 1391 et
1148 1369 1234 1390 con-

251 1408 339 1440 siliis
371 1408 562 1441 curiositas,
640 1406 769 1440 Taxari
799 1408 902 1440 etiam
936 1408 1096 1440 existimo
1130 1408 1233 1440 ludos

252 1458 425 1500 scenicos,
459 1458 587 1502 quibus
619 1469 656 1490 ea
688 1469 770 1500 gens
802 1458 986 1501 praecipue
1013 1458 1129 1491 dedita
1157 1458 1233 1498 fuit,

251 1509 312 1553 qui
344 1508 485 1552 quidem
516 1508 625 1541 multa
656 1519 781 1551 magna
808 1508 937 1551 flagitia
965 1502 1183 1552 pepererunt
1201 1515 1234 1541 et

251 1559 557 1592 confirmaverunt.

352 1607 472 1642 Redeo
490 1615 605 1641 autem
622 1609 663 1641 ad
680 1608 917 1641 narrationem
931 1606 1100 1640 vaticinii.
1134 1605 1234 1638 Lon-

250 1670 312 1700 gus
328 1657 514 1702 Catalogus
530 1670 765 1692 successorum
778 1657 971 1690 Alexandri
990 1657 1080 1688 infra
1097 1657 1140 1688 ab
1158 1656 1232 1699 ipso

250 1708 397 1742 Daniele
420 1709 670 1744 recensebitur.
737 1707 838 1741 Nunc
861 1708 1005 1740 caeteris
1028 1707 1166 1739 omissis
1191 1709 1234 1739 de

251 1757 428 1792 Antiocho
448 1757 633 1804 Epiphane
655 1759 758 1799 dicit,
786 1758 847 1803 qui
870 1758 936 1791 suit
958 1765 1054 1790 ortus
1077 1770 1094 1790 a
1112 1757 1234 1790 Seleu-

251 1822 309 1850 co,
337 1817 375 1843 ut
399 1809 489 1842 infra
512 1821 702 1854 exponam,
728 1821 766 1842 ac
791 1819 937 1851 regnum
965 1808 1087 1853 Syriae
1109 1808 1234 1842 tenuit.

253 1859 353 1904 Cepit
387 1866 500 1892 autem
530 1872 674 1903 regnare
700 1872 792 1892 anno
821 1865 897 1903 post
920 1857 1112 1891 Alexandri
1139 1869 1234 1890 mor-

251 1917 320 1943 tem
342 1910 422 1950 137,
447 1917 484 1943 ut
506 1917 652 1943 testatur
677 1911 812 1954 primus
836 1910 925 1942 liber
949 1908 1234 1948 Macabaeorum‚

252 1958 320 1993 hoc
351 1968 419 1999 est,
457 1961 610 1993 secundo
644 1973 737 1993 anno
769 1957 995 2005 Olympiadis
1026 1959 1259 1992 centesimae

253 2010 537 2056 quadragesimae
558 2022 682 2045 nonae.

356 2060 530 2095 Usitatum
550 2068 599 2094 est
617 2067 730 2094 autem
744 2086 753 2100 ,
779 2066 818 2093 ut
834 2060 993 2093 omnium
1011 2067 1161 2093 aetatum
1178 2057 1234 2092 hi-

255 2112 382 2145 storiae
410 2112 620 2149 ostendunt,
658 2122 754 2156 reges
776 2116 1004 2153 attemperare
1026 2118 1129 2155 atque
1151 2110 1233 2143 reli-

255 2162 375 2206 giones
391 2163 434 2194 ad
453 2173 550 2194 suam
567 2161 764 2195 utilitatem.
800 2159 920 2204 ltaque
935 2172 1013 2193 cum
1030 2159 1235 2204 Epiphanes

256 2213 357 2246 sciret
375 2211 522 2245 Iudaeos
547 2219 690 2256 propter
712 2210 916 2253 religionem
944 2222 1016 2242 non
1037 2211 1137 2244 facile
1161 2212 1234 2255 pati

256 2271 395 2297 externa
415 2262 581 2306 imperia,
609 2269 642 2296 et
666 2262 799 2294 videret
820 2268 938 2294 tamen
955 2272 989 2293 se
1005 2268 1145 2294 nactum
1162 2273 1234 2294 esse

256 2314 472 2346 occasionem
495 2313 677 2357 utriusque
703 2312 772 2352 rei,
799 2311 992 2355 potiundae
1010 2310 1173 2351 Iudaeae,
1201 2319 1233 2345 et

256 2365 446 2396 mutandae
472 2363 670 2406 religionis,
696 2360 802 2395 homo
827 2359 946 2395 atheos
969 2367 1003 2394 et
1028 2361 1088 2406 qui
1112 2374 1234 2395 omnes

256 2414 442 2456 religiones
466 2414 597 2457 pariter
618 2413 794 2446 fabulosas
815 2423 885 2444 esse
909 2412 1075 2452 ducebat,
1111 2419 1142 2446 et
1166 2412 1231 2444 im-

257 2465 350 2496 mani
376 2464 566 2507 petulantia
590 2465 712 2498 ruebat
736 2464 772 2496 in
795 2462 979 2500 libidines,
1006 2469 1038 2495 et
1059 2463 1097 2494 in
1112 2464 1231 2496 omnia

256 2514 383 2555 flagitia
397 2542 404 2553 ‚
432 2527 501 2558 quo
526 2526 625 2547 caeco
645 2515 776 2558 impetu
796 2513 1015 2556 rapiebatur,
1041 2513 1078 2545 in
1095 2520 1232 2546 utrum-

257 2575 322 2608 que
348 2564 507 2598 incubuit
531 2565 697 2598 omnihus
720 2565 872 2601 viribus,
899 2570 937 2597 ut
963 2570 995 2596 et
1013 2562 1175 2596 Iudaeam
1194 2564 1231 2597 in

256 2614 456 2647 servitutem
482 2615 668 2656 redigeret,
704 2622 737 2648 et
762 2621 913 2647 veterem
935 2615 978 2647 de
1001 2612 1074 2646 Deo
1099 2615 1231 2648 doctri-
1253 2629 1256 2655 ῃ
1281 2613 1430 2646 maxima
1459 2623 1538 2656 pars
1563 2612 1685 2656 populi
1709 2613 1832 2645 defecit
1855 2613 1897 2645 ad
1921 2611 2101 2649 Ethnicos.

1249 2660 1256 2700 i
1280 2663 1481 2697 acciderunt
1497 2674 1592 2696 anno
1613 2663 1695 2698 145.
1711 2669 1788 2707 post
1807 2669 1954 2697 mortem
1972 2662 2175 2698 Alexandri.

253 2676 334 2697 nam
351 2675 368 2696 a
386 2661 571 2707 Prophetis
587 2673 758 2709 acceptam
779 2676 920 2708 prorsus
938 2664 1105 2699 aboleret.

826 109 952 145 PHIL.
980 108 1098 146 MEL.
1125 107 1335 145 SCRIPTA
1362 106 1666 144 EXEGETICA.

2185 112 2260 148 868

1251 192 1254 235 l
1381 192 1600 229 Obtulerant
1627 200 1743 228 autem
1778 194 1995 228 occasionem
2021 197 2147 230 scelera
2171 209 2262 241 pon-

1252 242 1255 293 ξ
1280 245 1425 280 tificum.
1462 243 1551 278 Cum
1569 252 1702 278 teneret
1718 245 1958 288 pontificatum
1976 246 2031 278 vir
2047 247 2124 290 pius
2136 245 2262 288 Onias,

1280 296 1385 329 frater
1407 296 1481 329 eius
1501 295 1603 329 lason
1626 296 1802 339 profectus
1821 296 1863 328 ad
1880 293 2117 337 Antiochum,
2143 298 2180 330 in
2199 310 2263 332 au-

1281 346 1398 390 spiciis
1427 346 1525 389 regni
1557 346 1742 390 pecuniam
1768 346 1798 379 ei
1824 346 1938 386 dedit,
1973 353 2011 379 ut
2035 353 2134 390 capto
2156 349 2262 382 fratre

1282 397 1522 441 pontificatum
1553 397 1623 430 sibi
1654 397 1817 431 traderet.
1883 395 2000 430 Simili
2029 397 2150 430 fraude
2174 398 2264 431 alius

1282 454 1400 491 postea
1425 446 1611 481 Menelaus
1640 447 1770 491 cripuit
1799 447 2038 491 pontificatum
2065 446 2197 488 Iasoni,
2231 455 2265 482 et

1255 500 1256 512 ¹
1282 505 1429 543 uterque
1459 498 1593 532 invexit
1617 496 1772 531 Graecos
1803 498 1906 531 ludos
1940 498 1977 530 in
2003 497 2146 538 urbem,
2178 510 2265 532 con-

1282 549 1488 582 temnebant
1518 555 1551 582 et
1574 549 1800 592 negligebant
1822 548 1978 582 studium
2004 548 2144 581 divinae
2166 549 2265 591 legis,

1284 598 1513 632 imitabantur
1529 596 1708 632 ethnicum
1727 599 1968 643 splendorem,
1997 598 2158 637 delicias,
2186 611 2264 632 mo-

1283 661 1337 682 res
1362 646 1520 682 ethnicos
1544 655 1606 682 etc.
1657 648 1821 682 Menelao
1847 656 1962 693 postea
1987 649 2168 682 interfecto
2186 661 2265 682 suc-

1283 700 1384 733 cessit
1401 697 1560 732 Alcimus
1577 699 1752 742 pontifex,
1779 700 1840 744 qui
1855 700 1956 733 etiam
1973 700 2040 734 fuit
2057 697 2167 733 hostis
2185 699 2265 733 Ma-

1284 751 1511 790 cabaeorum,
1537 750 1632 783 Haec
1654 749 1782 782 scelera
1805 750 2008 793 pontificum
2031 750 2177 784 fuerunt
2195 750 2265 783 ini-

1284 801 1331 834 tia
1349 800 1587 834 calamitatum
1605 800 1679 833 eius
1693 801 1870 844 temporis.

1380 850 1639 884 Describuntur
1663 856 1779 883 autem
1806 851 1896 883 duae
1917 851 2155 895 expeditiones
2176 849 2266 896 Epi-

1284 898 1430 944 phanis,
1465 902 1594 945 quibus
1626 901 1723 933 venit
1744 899 2039 946 Hierosolymam.
2076 902 2138 936 Bis
2170 903 2264 935 enim

1284 952 1321 984 in
1341 952 1539 997 Aegyptum
1564 951 1758 994 profectus,
1784 951 1822 983 in
1845 952 1960 984 reditu
1984 952 2078 985 venit
2097 951 2266 986 Hieroso-

1285 1002 1432 1046 lymam,
1459 1002 1582 1046 petivit
1599 1008 1713 1035 autem
1732 999 1931 1047 Aegyptum
1949 1002 2108 1035 iactitans
2123 1014 2158 1035 se
2171 1009 2266 1036 tuto-

1284 1064 1358 1085 rem
1383 1064 1455 1085 esse
1479 1052 1632 1095 cognati,
1660 1058 1693 1085 et
1716 1052 1823 1084 vicini
1844 1053 1934 1095 regis
1951 1053 2202 1093 adolescentis,
2227 1061 2267 1086 ut

1286 1109 1466 1147 praetextu
1484 1104 1611 1136 tutelae
1626 1101 1823 1148 Aegyptum
1843 1110 2038 1146 occuparet.
2078 1102 2124 1136 Et
2140 1103 2177 1135 in
2193 1103 2267 1147 pri--

1285 1165 1340 1185 ma
1373 1153 1593 1197 expeditione
1619 1153 1754 1197 aliquot
1782 1153 1931 1186 urbibus
1954 1153 2124 1197 praesidia
2151 1154 2267 1197 impo-

1284 1203 1371 1243 suit,
1399 1201 1514 1237 adhuc
1534 1203 1703 1236 simulans
1718 1203 1906 1236 amicitiam
1922 1216 2001 1237 cum
2018 1210 2164 1246 cognato
2181 1205 2268 1237 ado-

1285 1255 1444 1289 lescente.
1496 1253 1654 1288 Rediens
1668 1261 1782 1287 autem
1801 1254 1985 1288 accersitus
2001 1261 2051 1288 est
2062 1253 2267 1299 Hierosoly-

1285 1316 1377 1337 mam
1401 1317 1419 1337 a
1439 1303 1581 1345 Iasone,
1611 1305 1673 1337 ubi
1696 1304 1844 1347 spoliato
1863 1305 2012 1347 templo,
2036 1311 2069 1338 et
2085 1305 2172 1338 facta
2191 1316 2266 1337 ma-

1285 1366 1351 1397 gna
1380 1356 1503 1394 caede,
1537 1366 1658 1388 rursus
1684 1355 1840 1387 discessit
1860 1356 2018 1387 nondum
2044 1362 2183 1388 mutans
2209 1353 2266 1387 Iu-

1285 1406 1452 1437 daeorum
1471 1403 1611 1448 Repub.
1654 1403 1748 1437 Haec
1768 1405 1969 1439 acciderunt
1987 1417 2064 1438 cum
2084 1405 2149 1437 iam
2169 1413 2265 1438 sexto

1285 1467 1379 1487 anno
1411 1461 1570 1497 regnaret
1599 1452 1822 1497 Epiphanes,
1859 1455 2038 1496 videlicet,
2071 1462 2147 1499 post
2178 1453 2266 1489 Ale-

1285 1505 1410 1538 xandri
1429 1511 1580 1538 mortem
1600 1505 1682 1538 143.
1704 1517 1811 1537 anno.

1387 1554 1470 1587 Post
1482 1555 1667 1587 biennium
1682 1555 1785 1588 rediit
1796 1552 1994 1588 Antiochus
2007 1555 2042 1587 in
2053 1555 2265 1600 Aegyptum,

1285 1617 1366 1637 nam
1384 1603 1604 1637 Philometor
1626 1605 1804 1648 expulerat
1828 1605 1999 1649 praesidia
2018 1604 2207 1645 Antiochi,
2233 1613 2267 1640 et

1285 1655 1454 1699 petiverat
1476 1656 1646 1688 auxilium
1669 1668 1686 1687 a
1704 1654 1888 1690 Romanis.
1943 1655 2050 1689 Venit
2066 1657 2174 1699 igitur
2189 1656 2267 1690 An-

1285 1703 1423 1740 tiochus
1448 1706 1578 1738 bellum
1604 1705 1765 1738 illaturus
1787 1713 1944 1748 cognato.
1995 1706 2064 1740 Sed
2082 1706 2268 1741 Romanus

1286 1757 1418 1799 legatus
1447 1755 1607 1799 Popilius
1638 1756 1749 1789 vetuit
1778 1757 1910 1789 bellum
1942 1757 2064 1790 inferri
2096 1757 2267 1803 Aegypte,

1286 1814 1318 1840 et
1335 1807 1621 1840 commemoravit
1638 1806 1806 1839 Senatum
1824 1808 2048 1841 defensurum
2066 1819 2138 1841 esse
2149 1810 2265 1853 Aegy-

1286 1864 1397 1899 ptum.
1451 1855 1610 1901 Cumque
1628 1855 1825 1890 Antiochus
1850 1859 2012 1900 ambigue
2028 1859 2266 1901 responderet,

1286 1907 1445 1951 Popilius
1485 1908 1723 1940 circumducto
1761 1918 1846 1952 gyro
1877 1909 2006 1941 circum
2035 1906 2266 1948 Antiochum,

1285 1957 1418 2003 inquit,
1445 1957 1490 1991 Se
1514 1958 1710 2001 postulare,
1738 1965 1775 1990 ut
1802 1959 1928 1991 diserte
1951 1960 2178 2001 respondeat,
2207 1957 2265 1992 An

1286 2021 1324 2042 ex
1351 2006 1509 2053 Aegypto
1534 2008 1746 2040 discessurus
1770 2008 1833 2048 sit,
1869 2015 1901 2042 et
1926 2009 2142 2042 abducturus
2169 2021 2265 2042 exer-

1287 2059 1412 2098 citum,
1439 2065 1497 2091 aut
1523 2070 1613 2095 non,
1641 2058 1842 2103 priusquam
1866 2071 1906 2091 ex
1929 2057 1994 2092 hoc
2017 2060 2148 2093 circulo
2167 2071 2266 2103 egre-

1286 2109 1453 2142 deretur?
1506 2107 1559 2141 Ibi
1577 2108 1780 2152 perterritus
1796 2107 1995 2142 Antiochus
2012 2110 2185 2154 promittit
2203 2123 2263 2154 pa-

1286 2172 1372 2195 cern.

1386 2208 1542 2244 Rediens
1568 2209 1675 2251 igitur
1697 2209 1765 2241 iam
1789 2221 1806 2242 a
1828 2208 1994 2243 Menelao
2016 2218 2159 2244 vocatur
2178 2209 2263 2244 Hie-

1285 2261 1518 2305 rosolymam,
1553 2260 1602 2291 ibi
1634 2259 1787 2293 celebrat
1817 2259 2070 2302 Bacchanalia,
2104 2263 2263 2295 adiutore

1286 2310 1470 2349 Menelao,
1498 2307 1696 2354 prophanat
1718 2311 1886 2354 templum
1910 2312 2078 2346 collocato
2099 2313 2147 2345 ibi
2164 2311 2261 2345 idolo

1287 2361 1380 2394 Iovis
1404 2358 1582 2405 Olympii,
1624 2360 1755 2405 ubique
1787 2368 1868 2394 ante
1899 2362 2023 2396 domos
2051 2369 2261 2396 extruuntur

1285 2423 1386 2452 arae,
1412 2417 1444 2444 et
1467 2411 1700 2454 imponuntur
1722 2412 1815 2444 idola
1840 2413 2023 2454 gentilium
2041 2424 2154 2452 more,
2179 2425 2262 2456 pro-

1284 2460 1383 2495 hibet
1407 2461 1516 2503 legem
1539 2467 1571 2494 et
1596 2462 1909 2497 circumcisionem.
1960 2461 2007 2496 Et
2029 2463 2165 2496 addidit
2182 2462 2262 2496 Me-

1283 2512 1385 2545 nelao
1407 2510 1564 2555 pontifici
1579 2509 1757 2545 cohortem
1775 2525 1863 2557 quae
1877 2520 2014 2546 tueatur
2028 2513 2122 2555 regia
2137 2514 2259 2549 edicta.

1282 2562 1492 2597 Cremantut
1520 2562 1606 2594 sacri
1637 2562 1736 2601 libri,
1779 2563 1881 2596 multi
1913 2563 1961 2606 pii
1987 2563 2259 2604 interficiuntur,

2162 2613 2257 2648 Ilaec
