2379 2948
237 129 309 164 843

239 213 307 247 coli
338 219 371 245 et
406 208 619 253 magnifieri,
656 212 689 239 et
713 204 751 239 sit
784 215 885 248 asper
909 215 981 235 iioii
1011 201 1222 235 colentibus-

238 263 408 306 Exempla
443 259 593 293 illustria
632 255 900 299 conspiciuntur
941 253 977 286 in
1010 251 1223 291 Alexandro,

239 313 409 357 Pompeio
441 318 473 343 et
499 309 658 343 Caesare.
713 305 926 340 Existimant
953 316 1013 337 sua
1042 303 1225 346 sapientia,

242 378 301 398 sua
329 364 456 395 xii-tute
485 368 517 393 et
545 358 719 404 potentia,
747 365 797 390 tot
823 355 985 388 victorias
1004 363 1118 398 partas
1141 364 1225 391 esse,

243 424 272 447 et
307 426 340 446 se
375 413 526 445 invictos
557 421 641 443 esse.
696 408 777 441 Ideo
806 412 1036 439 contemnunt
1061 411 1226 443 caeteros,

242 466 309 499 sibi
327 463 533 507 permittunt
549 460 747 499 licentiam,
774 465 807 492 et
824 464 933 491 ruunt
953 457 987 488 in
1007 455 1100 487 varia
1120 455 1227 486 scele-

243 529 292 556 ra,
315 515 442 548 roliiiit
456 514 523 547 coli
542 523 762 556 nequaquam
780 507 945 541 familiari
964 504 1228 539 consuetudine.

349 565 407 599 Sic
438 565 541 598 etiam
574 563 711 595 Sanctis
748 559 885 602 obrepit
921 555 1153 603 negligentia,
1191 562 1256 588 ut,

245 616 409 652 Sainsoiii
424 624 456 649 et
474 614 622 654 Davidi,
650 612 729 657 quia
751 610 865 644 David
883 610 918 640 in
943 606 1136 652 praesentia
1157 617 1228 638 11011

246 668 354 702 5011111
380 665 649 709 significationes
674 664 744 695 irae
768 660 852 698 Dei,
880 659 997 691 minus
1015 658 1112 690 timet
1136 656 1229 689 111111-
1257 670 1258 675 ’

248 720 362 758 cium,
388 726 420 751 et
436 716 642 761 obsequitur
669 712 843 746 illecebris
863 710 1094 752 voluptatum.

348 769 551 812 Pleruiique
568 774 683 800 autem
703 764 738 796 in
756 761 888 804 maguis
907 760 991 792 viris
1009 758 1229 793 securitatem

249 820 435 854 comitatur
459 818 640 862 superbia,
676 816 711 847 id
739 820 807 853 est,
842 811 967 844 fiducia
991 810 1155 854 propriae
1179 821 1232 841 sa-

250 871 414 917 pientiae,
437 868 607 909 iusticiae,
634 864 820 910 potentiae,
850 861 983 894 oblivio
997 861 1074 895 Dei.
1110 860 1233 893 Postea

250 923 419 956 accedunt
437 920 630 958 iracundia,
654 915 852 953 crudelitas,
880 920 913 946 et
931 912 997 945 alia
1016 911 1117 945 vicia.
1144 910 1234 944 Cum

251 980 366 1007 autem
383 972 477 1006 Deus
497 969 679 1014 praecipue
697 965 907 1010 superbiam,
936 963 971 995 id
989 969 1049 1000 est,
1072 962 1234 995 fiduciam

253 1024 416 1069 propriae
452 1022 591 1054 virtutis
634 1017 853 1051 horribiliter
896 1013 1038 1058 puniat,
1081 1013 1235 1056 exempla

255 1075 415 1107 oninium
436 1071 664 1106 1115101·1.11·11111
689 1067 872 1101 continent
896 1064 1114 1098 tristissimos
1139 1074 1237 1097 casus

254 1136 461 1168 magnorum
480 1123 652 1159 virorum,
678 1127 717 1152 ut
735 1118 862 1157 Saulis,
891 1115 1068 1166 Herculis,
1096 1112 1238 1153 Thesei,

254 1176 458 1214 ‘Miltiadaffi
483 1171 748 1211 ’1’110,11115100115,
778 1167 954 1211 Pompeii,
980 1165 1136 1199 Caesaris
1153 1172 1215 1199 etc.

356 1225 402 1260 Et
418 1226 508 1268 apud
527 1222 735 1266 Euripidem
753 1219 871 1264 inquit
887 1216 1059 1260 Oedipus,
1085 1215 1160 1259 Ego
1178 1215 1237 1260 qui

257 1277 405 1312 excellui
431 1287 552 1308 omnes
575 1284 671 1316 reges
693 1271 882 1315 sapientia,
921 1280 1016 1301 nunc
1039 1268 1124 1312 quid
1149 1279 1239 1305 sum,

257 1330 325 1364 nisi
350 1337 558 1361 evanescens
582 1324 729 1363 umbra,
755 1322 809 1354 vel
830 1321 996 1361 cadaver,
1025 1319 1078 1351 vel
1098 1318 1240 1351 volatile

257 1378 458 1414 somnium?
499 1376 594 1409 Haec
620 1381 669 1407 est
690 1373 805 1415 magni
828 1371 917 1413 regis
935 1382 1018 1410 vox,
1047 1376 1080 1403 et
1103 1380 1240 1402 summo

257 1432 367 1475 gradu
385 1427 529 1462 detracti
546 1426 582 1458 iii
605 1424 844 1457 acerbissimas
862 1421 1087 1453 calamitates.

361 1478 461 1514 Talis
482 1477 549 1511 suit
569 1477 681 1517 imago
704 1473 851 1507 Davidis
875 1471 911 1503 in
936 1470 1129 1510 seditione,
1163 1481 1241 1502 cum

260 1534 333 1577 ipse
350 1529 536 1573 cogitaret,
564 1526 684 1571 quanti
703 1524 841 1558 sceleris
865 1533 992 1565 poenas
1007 1523 1115 1554 daret.

361 1581 460 1615 'salis
480 1579 545 1611 suit
564 1578 678 1619 imago
696 1574 801 1608 huius
818 1572 1028 1618 Babyloiiici
1047 1571 1154 1614 regis,
1183 1570 1243 1614 qni

260 1646 335 1668 11011
353 1632 465 1666 5011110
483 1630 521 1662 fit
535 1628 699 1663 furiosus,
723 1626 793 1665 sed,
818 1631 855 1656 ut
872 1623 1007 1655 insania
1027 1623 1070 1654 sit
1088 1622 1244 1654 celebra-

261 1685 342 1724 tior,
368 1687 512 1723 vagatur
530 1679 621 1711 iuter
636 1677 774 1709 bestias.
815 1673 855 1706 ln
872 1672 936 1706 liae
958 1672 1153 1705 calamitate
1173 1683 1244 1704 non

261 1735 375 1769 solum
399 1731 513 1765 amisit
538 1740 684 1772 regnum
723 1733 756 1760 et
788 1724 1030 1764 autoritatem,
1066 1724 1125 1755 sed
1149 1722 1244 1769 quod

262 1785 374 1819 inulto
406 1783 486 1827 plus
516 1788 584 1819 est,
623 1784 774 1811 mentem
805 1776 920 1810 etiam.
973 1773 1247 1807 Consideremus

264 1836 370 1878 igitur
387 1834 489 1878 quale
507 1832 550 1864 sit
568 1831 641 1863 eius
659 1834 850 1872 peccatum,
878 1833 915 1858 ut
932 1825 1108 1858 discamus
1124 1824 1246 1857 timere

263 1886 402 1924 Deum,
436 1891 468 1916 et
501 1894 572 1915 non
608 1881 698 1913 alere
728 1877 947 1911 securitatem
977 1883 1009 1909 et
1036 1875 1247 1919 superbiam,

266 1948 353 1982 quae
378 1934 519 1979 pariunt
545 1932 654 1964 multa
678 1930 744 1962 alia
773 1934 908 1972 peccata
928 1934 959 1959 et
983 1938 1129 1970 poenas,
1159 1926 1248 1958 sicut

265 1987 435 2021 scriptum
452 1991 516 2016 est:
546 1983 643 2016 Sedit
664 1980 813 2024 populus
830 1980 1041 2010 manducare
1060 1984 1093 2010 et
1119 1977 1250 2016 bibere,

266 2045 299 2071 et
321 2023 470 2070 siirrexit
495 2035 625 2068 ludere.
679 2031 782 2064 Item:
810 2028 898 2062 Cum
923 2028 1098 2068 dixerint,
1127 2027 1197 2060 Pax
1217 2033 1248 2060 et

265 2087 431 2122 securitas
451 2093 514 2120 etc.

613 2170 672 2202 De
702 2169 789 2201 1111.
815 2166 905 2199 loco.

370 2238 503 2273 Concio
529 2236 765 2281 poenitentiae
789 2233 976 2275 diligenter
997 2232 1251 2265 consideranda
1278 2254 1279 2257 =

269 2299 331 2328 est.
365 2291 453 2324 Nam
472 2296 512 2322 ut
530 2288 621 2325 dixi,
649 2295 798 2330 utraque
822 2295 901 2328 pars
918 2281 973 2315 liic
996 2284 1147 2316 breviter
1171 2294 1253 2325 pro-

270 2343 436 2387 ponitur,
477 2339 636 2372 doctrina
677 2337 762 2378 legis
804 2343 836 2368 et
872 2333 1068 2377 promissio.
1134 2332 1252 2365 Prima

270 2405 350 2437 pars
367 2399 417 2424 est
432 2391 554 2424 concio
574 2389 673 2431 legis:
708 2386 867 2420 Remove
883 2391 1019 2428 peccata
1038 2391 1095 2416 tua
1116 2395 1176 2426 per
1199 2383 1253 2416 iu·-

272 2444 419 2479 stitiam,
454 2448 485 2474 et
507 2452 566 2484 per
588 2438 754 2472 beneficia
774 2449 852 2479 erga
877 2436 1034 2467 miseros.
1089 2433 1185 2467 Haec
1204 2440 1254 2466 est

272 2506 340 2525 vox
365 2492 464 2533 legis,
497 2503 586 2535 quae
621 2488 790 2533 praecipit
821 2488 862 2519 de
887 2485 1102 2529 poenitentia
1128 2496 1188 2517 seu
1212 2485 1254 2516 de

274 2543 496 2576 contritione.
523 2540 697 2574 Necaliud
717 2545 776 2578 051,
794 2550 896 2582 quam
913 2537 1005 2581 qnod
1024 2533 1253 2569 dicitEsaias:

274 2592 431 2627 Desinite
449 2592 537 2624 male
553 2592 674 2630 facere,
697 2595 728 2622 et
744 2588 864 2622 discite
883 2594 974 2621 recta
990 2587 1113 2620 facere.
1149 2584 1253 2618 Item:

273 2643 313 2677 Si
346 2641 483 2685 egeritis
518 2641 786 2685 poeniteutiam,
821 2645 958 2683 peccata
985 2643 1097 2670 vestra
1134 2636 1254 2670 remit-

273 2701 397 2728 tuntur
413 2697 475 2726 010.
918 2686 922 2690 ’

832 117 956 152 PlllL.
984 115 1100 151 MEL.
1129 113 1338 151 SCRlPTA
1367 114 1663 151 EXEGETICA.

2183 118 2257 153 844

1248 204 1252 252 l
1376 201 1542 246 Requirit
1578 199 1851 245 poenitentiam,
1903 213 1967 236 nec
1999 210 2117 238 tamen
2154 204 2258 238 sentit

1250 273 1251 277 =
1276 263 1379 296 opera
1406 252 1530 285 mereri
1559 251 1818 291 remissionem,
1855 250 2055 287 Necessaria
2086 255 2179 288 enim
2209 261 2259 288 est

1251 303 1252 340 ἶ
1278 303 1490 347 poenitentia
1519 315 1578 336 seu
1602 301 1786 343 contritio,
1811 303 1868 335 sed
1896 315 1967 336 non
1997 311 2048 338 est
2074 317 2174 338 causa
2194 316 2260 338 nec

1279 354 1441 387 meritum
1467 353 1683 386 remissionis
1715 360 1945 396 peccatorum.
1999 354 2070 388 Nec
2088 353 2153 388 hoc
2176 355 2261 389 dicit

1279 405 1427 445 Daniel,
1452 406 1511 437 sed
1532 404 1699 448 praecipit
1717 404 1963 437 cessationem:
1996 404 2108 438 Aufer
2124 412 2263 449 peccata

1280 462 1337 489 tua
1362 467 1422 498 per
1447 455 1642 492 iusticiam,
1676 455 1711 487 id
1731 460 1795 493 est,
1823 466 1935 495 cessa,
1965 456 2085 488 desine
2108 467 2263 500 peccare,

1281 513 1313 539 et
1338 505 1453 549 incipe
1478 506 1564 538 iusta
1590 506 1712 540 facere.
1766 504 1860 538 Haec
1888 512 1939 539 est
1964 506 2111 550 simplex
2132 513 2164 540 et
2191 517 2263 538 non

1282 557 1444 600 perplexa
1482 556 1733 599 interpretatiO.
1798 555 2026 590 Manifestum
2063 564 2112 591 est
2148 565 2264 590 autem

1256 640 1258 658 λ
1283 604 1373 639 1111110
1399 617 1470 638 0550
1497 618 1615 638 vocein
1641 606 1741 649 legis,
1775 614 1807 640 et
1840 607 2046 640 concionem
2071 609 2114 641 de
2138 608 2262 652 poeni-

1284 664 1393 691 tentia
1409 669 1469 689 seu
1486 664 1708 689 contritione.

1393 706 1463 741 Sed
1507 707 1644 740 omissis
1684 708 1910 746 adversariis,
1952 710 1994 741 de
2028 721 2064 743 re
2100 709 2267 743 dicamus.

1286 758 1498 803 Quanquam
1523 770 1594 790 nou
1619 757 1694 790 vult
1716 756 1843 791 Daniel
1868 772 1971 803 opera
1995 761 2121 793 mereri
2145 759 2269 794 remis-

1286 810 1440 850 sionem,
1470 816 1587 842 tamen
1617 806 1699 841 liiiic
1730 809 1795 852 ipsi
1821 810 1982 844 concioni
2016 819 2066 845 est
2099 810 2269 856 implicita

1287 860 1472 904 promissio
1499 860 1540 892 de
1564 859 1770 892 remissione
1795 867 2027 903 peccatorum.
2083 862 2157 895 Nisi
2175 861 2269 895 enim

1288 918 1374 944 esset
1393 910 1568 955 proposita
1588 910 1765 950 remissio,
1793 923 1865 943 non
1883 911 2027 945 diceret:
2057 914 2166 946 Auser
2191 923 2271 956 pec-

1289 969 1362 995 cata
1391 970 1461 996 tua.
1515 960 1616 994 Certe
1641 960 1734 993 enim
1759 959 1825 994 lioc
1849 963 1942 994 vult:
1976 962 2135 995 limenda
2159 970 2211 1003 te,
2239 969 2272 995 et

1290 1023 1479 1046 conversus
1495 1009 1641 1044 habebis
1656 1012 1909 1045 remissionem.
1961 1012 2011 1047 Ita
2036 1024 2136 1057 saepe
2154 1013 2273 1056 impii-

1291 1064 1378 1097 citae
1400 1070 1481 1096 sunt
1505 1063 1754 1106 promissiones
1774 1064 1953 1097 doctrinae
1977 1076 2143 1108 operum,
2170 1070 2203 1097 et
2219 1070 2274 1097 ta-

1291 1126 1370 1146 men
1392 1114 1542 1147 discerni
1565 1113 1667 1146 fidem
1690 1115 1733 1145 ab
1750 1114 1917 1157 operibus
1940 1122 1973 1148 et
1991 1115 2117 1148 merito
2136 1125 2274 1147 necesse

1292 1172 1361 1203 est,
1389 1165 1478 1198 sicut
1500 1163 1619 1197 Esaias
1639 1164 1750 1207 capite
1771 1166 1802 1200 1.
1856 1164 1936 1198 'Non
1961 1172 2072 1210 potest
2091 1165 2183 1198 enim
2203 1165 2275 1198 exi-

1293 1223 1381 1250 stere
1394 1216 1489 1255 fides,
1516 1216 1543 1247 51
1565 1215 1698 1248 nitatur
1713 1215 1916 1249 conditione
1931 1223 2069 1250 nostrae
2084 1215 2277 1259 dignitatis.

1394 1266 1461 1300 Sed
1489 1277 1637 1310 sequens
1662 1277 1739 1309 pars
1767 1278 1924 1310 expresse
1950 1267 2046 1301 addit
2072 1267 2277 1311 promissio-

1294 1330 1390 1350 nem:
1419 1316 1508 1350 Ecce
1527 1316 1592 1349 erit
1609 1317 1743 1349 sanatio
1760 1317 1968 1351 delictorum
1987 1325 2138 1351 tuorum.
2165 1316 2276 1350 Porro

1295 1368 1409 1401 omnis
1433 1367 1617 1411 promissio
1646 1367 1795 1413 requirit
1820 1367 1943 1407 fidem,
1971 1375 2003 1401 et
2025 1368 2167 1412 quidem
2194 1379 2278 1411 pro-

1295 1418 1415 1451 missio
1432 1417 1728 1450 reconciliationis
1746 1417 1894 1461 requirit
1912 1418 2026 1459 fidem,
2045 1430 2133 1463 quae
2148 1424 2278 1452 statuat

1289 1469 1401 1512 gratis
1422 1468 1615 1501 condonari
1640 1474 1794 1511 peccata,
1830 1469 1911 1512 quia
1937 1469 2034 1503 fieret
2057 1469 2208 1508 incerta,
2245 1475 2278 1501 et

1297 1525 1514 1553 excuteretur
1550 1518 1697 1560 animis,
1738 1518 1766 1550 si
1803 1520 1969 1562 penderet
2003 1532 2043 1552 ex
2078 1519 2281 1553 conditione

1297 1569 1478 1613 dignitatis
1513 1575 1663 1603 nostrae.
1726 1567 1822 1610 Ergo
1857 1581 1959 1602 nemo
1993 1569 2124 1613 peritus
2154 1581 2281 1612 negare

1299 1627 1427 1665 potest,
1455 1619 1540 1664 quin
1567 1616 1624 1651 liic
1650 1619 1848 1662 requiratur
1877 1620 1962 1653 fides
1990 1620 2172 1664 proposita
2197 1632 2282 1664 pro-

1299 1672 1474 1717 missione.
1530 1669 1741 1713 [bicunque
1765 1669 1873 1712 igitur
1898 1671 1950 1703 vel
1977 1677 2094 1715 aperte
2118 1671 2173 1703 vel
2195 1677 2281 1703 tecte

1300 1721 1484 1766 promissio
1515 1720 1667 1754 traditur
1699 1719 1803 1753 simul
1836 1721 1938 1753 fidem
1964 1721 2099 1766 requiri
2122 1721 2283 1762 sciamus,

1300 1773 1387 1806 sicut
1404 1774 1502 1805 docet
1519 1770 1650 1804 Paulus
1667 1769 1833 1807 Rom.4.:
1864 1770 1945 1805 Ideo
1965 1784 2004 1805 ex
2018 1773 2084 1806 fide
2101 1772 2217 1816 gratis,
2245 1779 2283 1805 ut

1300 1824 1343 1857 sit
1361 1825 1458 1856 firma
1477 1822 1674 1867 promissio.

1403 1873 1607 1907 Adversarii
1643 1872 1773 1905 insulse
1801 1873 2002 1917 intelligunt
2035 1871 2097 1907 has
2121 1874 2285 1916 gravissi-

1301 1937 1374 1957 mas
1391 1925 1588 1958 conciones.
1623 1921 1693 1956 Nec
1710 1923 1915 1957 discernunt
1933 1924 2180 1968 promissiones
2198 1936 2215 1957 a
2234 1925 2284 1957 le-

1303 1989 1360 2019 ge,
1387 1988 1451 2008 nec
1476 1974 1678 2016 intelligunt
1702 1985 1803 2006 usum
1827 1975 2101 2017 promissionum
2120 1983 2153 2009 et
2173 1982 2285 2008 certa-

1303 2028 1398 2059 mina
1418 2026 1523 2065 fidei,
1559 2031 1694 2058 tantuin
1724 2026 1902 2059 somniant
1926 2023 2009 2058 liaec
2039 2037 2112 2059 esse
2135 2026 2286 2070 puerilia

1304 2083 1486 2122 praerepta
1504 2077 1546 2108 de
1562 2075 1733 2108 moribus.
1776 2075 2005 2110 Abducamus
2026 2077 2133 2118 igitur
2148 2077 2286 2110 animos

1306 2130 1348 2161 ab
1371 2140 1490 2161 eorum
1515 2125 1772 2164 deliramentis,
1798 2134 1828 2159 et
1846 2127 2037 2170 cogitemus
2054 2125 2111 2160 liic
2134 2127 2285 2171 proponi

1276 2183 1281 2235 t
1305 2179 1430 2212 seriam
1455 2185 1485 2211 et
1509 2176 1747 2220 gravissimam
1773 2178 1978 2210 concionem
1996 2179 2038 2211 de
2062 2190 2098 2211 re
2122 2179 2284 2217 maxima,

1278 2259 1283 2278 ι
1306 2232 1348 2263 de
1371 2229 1575 2262 remissione
1595 2233 1833 2270 peccatorum,
1861 2230 1903 2260 de
1923 2229 1992 2261 vita
2017 2236 2169 2262 aeterna.

1278 2284 1282 2327 ξ
1301 2308 1306 2309 ⁷
1409 2279 1459 2313 Ac
1475 2277 1600 2312 Daniel
1620 2278 1655 2310 in
1681 2275 1744 2310 liac
1762 2279 1929 2311 concione
1949 2277 2041 2312 liand
2059 2280 2166 2312 dubie
2189 2289 2285 2311 com-

1279 2331 1281 2356 ῗ
1309 2333 1429 2375 plexus
1461 2337 1511 2363 est
1540 2335 1646 2362 totam
1680 2329 1875 2361 doctrinam
1910 2332 1952 2362 de
1981 2328 2284 2374 promissionibus.

1279 2386 1282 2422 ξ
1306 2382 1395 2416 Nam
1414 2377 1496 2414 liaec
1513 2379 1687 2413 absolutio
1704 2391 1775 2412 non
1794 2387 1843 2414 est
1859 2378 2011 2413 bumana
2027 2392 2102 2419 vox,
2131 2382 2188 2413 sed
2205 2391 2286 2412 sen-

1279 2441 1282 2473 :
1307 2433 1415 2466 tentia
1441 2432 1579 2470 divina,
1613 2444 1651 2463 ex
1679 2430 1970 2473 promissionibus
1993 2437 2121 2469 sumta,
2147 2431 2183 2463 in
2207 2430 2286 2474 qui-

1280 2496 1283 2533 ῑ
1307 2485 1371 2517 bns
1388 2489 1489 2516 norat
1506 2481 1633 2514 Daniel
1652 2488 1793 2524 propter
1810 2488 1994 2514 venturum
2006 2478 2186 2519 Christum
2203 2492 2286 2524 pro-

1279 2538 1283 2581 ζ
1308 2535 1446 2567 missam
1472 2544 1543 2565 esse
1572 2531 1811 2564 remissionem
1837 2538 2076 2576 peccatorum,
2111 2530 2158 2565 Et
2180 2532 2286 2565 hene-

1281 2617 1283 2627 ,
1307 2585 1424 2618 ficium
1442 2595 1514 2616 non
1533 2590 1667 2616 tantuin
1687 2584 1726 2615 ad
1740 2581 1886 2615 Iudaeos
1903 2582 2086 2626 pertinere,
2106 2583 2164 2615 sed
2181 2581 2286 2615 etiam

1308 2637 1350 2668 ad
1378 2634 1527 2674 Gentes,
1556 2631 1620 2666 lioc
1645 2640 1712 2672 est,
1740 2634 1781 2665 ad
1809 2643 1948 2672 omnes,
1976 2633 2036 2676 qui
2061 2631 2287 2676 promissioni

1309 2688 1351 2720 de
1373 2683 1512 2721 Christo
1536 2685 1695 2718 credunt.
1747 2682 1817 2716 Nec
1833 2682 1899 2716 suit
1917 2683 2070 2725 vulgaris
2088 2682 2288 2727 sapientiae,

2363 250 2377 889 'ms-
