2379 2948
126 97 201 133 429
764 95 827 131 lv.
870 94 1145 130 ELEMENTA
1200 95 1534 134 RHETORICES.
2093 101 2168 136 430

125 182 291 217 ciendum
318 193 410 223 esse,
446 181 652 227 praesertim
678 194 756 215 cum
781 183 825 214 de
851 181 969 226 aliqua
992 192 1030 213 re
1055 181 1121 213 do-

127 246 203 267 cere
224 231 388 267 homines
407 234 510 267 volet.
567 233 648 276 Quo
674 244 800 276 genere
825 232 975 264 multum
999 231 1036 263 in
1054 229 1122 265 Ec-

127 284 244 318 clesiis
274 291 306 318 et
331 285 368 317 in
394 282 534 318 Scltolis
559 284 731 317 utendum
757 290 817 315 est.
872 280 919 315 Et
944 283 1122 315 suasoriae

126 348 250 369 causae
288 336 399 369 multa
438 341 646 368 mutuantur
686 346 704 366 a
740 344 867 376 genere
897 333 1121 366 didascalico.

127 387 238 431 Saepe
262 386 357 419 enim
386 386 422 418 in
449 385 680 418 deliberando
713 385 756 416 de
787 384 907 429 aliquo
938 384 1121 417 communi

126 438 205 472 loco
240 438 337 481 prius
365 437 583 479 disputatur,
619 447 723 479 quam
758 435 843 479 quid
875 435 920 468 sit
944 436 1119 478 agendum

132 488 373 522 constituitur.
428 485 473 519 Ut
492 498 571 519 cum
594 487 637 518 de
655 486 748 519 bello
768 485 920 518 TurcIco
946 486 1121 519 delibera-

127 552 218 580 mus,
247 539 350 571 initio
368 537 519 570 docendi
534 545 616 571 sunt
635 534 808 577 homines,
835 538 931 582 quod
948 535 1121 571 Christia-

128 603 174 624 no
192 591 294 624 liceat
321 589 410 622 bella
432 599 569 630 gerere,
593 595 625 620 et
642 587 750 636 Deus*
765 588 982 632 praeceperit
1009 588 1120 631 magi-

127 642 315 680 stratibus,
343 646 381 672 ut
396 639 583 672 latrocinia
602 639 803 683 depellant,
833 646 950 683 postea
969 639 1121 673 incitan-

126 693 162 725 di
181 699 262 726 sunt
284 691 460 735 principes
477 692 520 723 ad
539 691 672 724 bellum
692 690 970 734 suscipiendum.

399 777 459 810 De
484 787 621 823 yenere
651 776 841 811 iudiciali.

228 843 373 876 Veteres
390 843 578 887 praecipue
601 850 745 887 propter
768 840 864 875 hunc
889 853 991 875 usum
1019 852 1120 873 exco-

125 896 327 939 gitaverunt
344 891 564 934 rhetoricen,
590 901 628 927 ut
648 900 898 938 praepararent
916 893 1121 926 adolescen-

126 955 176 981 tes
196 947 239 979 ad
258 946 386 979 forum.
440 943 523 978 Ideo
548 952 620 978 tota
645 946 717 978 fere
740 943 915 978 rhetorica
940 944 1121 977 consumi-

124 1005 184 1032 tur
206 996 243 1029 in
269 994 324 1029 bis
349 997 559 1040 praeceptis,
587 997 630 1028 de
652 996 845 1029 tractandis
870 994 1120 1029 controversiis

122 1048 335 1082 forensibus.
389 1046 494 1080 Nunc
512 1047 576 1080 etsi
594 1047 709 1090 imago
728 1048 900 1092 quaedam
919 1046 1045 1080 veteris
1063 1058 1120 1078 ar—

124 1099 222 1134 tificii
249 1098 384 1143 reliqua
403 1105 455 1132 est
473 1099 510 1131 in
527 1099 624 1139 soro,
651 1106 768 1132 tamen
789 1110 910 1131 causas
933 1104 1042 1140 agunt
1061 1096 1118 1129 Iu-

124 1149 346 1189 risconsulti,
396 1149 457 1194 qui
497 1148 669 1183 adhibent
704 1149 856 1182 multum
887 1162 926 1182 cx
953 1161 1012 1181 sua
1047 1155 1120 1180 arte

125 1203 314 1246 plaeraque
331 1206 448 1232 tamen
467 1212 485 1232 a
501 1198 674 1233 rhetorica
695 1201 843 1233 mutuati
865 1207 945 1233 sunt
973 1199 1026 1231 illi
1053 1199 1119 1243 ipsi

125 1252 332 1296 scriptores,
374 1263 463 1296 quos
497 1251 618 1294 legunt
642 1251 898 1284 Iurisconsulti.
960 1250 1029 1284 Sed
1055 1260 1120 1282 nos

124 1299 402 1338 tradimus'haec
418 1310 622 1346 praecepta,
651 1302 705 1334 vol
730 1303 772 1334 ad
800 1302 1007 1335 iudicandas
1031 1301 1118 1333 alio-

123 1366 203 1388 rum
221 1353 400 1393 oratione,
421 1353 476 1385 vel
494 1359 533 1386 ut
552 1353 656 1385 etiam
675 1353 892 1386 instruamus
916 1353 1119 1385 adolescen-

122 1412 174 1439 tes
191 1405 234 1437 ad
252 1403 511 1436 controversias
528 1403 565 1436 in
581 1401 752 1447 Epistotis
770 1404 987 1443 tractandas,
1015 1409 1050 1436 et
1073 1403 1116 1435 ad

124 1454 357 1489 ecclesiastica
392 1456 549 1497 negocia.
608 1453 697 1487 Nam
727 1455 986 1498 disputationes
1009 1454 1118 1486 eccle-

123 1506 301 1546 siasticae,
329 1516 455 1548 magna
474 1518 514 1538 ex
533 1512 631 1549 parte
648 1505 921 1539 similitudinem
941 1506 1118 1550 quandam

122 1556 257 1591 habent
288 1556 483 1590 forensium
518 1556 765 1589 certaminum.
836 1556 1120 1600 interpretantur

123 1609 219 1643 enim
238 1609 350 1654 leges,
377 1607 577 1641 dissolvunt
595 1606 830 1652 dwnvqut'ag,
859 1608 1023 1641 videlicet
1039 1619 1119 1640 sen-

124 1660 270 1700 tentias,
306 1671 394 1704 quae
421 1659 459 1691 in
479 1659 629 1702 speciem
656 1670 813 1702 pugnare
838 1659 1025 1699 videntur,
1059 1671 1119 1691 ex—

124 1712 258 1756 plicant
275 1710 458 1753 ambigua,
486 1710 664 1742 interdum
691 1711 734 1742 de
751 1710 847 1747 iure,
877 1711 1056 1743 interdum
1076 1710 1119 1741 de

122 1763 214 1796 facto
231 1761 431 1805 disputant,
458 1767 634 1805 quaerunt
649 1761 822 1794 sactorum
844 1761 1003 1793 consilia.
1035 1760 1118 1793 Ideo

121 1812 190 1847 hoc
205 1824 316 1856 genus
334 1812 371 1844 in
390 1809 444 1844 bis
460 1812 590 1845 nostris
608 1812 789 1852 moribus,
817 1812 920 1845 etiarn
949 1823 1115 1851 maguum

122 1862 228 1898 habet
243 1876 358 1897 usum.
407 1862 475 1897 Sed
493 1870 529 1896 ut
549 1874 675 1906 genere
695 1863 852 1895 iudiciali
873 1863 958 1895 certi
979 1863 1045 1894 loci
1064 1873 1119 1894 as-

123 1915 254 1960 signari
273 1914 427 1960 possint,
455 1914 560 1947 initio
579 1914 834 1947 discernuntur
850 1920 969 1947 status.

490 2001 549 2034 De
571 1999 749 2034 sudibus.

227 2068 333 2103 Nulla
350 2079 430 2113 pars
454 2068 539 2102 artis
566 2068 676 2111 magis
701 2068 893 2101 necessaria
918 2074 987 2108 est,
1012 2079 1117 2112 quam

124 2127 305 2167 praecepta
333 2121 375 2153 de
399 2119 565 2160 statibus,
592 2119 627 2151 in
654 2119 784 2164 quibus
809 2117 874 2152 boc
899 2120 1054 2163 primurn
1080 2131 1118 2150 ac

126 2171 355 2218 praecipuum
373 2177 442 2211 cst,
469 2178 508 2204 ut
525 2171 561 2203 in
581 2173 679 2203 omni
696 2171 860 2214 negocio,
888 2182 948 2203 seu
973 2177 1118 2203 contro-—

123 2222 237 2257 versia
269 2221 456 2263 diligenter
486 2223 768 2263 consideremus,
811 2222 889 2267 quis
922 2221 967 2255 sit
996 2228 1118 2262 status,

124 2273 192 2309 hoc
210 2280 280 2314 est,
307 2284 395 2317 quae
410 2272 454 2305 sit
473 2273 682 2317 principalis
699 2274 878 2318 quaestio,
906 2285 967 2306 seu
986 2285 1117 2317 propo-

125 2326 225 2364 sitio,
258 2336 347 2370 quae
371 2323 529 2357 continet
553 2336 728 2358 summam
754 2325 908 2367 negocii,
942 2325 985 2357 ad
1012 2336 1115 2369 quam

124 2377 244 2412 omnia
262 2380 470 2418 argumenta
485 2375 667 2409 referenda
682 2383 782 2417 sunt,
809 2376 905 2410 velut
922 2377 964 2409 ad
983 2375 1116 2420 princi-

122 2429 239 2474 palem
257 2426 532 2460 conclusionem.
570 2426 675 2460 Nulla
692 2428 930 2461 controversia
952 2427 1117 2470 intelligi,

124 2477 219 2513 nihil
251 2479 377 2512 ordine
411 2476 597 2521 explicari,
630 2478 717 2516 dici,
751 2486 811 2512 ant
835 2478 970 2523 percipi
993 2485 1117 2523 potest,

124 2531 196 2564 nisi
215 2529 452 2565 constituatur
467 2528 584 2572 aliqua
605 2529 812 2572 propositio,
836 2542 925 2575 quae
941 2542 1115 2563 summam

125 2593 248 2616 causae
271 2577 557 2624 comprehendat.
620 2581 670 2612 Ac
692 2591 793 2623 saepe
818 2581 854 2613 in
880 2581 1114 2614 concionibus

124 2633 350 2668 indoctorum
368 2631 518 2665 iudicari
536 2637 666 2675 potest,
694 2637 825 2675 quanta
843 2629 949 2665 huius
971 2644 1115 2676 praece-

125 2684 178 2728 pti
194 2684 248 2719 vis
266 2684 332 2725 sit,
357 2682 439 2724 ubi,
464 2689 650 2728 postquam
675 2682 774 2716 nulla
797 2688 888 2715 certa
918 2683 1113 2727 propositio

1174 181 1366 214 constituta
1391 189 1458 223 est,
1486 184 1529 216 de
1553 197 1623 229 qua
1650 184 1840 218 dicendum
1870 185 1934 225 sit,
1962 186 2074 219 oratio
2092 199 2164 220 non

1175 232 1284 275 magis
1302 229 1486 277 cohaeret,
1515 247 1619 279 quam
1638 236 1699 268 illa
1723 238 1815 280 apud
1832 235 2025 269 Horacium
2051 238 2165 280 pictu-

1174 295 1231 323 ra,
1266 283 1304 314 in
1328 296 1396 327 qua
1423 281 1577 317 humano
1602 287 1707 329 capiti
1734 287 1902 320 cervicem
1928 287 2042 331 pictor
2065 289 2164 332 equi-

1175 345 1256 366 nam
1276 334 1376 367 addit
1402 340 1466 367 etc.
1523 334 1573 368 lta
1596 336 1803 380 interpretes
1821 338 1943 379 Pauli,
1970 339 2052 383 quia
2077 350 2164 371 nus—

1175 397 1281 429 quam
1299 385 1533 428 excerpebant
1543 397 1580 417 ex
1594 387 1665 419 ulla
1681 389 1917 432 disputatione
1935 395 2063 422 certam
2082 401 2164 433 pro-

1176 435 1407 479 positionem,
1445 448 1508 468 nec
1539 436 1725 478 videbant,
1767 442 1945 483 quomodo
1977 441 2019 473 ad
2051 452 2164 474 unum

1175 487 1318 531 aliquod
1337 493 1442 530 caput
1459 489 1757 520 accommodanda
1777 498 1889 523 essent
1913 491 2032 524 omnia
2059 503 2163 534 argu-

1173 545 1310 576 menta,
1338 544 1412 571 toto
1430 538 1528 570 coelo
1547 549 1566 570 a
1583 539 1754 572 sententia
1776 540 1995 574 aberrabant.
2050 541 2164 576 Inter-

1174 590 1258 622 dum
1279 589 1383 622 etiam
1401 589 1577 622 enarratio
1590 591 1767 633 pugnabat
1786 602 1863 622 cum
1882 598 2015 626 autore.
2044 592 2163 634 Quare

1174 640 1363 683 diligenter
1378 640 1633 673 assuesaciendi
1659 647 1741 674 suut
1767 641 2025 682 adolescentes,
2051 644 2088 674 in
2114 644 2163 675 le-

1173 691 1297 734 gendis
1313 692 1526 724 disertorum
1545 691 1770 724 orationibus
1794 704 1832 724 ac
1854 692 2164 736 (lisputationibus,

1174 749 1211 775 ut
1228 749 1356 776 statum
1382 749 1574 787 quaerant,
1603 748 1641 775 ut
1668 742 1705 774 in
1732 743 1922 776 scribendo
1947 755 1985 776 ac
2012 743 2163 777 dicendo

1173 794 1434 837 propositiones
1459 793 1695 833 constituant,
1730 801 1761 827 et
1787 795 1829 826 ad
1862 791 1924 827 has
1959 801 2165 837 argumenta

1173 846 1451 877 accommodent.
1504 843 1734 887 Praeceptum
1768 842 1834 877 hoc
1863 845 1939 877 leve
1964 857 2001 878 ac
2029 846 2165 888 puerile

1174 895 1315 929 videtur
1332 896 1367 928 in
1383 895 1548 939 speciem,
1567 897 1626 928 sed
1646 895 1834 929 utilitatem
1848 893 1952 929 habet
1966 896 2165 931 maximam.

1173 944 1225 979 Ac
1242 958 1372 990 paucos
1386 946 1565 985 invenies,
1587 947 1646 991 qui
1666 946 1701 978 in
1720 947 1870 980 dicendo
1885 948 2084 985 observent,
2103 948 2164 991 qui

1172 998 1358 1031 consulant
1384 997 1516 1041 seipsos
1541 997 1625 1042 quid
1650 997 1779 1030 (lIcturi
1804 999 1893 1038 sint,
1921 1010 2009 1043 quae
2037 998 2081 1031 sit
2106 998 2162 1030 su—

1172 1055 1249 1081 tura
1268 1049 1404 1091 negocii
1424 1060 1570 1081 summa.
1606 1048 1643 1081 Si
1662 1051 1803 1092 quando
1827 1048 2034 1093 amphoram
2062 1049 2163 1082 insti-

1172 1106 1296 1140 tuunt,
1331 1107 1369 1134 ut
1393 1098 1537 1132 Horacii
1563 1099 1678 1132 verbis
1702 1107 1863 1139 utamur,
1899 1107 2061 1133 currente
2087 1107 2162 1133 rota

1173 1158 1288 1184 tamen
1307 1162 1432 1183 urceus
1449 1150 1531 1183 exit.

1274 1200 1398 1246 Neque
1420 1213 1503 1234 vero
1528 1207 1665 1234 tantum
1694 1206 1803 1234 status
1834 1200 2074 1234 observandus
2100 1209 2162 1241 est,

1172 1253 1232 1284 sed
1258 1253 1340 1296 quia
1366 1263 1448 1285 vero
1474 1252 1652 1296 quaelibet
1678 1251 1937 1292 controversia,
1962 1264 2072 1285 unum
2097 1253 2163 1285 ali-

1172 1315 1275 1347 quem
1293 1302 1521 1347 praecipuum
1542 1302 1785 1348 syllogismum
1802 1302 1980 1341 continet,
2008 1303 2070 1348 qui
2088 1315 2163 1336 ma-

1171 1354 1264 1386 xime
1297 1354 1415 1387 munit
1438 1360 1587 1392 statum,
1622 1354 1650 1386 is
1674 1364 1815 1397 quoque
1845 1353 2029 1386 dialectico
2064 1366 2162 1387 more

1171 1404 1326 1437 breviter
1344 1405 1582 1448 excerpendus
1601 1412 1663 1444 est,
1688 1411 1726 1437 ut
1745 1404 1840 1436 nuda
1860 1415 1898 1436 ac
1915 1404 2035 1437 brevia
2052 1417 2163 1437 mem-

1171 1456 1234 1488 bra
1254 1455 1453 1494 intuentes,
1482 1455 1611 1488 rectius
1630 1455 1788 1487 iudicare
1806 1454 1992 1498 possimus,
2043 1454 2162 1497 Quare

1171 1504 1330 1540 rhetores
1353 1506 1563 1539 indiderunt
1590 1506 1737 1539 nomina
1764 1505 1925 1550 partibus
1955 1506 2162 1551 syllogismi.

1171 1556 1290 1591 Status
1324 1564 1374 1592 est
1407 1557 1599 1591 conclusio.
1663 1556 1751 1590 Nam
1782 1556 1962 1589 conclusio
1996 1564 2046 1591 est
2078 1570 2163 1602 pro-

1172 1609 1298 1652 positio
1328 1609 1554 1653 principalis,
1609 1616 1687 1651 post
1725 1607 2069 1651 argumentationem
2107 1620 2162 1641 re-

1172 1660 1289 1703 petita.
1351 1658 1397 1692 Et
1419 1667 1546 1694 statum
1571 1660 1657 1692 alias
1684 1665 1809 1692 vocant
1830 1655 2053 1705 κεφάλαιον,
2099 1672 2161 1692 vo—

1170 1717 1250 1744 cant
1268 1718 1301 1744 et
1314 1707 1518 1754 ὗπόθεσιν,
1546 1722 1607 1743 seu
1629 1707 1886 1753 ὑποκείμενον,
1915 1711 2010 1743 unde
2032 1711 2163 1743 mansit

1171 1774 1302 1795 nornen
1318 1763 1465 1796 subiecti
1486 1763 1523 1794 in
1540 1758 1689 1800 scholis,
1718 1772 1779 1803 pro
1804 1761 1947 1793 materia
1972 1767 2004 1794 et
2024 1772 2161 1793 summa

1171 1813 1299 1856 operis,
1352 1812 1527 1846 Maiorem
1545 1819 1577 1844 et
1595 1812 1769 1844 minorem
1788 1817 1912 1844 vocant
1932 1812 2062 1846 αἴτιον.
2118 1811 2158 1844 In

1171 1861 1225 1896 his
1252 1864 1379 1904 altera,
1411 1865 1454 1896 de
1478 1875 1545 1908 qua
1571 1862 1752 1895 dimicatio
1776 1869 1846 1902 est,
1877 1868 1910 1894 et
1937 1874 2005 1907 qua
2030 1863 2160 1895 confir-

1171 1921 1284 1955 mata,
1320 1914 1500 1947 conclusio
1534 1914 1571 1947 sit
1600 1913 1724 1957 plana,
1760 1919 1904 1946 vocatur
1926 1909 2161 1958 κρινόμενον,

1170 1972 1208 1998 ut
1225 1978 1287 2009 pro
1306 1965 1446 1999 Milone
1465 1972 1574 1998 status
1596 1971 1657 1999 est.
1711 1962 1803 1996 Milo
1826 1962 1992 1997 Clodium
2021 1965 2161 2004 occidit,

1170 2016 1290 2051 αἴτιον
1313 2023 1381 2057 est,
1415 2017 1485 2049 vim
1511 2016 1545 2048 vi
1573 2015 1743 2058 repellere
1769 2015 1863 2050 licet.
1926 2015 2017 2048 Milo
2043 2022 2158 2049 autem

1171 2068 1242 2100 vim
1260 2068 1293 2100 vi
1320 2068 1464 2112 repulit.
1519 2066 1559 2099 ln
1584 2064 1640 2099 his
1657 2066 1777 2098 minor
1799 2073 1849 2099 est
1874 2066 2024 2109 incerta,
2054 2078 2157 2111 quam

1168 2119 1197 2152 si
1223 2119 1332 2152 iudici
1358 2118 1560 2163 probaverit
1576 2117 1719 2158 Cicero,
1746 2117 1838 2150 Milo
1857 2117 1984 2152 vincet.
2038 2116 2160 2161 Itaque

1170 2170 1206 2202 in
1224 2168 1291 2203 hoc
1309 2170 1513 2216 syllogismo
1525 2196 1533 2209 ,
1560 2169 1678 2201 minor
1694 2176 1744 2203 est
1759 2164 1992 2215 κρινόμενον.
2045 2166 2159 2201 Inter-

1169 2222 1252 2255 dum
1268 2223 1381 2255 maior
1397 2228 1447 2255 est
1465 2216 1697 2265 κρινόμενον,

1322 2271 1558 2316 Evangelium
1577 2283 1651 2304 non
1669 2270 1789 2303 abolet
1812 2269 1964 2312 politiaS.

1325 2324 1464 2357 Tenere
1482 2323 1665 2367 proprium
1677 2347 1685 2360 ‚
1714 2327 1763 2353 est
1780 2332 1834 2352 res
1849 2319 2002 2363 politica.

1322 2375 1436 2420 Igitur
1454 2373 1686 2417 Evangelium
1713 2383 1786 2404 non
1812 2377 1905 2404 vetat
1930 2377 2048 2404 tenere
2073 2379 2157 2412 pro-

1375 2427 1505 2471 prium.

1270 2477 1338 2511 Hic
1355 2478 1469 2510 maior
1487 2481 1537 2508 est
1551 2469 1779 2519 κρινόμενον.
1826 2471 1915 2504 Nam
1932 2469 2071 2504 homini
2090 2469 2156 2502 im-

1168 2530 1281 2574 perito
1297 2527 1556 2562 ostendendum
1573 2530 1642 2561 est,
1669 2524 1763 2568 quod
1784 2521 2018 2566 Evangelium
2035 2523 2157 2554 doceat

1168 2581 1212 2613 de
1231 2581 1302 2614 vita
1320 2587 1459 2612 aeterna
1471 2604 1479 2617 ,
1507 2581 1541 2608 et
1558 2574 1689 2607 iustitia
1705 2574 1821 2607 cordis
1838 2585 1916 2618 erga
1933 2572 2060 2608 Deum.
2096 2571 2156 2604 ln-

1167 2631 1270 2666 terim
1288 2630 1375 2663 foris
1390 2630 1508 2661 iubeat
1522 2638 1586 2659 nos
1604 2625 1655 2659 uti
1681 2625 1832 2669 politicis
1857 2624 2156 2661 ordinationibus,

1167 2682 1258 2716 sicut
1279 2681 1377 2722 cibo,
1403 2686 1507 2724 potu,
1533 2678 1636 2718 aere,
1664 2683 1697 2710 et
1713 2677 1792 2710 aliis
1811 2677 1914 2710 bonis
1929 2676 1994 2710 Dei
2019 2680 2155 2708 creatu-
