2379 2948
475 642 528 683 ll.
596 640 1038 684 ARGUMENTUM
1095 642 1161 684 IN
1219 641 1450 685 ESAIAM
1505 642 1894 695 PROPHETAM,

955 731 1111 756 PHILIPPI

1139 732 1408 758 MELANTHONIS.

457 817 592 854 (Editum
616 817 695 846 haud
718 817 806 846 dubie
832 826 868 846 ex
893 818 1009 847 schedis
1033 818 1176 847 Melanth.
1200 827 1217 847 a
1240 819 1371 848 Peucero
1395 820 1423 847 in
1447 829 1516 858 opp.
1547 820 1654 850 Witeb.
1678 821 1714 850 T.
1729 821 1766 849 11.
1791 831 1820 858 p.
1840 819 1930 857 398.)

158 991 329 1052 Causae,
357 1023 419 1044 cur
445 1017 479 1044 et
505 1011 686 1055 quomodo
714 1007 914 1054 Prophetae
940 1011 1024 1045 inde
1043 1023 1155 1057 usque

158 1067 203 1100 ab
222 1063 324 1097 initio
345 1062 481 1106 generis
499 1059 647 1095 humani
673 1061 771 1094 missi
789 1061 878 1105 sint,
906 1070 1095 1097 sumantur
1111 1064 1155 1096 ab

158 1118 232 1162 ipsa
250 1114 483 1159 patefactione
500 1111 578 1150 Dei,
604 1119 637 1146 et
654 1112 890 1156 promissione
907 1114 1046 1155 tradita,
1073 1127 1155 1147 mox

159 1174 237 1213 post
271 1166 409 1210 lapsum
444 1165 642 1209 primorum
677 1171 876 1208 parentum.
931 1164 1024 1199 Sunt
1057 1166 1153 1198 enim

158 1218 244 1254 haec
261 1229 396 1251 summa
416 1214 483 1250 Dei
500 1215 688 1255 beneficia,
715 1217 811 1260 quod
831 1216 934 1250 certis
953 1223 985 1250 et
1004 1216 1154 1250 illustri—

158 1272 224 1305 bus
248 1267 461 1303 testimoniis
485 1278 557 1299 sese
586 1266 748 1310 patefecit
772 1267 892 1310 generi
918 1265 1096 1308 humano,
1123 1274 1155 1301 et

158 1320 305 1356 tradidit
323 1318 594 1363 promissionem
616 1318 659 1350 de
677 1316 895 1359 Mediatore,
921 1330 985 1362 per
999 1331 1104 1364 quem
1123 1325 1155 1352 et

157 1378 302 1418 propter
319 1382 424 1416 quem
444 1369 563 1412 generi
581 1365 739 1400 humano
756 1368 893 1402 iusticia
911 1376 943 1402 et
954 1370 1025 1402 vita
1042 1376 1153 1403 aeter-

158 1436 202 1458 na
220 1421 439 1457 restituenda
458 1425 556 1454 esset.
602 1417 698 1452 Haec
717 1419 781 1452 etsi
798 1420 903 1453 multi
921 1420 1052 1453 fabulis
1071 1422 1155 1464 poe-

157 1482 292 1509 matum
309 1472 437 1506 similia
456 1482 528 1504 esse
549 1470 724 1513 cogitant,
752 1477 871 1504 tamen
891 1483 954 1505 nos
974 1472 1010 1504 in
1030 1469 1154 1505 Eccle-

158 1527 208 1560 sia
225 1525 355 1559 scimus
375 1535 447 1556 esse
462 1533 542 1555 vera
559 1528 593 1555 et
609 1528 703 1555 certa
722 1529 755 1556 et
771 1522 977 1557 confirmata
1002 1523 1155 1556 subinde

158 1576 358 1612 illustribus
384 1572 606 1608 testimoniis.

262 1625 397 1672 Estque
413 1623 499 1658 haec
518 1624 705 1669 praecipua
725 1636 825 1657 causa
837 1651 845 1665 ‚
874 1637 937 1658 cur
954 1623 1154 1669 Prophetae

158 1679 274 1715 vocati
292 1685 325 1712 et
341 1676 438 1712 missi
458 1676 546 1715 sint,
574 1682 612 1708 ut
632 1687 694 1719 per
713 1675 808 1709 viros
830 1676 1078 1710 antecellentes
1103 1684 1154 1710 te-

158 1730 325 1767 stimonia
351 1728 624 1762 ostenderentur
651 1727 898 1771 patefactionis
923 1727 1085 1765 divinae,
1120 1735 1155 1762 et

158 1795 222 1828 per
239 1793 298 1816 eos
313 1785 547 1814 renovaretur
564 1777 726 1811 doctrina
745 1778 789 1810 de
800 1777 890 1818 Deo,
916 1785 949 1812 et
964 1779 1153 1822 promissio

158 1836 202 1868 de
222 1833 422 1868 Mediatore
441 1835 659 1874 repeteretur
675 1836 708 1862 et
726 1828 978 1862 illustraretur.

260 1881 308 1918 Et
333 1893 537 1929 quanquam
563 1879 674 1913 multa
697 1880 842 1924 politica
866 1877 1064 1924 Prophetae
1089 1892 1154 1924 gu—

157 1938 373 1975 bernarunt,
399 1941 438 1968 ut
456 1929 585 1977 Ioseph
610 1942 759 1974 regnum
777 1929 930 1977 Aegypti
947 1931 1053 1972 rexit,
1089 1931 1154 1966 Sa-

157 1988 271 2028 muel,
297 1985 484 2020 Helisaeus
501 1995 599 2028 reges
616 1990 811 2017 unxerunt:
840 1990 958 2017 tamen
982 1980 1067 2016 haec
1090 1995 1153 2016 ne-

159 2039 256 2083 gocia
272 2049 345 2071 non
361 2043 442 2070 sunt
461 2035 648 2081 praecipua
666 2045 747 2078 pars
769 2032 968 2079 prophetici
993 2034 1154 2068 ministe-

159 2089 226 2130 rii,
254 2089 311 2122 sed
334 2089 480 2122 suerunt
496 2087 697 2121 occasiones
717 2085 990 2127 miraculorum,
1018 2086 1056 2118 in
1073 2086 1152 2131 qui-

159 2141 226 2175 bus
235 2138 331 2173 Deus
348 2139 500 2173 illustria
513 2137 717 2172 testimonia
734 2137 779 2171 de
794 2149 868 2172 sese
884 2138 1012 2173 ederet.
1042 2136 1152 2171 Multi

160 2191 277 2236 ignari
294 2190 476 2224 doctrinae
496 2187 739 2230 Christianae,
765 2201 845 2223 cum
861 2189 1012 2223 audiunt
1036 2189 1154 2222 nomi-

161 2242 241 2277 nari
260 2239 478 2286 Prophetas,
505 2241 712 2285 intelligunt
734 2247 872 2275 tantum
897 2241 1153 2285 gubernatores

160 2294 344 2339 politicos,
378 2298 593 2336 praestantes
623 2291 703 2326 aliis
731 2292 879 2326 consilio
913 2299 945 2326 et
970 2292 1153 2336 felicitate,

162 2346 283 2392 quales
314 2345 460 2378 fuerunt
489 2343 584 2387 apud
609 2340 784 2378 Ethnicos
815 2343 1008 2384 Zaleucus,
1040 2343 1152 2378 Solon

161 2404 222 2432 aut
238 2397 300 2430 alii
319 2395 567 2439 legumlatores
583 2394 758 2439 sapientes
774 2402 807 2429 et
822 2395 952 2431 felices.

263 2447 333 2482 Sed
370 2458 436 2480 nos
471 2445 623 2480 sciamus
652 2446 881 2491 praecipuum
917 2458 1048 2481 munus
1079 2458 1153 2481 esse

161 2499 322 2535 omnium
340 2495 600 2542 Prophetarum
613 2522 622 2536 ,
649 2496 733 2530 inde
750 2509 861 2543 usque
885 2499 930 2532 ab
948 2496 1065 2532 Adam
1078 2526 1087 2539 ‚
1113 2504 1153 2532 ut

160 2563 224 2596 per
241 2563 300 2585 eos
315 2548 517 2584 testimonia
537 2547 780 2592 patefactionis
796 2549 938 2584 divinae
960 2550 1153 2584 ostendan-

161 2610 237 2644 tur,
273 2608 306 2636 et
335 2607 526 2635 renovetur
557 2598 743 2643 promissio
773 2598 980 2645 Evangelii,
1012 2608 1045 2635 et
1080 2607 1153 2636 tota

162 2654 323 2688 doctrina
346 2653 390 2687 de
412 2651 489 2687 Deo
514 2656 742 2696 repurgetur,
777 2657 812 2684 et
836 2648 992 2687 Ecclesia
1016 2653 1153 2687 instau-

163 2712 271 2742 retur.

1310 1012 1424 1046 Fiunt
1441 1019 1558 1046 autem
1582 1013 1777 1057 miracula,
1806 1021 1845 1049 ut
1862 1015 2012 1048 diversis
2034 1015 2206 1059 tempori-

1207 1064 1293 1104 bus,
1320 1064 1368 1097 ita
1385 1070 1419 1097 et
1442 1064 1479 1096 in
1504 1065 1658 1108 negociis
1675 1065 1837 1099 diversis.
1890 1065 2033 1101 Servari
2049 1065 2126 1100 Noe
2150 1067 2205 1100 fa-

1208 1114 1343 1148 miliam
1370 1115 1407 1147 in
1425 1114 1562 1148 diluvio
1575 1142 1584 1157 ‚
1608 1115 1853 1151 testimonium
1878 1117 1946 1151 fuit
1964 1124 1998 1151 et
2015 1125 2067 1152 est
2088 1117 2207 1151 omni-

1207 1166 1273 1199 bus
1301 1166 1427 1199 seculis
1450 1172 1589 1210 postea,
1616 1165 1731 1200 Deum
1755 1180 1835 1201 vere
1860 1180 1896 1202 se
1923 1169 2145 1213 patefecisse,
2173 1175 2207 1203 et

1208 1217 1283 1250 eius
1312 1217 1495 1251 doctrinae
1526 1224 1688 1252 autorem
1723 1230 1814 1261 esse,
1851 1232 1940 1265 quae
1965 1219 2088 1253 Nohae
2118 1231 2203 1253 voce

1208 1274 1401 1313 propagata
1421 1274 1484 1303 est.

1311 1318 1414 1352 Talia
1431 1319 1634 1353 testimonia
1653 1319 1817 1362 fuerunt,
1844 1322 1948 1360 nasci,
1959 1320 2053 1355 Isaac
2070 1335 2108 1355 ex
2129 1334 2207 1356 ma-

1208 1376 1260 1403 tre
1283 1368 1395 1403 sterili
1421 1376 1454 1403 et
1475 1369 1622 1408 effoeta,
1650 1371 1911 1413 praedictiones
1927 1379 1960 1406 et
1984 1379 2056 1406 tota
2076 1374 2205 1415 guber-

1207 1420 1305 1454 natio
1342 1418 1470 1464 Ioseph
1511 1420 1549 1453 in
1584 1418 1766 1466 Aegypto,
1817 1423 1959 1457 eductio
1996 1424 2121 1468 populi
2166 1436 2206 1458 ex

1206 1469 1389 1517 Aegypto,
1418 1471 1586 1506 victoriae
1605 1470 1739 1514 Iosuae,
1762 1473 1800 1507 in
1818 1474 1949 1520 quibus
1965 1473 2048 1519 Sol,
2076 1475 2205 1508 omisso

1206 1534 1270 1557 suo
1289 1523 1436 1565 itinere,
1464 1535 1539 1556 non
1563 1534 1769 1568 progressus
1791 1532 1843 1560 est
1860 1525 1982 1562 biduo.
2036 1524 2207 1561 Resusci-

1207 1574 1292 1609 tatio
1316 1581 1541 1608 mortuorum
1567 1575 1655 1608 facta
1680 1575 1725 1609 ab
1751 1574 1834 1610 Elia
1858 1584 1892 1611 et
1916 1575 2078 1619 Elisaeo,
2111 1577 2207 1612 Solis

1207 1626 1380 1669 regressio
1403 1632 1562 1670 tempore
1585 1624 1713 1659 Esaiae
1740 1627 1844 1663 facta.
1895 1626 2060 1674 Denique
2083 1640 2206 1663 omnes

1206 1677 1390 1710 mirandae
1407 1676 1578 1710 victoriae
1595 1683 1630 1710 et
1648 1676 1878 1713 liberationes
1894 1680 2005 1713 factae
2021 1680 2058 1713 in
2076 1681 2206 1723 guber-

1206 1728 1352 1761 natione
1374 1725 1655 1772 Prophetarum,
1680 1734 1854 1764 testantur
1871 1729 1986 1764 Deum
2014 1743 2049 1764 se
2071 1732 2206 1775 patefe—

1206 1779 1293 1812 cisse
1312 1785 1345 1812 et
1360 1790 1478 1812 veram
1497 1790 1569 1812 esse
1588 1776 1848 1823 Prophetarum
1867 1782 2080 1818 doctrinam.
2110 1781 2205 1816 Aliis

1205 1830 1427 1874 temporibus
1448 1829 1538 1864 aliae
1560 1830 1705 1864 fuerunt
1722 1831 1886 1876 politiae,
1913 1839 1945 1866 et
1966 1833 2028 1866 alii
2042 1831 2206 1878 Prophe-

1205 1888 1260 1915 tae
1276 1881 1356 1914 aliis
1373 1880 1526 1914 maiores
1541 1881 1699 1916 fuerunt.
1754 1882 1825 1917 Sed
1844 1890 1963 1918 tamen
1979 1896 2081 1918 causa
2100 1897 2205 1932 prae-

1206 1932 1329 1980 cipua,
1357 1944 1420 1966 cur
1443 1932 1542 1965 missi
1560 1930 1650 1973 sint,
1678 1933 1799 1967 eadem
1825 1941 1894 1976 est,
1922 1935 2016 1969 idem
2041 1936 2203 1970 ministe-

1206 1983 1298 2017 rium
1318 1990 1352 2017 et
1369 1983 1531 2017 doctrina
1551 1983 1673 2016 eadem
1689 1991 1751 2018 est.

1310 2033 1480 2068 Definitio
1512 2034 1622 2078 igitur
1654 2032 1854 2080 Prophetae
1886 2042 2058 2072 teneatur.
2112 2036 2203 2072 Pro-

1206 2083 1311 2131 pheta
1330 2092 1380 2119 est
1399 2097 1550 2130 persona
1577 2085 1780 2121 immediate
1803 2098 1821 2120 a
1839 2084 1915 2120 Deo
1934 2094 2055 2121 vocata
2075 2088 2118 2121 ad
2137 2090 2203 2123 do-

1205 2137 1357 2171 cendum
1373 2135 1632 2181 Evangelium‚
1660 2144 1693 2172 et
1709 2138 1753 2172 ad
1769 2138 1917 2172 consilia
1934 2145 2025 2172 certa
2044 2138 2202 2184 politica,

1205 2187 1342 2223 habens
1361 2188 1564 2223 testimonia
1581 2188 1723 2231 divina,
1752 2190 1848 2235 quod
1871 2201 1945 2223 non
1971 2196 2072 2225 erret.
2127 2188 2201 2223 Iam

1205 2238 1263 2274 hic
1285 2239 1390 2274 initio
1422 2240 1621 2275 bonitatem
1645 2239 1711 2275 Dei
1742 2240 1953 2274 immensam
1985 2239 2200 2281 consideres,

1204 2299 1243 2327 ut
1260 2291 1292 2325 ei
1308 2291 1437 2336 gratias
1453 2303 1551 2336 agas,
1578 2292 1675 2337 quod
1693 2292 1796 2326 toties
1814 2292 1998 2325 renovavit
2016 2292 2203 2326 doctrinae

1205 2344 1332 2379 lucem.
1374 2342 1423 2379 Ut
1440 2343 1478 2376 in
1494 2344 1567 2376 acie
1588 2348 1669 2388 post
1684 2342 1774 2376 alios
1792 2343 1995 2386 manipulos
2010 2343 2072 2376 alii
2088 2343 2201 2377 collo-

1205 2401 1349 2436 cantur,
1376 2394 1424 2429 ita
1443 2394 1611 2428 continua
1629 2393 1849 2427 successione
1865 2406 1939 2427 non
1957 2394 2073 2437 longis
2089 2394 2201 2428 inter-

1206 2446 1330 2488 vallis,
1363 2443 1563 2494 Prophetae
1595 2445 1693 2478 missi
1718 2451 1820 2486 sunt,
1857 2452 1938 2490 post
1961 2443 2078 2479 Adam
2102 2443 2202 2487 Seth,

1205 2498 1335 2531 deinde
1351 2494 1521 2537 Henoch,
1549 2494 1783 2537 Manisalem,
1808 2493 1932 2537 Noha,
1959 2495 2057 2541 Sem,
2083 2495 2201 2531 Abra-

1204 2547 1305 2588 ham,
1333 2548 1446 2587 Isaac,
1482 2546 1606 2586 Iacob,
1641 2544 1788 2591 Ioseph,
1822 2546 1960 2588 Moses,
1995 2546 2138 2590 Iosuae,
2166 2555 2202 2583 et

1205 2607 1284 2646 post
1309 2598 1374 2633 hos
1399 2598 1470 2634 alii.
1518 2597 1656 2631 Deinde
1678 2597 1843 2640 Samuel,
1874 2596 2038 2640 Nathan,
2072 2599 2202 2640 David,

1205 2649 1317 2686 Ahias
1347 2649 1538 2690 Silonites,
1571 2648 1687 2691 Elias,
1728 2647 1899 2684 Elisaeus.
1961 2649 2045 2685 Post
2067 2649 2204 2685 Elisaei

1204 2708 1353 2737 mortem
1371 2700 1456 2735 anni
1469 2701 1728 2747 quinquaginta
1745 2708 1828 2736 sunt
1845 2708 1907 2736 aut
1924 2701 2075 2743 circiter,
2093 2714 2186 2738 usou
