2379 2948
133 91 208 125 893
520 87 565 125 V.

133 183 223 210 terra
244 174 451 208 viventium.
507 173 612 208 Item:
640 172 756 207 Ponet
770 173 925 207 animam
943 182 1040 205 suam
1059 166 1125 203 lio-

132 226 232 260 stiam
257 237 319 269 pro
338 233 490 270 peccato.

232 284 328 318 Haec
345 296 424 318 cum
442 285 513 318 sint
530 282 711 328 perspicue
728 281 832 321 dicta,
859 293 931 313 non
945 287 1027 314 sunt
1040 280 1125 313 alie-

129 336 185 369 nis
201 335 553 379 interpretationibus
570 333 808 377 depravanda,
836 338 873 364 ut
886 332 1019 364 faciunt
1032 332 1123 364 caeci

124 394 165 421 et
188 387 347 420 scelerati
370 386 513 426 Iudaei,
553 384 614 429 qui
638 383 722 428 quia
748 382 928 416 somniant
955 382 1122 415 Messiam

128 444 381 481 occupaturum
401 436 546 481 imperia
564 434 710 472 mundi,
738 440 770 466 et
789 439 1018 476 regnaturum
1038 434 1124 466 Ale-

128 489 255 522 xandri
286 495 345 522 aut
372 487 523 530 Augusti
548 496 665 525 more,
702 491 937 528 corrumpunt
961 485 1053 518 dicta
1079 486 1122 517 de

128 540 290 584 passione
315 538 476 572 Messiae.
535 535 617 570 Non
648 535 743 569 enim
778 536 981 578 intelligunt
1008 536 1121 581 qualis

128 591 173 624 sit
188 590 349 624 liberatio
369 602 386 622 a
404 594 543 632 peccato
561 593 594 620 et
610 598 628 619 a
646 594 779 627 morte,
808 587 979 631 promissa
996 587 1121 631 primis

127 642 300 685 patribus.
378 638 535 682 Fingunt
564 638 750 682 pueriliter
782 649 822 671 eo
855 645 993 672 tantum
1027 637 1119 671 mitti

127 692 314 730 Messiam‚
342 691 432 724 utin
451 687 515 723 hac
531 689 692 729 mortali,
722 689 846 722 misera
865 696 897 723 et
914 689 1029 732 fragili
1049 690 1119 722 vita

127 744 283 776 cumulet
304 741 429 785 opibus
453 747 486 774 et
505 741 747 785 voluptatibus
766 748 924 784 posteros
942 738 1119 775 Abrahae.

126 793 198 828 Nec
224 793 378 836 cogitant
398 792 503 835 longe
525 793 695 824 maiorem
723 791 971 824 liberationem
994 791 1119 835 primis

125 844 285 889 patribus
309 843 518 886 promissam
545 854 634 883 esse,
663 842 722 887 qui
742 842 1006 885 intelligebant,
1033 854 1119 887 quas

124 906 179 928 res
195 894 352 928 amiserit
369 892 523 928 humana
540 900 683 932 natura,
712 894 843 926 scilicet
862 894 998 926 firmam
1016 894 1118 936 agni-

123 946 256 981 tionem
273 944 358 989 Dei,
387 952 591 989 perpetuam
610 944 786 978 iusticiam
804 952 836 978 et
855 945 979 980 vitam.
1034 943 1117 977 Ideo

123 995 245 1031 Esaias
269 1003 371 1030 vocat
388 995 554 1029 Messiam
579 1002 712 1039 patrem
735 1004 896 1029 aeternae
915 995 1018 1031 vitae.
1071 993 1118 1029 Et

123 1059 196 1092 cap.
212 1047 274 1084 53.
290 1060 369 1081 cnm
388 1049 430 1081 de
449 1054 562 1081 morte
580 1047 655 1080 eius
670 1047 902 1080 concionatus
919 1053 1026 1087 esset,
1055 1047 1118 1079 ad-

122 1099 174 1132 dit
211 1099 418 1132 concionem
460 1099 504 1132 de
541 1098 616 1132 eius
651 1098 910 1131 resurrectione
944 1105 978 1132 et
1006 1109 1115 1142 regno

121 1158 275 1184 aeterno.

226 1209 349 1255 Itaque
396 1208 592 1254 repudiatis
634 1207 848 1242 Iudaeorum
893 1208 1116 1252 corruptelis,

121 1261 237 1305 ipsum
268 1261 454 1294 audiamus
478 1259 677 1303 Angelum,
711 1257 753 1293 τὸ
783 1256 894 1304 ῥητὸν
921 1267 1115 1299 teneamus,

121 1311 419 1356 simus-discipuli
445 1311 541 1344 vocis
564 1309 722 1349 divinae,
750 1322 897 1355 eamque
921 1311 1040 1343 dextre
1058 1310 1114 1343 in·-

119 1362 339 1406 telligamus,
365 1374 438 1396 non
462 1362 682 1404 adtingamus
705 1361 772 1405 ipsi
791 1361 1114 1405 interpretationes,

120 1414 247 1448 omissa
267 1414 457 1459 verborum
475 1412 742 1456 significatione.

221 1490 275 1525 De
292 1502 439 1535 persona
457 1489 635 1535 loquitur,
662 1501 742 1522 cum
759 1488 922 1523 nominat
933 1488 1112 1539 Messiam‚

119 1555 159 1576 ac
182 1543 225 1576 de
249 1542 311 1575 illo
328 1541 424 1586 ipso,
450 1553 553 1586 quem
571 1540 608 1573 in
626 1540 786 1585 proximo
804 1540 978 1574 versiculo
996 1540 1113 1573 nomi-

118 1593 219 1628 navit
234 1599 392 1627 sanctum
409 1599 632 1632 sanctorum,
659 1589 736 1632 hic,
764 1591 894 1634 inquit,
923 1591 1113 1632 excidetur,

118 1645 208 1679 sicut
232 1653 265 1679 et
280 1642 403 1677 Esaias
429 1643 494 1677 ait:
522 1639 709 1677 Abscissus
731 1649 782 1676 est
807 1643 851 1676 de
877 1649 969 1677 terra
989 1642 1112 1675 viven-

118 1697 221 1731 tium.
274 1694 547 1728 Meminerimus
572 1705 654 1737 ergo
679 1691 736 1727 hic
759 1699 892 1727 certum
917 1701 950 1727 et
977 1693 1112 1737 perspi-

118 1759 224 1781 cuum
254 1745 496 1780 testimonium
531 1745 624 1779 tradi
657 1745 700 1778 de
730 1751 843 1778 morte
876 1751 908 1778 et
937 1743 1111 1788 supplicio

117 1796 264 1833 Christi.
316 1797 386 1832 Sed
413 1797 448 1830 id
474 1808 553 1829 cum
581 1795 729 1839 legimus
753 1803 813 1830 aut
828 1795 1012 1833 audimus,
1040 1795 1108 1828 cir-

117 1849 346 1884 cumstantias
364 1848 467 1881 etiam
485 1847 696 1890 cogitemus,
724 1854 855 1880 sumtas
871 1858 910 1879 ex
928 1846 1005 1879 aliis
1024 1846 1109 1879 locis

117 1897 388 1943 Prophetarum,
408 1898 600 1942 cogitemus
613 1898 702 1931 etde
716 1897 984 1931 resurrectione.
1023 1896 1107 1930 Ideo

118 1951 279 1986 adficitur
310 1950 502 1994 supplicio,
537 1955 575 1982 ut
608 1949 667 1982 fiat
698 1948 840 1982 victima
868 1961 932 1992 pro
959 1948 1108 1991 peccatis

119 2002 256 2045 generis
289 1999 447 2037 humani.
507 1999 549 2034 Id
581 1998 705 2033 Esaias
731 1999 921 2033 declaravit
943 1999 1107 2043 pluribus

117 2052 236 2086 verbis
268 2051 307 2085 in
338 2064 378 2086 eo
402 2051 532 2097 capite,
565 2051 660 2097 quod
684 2050 787 2085 toties
811 2051 881 2084 iam
906 2050 1104 2085 citavimus.

119 2102 213 2146 Quia
245 2110 349 2147 ponet
381 2103 535 2136 animam
560 2114 659 2136 suam
685 2100 838 2136 hostiam
864 2114 927 2146 pro
953 2109 1106 2147 peccato,

118 2154 254 2187 videbit
285 2165 402 2186 semen
432 2154 654 2197 longaevum.
708 2152 750 2187 In
784 2150 850 2186 hoc
880 2153 974 2187 dicto
999 2165 1105 2193 mors,

115 2205 207 2239 ratio
237 2204 416 2246 victimae,
451 2205 679 2247 resurrectio,
712 2212 745 2239 et
768 2216 918 2249 regnum
943 2216 1102 2249 compre-

112 2254 331 2290 henduntur.

219 2315 293 2349 Lex
319 2312 443 2348 habuit
468 2321 570 2349 antea
595 2315 771 2355 victimas,
800 2316 859 2349 sed
884 2327 958 2349 non
987 2315 1104 2360 placa-

116 2373 200 2402 runt
223 2366 311 2400 iram
328 2365 412 2401 Dei.
464 2363 561 2399 Haec
583 2378 654 2400 una
679 2366 819 2401 victima
845 2367 970 2411 placat.
1025 2365 1104 2400 Hoc

116 2430 198 2452 vere
223 2424 274 2451 est
298 2416 537 2450 inenarrabile
558 2417 744 2450 consilium
767 2415 852 2459 Dei,
879 2419 939 2452 sed
963 2424 1104 2452 utrum-

117 2481 183 2515 que
209 2468 381 2509 ostendit,
408 2467 480 2500 irae
497 2465 564 2500 Dei
589 2474 622 2501 et
642 2468 904 2503 misericordiae
926 2469 1104 2512 magnitu-

116 2521 247 2554 dinem.
299 2518 388 2553 Cum
417 2518 511 2552 enim
545 2518 680 2552 nullius
713 2516 870 2553 hominis
902 2520 1015 2554 virtus
1043 2527 1104 2555 aut

116 2570 315 2605 obedientia
339 2571 477 2615 placare
501 2569 587 2603 iram
611 2567 678 2602 Dei
703 2570 875 2613 potuerit,
901 2571 971 2604 nisi
996 2571 1103 2605 unius

115 2621 199 2656 Filii
225 2621 425 2656 obedientia
447 2632 487 2654 ac
510 2632 624 2662 mors,
652 2631 793 2653 necesse
814 2627 865 2655 est
882 2633 1018 2664 veram,
1044 2621 1102 2655 in-

116 2680 252 2716 gentem
277 2679 310 2707 et
333 2672 606 2706 inenarrabilem
635 2671 723 2705 iram
748 2682 832 2708 esse.
883 2670 1023 2708 Rursus
1049 2674 1101 2708 vis

625 86 676 122 IN
707 84 976 122 DANlELEM
1010 80 1331 120 PROPHETAM
1366 81 1788 122 COMMENTARIUS.

2096 84 2171 122 894

1179 168 1310 203 amoris
1339 168 1463 211 ingens
1495 177 1565 211 est,
1601 172 1696 216 quod
1726 170 1857 205 Filium
1889 171 1992 205 nobis
2014 172 2171 211 donavit,

1179 221 1275 266 quod
1298 219 1360 253 tali
1380 221 1462 254 dato
1482 221 1629 265 pignore
1648 234 1712 256 nos
1729 234 1769 256 ex
1787 222 1938 256 aeternis
1956 223 2169 256 cruciatibus

1178 271 1331 311 reducit,
1360 278 1392 304 et
1418 278 1531 305 certos
1551 273 1667 306 reddit
1688 285 1751 306 nos
1768 286 1786 306 a
1804 285 1838 306 se
1856 273 1977 317 diligi,
2006 274 2094 307 sicut
2113 273 2169 305 in-

1177 322 1253 367 quit
1282 320 1395 354 Filius
1426 322 1514 366 ipse:
1551 323 1608 356 Sic
1634 322 1728 357 Deus
1753 325 1875 358 dilexit
1900 326 2095 366 mundum,
2129 331 2169 358 ut

1177 372 1310 406 Filium
1330 384 1432 405 suum
1450 373 1672 416 unigenitum
1693 375 1829 409 dederit
1846 382 1907 409 etc.

1277 422 1440 468 Denique
1468 424 1504 456 in
1527 421 1593 457 hoc
1612 425 1711 457 brevi
1729 426 1823 459 dicto
1842 427 1951 461 lector
1966 426 2169 461 universam

1175 474 1374 509 doctrinam
1397 472 1584 518 Evangelii
1617 476 1745 518 cogitet
1777 478 1819 509 de
1846 477 2043 519 beneficiis,
2079 489 2168 523 quae

1174 533 1320 571 propter
1336 523 1468 559 Christi
1497 533 1648 560 mortem
1665 527 1770 561 nobis
1787 528 1866 561 data
1882 536 1976 564 sunt.
2029 528 2169 572 Cogitet

1173 578 1256 611 item
1285 577 1484 610 doctrinam
1508 578 1551 610 de
1569 577 1636 609 fide
1656 585 1689 612 et
1707 578 1943 615 invocatione.
1996 579 2086 613 Nam
2105 581 2168 613 be-

1173 628 1297 661 neficia
1323 628 1382 661 illa
1408 628 1476 660 fide
1493 628 1694 672 accipienda
1714 635 1812 662 sunt:
1842 628 1892 663 lta
1911 630 1977 664 tibi
1993 642 2073 664 vere
2091 631 2168 674 pla-

1172 686 1270 713 catus
1286 686 1318 713 et
1335 678 1514 723 propicius
1527 686 1576 712 est
1586 678 1683 712 Deus
1694 687 1858 714 aeternus
1868 688 1981 724 pater,
2008 693 2087 714 cum
2100 682 2167 715 fide

1172 737 1317 775 propter
1340 729 1424 763 Filii
1448 737 1596 763 mortem
1622 731 1746 765 statuis
1770 743 1848 764 eum
1876 732 1940 765 tibi
1968 732 2166 776 propicium

1172 793 1264 822 esse,
1291 789 1324 815 et
1347 778 1411 814 hac
1438 781 1505 814 fide
1527 781 1684 817 invocas.
1738 781 1839 815 Hanc
1859 783 1962 816 fidem
1984 783 2059 817 vult
2076 783 2167 816 utin

1171 832 1395 866 invocatione
1428 833 1583 873 adferas,
1629 839 1669 866 ut
1704 832 1811 869 Rom.
1834 832 1868 869 5.
1903 834 2050 867 dicitur:
2100 832 2167 866 Per

1170 881 1266 916 hunc
1290 881 1463 917 habemus
1481 895 1670 918 accessum.
1724 882 1811 918 Item
1831 885 1874 917 ad
1894 883 1986 919 Heb.
2004 883 2054 919 4.:
2091 884 2167 918 Ha-

1170 935 1292 968 bentes
1316 934 1517 978 pontificem
1543 933 1658 968 Iesum
1683 933 1816 968 Filium
1840 934 1925 976 Dei,
1967 937 2028 981 qui
2054 943 2166 980 potest

1172 986 1322 1030 compati
1340 985 1537 1020 infirmitati
1555 992 1715 1027 nostrae,
1743 984 1961 1020 Accedamus
1979 1000 2058 1021 cum
2074 987 2167 1021 fidu-

1169 1036 1222 1069 cia
1246 1037 1289 1069 ad
1315 1034 1486 1069 thronum
1511 1037 1655 1080 gratiae,
1709 1036 1805 1071 Haec
1827 1038 1910 1071 satis
1930 1038 1974 1072 sit
2000 1036 2058 1072 hic
2084 1039 2166 1071 bre-

1169 1087 1260 1120 viter
1286 1087 1460 1130 attigisse,
1489 1099 1578 1132 quae
1605 1088 1783 1131 copiosius
1798 1089 2019 1133 explicantur
2035 1090 2072 1122 in
2091 1089 2166 1133 epi-

1168 1138 1256 1171 stola
1289 1140 1332 1171 ad
1361 1137 1545 1172 Romanos
1572 1146 1605 1173 et
1628 1140 1734 1181 alibi,
1768 1140 1906 1185 quoties
1929 1141 1972 1174 de
1997 1140 2166 1177 iustifica-

1167 1189 1263 1223 tione
1284 1190 1425 1225 dicitur.

1414 1278 1461 1310 Et
1485 1287 1557 1311 non
1583 1278 1658 1311 erit
1683 1278 1719 1311 ei
1740 1277 1916 1322 populus.

1271 1342 1313 1376 In
1351 1349 1448 1377 textu
1477 1344 1590 1377 maior
1627 1344 1733 1377 etiam
1762 1344 1917 1377 brevitas
1946 1351 1996 1378 est
2024 1345 2062 1378 in
2095 1342 2163 1379 hoc

1165 1394 1339 1428 membro.
1402 1393 1469 1427 His
1500 1394 1618 1428 verbis
1644 1392 1709 1441 (Et
1734 1406 1806 1428 non
1834 1393 1887 1441 ei)
1914 1406 1973 1429 seu
1998 1394 2063 1442 (Et
2090 1408 2163 1429 non

1165 1445 1210 1478 ad
1237 1444 1335 1490 eum)
1361 1457 1500 1479 necesse
1526 1453 1576 1480 est
1599 1445 1752 1491 intelligi
1772 1458 1846 1479 non
1864 1458 1936 1480 esse
1953 1447 1983 1479 ei
2001 1447 2163 1490 gloriam,

1166 1507 1227 1529 seu
1242 1496 1428 1541 populum.
1473 1494 1521 1530 Et
1536 1504 1574 1531 ut
1593 1497 1711 1540 potius
1730 1497 1971 1541 intelligamus
1987 1499 2030 1532 de
2045 1510 2163 1542 popu-

1165 1547 1219 1586 lo,
1254 1554 1372 1581 movet
1405 1559 1556 1593 sequens
1579 1548 1751 1581 sententia
1778 1549 1821 1582 de
1845 1549 1982 1582 excidio
2006 1549 2105 1583 urbis
2129 1557 2163 1583 et

1165 1598 1299 1643 templi.
1353 1597 1422 1632 Hic
1438 1599 1591 1643 populus
1608 1611 1689 1632 mox
1707 1599 1843 1633 desinet
1862 1611 1934 1633 esse
1953 1599 2105 1634 Messiae
2121 1612 2160 1634 ac

1164 1647 1230 1683 Dei
1252 1647 1431 1687 Ecclesia,
1471 1650 1560 1682 sicut
1584 1650 1622 1682 in
1647 1647 1808 1684 Iohanne
1830 1650 1986 1684 breviter
2010 1651 2158 1686 dicitur:

1164 1698 1211 1734 Et
1242 1699 1296 1733 sui
1329 1712 1408 1733 eum
1443 1712 1517 1733 non
1540 1708 1760 1744 receperunt.
1829 1700 1975 1736 Reiecta
1998 1709 2050 1736 est
2073 1713 2159 1746 gens

1162 1750 1304 1784 Iudaica
1324 1757 1468 1795 propter
1485 1749 1672 1794 Evangelii
1690 1758 1918 1788 contemtumt
1974 1750 2020 1787 Et
2036 1765 2158 1787 rursus

1163 1802 1308 1835 collecta
1331 1808 1380 1835 est
1399 1799 1647 1835 DemEcclesia
1670 1814 1710 1835 ex
1729 1803 1890 1848 reliquiis
1910 1801 2016 1837 huius
2032 1805 2159 1849 populi

1161 1860 1194 1886 et
1213 1865 1252 1886 ex
1271 1852 1467 1893 Gentibus,
1494 1859 1533 1887 ut
1550 1864 1651 1897 saepe
1669 1853 1706 1886 in
1725 1854 1959 1888 concionibus
1969 1852 2158 1899 Evangelii

1160 1903 1395 1948 praedicitur,
1430 1909 1464 1937 et
1494 1910 1613 1948 postea
1643 1904 1799 1949 disputat
1820 1904 1953 1940 Paulus
1985 1906 2030 1940 de
2052 1918 2157 1940 voca-

1160 1955 1258 1989 tione
1276 1952 1462 1988 Gentium.

1159 2042 1205 2075 Et
1229 2042 1427 2076 civitatem
1448 2044 1486 2075 et
1502 2042 1777 2077 sanctuarium
1802 2040 1974 2079 destruet
1993 2044 2156 2090 populus

1493 2091 1599 2127 ducis
1617 2096 1817 2130 venientis.

1158 2157 1199 2192 Id
1217 2165 1287 2198 est,
1315 2157 1391 2193 Titi
1409 2159 1592 2194 exercitus.

1156 2247 1204 2279 Et
1226 2242 1316 2292 finis
1340 2247 1424 2280 eius
1445 2243 1651 2288 diluvium,
1677 2249 1714 2279 et
1736 2255 1855 2291 usque
1871 2245 1925 2281 ad
1937 2243 2049 2294 finem
2064 2245 2151 2282 belli

1177 2294 1341 2344 definita
1357 2307 1424 2331 seu
1443 2299 1653 2331 constituta
1671 2295 1854 2332 desolatio
1871 2308 1938 2332 seu
1952 2299 2128 2333 vastitas.

1156 2367 1198 2402 Id
1229 2377 1296 2410 est,
1329 2367 1469 2403 Deinde
1500 2374 1665 2413 sequetur
1693 2367 1774 2400 finis
1799 2369 1923 2413 populi
1951 2368 2087 2404 Iudaici
2115 2378 2149 2406 et

1156 2419 1302 2464 politiae
1325 2419 1509 2460 Iudaicae,
1544 2431 1584 2451 ex
1617 2430 1687 2464 quo
1719 2430 1794 2452 non
1826 2431 1950 2454 rursus
1984 2429 2148 2465 emerget,

1155 2477 1196 2505 ut
1226 2478 1328 2505 antea
1360 2483 1400 2504 ex
1423 2469 1643 2514 Babylonico
1673 2469 1779 2503 exilio
1806 2471 1932 2513 rediit,
1965 2472 2026 2506 sed
2050 2473 2147 2507 velut

1155 2522 1305 2556 obrutus
1324 2522 1463 2555 diluvio
1479 2520 1638 2554 funditus
1656 2520 1796 2564 peribit.

1256 2571 1306 2607 Et
1322 2572 1465 2618 quidem
1482 2583 1561 2604 acre
1578 2577 1611 2604 et
1627 2571 1770 2605 difficile
1783 2572 1917 2607 bellum
1932 2573 2009 2610 erit.
2055 2572 2145 2607 Nam

1154 2621 1311 2658 Romani
1343 2634 1416 2656 non
1447 2622 1523 2655 sine
1553 2622 1675 2656 multis
1701 2629 1735 2657 et
1760 2623 1868 2658 variis
1892 2624 2146 2659 certaminibus

1154 2673 1303 2709 Iudaeos
1327 2679 1596 2720 oppresserunt,
1623 2673 1681 2708 sed
1698 2681 1884 2721 postquam
1903 2676 1969 2710 erit
1985 2676 2144 2710 debella-
