2379 2948
142 104 214 139 301

145 189 236 233 cipia
249 215 258 229 ‚
286 188 370 234 quia
388 188 552 224 videlicet
577 190 614 222 in
631 189 814 222 elementis
831 196 864 222 et
883 188 960 221 aliis
979 187 1137 230 corpori-

145 240 212 273 bus
236 251 356 272 causas
384 240 635 273 alterationum
669 250 742 272 esse
772 239 866 271 videt
898 238 1134 282 pugnantium

144 290 239 324 inter
265 302 299 323 se
324 291 534 335 qualitatum
560 290 748 330 actionem,
784 296 817 323 et
840 289 1035 321 faciliorem
1062 298 1134 320 esse

728 103 793 140 ΙΙΙ.
827 101 985 138 INITIA
1010 99 1306 138 DOCTRINAE
1332 101 1586 141 PHYSICAE.

1162 225 1164 247 l

144 341 495 379 transmutationem,
522 340 584 373 ubi
607 340 724 384 aliqua
749 339 875 372 similis
901 346 950 372 est
973 339 1134 384 qualitas.
1159 343 1161 382 j

146 391 347 435 Pugnantia
365 392 546 435 pelluntur
564 402 582 423 a
599 391 851 433 pugnantibus,
880 398 913 424 et
929 389 1058 422 similia
1076 401 1133 422 ra-

144 443 244 487 pacia
271 449 352 476 sunt
377 440 566 482 similium,
593 448 631 475 ut
656 440 804 475 dicitur:
839 440 963 475 Simile
979 441 1131 473 amicum

144 494 265 529 simili.

247 543 400 578 Orditur
415 542 524 586 igitur
545 539 733 587 physicen,
760 549 799 576 ut
820 541 973 582 Medici,
998 541 1042 574 ab
1061 541 1132 574 ele-

144 595 273 628 mentis
300 601 331 627 et
357 605 479 626 eorum
503 593 743 638 qualitatibus.
795 593 884 626 Nam
912 600 944 626 et
972 591 1131 625 Galenus

144 646 183 678 in
202 645 294 678 libro
311 645 354 677 de
364 643 560 677 Elementis
578 644 699 677 abiicit
720 644 798 677 illas
817 645 923 677 nimis
938 644 1042 677 exiles
1060 643 1129 676 dis-

145 695 344 740 putationes
369 696 412 727 de
434 695 581 728 materia
605 694 740 738 prima,
767 696 809 727 de
835 707 903 740 qua
921 694 1131 727 Aristoteles
1156 721 1158 725 .

145 746 314 790 loquitur.
368 743 415 779 Et
431 743 666 790 Hippocrates
690 743 920 790 reprehendit
935 744 1132 784 Melissum,

144 797 206 841 qui
230 796 318 830 dixit
342 808 454 830 unum
489 797 667 841 quoddam
694 808 765 829 esse
791 796 1007 840 principium
1034 807 1132 828 com-

142 859 268 888 mune,
295 859 334 880 ex
353 859 423 891 quo
442 847 560 880 omnia
577 847 645 879 alia
671 859 818 891 corpora
841 854 917 880 orta
936 846 1025 884 sint,
1053 852 1131 879 tan-

143 910 248 943 quam
270 909 310 931 ex
328 897 472 932 semine.
506 896 740 942 Hippocrates
757 905 876 931 contra
896 897 1024 942 inquit,
1054 908 1132 929 cor-

143 960 229 993 pora
248 949 356 982 mixta
374 949 569 981 necessario
589 961 628 981 ex
649 949 811 992 pluribus
829 956 862 983 et
880 948 1029 981 diversis
1054 959 1132 980 cor-

143 999 291 1044 poribus
308 1006 478 1040 constare,
503 999 586 1044 quia
608 999 741 1044 alioqui
759 1011 832 1032 non
851 1006 965 1032 essent
979 999 1131 1031 obnoxia

143 1050 413 1084 alterationibus
445 1057 550 1094 atque
587 1050 887 1093 corruptionibus,
948 1049 1020 1082 Nec
1049 1061 1132 1081 vero

143 1101 295 1135 multum
312 1101 431 1134 differt
447 1101 619 1134 sententia
643 1100 778 1133 Melissi
797 1102 840 1133 ab
857 1099 1092 1134 Aristotelica.

244 1151 316 1185 Sed
335 1149 390 1184 his
407 1152 574 1185 tenuibus
590 1151 892 1195 disputationibus
909 1151 1059 1191 omissis,
1083 1157 1133 1183 te-

142 1214 308 1242 neamus,
335 1202 431 1246 quod
448 1214 571 1235 verum
595 1209 627 1236 et
649 1208 743 1236 certo
761 1200 1053 1246 comprehensum
1074 1207 1134 1241 est,

142 1252 256 1297 prima
284 1264 432 1296 corpora
459 1252 631 1296 simplicia
655 1264 745 1293 esse,
772 1254 908 1286 coelum
934 1260 965 1285 et
983 1258 1134 1297 quatuor

142 1304 314 1336 elementa
327 1329 336 1343 ,
363 1315 402 1335 ac
418 1303 581 1345 deinceps
604 1304 712 1336 mixta
730 1316 770 1336 ex
797 1303 979 1336 elementis
995 1309 1134 1335 extrua-

141 1365 241 1394 mus,
266 1365 330 1386 nec
357 1352 493 1386 curiose
512 1353 618 1386 aliam
643 1354 799 1396 priorem
825 1354 1008 1387 materiam
1026 1365 1134 1397 quae-

140 1415 269 1439 ramus,

244 1454 432 1488 Praetereo
457 1454 562 1487 etiam
577 1454 699 1487 volens
718 1455 912 1488 multorum
937 1455 1075 1487 furores
1093 1453 1136 1485 (le

143 1505 341 1551 principiis,
368 1503 595 1538 Democritus
612 1506 794 1549 componit
810 1507 985 1539 mundum
1002 1517 1041 1537 ex
1059 1511 1136 1538 ato-

143 1557 230 1595 mis,
259 1552 370 1590 ethos
386 1556 435 1589 ait
451 1556 601 1589 subinde
625 1556 728 1589 aliter
747 1569 866 1598 ruere,
893 1569 931 1590 ac
952 1563 1136 1600 propterea

144 1607 295 1641 subinde
320 1606 408 1639 alios
431 1608 583 1640 mundos
607 1607 720 1647 nasci,
754 1614 786 1641 et
808 1609 948 1641 eosdem
968 1607 1136 1640 occidere.

143 1658 243 1693 Sicut
257 1657 445 1691 Lucretius
459 1657 552 1690 libro
569 1659 723 1691 secundo
740 1659 782 1691 de
796 1658 934 1692 Atomis
953 1658 1085 1703 inquit:

548 1710 670 1741 Semina
686 1713 804 1749 mundi,

258 1760 349 1792 Multi
365 1761 462 1791 modis
478 1764 605 1792 volitant
623 1769 741 1792 aeterno
759 1765 871 1802 percita
889 1769 984 1793 motu.

146 1810 241 1845 Haec
257 1810 458 1854 prodigiosa
475 1810 704 1844 deliramenta
720 1808 896 1854 Epicurus
920 1817 1038 1854 postea
1062 1821 1137 1843 am-

144 1863 267 1908 plexus
293 1867 363 1899 est,
390 1867 429 1894 ut
454 1867 536 1894 sunt
558 1861 689 1894 multae
714 1873 841 1905 pravae
860 1868 1021 1901 naturae,
1048 1873 1137 1905 quae

145 1919 283 1947 tantum
303 1911 532 1955 perversitate
550 1913 702 1957 quadam
722 1919 843 1946 amant
867 1913 1037 1945 absurdas
1059 1912 1138 1956 opi-

145 1964 290 2004 niones,
317 1974 391 1996 non
408 1963 503 2008 quod
528 1963 692 2007 probent.
747 1962 815 1996 Sed
835 1975 958 1996 omnes
981 1963 1058 1996 sani
1077 1975 1135 1995 ex-

145 2015 340 2059 ploserunt.
392 2012 445 2047 Ac
461 2012 584 2047 Cicero
608 2015 650 2047 de
668 2014 872 2048 Democrito
895 2014 1028 2059 inquit:
1065 2012 1137 2046 Ne-

145 2066 279 2098 minem
304 2064 437 2098 maiore
462 2065 668 2106 autoritate,
698 2066 847 2098 maiores
871 2076 982 2108 nugas
1008 2065 1135 2098 dicere.

145 2113 194 2149 Et
207 2115 319 2149 facilis
337 2122 386 2149 est
403 2116 579 2157 refutatio,
609 2116 828 2161 impozsibile
845 2118 940 2149 enim
957 2123 1044 2149 esset
1062 2128 1136 2148 ma-

146 2178 231 2200 nere
247 2167 384 2199 easdem
402 2166 494 2210 leges
516 2174 680 2200 motuum
697 2174 731 2201 et
746 2168 877 2212 species
891 2174 1001 2201 certas
1017 2166 1137 2200 omni—

146 2218 213 2251 bus
243 2217 480 2260 temporibus,
514 2218 542 2251 si
567 2218 727 2252 confusio
760 2226 960 2252 atomorum
985 2218 1137 2252 subinde

146 2269 236 2303 alios
252 2268 405 2300 mundos
421 2268 588 2311 gigneret.

250 2319 416 2351 Addatur
441 2326 473 2352 et
495 2317 582 2353 haec
604 2320 712 2354 ratio:
739 2318 830 2354 Cum
855 2320 1075 2364 impossibile
1093 2319 1136 2353 sit

146 2370 403 2412 intelligentem
427 2375 589 2403 naturam
612 2383 631 2403 a
656 2372 760 2405 bruta
784 2372 889 2412 oriri,
923 2384 996 2404 non
1021 2371 1137 2405 existit

148 2420 303 2456 humana
323 2427 448 2453 natura
466 2431 505 2452 ex
523 2421 646 2454 atomis
662 2422 738 2455 sine
756 2429 875 2456 mente
891 2423 1009 2467 aliqua
1029 2429 1061 2455 et
1079 2434 1137 2455 ca-

149 2485 201 2512 su,
230 2484 309 2506 cum
326 2469 480 2504 humana
497 2477 622 2504 natura
641 2484 713 2505 non
731 2474 845 2507 solum
864 2474 907 2507 sit
926 2474 1137 2516 intelligens,

148 2524 206 2557 sed
228 2523 332 2556 etiam
353 2521 602 2555 universaliter
622 2519 749 2557 habeat
771 2525 892 2558 insitas
910 2524 1058 2558 noticias
1074 2524 1134 2557 fir-

145 2586 220 2608 mas
247 2581 280 2608 et
303 2573 484 2611 immotas,
519 2579 558 2606 ut
594 2583 761 2607 numeros
788 2582 822 2609 et
852 2576 943 2618 leges
975 2583 1133 2615 naturae,

147 2637 233 2670 quas
255 2635 448 2667 congruere
469 2623 513 2656 ad
538 2623 692 2667 aliquam
718 2631 895 2660 aeternam
918 2627 1073 2669 regulam
1095 2626 1133 2659 in

145 2683 261 2711 mente
277 2674 469 2710 conditrice
483 2684 622 2708 necesse
638 2679 696 2707 est.

2099 100 2174 136 302

1292 186 1363 220 Nec
1389 188 1478 221 illud
1505 189 1575 223 dici
1598 195 1713 234 potest
1738 188 1877 222 infinita
1900 198 1972 220 esse
1990 186 2175 231 principia,

1189 249 1249 270 seu
1280 239 1542 279 magnitudine,
1583 252 1645 273 seu
1674 252 1841 280 numero,
1883 239 1966 284 quia
1999 237 2097 270 nulla
2127 244 2177 271 est

1189 288 1395 331 magnitudo
1421 296 1500 321 actu
1523 290 1674 326 infinita.
1734 291 1781 325 Et
1807 291 1836 323 si
1860 301 2008 323 numero
2035 288 2174 321 infinita

1187 350 1334 382 corpora
1357 345 1487 378 essent,
1515 340 1619 372 etiam
1646 349 1759 376 essent
1783 341 1942 374 infinitae
1958 338 2176 383 magnitudi-

1187 400 1266 429 nes,
1291 395 1331 422 ut
1349 389 1392 422 de
1417 389 1544 422 atomis
1567 390 1714 432 fingunt.
1765 391 1861 424 Haec
1878 391 1998 424 omnia
2016 390 2174 423 refutan-

1158 456 1160 460 ·
1185 446 1244 473 tur
1260 439 1364 473 unica
1386 441 1469 473 satis
1492 439 1623 473 illustri
1641 442 1962 480 demonstratione,
1990 452 2094 485 quam
2114 451 2174 472 su-

1185 502 1248 534 pra
1283 490 1528 529 recitavimus,
1563 502 1652 535 quae
1682 491 1856 535 ostendit,
1892 493 2066 525 mundum
2101 502 2174 523 esse

1185 553 1312 585 corpus
1328 541 1483 581 finitum,
1507 541 1589 585 quia
1606 542 1825 586 impossibile
1843 549 1892 575 est
1909 554 2034 586 corpus
2054 541 2174 574 infini-

1184 599 1259 625 tum
1277 592 1412 624 moveri
1429 592 1657 628 circulariter.

1286 642 1389 676 Hanc
1416 644 1460 676 de
1482 643 1668 687 principiis
1693 643 1892 676 doctrinam
1917 643 1961 676 ab
1985 641 2175 676 Aristotele

1185 694 1369 737 traditam,
1398 693 1553 728 breviter
1568 694 1741 738 complexi
1761 705 1891 728 sumus.
1944 692 2022 726 Nec
2039 700 2176 735 argutas

1184 745 1458 788 disputationes,
1493 756 1582 789 quae
1602 742 1660 778 hic
1685 745 1881 788 agitantur,
1914 744 2088 788 persecuti
2115 755 2174 776 su—

1186 807 1275 834 rnus,
1303 797 1362 828 sed
1382 794 1466 829 haec
1484 796 1598 834 initia,
1623 808 1775 841 quorum
1794 796 1948 838 cognitio
1966 795 2008 827 ad
2026 806 2175 839 sequen-

1185 847 1231 879 tia
1248 848 1406 890 prodest,
1435 847 1689 891 excerpsimus,
1716 854 1753 880 ut
1769 858 1826 887 ea,
1851 859 1939 891 quae
1957 846 2039 878 inde
2059 852 2177 878 extru-

1186 905 1314 938 untur,
1342 898 1480 930 facilius
1499 898 1648 940 intelligi
1669 898 1816 941 possint.
1869 897 2061 941 Postquam
2081 895 2175 927 enim

1185 949 1222 980 in
1247 949 1360 992 primo
1383 949 1474 981 libro
1492 946 1725 993 Physicorum
1741 948 1949 981 Aristoteles
1970 948 2012 979 de
2031 946 2178 980 materia

1186 1011 1374 1043 corporum
1391 1006 1424 1033 et
1442 1000 1552 1031 forma
1570 999 1669 1038 dixit,
1688 1006 1805 1042 postea
1823 998 1859 1030 in
1877 999 2031 1031 secundo
2047 997 2178 1029 discer-

1186 1050 1240 1083 nit
1262 1061 1316 1082 res
1338 1049 1514 1083 naturales
1537 1056 1571 1083 et
1594 1050 1809 1089 artificiales,
1837 1057 1963 1083 etcum
1983 1049 2025 1081 de
2045 1047 2177 1091 princi-

1188 1101 1253 1144 piis
1268 1101 1317 1133 rei
1336 1100 1508 1134 naturalis
1525 1100 1631 1142 dixit,
1660 1108 1779 1144 postea
1795 1101 1837 1132 de
1855 1099 1968 1133 causis
1986 1105 2017 1131 et
2033 1100 2076 1131 de
2095 1110 2177 1143 pro-

1187 1152 1414 1196 prietatibus,
1441 1157 1556 1192 motu,
1584 1150 1660 1184 loco
1686 1157 1720 1185 et
1735 1157 1890 1194 tempore
1909 1149 2060 1183 disserit.

1475 1261 1539 1295 De
1572 1271 1620 1294 re
1652 1261 1885 1295 naturali.

1396 1337 1499 1377 Quae
1535 1340 1623 1368 sunt
1657 1347 1719 1369 res
1748 1333 1973 1369 naturales?

1293 1401 1464 1449 Pliysicus
1497 1403 1693 1435 necessario
1719 1403 1889 1436 discernit
1920 1414 1976 1436 res
2001 1403 2180 1436 naturales

1191 1455 1234 1489 ab
1251 1453 1504 1488 artificialibus.
1542 1452 1693 1495 Quaerit
1708 1454 1802 1486 enim
1819 1465 1939 1487 causas
1955 1466 2028 1487 non
2046 1466 2181 1494 eorum,

1190 1518 1278 1551 quae
1291 1505 1472 1538 voluntate
1491 1501 1647 1537 hominis
1663 1511 1695 1538 et
1707 1505 1841 1538 artibus
1858 1504 2071 1544 efficiuntur,
2090 1517 2180 1550 quo-

1191 1570 1267 1591 rum
1288 1556 1378 1589 ratio
1395 1555 1570 1589 extruitur
1584 1567 1623 1588 ex
1641 1555 1792 1596 noticiis,
1814 1567 1903 1600 quae
1921 1563 2047 1599 regunt
2060 1556 2181 1597 vitam,

1190 1615 1249 1642 aut
1273 1608 1422 1651 gignunt
1447 1614 1556 1647 artes,
1587 1607 1647 1639 sed
1673 1606 1935 1650 propagationis
1961 1614 1993 1640 et
2017 1607 2181 1651 proprio-

1190 1671 1269 1692 rum
1294 1664 1478 1698 motuum,
1512 1669 1599 1702 quos
1625 1655 1759 1690 habent
1782 1669 1928 1702 corpora
1952 1669 2015 1702 per
2041 1669 2114 1690 sese
2141 1669 2181 1690 ex

1191 1722 1251 1743 sua
1269 1708 1476 1742 substantia.
1527 1706 1573 1741 Et
1589 1708 1772 1752 aspicienti
1789 1720 1855 1748 res,
1881 1720 1954 1741 non
1971 1709 2114 1741 difficile
2131 1714 2181 1742 est

1192 1760 1364 1798 iudicare,
1393 1771 1481 1803 quae
1499 1758 1570 1791 sint
1589 1759 1777 1799 naturales,
1805 1770 1893 1803 quae
1908 1759 2115 1796 artificiales,
2142 1765 2181 1792 ut

1190 1811 1279 1855 lapis
1309 1810 1464 1843 nascitur
1491 1809 1588 1849 talis,
1624 1815 1658 1842 et
1684 1821 1746 1853 per
1769 1820 1840 1842 sese
1864 1809 1975 1844 fertur
2001 1810 2182 1844 deorsum.

1190 1859 1359 1895 Machina
1378 1860 1606 1893 bombardica
1623 1867 1696 1893 arte
1713 1860 1792 1893 talis
1810 1860 1898 1894 sacta
1916 1868 1977 1899 est,
2002 1867 2035 1894 et
2051 1871 2108 1894 ars
2124 1860 2182 1892 in·-

1190 1919 1292 1945 venta
1313 1912 1422 1944 estad
1446 1911 1691 1954 expellendum
1709 1911 1864 1953 globum.
1901 1910 1991 1945 Cum
2009 1911 2104 1944 enim
2125 1911 2182 1944 in-

1189 1963 1354 1997 cendium
1383 1961 1620 1994 efficacissime
1650 1962 1779 2005 pellat,
1812 1962 1894 2006 quia
1927 1962 2084 2007 spacium
2114 1962 2181 1995 sibi

1190 2013 1340 2059 quaerit,
1364 2023 1418 2046 res
1434 2012 1642 2045 coniunctae
1658 2019 1760 2053 sunt,
1788 2025 1875 2056 quae
1893 2020 1925 2047 et
1943 2025 2003 2058 per
2019 2025 2092 2046 sese
2109 2013 2181 2046 vim

1190 2064 1346 2109 pellendi
1368 2061 1558 2101 haberent,
1588 2063 1753 2097 videlicet
1779 2062 1943 2102 Nitrum‚
1979 2071 2013 2097 et
2030 2075 2180 2108 quarum

1189 2116 1327 2149 flamma
1346 2126 1419 2148 non
1430 2114 1662 2147 suffocaretur
1678 2120 1716 2147 ut
1734 2113 1894 2155 aliarum,
1921 2126 2010 2160 quae
2027 2114 2182 2148 tenuiter

1190 2166 1397 2210 concipiunt
1416 2164 1593 2200 incendia.

1293 2216 1425 2251 Definit
1454 2216 1562 2259 igitur
1584 2215 1791 2249 Aristoteles
1819 2226 1873 2248 res
1898 2215 2075 2249 naturales
2098 2227 2182 2257 esse,

1188 2280 1278 2313 quae
1300 2269 1339 2301 in
1363 2268 1437 2312 ipsa
1463 2266 1658 2300 substantia
1688 2277 1827 2299 causam
1851 2272 1967 2300 motus
1998 2272 2031 2300 et
2055 2266 2183 2311 quietis

1189 2318 1334 2353 liabent.
1386 2317 1432 2352 Et
1450 2318 1500 2351 sic
1517 2325 1617 2350 vocat
1634 2324 1707 2350 tum
1731 2317 1822 2360 ipsas
1845 2316 2078 2356 substantias,
2105 2324 2182 2351 tum

1189 2371 1375 2416 qualitates
1403 2376 1436 2402 et
1458 2375 1595 2408 motus,
1629 2379 1780 2411 quorum
1798 2378 1900 2399 causa
1919 2374 1970 2401 est
1985 2368 2184 2403 substantia

1190 2422 1283 2466 ipsa,
1310 2433 1383 2455 non
1401 2432 1467 2454 ars.
1522 2418 1569 2452 Ut
1594 2417 1725 2450 animal
1752 2425 1799 2451 est
1822 2429 1876 2450 res
1893 2419 2083 2460 naturalis,
2110 2432 2183 2452 nou

1189 2473 1281 2506 enim
1296 2473 1333 2506 fit
1351 2479 1434 2511 arte,
1463 2477 1494 2503 et
1514 2468 1707 2502 substantia
1727 2467 1799 2511 ipsa
1817 2479 1919 2502 causa
1939 2476 1988 2502 est
2005 2477 2182 2504 certorum

1188 2530 1349 2557 motuum
1366 2523 1441 2556 sine
1459 2526 1543 2558 arte,
1572 2525 1610 2551 ut
1627 2518 1852 2559 nutritionis,
1877 2522 2183 2562 augmentationis,

1289 2573 1625 2616 Temperamentum
1653 2580 1713 2602 seu
1743 2571 1873 2615 κρᾶσις
1897 2577 1947 2604 est
1963 2583 2018 2605 res
2036 2579 2182 2605 natura-

1187 2624 1243 2660 lis.
1294 2622 1460 2656 Nascitur
1486 2620 1580 2653 enim
1605 2632 1684 2654 cum
1714 2621 1829 2655 forma
1856 2622 2080 2657 substantiali
2106 2623 2184 2656 ani-

1185 2673 1326 2708 mantis.
