2379 2948
202 96 292 129 1331

198 181 344 223 pretatio
362 181 505 213 fortasse
521 179 648 212 clarius
673 176 789 209 reddit
814 176 1044 217 sententiam,
1072 175 1190 221 loqui-
1213 195 1214 202 κ
1240 176 1385 212 iudices.

789 88 916 125 PHIL.
944 87 1059 124 MEL.
1096 87 1308 124 SCRIPTA
1342 87 1643 125 EXEGETICA.

2131 93 2228 129 1532

1438 175 1486 211 Et
1510 175 1675 211 Micheae
1700 176 1734 213 7.
1769 178 1928 212 minatur
1949 177 2044 213 Deus
2077 191 2227 224 poenam

196 240 253 265 tur
278 231 371 263 enim
400 232 442 263 de
469 230 635 262 omnibus
658 227 857 261 actionibus
876 227 912 259 in
932 227 1020 266 vita,
1050 227 1187 261 tametsi
1212 215 1215 247 ¹
1240 224 1295 261 his
1314 228 1579 269 adulatoribus,
1607 241 1687 262 cum
1710 229 1775 262 ait:
1803 228 1970 273 Princeps
1996 231 2165 273 postulat,
2195 237 2227 265 et

198 282 225 315 si
253 282 331 327 quis
356 281 489 314 mavult
514 279 696 322 augustius
722 277 919 321 intelligere
945 279 987 311 de
1014 278 1187 316 doctrina,

195 340 256 367 aut
275 332 519 371 sermonibus,
547 343 585 363 ac
603 330 754 364 retinere
773 330 876 362 verba
901 328 1047 363 usitatae
1072 336 1186 362 trans-

197 384 358 421 lationis,
387 394 461 415 non
479 382 580 414 valde
599 393 768 425 repugno.
822 380 893 414 Sed
918 387 1102 425 postquam
1126 391 1186 413 su-

1239 278 1344 311 iudex
1367 280 1567 313 assentitur.
1629 278 1703 313 Alii
1729 286 1847 324 aperte
1871 287 2078 324 oppugnant
2098 282 2226 315 verita-

1240 336 1307 362 tem
1331 338 1451 363 contra
1484 331 1754 372 conscientiam,
1789 332 1832 364 de
1857 332 1986 376 quibus
2008 331 2093 364 dicit
2115 329 2226 365 Chri-

1238 386 1328 414 stus:
1357 380 1429 424 Qui
1446 382 1573 416 dixerit
1597 379 1851 426 blasphemiam
1880 382 1917 414 in
1944 381 2119 425 Spiritum
2144 394 2225 415 san-

196 447 254 478 pra
274 436 315 467 de
333 433 574 466 misericordia
592 439 623 465 et
645 432 864 466 mutuatione
887 431 1073 475 praecepit,
1089 442 1185 464 nunc
1210 450 1214 493 ι
1238 439 1350 473 ctum,
1377 444 1451 465 non
1471 433 1670 467 remittetur
1687 434 1728 468 ei.
1771 432 1842 466 Nec
1866 440 1915 466 est
1934 433 2078 476 exiguus
2100 445 2224 466 nume-

194 485 313 518 adiicit
339 484 498 527 generale
522 490 763 528 praeceptum,
800 483 1035 526 complectens
1063 493 1185 515 omnes

194 536 278 568 alias
295 536 468 575 actiones,
498 534 645 580 requirit
666 535 702 566 in
721 534 887 567 omnibus
904 533 1058 576 negociis
1082 533 1184 566 iusti-

194 587 281 619 ciam
294 614 303 627 ,
331 598 369 619 ac
390 583 556 630 prohibet
572 586 713 618 fraudes
731 593 763 618 et
782 586 1004 629 imposturaS.

294 636 426 670 Eamus
445 637 551 680 igitur
569 636 731 670 ordinem
750 649 811 680 per
826 636 1043 678 decalogum.
1076 633 1184 667 Prae—

193 689 293 732 cipue
313 686 478 731 prohibet
497 685 723 732 sophisticam
740 694 773 721 et
787 686 1075 730 depravationem
1102 685 1180 729 piae

192 739 386 774 doctrinae,
440 738 529 772 Nam
547 739 582 772 id
602 745 780 782 peccatum
799 745 848 771 est
865 737 1014 769 maxime
1026 737 1183 780 vulgare,

193 797 225 823 et
243 790 404 823 omnium
425 790 726 824 nocentissimum.
779 787 826 822 Et
843 796 960 822 tamen
982 787 1122 821 fraudes
1145 788 1183 820 in

191 838 257 873 hoc
282 852 407 884 genere
434 840 613 874 difficilius
641 837 861 883 deprehendi
883 845 1041 883 possunt.
1103 837 1179 871 Imo

191 892 262 929 illi,
298 891 359 937 qui
394 891 601 934 impiissime
633 897 865 934 corrumpunt
897 890 1113 929 doctrinam,
1148 896 1181 923 et

190 949 272 975 sunt
296 942 496 976 defensores
523 942 713 986 impiarum
735 941 946 985 opinionum
963 947 994 974 et
1012 941 1185 985 cultuum,

191 1005 292 1041 saepe
308 990 440 1026 habent
457 1004 631 1026 summam
657 992 805 1036 speciem
831 992 1024 1036 sapientiae
1048 999 1079 1025 et
1105 992 1181 1039 pie-

191 1044 282 1083 tatis,
310 1044 400 1078 sicut
417 1044 502 1077 olim
526 1041 858 1087 Pseudoprophetae
872 1071 880 1084 ,
908 1051 941 1076 et
956 1055 1051 1076 nunc
1068 1040 1182 1088 hypo-

190 1095 305 1136 critae,
317 1095 498 1140 pontifices
510 1101 541 1128 et
552 1092 728 1133 monachi,
747 1095 806 1140 qui
819 1095 1052 1128 adversantur
1061 1093 1181 1126 Evan-

189 1142 293 1188 gelio.
345 1145 428 1179 Dixi
446 1157 568 1190 supra,
596 1143 687 1179 hanc
704 1157 776 1179 esse
792 1145 997 1179 concionem
1017 1145 1059 1178 de
1077 1145 1181 1178 bonis

189 1197 376 1240 operibus,
411 1197 674 1230 observandum
706 1204 756 1230 est
790 1197 915 1240 igitur,
952 1208 1042 1241 quae
1076 1208 1180 1240 opera

189 1248 356 1293 requirat.
418 1247 503 1281 Non
544 1254 679 1281 tantum
710 1247 844 1291 flagitat
875 1245 1022 1280 honesta
1055 1247 1181 1287 officia,

189 1311 277 1343 quae
294 1305 412 1343 gentes
432 1299 657 1342 intelligunt,
685 1305 718 1332 et
738 1306 914 1343 praestare
933 1305 1090 1342 possunt,
1119 1299 1177 1332 sed

188 1350 291 1383 etiam
307 1351 438 1383 maiora
450 1377 458 1390 ‚
486 1362 574 1395 quae
591 1351 635 1383 ad
658 1349 793 1383 cultum
808 1348 875 1383 Dei
891 1349 1088 1394 pertinent,
1115 1349 1181 1383 sci-

188 1400 268 1434 licet
291 1401 329 1433 in
360 1401 596 1441 confessione,
624 1407 657 1433 et
680 1401 719 1433 in
742 1401 902 1433 docendo
930 1400 1112 1433 veritatem
1141 1413 1179 1433 ac

187 1452 402 1492 libertatem,
438 1464 482 1484 ne
508 1458 565 1484 aut
591 1463 653 1495 per
676 1449 903 1495 sophisticam
931 1458 1180 1495 corrumpatur

188 1503 369 1542 doctrina,
409 1508 469 1535 aut
507 1501 791 1535 dissimulatione
826 1503 1000 1535 obruatur
1040 1502 1180 1543 veritas,

187 1553 276 1587 sicut
298 1553 360 1586 alii
384 1554 533 1586 tacendo
556 1553 715 1597 produnt
738 1553 920 1587 veritatem
935 1580 942 1593 ,
969 1559 1029 1586 aut
1049 1553 1178 1586 confir-

186 1611 283 1638 mant
302 1615 437 1637 errores
456 1615 529 1637 non
555 1604 707 1646 ingenue
724 1615 762 1636 ac
782 1603 962 1647 perspicue
977 1603 1179 1645 refutando,

185 1655 245 1687 alii
274 1655 481 1697 simpliciter
511 1666 620 1688 novas
651 1661 684 1687 et
708 1654 834 1697 impias
860 1654 1048 1698 opiniones
1079 1665 1178 1698 spar-

184 1712 281 1747 gunt.
334 1704 409 1739 Hos
426 1717 547 1739 omnes
563 1706 708 1739 damnat
725 1702 782 1738 hie
801 1704 979 1743 psalmus,
1008 1717 1088 1738 cum
1114 1706 1178 1739 ait:

184 1755 311 1791 Beatos
327 1768 399 1790 esse
416 1768 493 1798 eos,
521 1756 583 1802 qui
600 1756 690 1790 iuste
708 1756 959 1790 administrant
984 1767 1045 1789 sua
1069 1767 1178 1799 nego-

184 1808 246 1842 cia.
300 1807 394 1851 Ergo
420 1814 583 1852 peccant,
621 1807 683 1852 qui
716 1819 790 1840 non
821 1807 949 1840 docent
972 1806 1081 1846 iuste,
1117 1814 1178 1841 aut

183 1871 253 1891 non
272 1859 361 1893 iuste
379 1859 602 1893 confitentur.

283 1909 435 1943 Plurimi
450 1907 515 1943 hoc
534 1916 690 1954 tempore
708 1915 830 1943 contra
847 1909 1099 1943 conscientiam
1116 1921 1176 1942 oc-

183 1960 317 1994 cultant
334 1961 517 1994 veritatem
538 1968 570 1994 et
587 1961 837 1994 adsentiuntur
853 1960 1027 2004 impietati
1044 1966 1079 1994 et
1096 1971 1173 1993 sae-

182 2011 288 2044 vitiae
307 2018 553 2057 tyrannorum.
604 2011 651 2044 Et
668 2008 753 2044 haec
772 2011 1008 2045 dissimulatio
1029 2011 1098 2044 iam
1118 2023 1172 2044 sa-

181 2062 312 2106 pientia
345 2063 517 2107 quaedam
549 2073 621 2096 esse
658 2062 816 2103 ducitur,
852 2074 1002 2107 cumque
1034 2068 1172 2096 tantum

180 2120 390 2147 moveantur
415 2113 526 2156 gratia
556 2111 764 2154 hominum,
799 2119 1008 2156 praetexunt
1031 2113 1172 2157 publica

182 2164 358 2208 pericula,
387 2164 510 2197 dicunt
526 2176 566 2197 ex
584 2164 843 2198 mutationibus
870 2163 957 2197 oriri
981 2164 1172 2198 seditiones

182 2222 213 2248 et
233 2222 359 2249 motus.
415 2214 484 2249 Sed
502 2212 564 2248 has
582 2215 883 2249 dissimulationes
901 2213 996 2248 Deus
1014 2213 1170 2249 horribi-

183 2267 275 2300 libus
316 2266 498 2310 suppliciis
538 2266 680 2314 puniet,
734 2267 823 2300 sicut
860 2266 977 2311 inquit
1007 2263 1171 2300 Christus

182 2315 309 2352 Matth.
337 2318 410 2351 1Ο.;
448 2316 519 2360 Qui
547 2317 689 2360 negabit
721 2330 776 2350 me
806 2329 923 2351 coram
953 2314 1170 2359 hominibus,

182 2369 315 2411 negabo
334 2380 413 2401 eum
431 2380 548 2401 coram
567 2376 664 2412 patre
680 2369 838 2407 coelesti,
868 2376 900 2402 et
916 2367 1027 2401 Marc.
1041 2369 1090 2404 8.:
1109 2368 1168 2402 Fi-

182 2418 250 2451 lius
280 2416 434 2453 hominis
467 2419 659 2453 confundet
690 2432 781 2453 eum.
834 2418 882 2453 Et
911 2418 1063 2454 Roman.
1094 2419 1166 2455 1Ο.;

183 2468 362 2503 Confessio
391 2470 429 2504 fit
452 2471 495 2504 ad
519 2470 678 2505 salutem.
733 2470 849 2514 Quam
873 2470 976 2504 multi
997 2483 1092 2505 nunc
1110 2471 1168 2503 in—

181 2526 316 2554 tersunt
332 2521 535 2564 pontificum
547 2548 555 2562 ,
583 2533 704 2565 regum
724 2529 756 2555 et
773 2521 975 2566 principum
992 2522 1168 2556 delibera-

182 2570 362 2603 tionibus?
389 2572 449 2616 qui
467 2579 587 2606 contra
605 2573 856 2606 conscientiam
875 2580 1028 2607 tacentes
1045 2585 1167 2607 eorum

181 2621 395 2665 impietatem
415 2629 448 2655 et
464 2624 707 2657 crudelitatem
731 2625 960 2668 confirmant,
996 2625 1086 2658 sicut
1103 2625 1168 2658 ad·

179 2672 347 2707 iuvabant
369 2673 698 2709 condemnationem
717 2674 858 2711 Naboth
883 2676 983 2720 impii
1009 2682 1111 2711 testes
1135 2682 1167 2709 et

1238 494 1297 516 rus
1314 483 1435 516 talium
1447 511 1456 524 ,
1482 485 1686 528 praesertim
1706 482 1772 518 hoc
1789 492 1955 528 tempore.

1339 540 1435 576 Haec
1454 542 1609 576 breviter
1627 543 1839 587 perstrinxi,
1865 549 1905 576 ut
1926 542 2036 576 lector
2061 543 2226 576 admoni-

1237 599 1292 625 tus
1308 593 1453 636 cogitet,
1477 593 1514 625 in
1539 591 1606 627 hoc
1631 606 1734 627 versu
1753 593 1905 632 Psalmi,
1933 594 2046 627 multo
2064 594 2165 637 plura
2192 601 2225 628 et

1236 643 1369 676 maiora
1394 655 1499 688 opera
1527 645 1678 689 requiri,
1703 657 1807 690 quam
1836 645 1953 678 civilia
1973 645 2099 679 officia.
2154 644 2225 678 Ne-

1236 706 1328 728 cesse
1356 701 1405 728 est
1431 695 1524 727 enim
1550 708 1568 728 a
1587 696 1701 741 prima
1721 696 1841 729 tabula
1860 695 1982 729 ordiri.
2035 695 2139 728 Nunc
2162 707 2225 729 ve-

1236 745 1296 778 nio
1314 747 1358 779 ad
1373 747 1575 782 secundam.

1337 804 1419 839 Non
1438 806 1689 840 administrant
1704 806 1848 849 negocia
1863 817 1925 839 sua
1942 806 2032 840 iuste
2048 805 2225 850 princeps,

1236 856 1296 901 qui
1328 868 1402 890 non
1432 863 1524 890 recte
1548 865 1692 901 regunt,
1727 870 1790 891 nec
1823 857 2018 891 defendunt
2049 857 2223 897 subditos,

1235 908 1295 952 qui
1313 915 1473 941 exercent
1499 908 1666 942 iniustam
1693 909 1892 948 saevitiam,
1919 908 1979 953 qui
1995 914 2145 941 onerant
2163 918 2222 940 eos

1208 982 1209 987 ,
1234 958 1376 993 iniustis
1413 959 1706 1004 expilationibus,
1750 960 1811 1005 qui
1838 958 2031 992 infideliter
2062 964 2223 992 exercent

1234 1009 1374 1044 iudicia.

1336 1069 1422 1103 Item
1440 1070 1520 1110 alii,
1549 1070 1609 1116 qui
1629 1082 1701 1104 non
1718 1070 1868 1104 fideliter
1891 1070 2136 1114 obtemperant
2160 1081 2220 1103 su—

1233 1122 1452 1165 perioribus,
1488 1134 1562 1154 non
1588 1119 1734 1155 honeste
1758 1128 1903 1164 regunt,
1941 1133 2005 1154 nec
2030 1121 2222 1155 instituunt

1232 1173 1402 1213 familias,
1435 1173 1497 1217 qui
1527 1170 1659 1207 habent
1687 1172 1824 1206 animos
1856 1179 2044 1216 occupatos
2073 1171 2221 1216 privatis

1233 1224 1343 1265 odiis,
1368 1231 1401 1257 et
1418 1230 1561 1268 propter
1578 1224 1638 1258 illa
1653 1224 1799 1258 turbant
1816 1222 2010 1256 Ecclesiam
2029 1229 2062 1256 et
2080 1221 2221 1267 Respu-

1232 1275 1360 1314 blicas,
1387 1275 1448 1320 qui
1464 1275 1632 1319 polluunt
1649 1287 1684 1309 se
1696 1274 1929 1315 libidinibus,
1947 1274 2009 1320 qui
2026 1274 2167 1307 fraudes
2183 1274 2221 1306 in

1232 1327 1471 1360 contractibus
1496 1333 1656 1366 struunt,
1685 1326 1745 1372 qui
1769 1326 1806 1358 in
1830 1325 1969 1359 iudiciis
1993 1322 2219 1369 sophisticam

1232 1384 1404 1411 exercent.

1332 1436 1379 1471 Et
1407 1434 1535 1469 horum
1554 1436 1722 1470 vitiorum
1740 1436 1877 1469 infinita
1896 1442 1946 1468 est
1964 1435 2125 1469 varietas.
2178 1433 2217 1467 In

1231 1488 1309 1522 aliis
1329 1495 1380 1522 est
1397 1488 1601 1521 manifestus
1618 1489 1736 1527 furor,
1752 1494 1790 1520 ut
1808 1487 1845 1519 in
1861 1486 1967 1520 Saule
1982 1486 2218 1520 interficiente

1231 1540 1442 1573 sacerdotes:
1475 1539 1561 1571 alias
1586 1536 1791 1583 hypocritae
1821 1537 1952 1580 flagitia
1981 1544 2054 1571 arte
2083 1542 2218 1580 tegunt,

1229 1597 1267 1624 ut
1292 1602 1370 1623 cum
1396 1589 1481 1623 Saul
1510 1589 1700 1622 insidiatur
1731 1588 1823 1622 vitae
1845 1587 2011 1626 Davidis,
2046 1587 2217 1632 promissa

1230 1641 1320 1680 filia,
1348 1641 1377 1674 si
1396 1640 1606 1674 interficeret
1623 1646 1765 1673 centum
1783 1637 1912 1674 hostes.
1964 1638 2012 1673 Et
2036 1639 2139 1683 impii
2163 1650 2217 1671 sa-

1230 1692 1400 1736 pientiam
1433 1703 1506 1725 esse
1533 1692 1688 1732 ducunt,
1722 1702 1801 1724 suas
1823 1689 2034 1735 cupiditates
2059 1697 2133 1724 arte
2158 1701 2217 1722 ex-

1229 1743 1345 1787 plere,
1379 1743 1489 1775 malas
1513 1754 1632 1776 causas
1655 1741 1744 1775 fucis
1767 1741 2074 1787 qualibuscunque
2095 1742 2217 1775 defen-

1229 1795 1330 1836 dere,
1363 1794 1488 1828 callide
1518 1793 1698 1828 inflectere
1729 1790 1915 1826 hominum
1936 1793 2095 1834 animos,
2128 1793 2215 1827 falso

1229 1853 1408 1890 praetextu
1425 1845 1614 1878 incendere
1630 1843 1799 1888 populos,
1828 1851 2036 1878 connectere
2053 1850 2086 1877 et
2103 1844 2216 1878 disso-

1228 1898 1320 1931 ciare
1343 1897 1562 1936 voluntates,
1594 1902 1668 1929 arte
1691 1895 1816 1929 tollere
1841 1906 1917 1934 eos,
1954 1895 2016 1940 qui
2047 1894 2215 1929 videntur

1227 1960 1327 1993 posse
1343 1959 1482 1982 nocere.
1516 1945 1613 1980 Haec
1630 1953 1663 1981 et
1681 1944 1888 1979 huiusmodi
1905 1946 1971 1978 alia
1992 1945 2102 1978 multa
2117 1953 2214 1980 astu-

1226 2007 1258 2033 te
1281 2001 1388 2038 facta,
1425 2010 1520 2032 nunc
1543 1998 1683 2031 laudem
1709 1995 1858 2034 habent,
1892 1997 1951 2030 sed
1977 1993 2214 2039 prohibentur

1226 2051 1262 2084 in
1279 2048 1346 2085 hoc
1366 2050 1559 2087 versiculo,
1589 2048 1650 2094 qui
1667 2049 1763 2082 iubet
1781 2047 1926 2091 negocia
1942 2048 2032 2080 iuste
2056 2047 2212 2081 admini-

1223 2103 1340 2136 strari.
1394 2100 1483 2135 Nam
1506 2100 1634 2134 astutia
1657 2110 1818 2144 pugnans
1843 2111 1923 2132 cum
1948 2097 2103 2137 iusticia,
2138 2111 2212 2133 non

1223 2161 1273 2188 est
1291 2153 1480 2196 sapientia,
1507 2151 1677 2196 scriptum
1699 2157 1748 2184 est
1771 2150 1881 2183 enim:
1911 2148 2112 2193 Sapientiae
2141 2150 2212 2183 ini·

1223 2205 1310 2239 tium
1329 2204 1435 2238 timor
1451 2202 1609 2238 Domini.

1272 2319 1461 2368 Quoniam
1485 2321 1524 2354 in
1541 2323 1727 2353 aeternum
1753 2330 1825 2352 non
1851 2317 2143 2357 commovebitur,
2172 2317 2210 2351 in

1323 2372 1497 2406 memoria
1515 2375 1663 2405 aelerna
1681 2368 1747 2403 erit
1764 2369 1895 2404 iustus.

1322 2467 1369 2502 Ut
1387 2478 1491 2508 supra
1514 2464 1719 2499 intertexuit
1737 2464 1930 2508 praeceptis
1946 2463 2208 2507 promissiones,

1219 2520 1266 2553 ita
1297 2517 1354 2552 bic
1385 2517 1511 2561 repetit
1547 2516 1810 2560 promissiones.
1866 2513 1912 2548 Et
1937 2521 1986 2548 est
2018 2513 2206 2547 sententia:

1220 2570 1336 2605 Iustus
1362 2569 1498 2602 etiamsi
1525 2568 1701 2611 affligetur
1727 2566 1956 2611 aliquandiu,
1984 2572 2100 2598 tamen
2127 2571 2206 2598 tan-

1219 2623 1298 2656 dem
1321 2619 1551 2661 liberabitur,
1579 2627 1611 2653 et
1636 2616 1780 2652 habebit
1807 2618 1932 2656 vitam,
1965 2615 2205 2661 tranquillita-

1220 2680 1309 2712 tem,
1336 2679 1367 2706 et
1384 2670 1531 2714 gloriam
1549 2677 1762 2716 perpetuam.
1819 2666 1882 2701 Est
1907 2667 2000 2699 enim
2025 2664 2079 2699 his
2106 2666 2206 2699 dictis
