2379 2948
176 130 246 163 —219
421 120 626 159 SCRIPTA
656 120 730 156 PII.
760 117 875 154 MEL.
905 116 971 152 AD
995 118 1121 155 HIST.
1147 118 1290 159 PROF.
1316 120 1383 157 ET
1412 121 1601 160 PHILOS.
1631 121 1950 161 SPECTANTIA.
2120 127 2194 160 220

279 210 390 245 Terra
408 216 457 243 est
472 218 598 251 corpus
616 205 776 249 simplex.

279 269 373 313 Ergo
406 279 479 301 non
511 264 677 307 competit
702 264 750 304 ei,
793 263 863 296 nisi
887 264 1013 297 unicus
1037 271 1163 298 motus.

181 321 357 365 Competit
376 325 489 351 autem
509 315 666 358 partibus
687 320 799 347 terrae
824 321 939 348 motus
964 321 1077 348 rectus
1103 316 1164 348 de-

184 383 319 410 orsum,
347 367 509 401 videlicet
536 365 579 397 ad
606 365 783 404 medium,
810 377 880 410 quo
908 365 1041 398 delatae
1065 365 1165 409 quie-

186 428 295 455 scunt.
332 417 425 459 Ergo
444 426 516 447 non
535 414 700 458 competit
716 422 828 448 terrae
845 422 959 448 motus
977 416 1164 449 circulari&

288 475 505 510 Secundum:
542 471 660 506 Omne
687 484 789 515 grave
813 474 927 507 tendit
945 475 1106 508 deorsum
1123 474 1166 506 ad

187 528 361 564 medium,
389 532 422 558 et
439 523 633 556 necessario
653 524 845 568 quiesceret
869 531 971 563 tunc,
998 525 1060 558 ubi
1082 536 1168 556 ven-

188 587 263 612 tum
284 582 372 609 esset
389 575 433 607 ad
458 585 580 606 verum
604 575 715 607 centri
737 575 873 616 locum,
903 576 985 619 quia
1008 581 1168 607 centrum

189 634 326 673 oportet
345 637 416 658 esse
434 625 629 658 immotum.
684 622 778 668 Ergo
802 637 880 658 cum
903 626 1062 668 delapsae
1089 635 1168 668 par-

189 687 241 712 tes
265 685 375 711 terrae
401 676 444 708 ad
469 686 542 707 eam
567 681 718 717 partem,
754 687 841 719 quae
864 687 985 709 verum
1009 681 1169 708 centrum

190 735 258 768 est,
292 725 484 760 necessario
514 725 550 756 in
576 724 649 757 eius
674 725 852 769 superficie
878 727 1075 770 quiescant,
1116 736 1170 757 se-

189 779 309 823 quitur
328 777 456 810 molem
473 775 672 808 universam
688 776 874 820 quiescere.

292 835 471 869 Tertium:
506 831 638 866 Eadem
662 840 711 867 est
734 840 858 866 natura
882 833 1035 877 partium
1060 839 1093 866 et
1115 839 1172 866 to-

191 889 270 921 tius.
324 883 459 919 Omnes
483 890 596 927 partes
612 890 733 921 jterrae
767 891 799 917 et
833 885 950 917 omnia
982 884 1105 922 mixta,
1134 883 1171 915 in

192 938 319 982 quibus
344 934 547 968 dominatur
572 941 680 975 terra,
721 934 883 967 feruntur
914 936 1094 975 deorsum,
1128 934 1171 966 ad

192 986 407 1031 superficiem
426 991 554 1024 terrae,
583 991 615 1018 et
633 985 670 1017 in
688 996 726 1017 ea
743 985 937 1029 quiescunt.
971 983 1065 1028 Ergo
1086 984 1172 1017 uni-

192 1049 289 1071 versa
306 1043 397 1070 terra
422 1035 578 1080 quiescit.

292 1095 485 1138 Quartum:
521 1092 731 1125 Coniectura
746 1090 888 1138 physica
908 1100 968 1128 est.
1020 1091 1174 1126 Celerri-

192 1158 269 1179 mus
293 1152 408 1178 motus
428 1143 575 1186 impedit
600 1142 861 1183 collectionem,
895 1155 983 1187 quae
1007 1143 1174 1176 omnibus

192 1195 416 1229 nascentibus
437 1192 630 1225 necessaria
647 1199 707 1225 est.
750 1192 861 1225 Terra
876 1200 991 1226 autem
1011 1200 1060 1226 est
1077 1193 1174 1226 velut

192 1248 291 1279 alvus
314 1244 506 1277 multarum
525 1254 640 1275 rernm
660 1243 890 1278 nascentium.
945 1243 1018 1276 Iam
1038 1243 1066 1275 si
1085 1255 1173 1287 quo-

192 1297 276 1329 tidie
296 1301 390 1328 tanta
408 1293 583 1326 celeritate
602 1292 903 1331 circumferretur,
921 1301 1087 1337 quantam
1103 1305 1174 1326 esse

193 1351 384 1390 oporteret,
411 1344 440 1375 si
456 1349 676 1381 moveretur,
704 1342 796 1376 nihil
812 1344 930 1376 fovere
953 1350 1088 1387 posset,
1115 1344 1173 1376 sed

193 1397 378 1439 dissiparet
397 1400 511 1437 partes
531 1393 567 1424 in
585 1404 623 1425 ea
640 1393 808 1428 conditas.
836 1392 1090 1436 Amplectenda
1108 1394 1174 1436 igi-

194 1455 252 1480 tur
267 1452 299 1478 et
317 1444 446 1477 tuenda
464 1449 513 1475 est
535 1442 705 1474 sententia
718 1468 725 1481 ‚
753 1453 841 1486 quae
857 1442 1016 1475 adfirmat
1033 1449 1173 1480 terram,

195 1504 228 1530 et
244 1497 279 1528 in
295 1494 411 1527 medio
429 1493 553 1525 mundi
572 1503 642 1524 esse
654 1519 662 1532 ,
687 1499 720 1524 et
736 1492 922 1536 quiescere.

297 1551 487 1586 Sciendum
514 1556 628 1582 autem
646 1547 713 1582 hoc
731 1562 886 1594 quoque,
913 1550 1007 1594 quod
1033 1557 1175 1594 propter

193 1603 402 1649 parvitatem
417 1601 541 1634 collata
558 1600 600 1632 ad
618 1600 769 1639 coelum,
797 1598 902 1633 habet
919 1611 953 1632 se
972 1600 1065 1633 velut
1083 1613 1175 1644 pun-

195 1663 306 1688 ctum,
335 1650 402 1685 hoc
425 1658 493 1691 est,
523 1662 595 1683 non
618 1648 723 1683 habet
749 1650 940 1683 notabilem
959 1651 1175 1693 magnitudi-
1198 1669 1199 1673 =

1199 1703 1201 1708 ’
1225 1702 1338 1727 essent
1356 1694 1468 1726 dissiti
1489 1694 1636 1726 diversis
1656 1694 1800 1730 centris,
1826 1700 1916 1726 inter
1939 1695 2027 1727 duos
2050 1694 2203 1726 mundos

194 1716 293 1743 nem,
322 1710 358 1736 ut
376 1702 484 1734 multa
500 1701 650 1733 illustria
669 1701 868 1733 testimonia
893 1701 1068 1741 indicant,
1093 1702 1175 1746 quia

194 1754 343 1787 horizon
374 1752 501 1785 dividit
533 1751 667 1783 coelum
692 1751 823 1795 ubique
846 1751 882 1782 in
910 1752 980 1783 duo
1005 1752 1174 1796 aequalia.

192 1804 240 1839 Et
265 1809 458 1836 cernuntur
489 1801 609 1833 eodem
639 1807 795 1844 tempore
826 1801 1018 1844 aequaliter
1047 1802 1174 1835 distare

196 1855 337 1893 stellae,
372 1854 408 1885 in
433 1863 640 1895 quacunque
664 1858 761 1894 parte
785 1857 907 1884 terrae.
958 1850 1005 1885 Et
1025 1864 1172 1895 gnomo-

195 1916 258 1938 nes
284 1916 321 1936 ac
352 1902 566 1935 armillarum
595 1908 711 1933 centra
729 1902 764 1933 in
782 1913 993 1946 quocunque
1011 1902 1086 1935 loco
1104 1909 1174 1936 ter-

196 1967 254 1988 rae
272 1959 468 1998 ponantur,
497 1953 702 1984 tantundem
722 1952 855 1992 valent,
885 1959 1055 1996 quantum
1081 1953 1109 1985 si
1138 1953 1173 1985 in

197 2007 272 2048 ipso
295 2011 407 2037 terrae
429 2008 547 2034 centro
578 2002 817 2045 propriissime
841 2002 933 2035 dicto
959 2003 1174 2036 collocaren-

196 2063 265 2089 tur.
318 2051 367 2086 Et
395 2053 540 2084 umbrae
563 2051 833 2095 aequinoctiales
855 2052 1000 2085 orientis
1025 2060 1057 2086 et
1083 2054 1174 2086 occi—

195 2104 311 2138 dentis
322 2102 413 2137 Solis
431 2101 649 2135 constituunt
666 2113 770 2133 unam
788 2108 915 2134 rectam
930 2102 1074 2143 lineam,
1096 2116 1175 2147 per-

195 2156 278 2188 inde
297 2166 334 2186 ac
352 2153 379 2185 si
399 2153 592 2186 iacerentur
607 2152 643 2184 in
663 2151 768 2195 plano
796 2163 857 2195 per
880 2159 1038 2185 centrum
1063 2160 1174 2187 terrae

195 2210 408 2239 transeunte.
1001 2212 1005 2216 ·

297 2262 365 2296 Hic
392 2262 495 2295 etiam
515 2262 713 2294 monendus
735 2268 783 2294 est
804 2261 931 2299 lector,
964 2273 1075 2295 unum
1100 2263 1175 2305 glo-

195 2315 281 2346 hum
308 2313 480 2356 conspici,
508 2318 541 2345 et
565 2322 636 2344 esse
662 2318 789 2345 terram
814 2318 847 2344 et
871 2323 997 2356 aquam
1023 2313 1175 2346 coniun—

198 2371 279 2397 ctas.
332 2361 378 2396 Et
397 2374 598 2407 quanquam
623 2362 725 2395 multi
749 2362 954 2395 discernunt
979 2362 1070 2396 inter
1093 2376 1173 2396 cen-

196 2422 290 2446 trum
315 2413 568 2455 magnitudinis
587 2419 620 2446 et
636 2412 832 2455 gravitatis,
859 2419 974 2445 tamen
991 2424 1102 2446 unum
1120 2426 1174 2446 re-

197 2475 278 2495 vera
295 2469 451 2495 centrum
470 2470 529 2500 est,
552 2470 591 2496 ut
606 2475 726 2496 recens
743 2463 886 2496 inventa
904 2469 992 2495 terra
1011 2465 1174 2505 ostendit,
1197 2472 1199 2487 ν’

195 2524 268 2545 non
288 2512 333 2544 ita
351 2512 584 2545 circumfundi
602 2520 709 2547 totam
725 2520 851 2547 terram
869 2510 1012 2546 Oceano
1024 2540 1032 2553 ,
1058 2521 1098 2547 ut
1115 2527 1173 2547 ve-

196 2562 457 2604 teressuspicati
467 2569 559 2595 sunt.
589 2562 658 2595 Nec
669 2576 747 2596 vera
760 2571 808 2597 est
825 2563 1043 2606 imaginatio,
1062 2576 1173 2609 aquae
1196 2554 1198 2576 ³

195 2614 337 2655 globum
363 2612 474 2644 decies
499 2612 664 2645 maiorem
689 2625 776 2653 esse,
805 2626 909 2659 quam
932 2621 1061 2654 terrae,
1090 2615 1171 2659 quia

191 2670 359 2706 putentur
389 2673 427 2694 ex
458 2673 530 2694 uno
563 2663 694 2706 pugillo
721 2671 832 2697 terrae
868 2664 942 2697 fieri
967 2666 1084 2698 decem
1107 2677 1172 2709 pu-

1216 207 1291 250 gilli
1315 219 1434 253 aquae.
1496 208 1586 242 Nam
1611 207 1777 253 sphaerae
1800 208 1931 245 habent
1957 222 1991 244 se
2022 211 2061 244 in
2092 211 2197 255 tripla

1216 259 1354 292 ratione
1373 271 1514 293 suarum
1529 261 1802 295 dimetientium.

1220 349 1402 389 Quomodo
1419 348 1636 396 confirmari
1649 354 1770 395 potest
1785 360 1900 383 unum
1917 360 1997 384 esse
2009 350 2199 388 mundum,

1562 406 1599 435 et
1614 412 1684 435 non
1705 399 1859 445 plures?
2132 406 2143 414 ·

1319 463 1435 499 Etiam
1460 463 1547 500 haec
1577 468 1734 512 quaestio
1768 466 2037 500 commonefacit
2067 477 2132 499 nos
2159 467 2201 498 de

1219 515 1373 548 vanitate
1406 524 1439 550 et
1472 517 1668 561 petulantia
1702 516 1941 550 humanorum
1966 517 2201 559 ingeniorum,

1221 578 1309 610 quae
1326 566 1451 599 ludens
1469 568 1569 601 finxit
1583 568 1702 611 plures
1719 580 1790 601 esse
1805 568 1975 605 mundos,
2005 579 2043 599 ac
2058 567 2118 599 alii
2133 567 2202 599 alio

1221 616 1328 648 modo
1353 627 1391 649 ea
1414 617 1451 649 in
1472 629 1509 649 re
1526 618 1698 650 luserunt.
1751 619 1856 661 Apud
1876 616 2064 650 Aelianum
2080 628 2203 649 narra-

1221 672 1280 699 tur
1302 666 1421 699 sabula
1446 667 1537 710 capti
1562 667 1674 701 Sileni
1701 679 1718 699 a
1736 667 1896 712 Marsya,
1924 667 2072 701 dicentis
2094 667 2201 700 alium

1223 727 1294 750 esse
1312 717 1484 750 mundum
1496 743 1503 757 ,
1522 717 1559 749 in
1577 729 1645 762 quo
1662 714 1823 751 homines
1842 718 1950 761 duplo
1967 717 2109 751 vincant
2121 729 2203 761 pro-

1224 778 1320 799 ceros
1338 767 1375 799 in
1392 774 1513 801 nostro
1532 769 1667 800 mundo
1685 774 1796 800 natos.

1325 826 1507 860 Praeterea
1532 824 1766 871 Empedocles
1795 833 1827 859 et
1851 825 2074 860 Democritus
2108 827 2205 860 dixe-

1224 883 1308 910 runt
1324 877 1473 910 subinde
1492 877 1578 910 alios
1595 877 1747 910 mundos
1768 877 1875 917 nasci,
1903 888 1967 909 nec
1983 875 2205 910 Democritus

1225 934 1335 961 certas
1363 934 1473 960 metas
1496 928 1698 968 constituit,
1733 928 1791 960 sed
1814 939 1986 960 concursu
2007 934 2204 961 atomorum

1225 978 1376 1011 somniat
1395 978 1480 1011 alibi
1496 978 1584 1011 alios
1600 979 1751 1011 mundos
1767 979 1888 1011 eodem
1903 984 2060 1021 tempore
2082 977 2206 1011 existe-

1225 1039 1272 1062 re.
1331 1027 1389 1060 Ab
1422 1026 1476 1060 his
1506 1029 1718 1072 portentosis
1753 1028 1985 1072 opinionibus
2014 1025 2204 1061 abhorrere

1226 1077 1371 1110 auribus
1390 1084 1494 1122 atque
1512 1079 1638 1111 animis
1657 1090 1739 1111 sana
1760 1079 1901 1122 ingenia
1919 1079 2027 1113 decet.

1327 1134 1406 1169 Etsi
1428 1144 1543 1170 autem
1571 1149 1722 1181 propero
1742 1139 1786 1170 ad
1811 1137 2007 1170 doctrinam
2039 1134 2203 1181 physicae

1224 1187 1404 1230 propriam
1415 1214 1423 1228 ‚
1451 1193 1568 1220 tamen
1583 1188 1680 1230 prius
1697 1188 1796 1232 quasi
1813 1195 1972 1221 extruere
1985 1187 2204 1220 domicilium

1225 1244 1383 1281 oportet,
1412 1249 1450 1269 ac
1465 1238 1528 1270 ubi
1551 1237 1621 1270 sint
1643 1249 1805 1280 corpora,
1831 1238 1873 1269 de
1897 1247 2048 1281 quorum
2071 1236 2204 1280 princi·

1226 1288 1308 1331 piis,
1337 1294 1368 1320 et
1385 1288 1496 1320 causis
1511 1288 1778 1331 generationum
1803 1294 1835 1320 et
1858 1286 2126 1330 corruptionum
2150 1286 2204 1318 di-

1226 1338 1334 1378 citur,
1363 1338 1658 1371 considerandum
1678 1345 1738 1369 est.
1780 1336 1883 1367 Prius
1900 1337 2007 1377 igitur
2022 1337 2064 1368 de
2079 1336 2205 1369 mundi

1224 1388 1379 1424 unitate,
1408 1389 1498 1420 etde
1522 1385 1723 1417 coelestium
1748 1396 1935 1427 corporum
1959 1386 2067 1423 serie,
2096 1397 2202 1429 quae-

1224 1435 1374 1468 rendum
1392 1442 1452 1469 est.
1504 1434 1595 1468 Sunt
1612 1442 1726 1467 autem
1746 1432 1831 1467 haec
1847 1441 2051 1477 argumenta
2068 1436 2204 1470 tradita.

1325 1492 1501 1526 Primum:
1530 1491 1569 1525 Si
1586 1493 1700 1536 plures
1717 1499 1829 1525 essent
1846 1493 1989 1533 mundi,
2017 1500 2077 1527 aut
2093 1501 2205 1526 essent

1225 1543 1438 1576 concentrici
1450 1570 1458 1583 ,
1485 1549 1543 1575 aut
1560 1543 1673 1576 dissiti
1689 1543 1836 1575 diversis
1853 1544 1992 1577 centris.
2036 1543 2074 1577 Si
2091 1552 2204 1577 essent

1225 1593 1456 1633 concentrici,
1486 1600 1576 1626 terra
1593 1593 1698 1626 unius
1716 1600 1915 1626 moveretur
1932 1595 1974 1626 ad
2001 1601 2129 1626 terram
2152 1594 2203 1626 al-

1224 1645 1351 1683 terius,
1393 1651 1425 1677 et
1449 1644 1544 1676 fieret
1567 1644 1726 1676 confusio
1754 1644 1913 1676 omnium
1939 1644 2101 1687 partium.
2164 1643 2203 1677 Si

1224 1745 1384 1778 existeret
1400 1756 1559 1777 vacuum.
1610 1743 1703 1777 Ilaec
1727 1744 1877 1776 absurda
1900 1756 1979 1777 cum
2003 1750 2205 1788 sequantur,

1224 1796 1253 1828 si
1277 1795 1354 1839 quis
1379 1795 1484 1836 fingat
1509 1794 1626 1837 plures
1646 1805 1717 1827 esse
1735 1795 1903 1835 mundos,
1931 1801 2203 1828 consentaneum

1224 1853 1292 1885 est,
1322 1845 1465 1878 unicum
1482 1851 1618 1877 tantum
1639 1857 1710 1877 esse
1726 1846 1912 1879 mundum.

1326 1902 1546 1937 Secundum:
1582 1903 1620 1936 Si
1644 1903 1760 1946 plures
1791 1909 1903 1935 essent
1925 1901 2069 1941 mundi,
2110 1908 2204 1936 terra

1224 1954 1331 1988 unius
1349 1960 1550 1986 moveretur
1564 1965 1720 1993 sursum,
1749 1959 1779 1984 et
1799 1952 1942 1984 alterius
1958 1952 2131 1991 deorsum,
2155 1954 2202 1986 sic

1225 2012 1257 2038 et
1286 2010 1481 2037 ceterorum
1502 2003 1756 2035 elementorum
1780 2003 1939 2035 confusio
1965 2002 2146 2043 existeret,
2169 2010 2203 2036 et

1224 2055 1321 2088 nulla
1342 2053 1540 2086 differentia
1557 2054 1647 2086 sumi
1664 2065 1682 2085 a
1696 2053 1823 2086 centris
1841 2059 1967 2096 posset,
1995 2059 2109 2085 motus
2125 2064 2202 2086 sur—

1224 2117 1300 2138 sum
1317 2111 1349 2137 et
1363 2105 1538 2137 deorsum.

1325 2162 1394 2196 Sed
1418 2162 1522 2194 nobis
1540 2163 1576 2193 in
1594 2159 1747 2194 Ecclesia
1759 2186 1767 2200 ‚
1794 2166 1827 2193 et
1843 2160 1979 2194 facilius
1997 2167 2031 2194 et
2046 2173 2202 2196 necessa-

1224 2214 1317 2247 rium
1342 2220 1391 2246 est
1412 2224 1623 2250 asseverare,
1650 2211 1793 2243 unicum
1814 2222 1885 2244 esse
1901 2212 2092 2252 mundum,
2119 2213 2201 2257 quia

1225 2264 1382 2297 coelestis
1405 2263 1564 2296 doctrina
1587 2260 1681 2295 hunc
1697 2262 1868 2293 mundum
1881 2288 1890 2301 ,
1916 2262 1952 2293 in
1973 2274 2042 2306 quo
2057 2274 2092 2295 se
2106 2261 2201 2296 Deus

1224 2314 1401 2358 patefecit,
1429 2313 1465 2345 in
1483 2325 1551 2357 quo
1569 2324 1664 2344 suam
1687 2311 1883 2344 doctrinam
1909 2309 2112 2346 hominibus
2130 2320 2202 2346 tra-

1225 2364 1329 2404 didit,
1355 2370 1387 2396 et
1403 2363 1438 2395 in
1457 2376 1525 2408 quo
1541 2363 1651 2395 filium
1668 2359 1822 2395 humano
1841 2362 1959 2404 generi
1975 2363 2086 2402 misit,
2115 2374 2200 2396 con—

1223 2415 1336 2447 ditum
1359 2425 1431 2446 esse
1455 2427 1472 2446 a
1497 2413 1569 2447 Deo
1594 2413 1762 2447 adfirmat.
1815 2410 1862 2445 Et
1886 2413 2012 2445 deinde
2028 2413 2125 2446 addit
2142 2425 2200 2446 ex-

1223 2475 1355 2508 presse,
1395 2462 1508 2497 Deum
1541 2474 1687 2497 cessasse
1719 2469 1750 2496 et
1775 2474 1848 2495 non
1869 2462 2068 2495 condidisse
2094 2463 2198 2496 aliam

1222 2515 1368 2554 molem,
1406 2521 1465 2547 aut
1490 2514 1558 2546 alia
1580 2513 1783 2546 animantia.
1836 2512 1981 2546 Necesse
2010 2520 2060 2546 est
2093 2514 2198 2557 igitur

1222 2572 1358 2599 tantum
1378 2561 1472 2597 hunc
1487 2565 1629 2597 unicum
1647 2575 1718 2596 esse
1736 2564 1920 2603 mundum,
1944 2575 2007 2595 nec
2026 2575 2098 2596 esse
2113 2564 2198 2596 alios

1221 2615 1339 2659 plures
1355 2616 1515 2650 mundos.
1569 2614 1724 2659 Ideoque
1740 2611 1796 2646 hic
1812 2613 1936 2646 unicus
1959 2614 2113 2646 mundus
2135 2626 2198 2646 vo—

1222 2671 1319 2699 catur
1334 2664 1399 2698 Dei
1423 2666 1539 2707 sedes,
1566 2672 1603 2699 ut
1628 2665 1665 2697 in
1681 2663 1819 2697 Psalmo
1845 2664 1988 2696 dicitur:
2023 2662 2197 2698 Dominus
