2379 2948
199 107 292 144 1271

792 103 917 139 PHIL.
945 103 1061 141 MEL.
1087 101 1296 139 SCRIPTA
1324 102 1622 141 EXEGETICA.

2127 109 2143 142 1
2150 107 2224 144 272

199 193 306 233 siam,
334 192 421 225 sicut
441 189 561 224 ludaei
582 189 684 232 plane
703 189 890 223 extinctam
908 190 1080 234 putabant
1107 195 1186 234 post
1210 189 1213 221 Ι
1237 189 1495 232 obedientiam,
1527 189 1643 234 arguit
1665 197 1804 234 peccata
1826 198 1860 225 et
1884 192 2052 236 proponit
2074 193 2224 227 maledi-

199 250 349 277 mortem
367 239 510 276 Christi.
546 240 655 274 Multi
672 252 766 273 nunc
785 252 926 285 quoque
942 241 1186 285 desperatione

199 295 350 339 quadam
367 292 538 325 abiiciunt
554 291 751 325 doctrinam
772 289 977 334 Evangelii,
1006 292 1087 336 quia
1113 303 1185 324 me-

200 351 304 379 tuunt
328 355 401 376 non
425 343 610 375 duraturas
639 353 710 374 esse
734 339 908 375 Ecclesias
941 350 1095 382 nostras,
1130 341 1186 374 vel

200 402 344 439 propter
363 393 661 438 persecutionem,
689 393 743 425 vel
766 401 909 437 propter
924 393 991 426 alia
1014 393 1186 427 scandala.

201 445 270 479 Sed
297 444 347 489 pii
369 443 527 487 erigendi
551 450 650 484 sunt,
685 450 717 476 et
741 444 910 483 docendi,
942 451 981 477 ut
1004 441 1185 476 Christum

200 495 354 539 cogitent
378 506 451 528 esse
473 501 653 527 aeternum
682 495 916 537 sacerdotem,
946 501 977 527 et
1000 505 1186 527 conserva-

201 553 320 580 turum
340 557 411 578 esse
429 545 664 578 ministerium
681 543 866 588 Evangelii
883 545 949 578 sui.
984 543 1090 577 Hunc
1108 556 1187 576 ver-

200 597 350 630 siculum
376 596 478 629 nobis
511 607 760 638 proponamus.
821 594 877 628 Tu
903 607 937 628 es
963 596 1123 628 sacerdos
1150 595 1186 626 in

200 654 401 687 aeternum,
427 653 465 679 ut
488 657 553 679 nos
573 647 761 679 admoneat
784 646 981 689 pontificem
1005 643 1187 679 Christum

201 710 273 731 non
291 698 492 731 defuturum
510 708 582 729 esse
598 708 680 729 suae
697 695 894 736 Ecclesiae,
920 697 1055 729 etiamsi
1080 697 1187 729 undi—

200 761 268 794 que
287 760 305 781 a
323 748 482 788 diabolo,
511 759 529 780 a
548 747 707 781 fanaticis
731 747 931 791 spiritibus,
958 759 977 779 a
995 747 1188 793 tyrannicis

203 799 432 844 pontificibus
449 806 480 832 et
501 798 578 831 aliis
597 804 833 842 oppugnatur.

304 848 466 882 Breviter
483 846 541 881 hic
558 848 660 881 etiam
679 849 876 882 monendus
895 856 944 882 est
962 849 1080 887 lector,
1100 860 1187 893 quo-

202 900 266 934 ties
291 900 329 934 fit
359 900 491 932 mentio
521 899 680 942 perpetui
711 899 809 942 regni
842 906 902 932 aut
933 900 1119 932 sacerdotii
1151 899 1187 931 in

201 950 404 993 scripturis,
429 949 635 993 significari,
669 950 763 994 quod
788 947 919 983 Christi
942 961 1089 993 regnum
1116 962 1187 982 non

202 1002 247 1035 sit
270 1001 427 1034 futurum
448 1001 627 1033 mundana
651 1000 866 1041 dominatio,
903 1001 1041 1045 qualem
1068 999 1188 1033 Iudaei

203 1052 399 1089 somniant,
427 1052 487 1084 sed
513 1051 556 1084 sit
578 1051 697 1084 sutura
723 1058 862 1084 aeterna
893 1051 1029 1084 iusticia
1057 1058 1089 1084 et
1110 1052 1190 1091 vita,

203 1115 293 1148 quae
310 1109 427 1136 tamen
446 1102 483 1134 in
507 1099 571 1134 hac
594 1101 663 1134 vita
681 1113 744 1145 per
762 1101 994 1144 Evangelium
1015 1102 1188 1135 incoanda

204 1161 267 1188 est.
329 1152 457 1186 Monet
485 1152 569 1185 item
596 1153 639 1184 de
664 1152 838 1193 cultibus,
869 1152 951 1186 Non
977 1165 1048 1186 esse
1075 1153 1189 1186 cultus

203 1202 286 1245 Dei,
319 1215 374 1236 res
409 1203 601 1247 perituras,
640 1203 868 1236 mactationes
901 1205 1094 1247 pecudum,
1130 1211 1189 1237 aut

204 1254 408 1288 discrimina
428 1254 585 1287 ciborum
598 1280 607 1293 ,
634 1254 693 1287 sed
710 1254 825 1287 cultus
839 1254 1049 1298 spirituales,
1078 1253 1190 1297 Agni-

205 1305 339 1339 tionem
363 1303 450 1345 Dei,
485 1304 668 1342 timorem,
703 1304 827 1345 fidem,
855 1305 1130 1345 confessionem,
1156 1312 1190 1338 et

205 1356 397 1398 gratiarum
410 1355 596 1393 actionem,
614 1354 703 1388 sicut
718 1354 849 1388 Paulus
864 1356 997 1400 inquit:
1025 1355 1189 1399 Regnum

206 1405 273 1440 Dei
292 1418 364 1439 non
386 1413 437 1439 est
454 1417 546 1446 esca,
573 1417 637 1438 nec
655 1412 776 1449 potus,
804 1408 863 1440 sed
884 1407 1041 1447 iusticia,
1068 1419 1134 1451 pax
1158 1413 1189 1440 et

206 1458 375 1502 gaudium
395 1456 432 1489 in
450 1456 586 1500 Spiritu
603 1463 735 1490 sanem.

257 1539 462 1575 Secundum
483 1537 645 1574 ordinem
662 1537 951 1576 flIelclzisedech.

306 1609 388 1643 Non
417 1616 466 1643 est
501 1608 626 1642 usitata
656 1605 741 1640 haec
770 1608 959 1651 descriptio
993 1608 1190 1645 sacerdotii,

205 1661 396 1695 secundum
417 1659 577 1693 ordinem
596 1670 656 1691 seu
673 1659 781 1692 ritum
800 1670 860 1691 seu
878 1670 1009 1691 morem
1034 1656 1188 1690 Melchi-

205 1709 340 1745 sedech.
395 1710 483 1744 Nam
507 1709 703 1743 Leviticum
730 1709 962 1742 sacerdotium
988 1709 1187 1742 institutum

206 1770 255 1796 est
284 1762 391 1795 verbo
415 1760 500 1802 Dei,
530 1767 559 1794 et
590 1767 714 1793 notum
742 1767 792 1793 est
828 1772 867 1792 ex
892 1760 1189 1803 descriptionibus

205 1814 327 1847 multis
345 1813 382 1845 in
400 1813 472 1855 lege
496 1811 645 1845 traditis.
698 1810 782 1844 Ideo
807 1808 864 1843 hic
888 1817 1001 1843 textus
1027 1822 1187 1853 magnam

206 1865 297 1909 parit
315 1863 586 1897 admirationem
612 1862 778 1895 omnibus
803 1861 888 1906 quid
909 1861 975 1893 sibi
996 1861 1079 1893 velit
1104 1859 1188 1894 haec

205 1916 373 1949 inusitata
391 1913 590 1957 descriptio,
626 1911 678 1945 Ac
700 1912 781 1945 satis
807 1919 950 1955 apparet
975 1909 1187 1955 Prophetam

205 1965 447 2010 spiritualibus
471 1964 599 2003 oculis,
623 1969 656 1996 et
680 1963 790 1996 multo
814 1963 918 1995 altius
942 1962 1188 2006 introspexisse

203 2018 321 2050 locum
354 2016 391 2047 in
420 2014 551 2047 Genesi
581 2015 623 2046 de
657 2011 939 2053 Melchisedech,
971 2025 1074 2058 quam
1101 2013 1188 2046 alios

204 2068 361 2100 lectores.
415 2064 574 2098 Primum
608 2070 724 2097 autem
757 2061 823 2096 hoc
852 2071 1061 2104 statuamus,
1097 2062 1188 2097 hanc

205 2118 413 2162 particulam
436 2116 568 2160 opponi
587 2114 782 2148 sacerdotio
804 2113 981 2153 Levitico,
1010 2115 1109 2160 quasi
1133 2116 1187 2148 di-

205 2176 270 2213 cat,
298 2166 479 2202 Christum
495 2167 570 2199 fore
587 2172 767 2199 aeternum
784 2166 1016 2206 sacerdotem,
1044 2178 1117 2198 non
1135 2177 1187 2199 se-

205 2221 360 2253 cundum
387 2218 548 2252 ordinem
575 2217 681 2257 Levi,
714 2217 774 2249 sed
806 2217 998 2249 secundum
1023 2217 1184 2250 ordinem

202 2267 477 2307 Melchisedech,
502 2266 591 2301 hanc
608 2267 830 2301 collationem
849 2279 987 2300 necesse
1004 2274 1054 2300 est
1070 2268 1185 2300 decla-

203 2322 286 2356 rari.
339 2319 497 2353 Tametsi
529 2320 723 2352 sacerdotes
755 2318 903 2351 Levitici
937 2318 1186 2362 praedicabant

202 2373 305 2406 etiam
323 2371 572 2416 promissiones
587 2371 630 2403 de
648 2367 808 2409 Christo,
835 2375 951 2402 tamen
970 2369 1005 2402 id
1024 2381 1096 2402 non
1114 2376 1184 2402 erat

205 2424 361 2467 ipsorum
388 2422 570 2466 proprium
597 2421 771 2461 officium,
811 2421 870 2453 sed
902 2427 974 2454 erat
1001 2417 1183 2464 propheti-

206 2486 294 2508 cum.
338 2473 473 2507 Interea
489 2472 685 2505 Leviticum
704 2471 935 2504 sacerdotium
954 2471 1095 2515 proprie
1111 2478 1184 2504 erat

204 2525 407 2557 mandatum
436 2523 613 2557 docendae
639 2522 742 2566 legis,
775 2534 850 2555 non
880 2529 953 2555 erat
978 2523 1182 2555 mandatum

204 2575 406 2609 remittendi
434 2581 593 2618 peccata,
620 2585 684 2605 nec
709 2585 855 2618 usquam
880 2573 933 2606 lex
956 2573 1063 2606 tradit
1083 2584 1183 2605 man-

203 2626 322 2658 datum
355 2632 512 2668 apertum
544 2625 586 2657 de
610 2624 814 2657 remissione
845 2631 1086 2668 peccatorum,
1119 2635 1182 2656 nec
1205 2655 1207 2670 x,
1231 2623 1447 2657 dissimilimi
1466 2630 1549 2658 sunt
1566 2624 1637 2657 illis
1654 2623 1800 2657 summis
1816 2623 1910 2658 viris.

1237 239 1389 280 ctiones,
1423 241 1551 274 deinde
1574 242 1673 275 addit
1697 243 1865 286 quasdam
1889 250 2048 277 aeternas
2069 256 2225 278 ceremo-

1236 291 1314 323 nias
1338 292 1381 324 ad
1402 292 1650 336 paedagogiam
1667 292 1864 334 institutas,
1889 300 1929 327 ut
1948 293 2144 336 significent
2159 295 2225 328 ali-

1211 372 1213 384 ,
1237 342 1323 386 quid
1353 343 1396 375 de
1420 350 1558 386 peccato
1584 340 1730 376 humani
1755 344 1911 386 generis,
1946 345 1989 377 de
2014 350 2146 383 morte,
2182 346 2226 379 de

1237 398 1385 426 ventura
1410 391 1535 427 hostia.
1588 392 1684 426 Haec
1707 400 1757 427 est
1781 406 1918 427 summa
1942 394 2092 428 Levitici
2115 395 2225 428 mini-

1237 443 1346 477 sterii.
1397 441 1553 478 Econtra
1576 456 1659 477 vero
1678 451 1716 478 ut
1733 446 1981 485 ostendamus,
2009 445 2092 490 quid
2110 445 2154 479 sit
2172 457 2227 478 sa-

1237 493 1433 527 cerdotium
1453 496 1647 528 secundum
1665 495 1826 529 ordinem
1844 493 2125 537 Melchisedech,
2153 496 2228 541 pri-

1237 555 1334 577 mum
1351 545 1628 578 considerandus
1644 552 1693 579 est
1710 546 1807 579 locus
1824 546 1861 579 in
1879 544 2020 579 Genesi.

1341 594 1463 639 Capite
1488 594 1547 629 14.
1580 596 1629 629 ait
1661 603 1792 637 textus,
1826 595 2090 630 Melchisedech
2118 597 2226 632 fuisse

1239 646 1453 679 sacerdotem
1468 645 1535 680 Dei
1551 646 1730 687 altissimi,
1757 654 1790 680 et
1807 647 1835 680 is
1850 648 2026 681 benedicit
2044 646 2227 681 Abraham

1239 696 1401 730 redeunti
1427 708 1467 729 ex
1492 697 1643 741 praelio,
1671 705 1749 740 post
1775 698 1978 741 profligatos
2002 705 2154 744 quatuor
2169 711 2228 732 re-

1239 758 1307 789 ges.
1360 746 1541 791 Principio
1566 748 1674 790 igitur
1695 749 1927 783 sacerdotium
1952 750 2144 783 secundum
2166 761 2227 783 or-

1239 797 1359 829 dinem
1378 795 1659 839 Melchisedech,
1687 805 1832 832 testatur
1849 801 2081 834 sacerdotium
2093 798 2228 834 Christi

1239 848 1392 880 liberum
1412 860 1483 881 esse
1503 860 1521 882 a
1539 849 1747 882 ceremoniis
1764 849 1947 890 Leviticis,
1973 851 2054 895 quia
2073 849 2228 884 Melchi-

1240 896 1367 931 sedech
1392 900 1551 933 sacerdos
1576 900 1661 941 fuit,
1696 907 1884 945 antequam
1909 901 2089 935 institutae
2114 908 2228 936 essent

1241 950 1458 983 ceremoniae
1478 950 1666 984 Leviticae.
1735 950 1854 994 Quare
1879 963 1957 984 cum
1981 951 2062 985 illae
2087 951 2228 995 ignotae

1240 1000 1372 1034 fuerint
1389 998 1471 1034 huic
1485 999 1758 1042 Melchisedech,
1774 1002 1876 1035 etiam
1892 999 1984 1034 nihil
1999 1002 2228 1046 pertinebunt

1241 1052 1282 1083 ad
1301 1048 1494 1086 Christum.
1549 1050 1597 1086 Et
1615 1049 1681 1085 hoc
1699 1059 1905 1095 argumento
1923 1059 2058 1087 constat
2078 1052 2227 1087 ludaeos

1241 1101 1397 1134 saniores
1421 1102 1523 1135 valde
1546 1103 1700 1143 moveri,
1726 1115 1805 1137 cum
1822 1103 2003 1148 disputant
2022 1104 2155 1149 requiri
2171 1116 2227 1138 ce-

1241 1163 1417 1185 remonias
1434 1164 1525 1187 suas.

1343 1202 1528 1245 Secundo,
1557 1202 1671 1246 Quale
1694 1211 1811 1238 autem
1833 1205 1878 1239 sit
1896 1204 2146 1246 sacerdotium,
2172 1217 2228 1239 re-

1241 1259 1337 1287 moto
1360 1253 1537 1293 Levitico,
1572 1262 1688 1298 postea
1713 1256 1837 1290 dicam.
1890 1254 2035 1289 Necesse
2058 1263 2109 1290 est
2132 1256 2227 1289 enim

1241 1304 1328 1336 alios
1344 1305 1542 1347 spirituales
1559 1306 1673 1339 cultus
1689 1306 1786 1350 poni,
1815 1306 1977 1340 videlicet
1994 1318 2112 1340 veram
2128 1306 2227 1350 agni-

1240 1354 1373 1388 tionem
1383 1354 1449 1388 Dei
1464 1356 1684 1389 illuscentem
1699 1357 1864 1390 cordibus
1878 1354 2076 1397 hominum,
2103 1368 2226 1390 verum

1241 1405 1422 1444 timorem,
1450 1406 1573 1447 fidem,
1602 1407 1884 1448 invocationem,
1913 1407 2167 1441 confessionem
2192 1414 2227 1441 et

1241 1456 1491 1490 obedientiam.
1545 1456 1615 1491 Sed
1631 1457 1727 1501 prius
1743 1458 1785 1490 de
1801 1469 1947 1501 persona
1964 1458 2090 1493 dicam.
2138 1457 2227 1491 Hie-

1240 1518 1410 1551 ronymus
1441 1508 1483 1540 ad
1509 1505 1701 1550 Evagrium
1728 1515 1819 1541 recte
1844 1506 2071 1552 reprehendit
2097 1506 2228 1552 Orige-

1241 1569 1338 1597 nem,
1373 1558 1434 1602 qui
1457 1558 1596 1602 scripsit
1621 1556 1882 1591 Melchisedech
1907 1559 2013 1592 fuisse
2035 1559 2227 1603 Angelum,

1241 1614 1273 1640 et
1299 1605 1390 1640 hanc
1410 1609 1621 1642 sententiam
1642 1609 1689 1642 ait
1714 1616 1870 1643 secutum
1888 1621 1959 1643 esse
1975 1610 2174 1655 Didymum
2192 1616 2227 1644 et

1241 1659 1410 1702 quosdam
1429 1659 1525 1693 alios.
1579 1658 1717 1692 Deinde
1733 1660 1830 1693 addit
1849 1660 2055 1694 sententiam
2067 1658 2227 1694 Ebraeo-

1239 1721 1339 1749 rum,
1380 1709 1440 1753 qui
1471 1709 1686 1753 scripserunt
1714 1708 1976 1744 Melchisedech
2007 1711 2113 1744 fuisse
2143 1710 2226 1745 Sem

1239 1759 1350 1791 filium
1368 1757 1503 1794 Nohae.
1556 1760 1702 1794 Constat
1728 1761 1819 1793 enim
1838 1773 1878 1794 ex
1895 1761 2000 1794 sacris
2017 1761 2129 1796 literis
2143 1761 2226 1796 Sem

1239 1809 1364 1842 vixisse
1393 1822 1506 1843 annos
1530 1818 1730 1854 sexcentos,
1766 1823 1916 1857 cumque
1939 1819 2026 1846 esset
2049 1813 2227 1846 sanctissi-

1238 1871 1316 1893 mus
1339 1872 1413 1894 mos
1438 1861 1560 1905 primis
1584 1862 1761 1905 patribus,
1787 1863 1849 1907 qui
1874 1870 2014 1907 accepto
2038 1863 2146 1896 verbo
2169 1863 2225 1897 di-

1239 1911 1372 1944 vinitus
1394 1912 1476 1945 facti
1500 1919 1599 1945 erant
1627 1913 1808 1956 pontifices
1836 1919 1867 1946 et
1893 1914 2052 1947 doctores
2076 1911 2225 1946 humani

1238 1962 1374 2005 generis
1386 1987 1395 2001 ‚
1424 1963 1524 2008 quasi
1541 1975 1602 2007 per
1620 1975 1744 1997 manus
1762 1964 1898 1997 tradere
1914 1965 2082 2008 verbum,
2109 1970 2141 1998 et
2155 1963 2224 1997 mi-

1238 2013 1423 2046 nisterium
1447 2025 1568 2055 suum,
1596 2011 1662 2046 hoc
1686 2021 1754 2055 est,
1781 2014 2012 2048 sacerdotium
2038 2014 2109 2048 suis
2132 2014 2224 2048 libe-

1238 2064 1305 2105 ris,
1332 2070 1371 2098 ut
1394 2065 1552 2098 coelestis
1578 2065 1737 2098 doctrina
1758 2071 2010 2108 propagaretur
2030 2072 2063 2099 et
2078 2076 2223 2099 conser-

1238 2121 1379 2148 varetur
1394 2116 1438 2148 ad
1455 2123 1622 2160 posteros,
1649 2127 1722 2148 non
1736 2115 1885 2148 dubium
1902 2122 1964 2156 est,
1991 2115 2073 2150 Sem
2089 2128 2107 2150 a
2122 2122 2222 2161 patre

1237 2166 1465 2200 constitutum
1481 2178 1554 2200 esse
1568 2166 1766 2211 pontificem
1784 2172 1816 2199 et
1830 2167 2008 2200 doctorem
2025 2166 2121 2200 illius
2135 2167 2222 2201 novi

1237 2217 1374 2256 mundi.
1428 2216 1476 2251 Ut
1498 2217 1591 2250 enim
1615 2228 1750 2260 semper
1771 2217 1888 2262 aliqua
1904 2217 1972 2251 fuit
1987 2215 2143 2251 Ecclesia
2161 2229 2222 2251 seu

1236 2274 1355 2301 coetus
1382 2268 1540 2312 piorum,
1567 2267 1702 2302 etiamsi
1727 2268 1793 2301 fuit
1820 2268 1983 2312 exiguus,
2012 2268 2059 2301 ita
2083 2280 2221 2313 semper

1235 2318 1302 2351 fuit
1324 2319 1468 2364 aliquod
1494 2330 1615 2352 verum
1638 2319 1890 2359 sacerdotium,
1925 2331 1964 2352 ac
1984 2319 2220 2353 ministerium

1235 2369 1438 2403 coelestium
1467 2370 1751 2414 promissionum.
1820 2368 1923 2403 Nunc
1948 2369 2034 2403 vitia
2057 2371 2220 2403 sacerdo-

1234 2426 1309 2453 tum
1332 2421 1484 2459 faciunt,
1512 2427 1551 2455 ut
1576 2422 1618 2453 de
1641 2421 1703 2453 illo
1728 2432 1865 2454 summo
1890 2421 2000 2463 gradu
2025 2428 2057 2454 et
2080 2420 2219 2463 fastigio

1234 2471 1326 2504 inter
1365 2469 1526 2505 homines
1565 2483 1636 2504 non
1678 2471 1759 2505 satis
1792 2468 1985 2504 honorifice
2018 2471 2218 2514 cogitemus.

1233 2520 1455 2555 Conferimus
1481 2522 1575 2555 enim
1602 2522 1734 2566 primos
1759 2522 1840 2555 illos
1863 2522 2058 2555 sacerdotes
2081 2521 2125 2554 ad
2149 2519 2218 2556 hoc

1232 2573 1358 2616 vulgus
1381 2573 1675 2613 sacrificulorum,
1707 2573 1769 2618 qui
1791 2580 1830 2607 ut
1854 2570 1946 2605 nihil
1969 2571 2065 2604 aliud
2091 2572 2219 2613 dicam,

1963 2621 2096 2656 Verum
2112 2623 2219 2666 longe

199 2677 299 2710 docet
315 2676 357 2710 de
373 2675 522 2719 gratuita
538 2675 761 2718 remissione,
785 2675 845 2709 sed
860 2675 1009 2720 requirit
1024 2682 1181 2710 nostram
1204 2673 1207 2714 ἶ
1230 2675 1297 2709 alia
1317 2675 1432 2719 imago
1450 2675 1638 2710 sacerdotis
1655 2675 1692 2708 in
1711 2675 1829 2709 animo
1848 2672 2078 2718 concipienda
2097 2679 2181 2708 erat.
