2379 2948
91 90 167 143 673

711 105 754 139 V,
805 100 1125 140 EROTEMATA
1163 100 1496 138 DlALECTlCES.

188 189 267 224 Hoc
306 197 423 225 autem
456 191 582 225 ordine
612 190 649 223 in
678 188 743 224 hac
775 190 1080 234 argumentatione
1106 190 1108 214 ἶ

85 243 259 278 utendum
287 248 357 283 est,
385 242 423 275 in
448 242 581 276 maiore
599 248 753 286 ponatur
768 241 979 275 universalis
997 254 1080 286 pro-
1106 254 1107 262 ¹

84 294 236 340 positio,
263 304 448 327 recensens
473 303 596 327 omnes
619 293 748 336 species
768 304 829 325 seu
850 298 985 336 partes,
1013 290 1079 326 hoc
1106 319 1107 329 ,

85 357 166 379 cum
184 357 259 378 non
278 345 335 387 fit,
360 345 419 378 sed
436 356 507 378 una
523 350 628 388 atque
648 343 756 376 altera
772 343 886 387 specie
904 355 964 377 seu
982 351 1079 388 parte
1105 367 1108 371 ⁴

85 397 288 435 nominata,
331 402 452 441 postea
490 393 734 434 concluditur,
775 394 993 428 insufficiens
1029 402 1106 445 est}

86 448 325 481 enumeratio:
353 446 426 480 Nec
443 456 516 479 esse
535 444 790 478 connexionem
808 446 944 478 firmam
962 446 999 479 in
1017 446 1078 480 tali

85 506 294 542 argumento
319 497 420 531 facile
445 495 597 539 intelligi
621 503 754 540 potest,
789 496 869 541 quia
896 497 963 530 iter
985 504 1034 531 est
1060 510 1077 530 a

85 550 312 594 particulari,
334 550 406 581 ut:'

239 600 296 634 Ius
313 598 476 632 divinum
493 609 567 631 non
584 599 780 643 strangulat
796 599 891 633 fures
905 627 913 640 ‚
941 611 1006 633 nec
1022 600 1077 634 ius

290 649 496 684 Romanum
514 655 625 691 vetus,

236 700 332 745 Ergo
350 712 424 734 non
443 707 493 735 est
511 700 643 735 iustum
661 701 880 744 strangulare
897 702 1004 735 fures.

186 761 256 795 Hic
288 760 494 805 proceditur
518 771 537 793 a
561 760 675 805 specie
700 760 743 793 ad
769 772 877 804 genus
903 762 1076 804 negative,

84 825 190 859 quam
207 811 495 857 consequentiam
510 823 585 844 non
601 812 718 845 valere
735 822 839 855 supra
856 813 991 846 dictum
1009 819 1074 846 est:

84 863 131 899 Ut
155 870 271 897 autem
296 863 397 896 firma
418 863 593 896 connexio
609 863 687 904 fiat,
714 862 923 897 instituatur
940 864 1075 906 integer

83 915 324 961 syllogismus,
349 920 382 947 et
405 914 520 947 maior
542 914 587 948 sit
610 914 820 948 universalis
841 915 1075 960 complectens

82 967 254 1010 integram
274 965 576 999 enumerationem
590 993 599 1006 ‚
627 963 695 999 hoc
712 966 838 998 modo:

237 1014 372 1050 Omnia
397 1016 488 1050 iusta
509 1016 653 1060 politica
678 1017 867 1050 constituta
885 1023 985 1054 sunt,
1015 1023 1074 1049 aut

289 1068 367 1102 iure
390 1067 513 1100 divino
537 1079 597 1100 seu
624 1067 795 1107 naturali,
823 1074 882 1101 aut
907 1066 1072 1101 Romano

289 1119 366 1152 iure
387 1118 515 1158 veteri,
542 1124 573 1151 et
592 1130 687 1151 nunc
704 1126 865 1162 recepto,
894 1126 953 1152 aut
972 1119 1074 1151 novis

289 1169 427 1212 legibus
441 1168 712 1212 imperatorum,
741 1176 800 1203 aut
818 1170 1073 1203 consuetudine

291 1226 509 1263 congruente
528 1232 607 1253 cum
627 1220 776 1253 ratione.

237 1270 306 1305 Sed
330 1271 549 1314 strangulare
573 1271 685 1310 surm,
720 1272 822 1303 novis
848 1271 982 1313 legibus
1008 1271 1074 1304 im—

289 1328 492 1365 peratorum
511 1322 702 1354 constitum
721 1328 782 1361 est,

234 1370 329 1416 Ergo
345 1378 396 1406 est
412 1372 555 1406 iustum.

184 1431 280 1465 Haec
302 1437 351 1464 est
369 1442 387 1463 a
405 1430 581 1464 divisione
597 1431 709 1463 forma
730 1433 1002 1474 argumentandi
1019 1432 1074 1465 iu-

82 1491 153 1525 sta,
181 1490 214 1517 et
233 1483 281 1516 sic
297 1483 341 1515 ab
360 1481 554 1515 universali
575 1483 791 1525 proceditur.

184 1539 237 1574 Ex
265 1538 331 1574 hac
363 1547 434 1574 tota
467 1540 630 1574 doctrina
661 1541 813 1574 sumitur
844 1542 980 1584 regula:
1017 1542 1075 1575 Ab

82 1591 311 1627 insufficienti
337 1591 603 1624 enumeratione
630 1592 784 1635 partium
804 1600 863 1626 aut
880 1593 1074 1636 specierum

83 1646 121 1678 in
141 1643 317 1678 divisione
335 1654 409 1675 non
429 1642 521 1675 valet
538 1643 803 1687 consequentia,

357 1767 424 1806 De
450 1767 541 1807 loco
568 1779 799 1808 causarum.

451 1855 567 1887 Prima
590 1855 710 1887 divisio.

185 1919 381 1954 Causarum
413 1918 502 1952 aliae
535 1919 768 1953 nominantur
796 1931 857 1963 per
882 1931 917 1953 se
942 1932 1075 1961 causae,

85 1973 174 2006 aliae
197 1983 260 2016 per
281 1970 456 2004 accidens.
511 1968 623 2002 Causa
643 1982 705 2014 per
723 1982 757 2002 se
775 1977 844 2011 est,
875 1984 943 2016 qua
964 1973 1074 2015 posita

86 2025 122 2056 in
151 2030 231 2056 actu
253 2034 332 2056 cnm
349 2022 493 2055 caeteris
512 2032 573 2065 per
588 2033 622 2053 se
640 2021 771 2061 causis,
796 2034 934 2055 necesse
953 2030 1002 2056 est
1021 2036 1075 2056 se-
1102 2035 1103 2040 ¹

86 2074 147 2120 qui
170 2073 347 2113 effectum,
374 2079 406 2106 et
431 2085 497 2118 qua
521 2084 594 2105 non
618 2073 731 2116 posita
757 2073 792 2105 in
813 2080 910 2114 actu,
938 2075 1073 2108 etiamsi

87 2132 240 2158 caeterae
257 2131 455 2168 ponantur,
484 2136 557 2157 non
575 2131 689 2168 potest
704 2125 802 2169 sequi
819 2124 974 2159 effectus.
1028 2124 1074 2159 Et

88 2176 231 2221 quidem
267 2186 389 2208 causae
420 2187 482 2219 per
515 2187 551 2208 se
578 2181 637 2208 ant
672 2182 755 2209 sunt
785 2182 900 2219 partes
922 2177 992 2217 rei,
1036 2185 1074 2210 ut

86 2227 233 2260 materia
258 2232 290 2259 et
311 2225 441 2266 forma,
474 2233 534 2260 aut
557 2237 617 2259 sua
643 2227 676 2259 vi
704 2234 812 2270 agunt
838 2227 992 2272 aliquid,
1020 2236 1074 2262 nt:

86 2277 255 2311 Efficiens
281 2288 340 2309 sua
364 2276 480 2321 aliqua
507 2277 644 2310 actione
668 2278 735 2311 ciet
758 2279 951 2313 materiam.
1014 2279 1074 2312 Fi-

87 2329 179 2362 nalis
199 2339 281 2360 vero
301 2334 418 2360 movet
436 2327 652 2364 efficientem.
703 2327 815 2363 Causa
834 2341 896 2373 per
914 2331 1075 2364 accidens

89 2387 161 2419 est,
196 2386 255 2412 aut
289 2378 458 2423 quiddam
487 2379 647 2413 accidens
676 2380 776 2414 alteri
802 2393 863 2425 per
885 2393 921 2415 se
946 2383 1074 2426 agenti,

89 2431 184 2476 qnod
212 2429 275 2464 etsi
301 2429 356 2462 via
381 2429 499 2474 aliqua
522 2436 573 2462 est
596 2432 743 2473 agendi,
780 2439 896 2465 tamen
922 2434 990 2467 tale
1015 2440 1076 2474 est,

89 2490 130 2516 ut
145 2482 220 2515 sine
241 2493 280 2514 eo
300 2480 389 2514 effici
407 2480 549 2514 effectus
568 2482 740 2525 potuerit,
767 2495 830 2516 nec
849 2491 993 2529 propter
1008 2482 1076 2518 hoc
1102 2492 1103 2503 ¹

90 2533 268 2573 accidens,
302 2538 471 2577 sequatur
501 2530 659 2564 effectus:
691 2541 750 2567 aut
777 2541 826 2567 est
852 2546 957 2578 agens
979 2538 1074 2581 quod
1102 2534 1104 2563 ἶ
1132 2513 1250 2546 bomin
1271 2513 1437 2545 tm‘hmm
1457 2524 1473 2544 ὃ
1494 2516 1688 2555 quaesmre'

90 2582 198 2618 habet
214 2590 379 2618 eventum
398 2583 507 2616 alium
524 2589 661 2627 praeter
679 2583 873 2626 intentum,
900 2594 958 2620 aut
977 2588 1076 2620 ordi·
1102 2590 1104 2600 ¹

93 2643 231 2675 natum,
272 2647 351 2668 cum
389 2642 508 2668 tamen
541 2640 705 2667 eventurn
736 2635 837 2668 illum
870 2639 1077 2679 secundum,

94 2698 165 2720 non
196 2697 333 2719 necesse
357 2686 399 2718 sit
424 2686 598 2720 accedere.
666 2683 777 2718 Primi
802 2688 897 2719 modi
919 2690 1074 2733 exempla

146 2739 321 2769 MELANTH.
352 2739 453 2770 Orrn.
480 2738 561 2768 Von.
593 2736 685 2768 XHI.

2051 107 2125 141 674

1134 196 1232 223 sunt:
1268 187 1391 222 Febris
1423 197 1536 234 potest
1564 201 1637 223 esse
1657 201 1758 224 causa
1787 193 2038 235 temperantiae
2063 206 2125 238 per

1133 240 1314 280 accidens,
1342 252 1422 274 cum
1448 253 1509 284 per
1533 253 1568 274 se
1596 253 1699 275 causa
1723 242 1768 275 sit
1794 242 1957 276 voluntas
1981 244 2124 277 frenans

1132 290 1388 334 appetitionem
1413 291 1481 324 cibi
1506 298 1539 325 et
1563 299 1676 336 potus.
1730 291 1819 326 Cum
1838 292 1970 327 Paulus
1991 295 2122 339 inquit:

1133 341 1287 376 Scientia
1312 342 1436 383 inflat,
1469 354 1569 376 causa
1593 355 1655 386 per
1678 344 1839 377 accidens
1864 353 1914 379 est
1938 347 2123 389 superbiae

1133 393 1298 427 eruditio.
1353 391 1421 426 Sed
1441 404 1503 436 per
1521 405 1556 426 se
1576 405 1676 427 causa
1695 402 1763 433 est,
1792 396 1956 430 voluntas
1975 397 2123 430 efferens

1105 459 1106 466 ¹
1132 455 1188 486 se,
1218 451 1252 477 et
1277 443 1474 488 despiciens
1500 444 1607 481 alios,
1643 457 1793 489 quornm
1820 447 1965 481 utilitati
1992 449 2123 481 servire

1104 467 1107 486 t

1104 493 1106 540 t

1101 2414 1103 2443 ἰ
1130 2410 1206 2443 sine
1231 2422 1299 2455 qua
1324 2422 1408 2442 non.

1132 495 1286 529 eruditio
1312 495 1472 528 debebat.
1542 493 1701 529 Alterius
1726 497 1824 529 modi
1849 499 2004 541 exempla
2030 507 2123 539 sunt,

1132 558 1220 592 quae
1238 547 1381 580 fortuna
1400 552 1434 579 et
1452 556 1549 579 casus
1569 545 1821 586 nominantur,
1848 554 1902 581 ut:
1932 548 2053 583 Fossio
2073 557 2123 585 est

1131 609 1233 632 causa
1259 610 1321 642 per
1344 597 1507 631 accidens
1531 597 1669 630 inventi
1692 595 1866 638 thesauri,
1895 600 1976 643 quia
1995 601 2123 635 volun-

1131 656 1182 683 tas
1196 649 1362 683 vinitoris
1378 655 1450 682 erat
1464 649 1599 685 fodere,
1623 655 1663 682 ut
1679 648 1766 682 vites
1783 649 1968 692 plantaret.
2016 650 2122 685 Hunc

1131 707 1296 734 eventum
1332 700 1522 734 comitatur
1551 699 1660 740 alius,
1695 699 1827 733 scilicet
1859 701 2018 735 inventio
2044 700 2123 735 the-

1131 752 1247 792 sauri,
1291 763 1395 796 quem
1434 757 1598 784 eventum
1636 762 1700 784 nec
1732 751 1872 784 fodiens
1902 752 2123 795 cogitaverat,

1130 815 1194 836 nec
1219 804 1383 836 accedere
1408 814 1548 836 necesse
1573 802 1651 837 fuit.
1706 800 1868 847 Cumque
1891 814 1965 835 non
1991 804 2034 837 sit
2060 815 2122 837 ne-

1131 866 1224 887 cesse
1249 855 1361 887 causis
1387 866 1448 895 per
1472 853 1635 887 accidens
1659 855 1872 897 respondere
1897 854 2039 887 effectus
2062 867 2122 888 seu

1129 912 1293 945 eventus,
1322 917 1395 938 non
1411 906 1592 938 ducuntur
1608 917 1625 938 a
1643 904 1756 938 causis
1773 916 1834 948 per
1848 905 2008 938 accidens
2023 906 2120 939 firma

1128 963 1345 1000 argumenta.

1232 1006 1314 1040 Non
1333 1007 1425 1040 valet
1445 1006 1712 1051 consequentia:

1282 1058 1478 1091 Piscatores
1519 1057 1652 1090 Milesii
1694 1058 1909 1092 invenerunt
1946 1059 2121 1103 tripodem

1337 1121 1496 1146 aureum,

1284 1158 1378 1202 Ergo
1417 1167 1449 1193 et
1488 1159 1548 1192 alii
1588 1159 1638 1192 ibi
1678 1171 1823 1193 aureum
1857 1160 2033 1204 tripodem
2066 1162 2122 1194 in-

1338 1218 1494 1245 venient.

1480 1283 1630 1315 Secunda
1653 1284 1773 1315 divisio.

1233 1336 1313 1370 Alia
1340 1344 1387 1370 cst
1411 1349 1491 1369 vere
1516 1350 1637 1375 causa,
1664 1338 1731 1370 alia
1757 1344 1808 1370 est
1836 1350 1937 1371 cansa
1961 1340 2035 1371 sine.
2054 1352 2121 1385 qua

1130 1400 1214 1421 non.
1268 1388 1346 1421 Hoc
1369 1389 1476 1420 modo
1502 1389 1653 1431 partitur
1677 1400 1816 1421 causam
1835 1388 1936 1422 Plato
1954 1390 1989 1422 in
2008 1389 2122 1423 Phae-

1130 1441 1232 1471 done.
1289 1438 1406 1471 Aliam
1429 1439 1587 1471 nominat
1609 1451 1746 1471 cansam
1765 1439 1878 1482 reipsa
1897 1451 1956 1472 seu
1975 1452 2055 1473 vere
2074 1443 2122 1474 sic

1131 1490 1277 1529 dictam,
1311 1490 1415 1523 aliam
1450 1498 1549 1523 vocat
1580 1501 1719 1523 causam
1744 1490 1819 1522 sine
1845 1503 1912 1535 qua
1941 1503 2034 1532 non,
2069 1487 2122 1526 (δι’

1131 1539 1199 1575 οἰκ
1223 1540 1326 1575 ἄνευ.
1379 1540 1443 1574 Est
1467 1548 1582 1574 autem
1608 1553 1709 1574 causa
1728 1553 1810 1574 vere
1828 1541 1876 1574 sic
1893 1542 2005 1582 dicta,
2035 1555 2123 1588 quae

1131 1604 1203 1625 non
1238 1593 1352 1625 solum
1383 1593 1478 1626 adest
1502 1593 1637 1632 ociosa,
1672 1593 1732 1625 sed
1761 1592 1866 1626 etiam
1890 1605 1927 1626 re
1952 1593 2025 1637 ipsa
2051 1595 2122 1637 agit

1130 1644 1265 1688 aliquid
1297 1643 1333 1676 in
1367 1643 1537 1687 pariendo
1563 1644 1748 1681 effectum,
1783 1650 1840 1677 aut
1866 1656 1946 1687 pars
1974 1652 2023 1678 est
2048 1646 2120 1678 eius

1130 1695 1198 1735 rei,
1227 1706 1316 1740 quae
1341 1694 1577 1728 constituitur.
1632 1693 1701 1728 Sed
1727 1706 1828 1728 causa
1853 1695 1928 1727 sine
1954 1708 2020 1740 qua
2047 1708 2120 1729 non

1131 1743 1222 1778 nihil
1245 1745 1333 1788 agit,
1367 1757 1430 1778 nec
1455 1752 1506 1779 est
1530 1757 1609 1788 pars
1635 1746 1871 1784 constituens,
1900 1747 1958 1778 sed
1983 1753 2120 1779 tantum

1131 1803 1180 1830 est
1202 1797 1392 1841 quiddam,
1421 1797 1496 1828 sine
1519 1808 1589 1841 quo
1608 1807 1680 1828 non
1698 1797 1742 1830 sit
1756 1796 1919 1837 effectus,
1946 1809 2005 1830 seu
2025 1799 2120 1842 quod

1102 1849 1104 1854 ⁸
1131 1847 1159 1879 si
1192 1859 1264 1880 non
1297 1848 1453 1887 adesset,
1488 1847 1723 1890 impediretur
1747 1858 1870 1889 agens,
1906 1848 2004 1887 ideo,
2039 1849 2120 1893 quia

1131 1898 1218 1931 illud
1244 1910 1317 1931 non
1336 1898 1543 1931 accessisset.
1599 1896 1757 1931 Galenus
1776 1898 1824 1930 sic
1842 1898 1973 1932 desinit
1992 1900 2028 1931 in
2048 1906 2120 1932 ter-

1130 1950 1178 1983 tio
1204 1949 1295 1982 libro
1322 1950 1364 1982 de
1392 1949 1603 1982 differentiis
1629 1945 1927 1993 σι’,ιιπτολιιάτωκ
1963 1948 2013 1983 Ea
2032 1963 2120 1995 quae

1130 1998 1221 2033 nihil
1255 2000 1462 2042 conserunt,
1498 2012 1571 2032 non
1604 2006 1751 2043 possunt
1782 2008 1897 2034 autem
1922 2002 2076 2045 separari
2102 2014 2120 2034 a

1130 2051 1412 2091 conferentibus,
1441 2049 1572 2084 habent
1594 2051 1767 2084 rationem
1789 2063 1929 2092 causae,
1956 2064 2044 2097 quae
2065 2053 2119 2085 di-

1130 2103 1220 2136 citnr
1247 2103 1321 2135 sine
1343 2114 1411 2147 qua
1436 2114 1521 2145 non.
1575 2100 1619 2135 Et
1638 2101 1907 2147 θεραπευτικῆς
1924 2103 2026 2136 tertio
2047 2104 2118 2135 dis-

1101 2164 1103 2189 ῑ
1130 2154 1243 2187 cernit
1273 2165 1411 2187 cansam
1442 2154 1518 2187 sine
1550 2165 1617 2198 qua
1648 2165 1739 2194 non,
1776 2160 1810 2187 et
1839 2154 2052 2193 accidentia,
2086 2161 2118 2186 et

1130 2205 1327 2249 exemplum
1348 2205 1470 2238 tradit:
1500 2204 1542 2237 In
1560 2204 1740 2238 curatione
1755 2204 1912 2238 vulneris
1930 2216 2030 2237 causa
2044 2204 2118 2238 sine

1130 2268 1197 2301 qua
1226 2268 1299 2289 non
1324 2263 1373 2290 est
1395 2256 1543 2290 remotio
1568 2256 1685 2299 puris,
1712 2255 1782 2288 nisi
1806 2255 1898 2288 enim
1918 2267 2119 2288 removere-

1129 2314 1187 2340 tur
1212 2319 1296 2352 pus,
1330 2319 1402 2341 non
1431 2314 1517 2341 esset
1541 2307 1659 2340 efficax
1685 2307 1892 2339 remedium.
1946 2305 2118 2340 Traditur

1131 2365 1164 2392 et
1196 2356 1263 2392 hoc
1291 2359 1508 2402 exemplum,
1543 2358 1699 2390 medium
1724 2357 1760 2389 in
1784 2357 1918 2389 visione
1943 2364 1991 2390 est
2016 2369 2118 2390 causa

1460 2408 1764 2442 Accommodatur
1787 2414 1818 2440 et
1839 2408 1880 2440 ad
1903 2409 2117 2448 voluntaria,

1130 2468 1184 2494 ut:
1225 2461 1303 2494 Non
1332 2461 1538 2493 conceditur
1560 2459 1730 2492 transitus
1753 2471 1826 2491 non
1851 2456 1996 2492 habenti
2023 2472 2117 2505 sym—

1497 2582 1609 2614 Tertia
1637 2582 1758 2614 divisio.

1232 2638 1366 2673 Causae
1391 2650 1453 2682 per
1476 2649 1510 2670 se
1527 2644 1680 2682 quatuor
1697 2644 1795 2671 sunt:
1822 2635 2009 2678 Efficiens,
2038 2636 2117 2670 Ma-

1131 2692 1237 2730 teria,
1266 2689 1414 2732 Forma,
1442 2687 1552 2722 Causa
1572 2688 1698 2723 finalis.

1564 2739 1612 2772 43
