2379 2948
976 783 1246 851 Ιοῆάφιφιίε
1289 809 1543 865 Stigeliz‘.

814 986 928 1026 Fama
952 994 1055 1027 fidem
1081 995 1182 1035 fecit,
1210 992 1394 1028 Minoidos
1421 996 1508 1030 atria
1535 995 1680 1038 Cretae,

868 1051 1129 1088 Irrerueabilius
1158 1055 1261 1098 plena
1287 1053 1390 1087 fuisse
1419 1056 1518 1091 dolis.

810 1110 919 1155 Saepe
949 1112 1027 1156 quis
1054 1114 1216 1156 ambages
1241 1113 1376 1146 intrans
1403 1113 1612 1160 fraudesque
1642 1117 1788 1155 viarum,

862 1168 1090 1216 Nequaquam
1120 1173 1223 1206 fallax
1251 1171 1334 1204 inde
1363 1172 1485 1216 relegit
1514 1174 1590 1208 iter.

810 1227 915 1261 Solus
943 1230 986 1262 ad
1015 1230 1166 1274 Aegides
1193 1233 1397 1267 comitantia
1425 1234 1482 1267 fila
1511 1242 1661 1275 secutus,

863 1286 1004 1322 Dicitur
1031 1290 1211 1333 ambiguas
1239 1291 1323 1333 isse,
1357 1293 1489 1327 redisse
1515 1294 1600 1329 vias.

805 1344 868 1377 Sic*
890 1347 958 1377 nisi
987 1355 1020 1378 te
1049 1349 1201 1392 reliquas
1230 1351 1426 1385 Dialectica
1454 1353 1558 1386 ducat
1586 1353 1623 1384 in
1651 1361 1753 1387 artes,

862 1401 1008 1447 Semper
1035 1405 1071 1437 in
1100 1407 1304 1450 ambiguum
1334 1414 1367 1441 te
1396 1408 1510 1441 trahet
1539 1420 1656 1448 error,
1685 1409 1761 1442 iter.

804 1458 900 1493 Haec
927 1462 1038 1495 oculis
1066 1462 1251 1498 hominum
1281 1467 1428 1500 nebulas
1455 1468 1642 1510 abstergit,
1669 1475 1702 1501 et
1729 1469 1809 1500 illos

864 1520 1029 1556 Seiuncta
1057 1535 1075 1556 a
1103 1524 1199 1557 falsis
1227 1537 1369 1559 cernere
1398 1538 1478 1559 vera
1506 1527 1617 1561 docet.

809 1580 904 1613 Haec
932 1589 1036 1625 caput
1064 1581 1199 1617 Aonias
1227 1585 1382 1628 cupienti
1411 1585 1533 1617 efferre
1559 1596 1621 1628 per
1648 1591 1750 1624 artes,

862 1638 902 1671 {n
931 1641 1049 1674 dubiis
1078 1644 1218 1685 praebet
1245 1643 1301 1677 fila
1329 1644 1506 1688 sequenda
1534 1644 1609 1676 viis.

804 1696 899 1731 Dum
918 1705 1015 1742 potes
1031 1707 1064 1734 et
1081 1700 1216 1735 licitum
1236 1709 1304 1743 est,
1331 1700 1416 1736 haec
1433 1702 1548 1746 arripe
1568 1703 1623 1735 fila
1642 1702 1817 1743 iuventus,

864 1757 1033 1793 Praebeat
1059 1761 1101 1793 ad
1132 1760 1253 1795 Musas
1282 1759 1365 1795 haee
1392 1760 1550 1794 Ariadna
1579 1761 1682 1795 viam.

804 1818 911 1859 Quod
938 1819 967 1851 si
996 1819 1032 1851 in
1062 1832 1142 1854 vere
1167 1829 1247 1855 tuae
1277 1821 1470 1864 neglexeris
1499 1820 1629 1853 indolis
1657 1820 1772 1861 illam,

860 1875 965 1910 Nulla
995 1878 1059 1912 tibi
1088 1881 1251 1914 autumni
1279 1888 1435 1925 tempore
1463 1880 1584 1913 messis
1608 1880 1683 1913 erit.
