2379 2948
107 108 180 144 137
839 105 886 142 11.

105 192 235 226 noticia
263 193 453 234 formatur,
495 193 599 226 simul
622 191 804 225 cerebrum
827 190 943 223 vibrat
967 196 1000 223 et
1024 189 1091 223 ciet

104 256 251 283 nervos,
280 244 379 276 nervi
395 244 557 288 spiritum
576 238 807 276 transvehunt
829 240 872 273 ad
897 240 1087 273 musculos.

102 293 260 327 Musculi
278 294 405 327 vibrati
429 299 616 326 moventur
635 302 716 324 suae
742 290 856 323 carnis
879 296 1023 330 natura,
1057 297 1090 323 et

105 344 177 377 suis
200 345 410 389 quibusdam
441 343 558 382 fibris,
602 348 635 374 et
661 353 696 373 se
719 340 868 374 dilatant
894 347 926 373 et
951 347 1090 373 coutra-

103 392 204 429 hunt.
258 394 331 427 Hac
347 392 551 426 dilatatione
571 398 603 424 et
622 391 860 425 contractione
877 389 993 425 τίνων
1017 397 1089 423 tra-

103 441 220 484 hitur,
261 456 330 489 quo
357 449 484 480 tract0,
527 442 685 474 membra
716 448 858 474 externa
891 448 1089 475 moventur.

104 492 169 528 Est
185 494 291 536 igitur
306 493 547 525 immediatum
566 504 738 534 organum
755 492 947 525 voluntarii
973 498 1089 524 motus

104 544 366 583 iuncturarum,
402 540 531 575 chorda
550 554 609 575 seu
628 541 754 576 τίνων.
807 541 876 575 Sed
899 542 1088 574 mediatum

104 605 273 637 organum
291 593 482 626 musculus.
526 591 571 626 Et
590 592 770 625 musculus
786 592 946 625 vibratur
964 592 1090 635 spiritu

104 645 209 677 allato
226 643 262 675 in
280 643 407 676 nervis.
460 642 568 676 Nervi
593 643 826 687 impelluntur
840 643 883 675 ab
902 643 977 685 ipso
994 653 1090 675 cere-

102 695 185 734 bro,
211 694 305 738 quod
330 693 499 726 dilatatur
521 701 581 727 aut
606 691 837 728 contrahitur.
896 692 1088 726 Cerebrum

102 750 218 777 autem
234 743 360 777 seritur
379 744 519 777 noticia.
555 743 626 777 Nec
643 744 827 777 ulteriores
845 754 966 775 causae
983 754 1090 786 quae-

101 795 231 827 rendae
259 801 353 827 sunt.
415 793 482 827 Sed
511 791 578 826 hoc
604 794 708 826 modo
740 800 901 826 naturam
929 793 1090 825 animan-

102 844 190 877 tium
211 844 358 877 consilio
381 844 515 887 opificis
540 844 738 877 ordinatam
765 855 835 876 esse
863 844 1030 881 sciamus,
1058 848 1091 875 et

101 891 165 927 hac
182 895 346 928 facultate
363 894 553 927 voluntarii
569 901 685 927 motus
703 901 792 927 recte
810 900 962 927 utamur.

203 952 276 986 Iam
295 950 351 986 hic
369 965 408 985 ex
425 950 578 998 physicis
597 959 678 985 nota
697 952 740 985 sit
756 952 954 985 differentia
977 958 1091 985 motus

103 1003 273 1036 naturalis
302 1010 335 1037 et
357 1010 472 1036 motus
499 1003 702 1037 voluntarii.
772 1003 894 1036 Motus
922 1002 1091 1035 naturalis

102 1060 170 1094 est,
198 1054 258 1099 qui
281 1066 354 1086 non
374 1051 562 1087 inchoatur
577 1066 639 1086 nec
664 1060 772 1086 cessat
796 1053 890 1087 iuxta
919 1053 1090 1094 imagina-

100 1103 234 1137 tionem
250 1104 431 1144 animalis,
458 1104 516 1136 sed
537 1104 674 1136 obiecto
692 1110 890 1146 praesente,
918 1103 945 1135 si
966 1109 1090 1136 natura

100 1165 174 1186 non
192 1161 241 1187 est
261 1154 439 1197 impedita,
467 1166 539 1186 non
558 1160 671 1197 potest
687 1166 758 1186 non
777 1154 866 1186 ciere
885 1151 947 1185 hos
965 1160 1090 1187 motus.

101 1202 150 1237 Ut
174 1204 264 1246 ignis
293 1205 364 1236 urit
389 1204 571 1236 materiam
597 1204 758 1237 idoneam
787 1204 984 1243 admotam,
1019 1210 1092 1236 tra-

103 1250 156 1286 hit
173 1265 315 1296 magnes
340 1254 469 1286 ferrum
495 1266 555 1286 sua
579 1255 728 1299 quadam
755 1254 808 1293 vi,
841 1254 916 1286 sine
944 1253 1089 1286 noticia:

102 1304 149 1336 ita
182 1304 399 1336 ventriculus
420 1302 566 1336 attrahit
588 1304 725 1344 cibum,
760 1304 794 1336 vi
818 1303 943 1336 caloris
971 1310 1004 1336 et
1026 1315 1090 1346 ope

101 1354 280 1385 villorum.
334 1352 552 1386 Naturaliter
570 1359 603 1386 et
621 1364 680 1384 cor
697 1353 807 1395 gignit
829 1361 860 1385 et
882 1353 1091 1386 transmittit

101 1403 260 1447 spiritus,
288 1414 347 1435 seu
361 1403 513 1443 tardius,
540 1414 600 1436 seu
618 1403 786 1437 crebrius,
821 1401 907 1436 Inde
924 1410 956 1437 et
971 1403 1091 1447 pulsus

103 1460 153 1487 est
169 1460 285 1487 motus
303 1453 486 1488 naturalis.

205 1511 275 1545 Sed
293 1518 409 1544 motus
430 1511 652 1544 voluntarius
671 1518 740 1551 est,
775 1511 836 1556 qui
855 1511 948 1544 iuxta
967 1511 1091 1553 imagi-

105 1562 283 1596 nationem
313 1573 374 1594 seu
398 1562 572 1595 delectum
601 1558 809 1601 inchoatur,
844 1568 876 1594 et
903 1568 1011 1594 cessat
1036 1562 1092 1593 in-

103 1612 216 1646 citatis
235 1612 370 1655 nervis,
396 1612 564 1645 musculis
581 1619 614 1645 et
630 1609 771 1645 chordis
786 1612 821 1644 in
840 1611 882 1644 iis
899 1612 1092 1645 animanti-

103 1665 189 1701 bus,
228 1663 266 1695 in
298 1662 426 1707 quibus
459 1669 509 1696 est
539 1662 635 1695 varia
668 1663 908 1696 membrorum
938 1663 1093 1705 agitatio,

102 1713 267 1746 videlicet
294 1713 510 1756 progressio,
549 1713 703 1752 volatus,
745 1713 902 1758 gyratio,
944 1713 1091 1746 natatio.

105 1764 178 1797 Nec
212 1763 279 1796 iam
308 1762 489 1807 loquimur
511 1763 554 1795 de
578 1762 758 1795 vermibus
787 1769 820 1796 et
846 1760 1009 1803 conchis,
1055 1763 1091 1795 in

104 1814 233 1859 quibus
249 1819 386 1846 tantum
406 1812 566 1845 dilatatio
584 1818 615 1845 et
639 1813 842 1845 constrictio
869 1819 939 1852 est,
965 1819 1092 1845 utcun-

102 1876 170 1910 que
186 1874 398 1908 promovens
417 1875 582 1906 corpora,
607 1874 697 1906 quae
715 1863 851 1896 etiamsi
871 1863 907 1896 fit
923 1863 1093 1903 nervulis,

103 1922 219 1948 tamen
239 1914 275 1946 in
297 1911 351 1945 his
376 1925 449 1945 non
477 1920 671 1946 cernuntur
690 1913 876 1946 distinctae
899 1910 1093 1952 machinae,

104 1972 142 1998 ut
160 1965 194 1996 in
214 1964 293 1996 aliis
309 1963 559 1997 animantibus.

210 2020 355 2054 Tertius
389 2027 506 2054 motus
538 2027 588 2054 est
620 2021 748 2055 mixtus
777 2033 817 2054 ex
843 2021 1043 2055 voluntario
1062 2027 1094 2054 et

103 2071 266 2110 naturali,
295 2077 332 2104 ut
347 2071 450 2104 urina
468 2072 594 2115 partim
614 2078 737 2115 sponte
756 2072 940 2113 emittitur,
966 2072 1092 2116 partim

106 2134 166 2155 suo
184 2128 281 2156 motu
299 2121 444 2155 labitur.

235 2223 294 2256 De
319 2225 491 2267 potentia
519 2222 701 2256 rationali
733 2233 799 2257 seu
825 2224 966 2259 Mente.

212 2292 289 2328 Etsi
325 2297 499 2339 penetrari
527 2296 600 2330 acie
625 2294 800 2330 humanae
824 2299 952 2332 mentis
976 2310 1094 2332 rerum

107 2352 233 2379 natura
259 2357 332 2378 non
359 2353 489 2389 potest,
516 2353 633 2380 tamen
657 2347 733 2381 vult
753 2346 849 2381 Deus
871 2361 946 2382 eam
965 2350 1009 2383 ab
1029 2347 1094 2382 ho-

104 2396 262 2429 minibus
280 2395 407 2439 aspici,
433 2403 473 2429 ut
490 2396 527 2429 in
546 2408 585 2430 ea
607 2398 870 2432 consideremus
894 2400 1092 2434 testimonia

106 2448 149 2481 de
165 2446 259 2491 ipso,
287 2458 375 2491 quae
397 2447 588 2481 ostendunt
611 2454 643 2482 et
668 2459 740 2482 esse
755 2447 890 2490 Deum,
925 2457 958 2484 et
979 2451 1092 2495 qualis

105 2497 161 2530 sit.
201 2497 253 2529 Ac
269 2497 357 2529 ordo
374 2496 411 2529 in
429 2502 500 2530 tota
517 2497 650 2541 reliqua
666 2506 809 2537 natura,
836 2507 975 2544 praeter
993 2513 1092 2533 men-

104 2554 172 2581 tem
190 2544 361 2587 hominis,
388 2546 562 2585 ostendit,
590 2544 685 2581 hunc
708 2551 880 2582 mundum
906 2563 979 2583 non
1004 2552 1092 2584 exti-

106 2598 184 2630 tisse
207 2608 306 2635 casu,
341 2598 399 2630 sed
423 2597 641 2630 conditorem
667 2609 738 2630 esse
759 2600 926 2633 artificem
951 2603 1091 2645 sapien-

102 2655 187 2688 tem,
201 2647 260 2692 qui
278 2647 442 2681 mirando
458 2647 606 2681 consilio
622 2648 755 2691 positus
773 2661 974 2693 corporum,
991 2653 1090 2692 coeli,

938 103 1086 141 LIBER
1113 104 1180 140 DE
1207 105 1381 144 ANIMA.

2055 115 2123 148 138

1141 195 1272 230 terrae,
1298 192 1387 224 a'e'ris
1404 199 1437 226 et
1452 205 1580 238 aquae,
1603 201 1635 228 et
1660 202 1774 229 motus
1797 198 1975 238 coelestes,
2011 206 2043 232 et
2069 211 2125 232 re-

1141 251 1219 272 rum
1237 242 1454 275 nascentium
1472 245 1562 278 vires
1578 245 1771 281 distribuit.

1245 297 1343 332 Sicut
1357 307 1471 333 autem
1488 299 1594 335 homo
1611 306 1774 339 conditus
1789 313 1857 346 est,
1882 313 1921 340 ut
1944 307 1982 340 in
2006 319 2046 341 eo
2070 309 2125 341 lu-

1142 355 1217 382 ceat
1240 348 1369 381 noticia
1385 348 1470 389 Dei,
1511 359 1542 384 et
1561 360 1599 385 ut
1616 354 1646 385 ei
1662 353 1756 388 Deus
1773 357 2007 391 communicet
2026 369 2126 391 suam

1142 398 1348 442 sapientiam
1381 406 1413 433 et
1445 400 1654 442 bonitatem,
1690 405 1735 437 ita
1758 413 1910 440 mentem
1935 405 2127 442 humanam

1142 449 1255 482 voluit
1286 449 1586 483 evidentissimum
1611 453 1654 484 de
1676 453 1750 496 ipso
1775 457 2014 492 testimonium
2044 470 2128 494 esse.

1143 499 1210 533 Cui
1227 506 1260 533 et
1276 499 1381 533 insita
1398 507 1446 533 est
1465 501 1535 538 lux,
1553 513 1620 546 qua
1639 514 1710 535 esse
1720 502 1833 537 Deum
1849 508 2079 549 agnoscimus,
2094 516 2128 542 et

1144 550 1268 584 insitae
1285 556 1366 584 sunt
1385 551 1554 589 noticiae,
1582 552 1818 586 discernentes
1840 554 1984 591 honesta
2003 566 2035 592 et
2050 566 2128 593 tur-

1143 600 1210 644 pia.
1263 598 1309 633 Et
1326 607 1365 634 ut
1382 598 1449 633 hoc
1474 601 1663 634 discrimen
1688 604 1732 636 sit
1756 604 1893 638 illustre
1919 613 1952 640 et
1977 609 2128 648 firmum,

1143 651 1284 684 additus
1300 657 1350 684 est
1367 651 1495 684 vindex
1515 652 1550 683 in
1568 653 1682 687 nobis.
1736 653 1944 698 Sequuntur
1963 657 2130 692 immuta-

1144 701 1209 734 bili
1224 701 1347 734 ordine
1364 699 1533 734 horrendi
1551 702 1743 742 cruciatus,
1770 706 1976 739 damnantes
1993 709 2131 749 scelera,

1144 762 1182 783 ac
1199 763 1297 784 reum
1316 763 1459 795 prorsus
1477 753 1645 787 delentes.
1700 753 1777 787 Hoc
1799 755 1989 789 discrimen
2013 764 2132 791 osten—

1145 801 1214 840 dit,
1244 802 1356 845 qualis
1372 802 1414 836 sit
1431 803 1544 842 Deus,
1572 810 1604 836 et
1623 805 1716 848 quod
1741 805 1785 838 sit
1804 805 1908 839 index
1933 813 1966 839 et
1993 807 2132 841 vindex.

1146 850 1366 895 Impossibile
1390 859 1440 886 est
1466 853 1613 886 noticias
1637 866 1865 888 numerorum
1890 863 1923 890 et
1952 857 2057 898 alias,
2100 866 2133 891 et

1145 902 1332 935 discrimen
1364 900 1594 936 honestorum
1620 917 1658 937 ac
1683 906 1858 949 turpium,
1900 914 1992 940 ortas
2015 920 2089 941 esse
2114 920 2133 941 a

1146 952 1249 985 bruta
1268 959 1413 991 natura,
1441 960 1500 986 aut
1519 965 1598 987 casu
1617 955 1664 987 sic
1683 956 1789 990 nasci.
1831 955 1895 990 Est
1911 957 2017 1000 igitur
2034 970 2134 992 mens

1145 999 1402 1036 architectatrix
1427 1004 1577 1047 sapiens,
1631 1003 1677 1038 Et
1700 1006 1932 1050 intelligimus
1956 1020 2134 1050 numeros,

1145 1059 1177 1085 et
1196 1053 1383 1085 discrimen
1402 1051 1630 1087 honestorum
1656 1062 1688 1089 et
1711 1057 1868 1099 turpium
1894 1058 1930 1090 in
1957 1060 2134 1092 mentibus

1145 1100 1310 1135 humanis
1327 1103 1597 1137 immutabiliter
1616 1106 1749 1146 lucere,
1783 1113 1815 1139 et
1835 1109 2034 1151 experimur
2056 1117 2135 1142 tan-

1145 1165 1249 1197 quam
1272 1152 1411 1186 vindice
1428 1153 1504 1187 Deo
1525 1162 1685 1189 naturam
1705 1154 1859 1189 hominis
1879 1159 2029 1198 destrui,
2055 1172 2135 1192 cnm

1145 1201 1239 1235 hunc
1262 1203 1422 1235 ordinem
1448 1204 1566 1238 violat.
1627 1205 1725 1239 Talis
1750 1214 1799 1240 est
1822 1208 1929 1250 igitur
1948 1207 2062 1249 Deus,
2096 1217 2136 1243 ut

1146 1250 1240 1285 hunc
1261 1253 1421 1285 ordinem
1442 1254 1543 1294 velit,
1573 1261 1605 1288 et
1622 1253 1685 1289 hae
1704 1257 1854 1290 noticiae
1871 1258 1960 1291 radii
1981 1267 2061 1292 sunt
2079 1271 2136 1292 sa-

1145 1302 1297 1346 pientiae
1315 1303 1466 1336 divinae.

1247 1359 1346 1394 Esset
1364 1369 1479 1394 autem
1500 1361 1584 1395 haec
1602 1364 1659 1396 lux
1683 1365 1719 1396 in
1743 1366 1845 1398 nobis
1865 1368 1976 1400 multo
1994 1368 2136 1409 clarior,

1145 1410 1174 1443 si
1192 1417 1317 1444 natura
1339 1409 1521 1444 hominum
1541 1425 1613 1445 non
1634 1414 1850 1456 languefacta
1869 1423 1974 1457 esset,
2002 1419 2060 1450 sed
2083 1425 2136 1451 ta-

1147 1472 1226 1494 men
1244 1459 1359 1493 adhuc
1374 1462 1530 1506 reliquae
1545 1470 1627 1496 sunt
1651 1464 1823 1498 scintillae
1847 1473 1982 1505 tantae,
2011 1475 2066 1507 ut,
2095 1470 2137 1500 de

1146 1511 1304 1543 numeris
1323 1512 1420 1544 nulla
1445 1519 1493 1545 est
1519 1514 1706 1548 dubitatio.
1762 1514 1935 1549 Iudicium
1964 1517 2065 1551 etiam
2093 1520 2136 1550 de

1146 1562 1336 1594 sceleribus
1351 1569 1429 1605 post
1446 1563 1569 1597 delicta
1588 1571 1657 1597 tam
1677 1566 1844 1599 tenaciter
1861 1575 1990 1608 manet,
2017 1575 2055 1602 ut
2071 1567 2136 1601 ho—

1146 1612 1258 1644 mines
1276 1612 1326 1645 rei
1346 1613 1597 1656 extinguantur
1616 1616 1853 1650 conscientiae
1869 1618 2064 1652 doloribus.

1246 1669 1335 1703 Cum
1356 1671 1462 1713 igitur
1480 1671 1515 1704 in
1535 1670 1598 1706 hac
1614 1680 1710 1717 parte
1729 1672 1883 1708 hominis
1898 1683 1968 1709 tam
1986 1678 2137 1711 illustria

1147 1721 1217 1754 sint
1233 1721 1274 1753 de
1292 1720 1366 1753 Deo
1383 1722 1581 1754 testimonia
1593 1750 1601 1762 ‚
1635 1736 1784 1768 cumque
1801 1727 1986 1770 praecipue
2005 1727 2135 1760 discer-

1146 1778 1206 1803 nat
1224 1768 1385 1803 homines
1404 1783 1421 1803 a
1441 1772 1572 1811 bestiis,
1601 1781 1633 1807 et
1650 1774 1693 1806 sit
1712 1775 1801 1808 vitae
1818 1776 1956 1816 rectrix,
1985 1777 2135 1820 diligen-

1146 1828 1199 1854 ter
1220 1821 1475 1854 consideranda
1505 1830 1572 1861 est,
1607 1830 1778 1868 quantum
1804 1825 1878 1858 fieri
1903 1834 2026 1870 potest.
2088 1827 2134 1862 Et

1146 1871 1261 1904 sontes
1298 1871 1456 1904 omnium
1491 1873 1619 1905 artium
1658 1881 1739 1908 sunt
1784 1876 1819 1908 in
1865 1874 1928 1909 hac
1970 1879 2137 1921 potentia.

1149 1920 1268 1963 Quare
1285 1922 1358 1954 eius
1376 1922 1528 1964 cognitio
1547 1925 1589 1955 ad
1610 1925 1800 1958 multarum
1822 1938 1937 1960 rerum
1961 1928 2136 1961 diiudica-

1147 1972 1279 2005 tionem
1299 1973 1490 2005 necessaria
1509 1980 1570 2008 est.

1250 2029 1326 2063 Etsi
1343 2037 1458 2064 autem
1476 2028 1541 2064 hoc
1565 2034 1743 2075 speculum
1761 2033 1827 2068 Dei
1854 2047 1925 2068 non
1950 2043 2062 2079 potest
2087 2037 2133 2069 ita

1147 2081 1349 2121 monstrari,
1374 2087 1413 2114 ut
1430 2082 1570 2125 specula
1588 2090 1788 2117 nostrorum
1804 2098 1990 2129 corporum
2009 2099 2136 2119 manu-

1148 2131 1236 2164 facta
1260 2143 1300 2164 ex
1324 2131 1414 2165 vitro
1442 2138 1475 2165 et
1499 2133 1662 2175 plumbo,
1705 2142 1821 2168 tamen
1843 2136 1996 2169 actiones
2018 2143 2134 2169 osten-

1148 2183 1248 2222 dunt,
1277 2193 1348 2215 esse
1368 2182 1405 2215 in
1425 2182 1526 2215 nobis
1543 2184 1645 2216 talem
1663 2186 1864 2227 potentiam,
1892 2198 1979 2230 quae
1998 2192 2029 2218 et
2048 2199 2134 2231 qua-

1149 2232 1190 2264 lis
1208 2233 1268 2273 sit,
1298 2232 1334 2264 in
1353 2232 1412 2264 illa
1430 2239 1569 2266 aeterna
1589 2234 1665 2266 luce
1682 2247 1871 2270 cernemus,
1907 2235 2011 2269 Nunc
2025 2237 2134 2272 actio-

1148 2294 1208 2314 nes
1231 2283 1510 2324 consideremus,
1545 2290 1576 2316 et
1603 2284 1879 2327 distinguamus,
1911 2298 2000 2330 quae
2024 2299 2088 2320 nos
2115 2300 2133 2321 a

1148 2333 1267 2367 bestiis
1285 2334 1503 2374 discernunt,
1530 2339 1562 2366 et
1581 2346 1668 2378 quae
1687 2341 1768 2367 sunt
1784 2336 1981 2369 testimonia
1995 2336 2133 2377 deDeo‚

1147 2390 1180 2417 et
1195 2384 1301 2417 vitam
1319 2390 1465 2427 regunt,
1494 2390 1525 2416 et
1542 2384 1690 2426 gignunt
1708 2397 1832 2418 omnes
1849 2383 2016 2420 honestas
2030 2394 2132 2421 artes.

1247 2450 1411 2484 Diximus
1428 2456 1542 2483 autem
1561 2457 1661 2482 antea
1683 2451 1726 2483 de
1749 2454 1933 2495 potentiis,
1961 2466 2048 2500 quae
2066 2468 2132 2488 no-

1145 2501 1329 2534 minantur
1350 2500 1553 2543 organicae,
1598 2500 1631 2532 id
1658 2508 1728 2541 est,
1761 2515 1848 2546 qnae
1875 2516 1948 2538 non.
1973 2514 2131 2540 exercent

1144 2563 1223 2584 suas
1247 2552 1355 2590 vires,
1380 2550 1447 2582 nisi
1474 2561 1534 2592 per
1557 2561 1686 2592 organa
1709 2563 1899 2596 corporea,
1932 2567 2019 2600 quae
2048 2557 2129 2600 quia

1144 2601 1331 2634 monstrari
1358 2606 1502 2643 possunt
1528 2600 1632 2633 eti-am
1657 2602 1692 2634 in
1719 2602 1857 2643 hestiis,
1903 2606 2061 2639 doctrina
2086 2608 2130 2638 de

1143 2652 1191 2684 eis
1207 2651 1326 2684 minus
1345 2651 1490 2683 obscura
1509 2657 1571 2685 est.
1623 2651 1669 2685 At
1693 2652 1729 2685 in
1758 2651 1901 2688 homine
1926 2667 1997 2688 esse
2018 2656 2122 2689 aliam
