2379 2948
205 114 300 150 ¹225

204 197 385 235 attribuit,
412 195 456 230 sit
473 200 639 240 perpetua
660 193 868 234 concordia,
887 200 920 227 et
936 205 1058 227 omnes
1077 205 1190 227 unum

205 251 276 284 sint
295 250 331 282 in
351 248 437 282 Deo.

310 298 491 333 Montium
525 296 682 340 picturae
710 295 747 328 in
775 295 907 328 talibus
930 295 1085 339 conspici
1114 306 1195 338 pos-

209 358 302 386 sunt.
347 348 470 382 Iudico
489 354 603 380 autem
622 346 801 380 Libanum
818 347 862 379 ab
877 346 1042 379 albedine
1060 346 1195 378 dictum

211 414 300 439 esse,
328 407 361 433 et
379 410 458 443 pars
478 405 528 432 est
544 397 725 436 Hermon,
755 398 849 443 quod
867 405 916 431 est
935 399 1013 430 alba
1032 398 1197 429 altitudo,

211 453 269 487 Sic
290 458 323 486 et
339 450 443 490 alibi,
475 448 564 484 Psal.
582 448 640 484 41.
661 449 823 482 nominat
846 446 931 481 haec
953 449 1029 481 loca
1049 447 1197 480 Terram

212 502 376 537 Iordanis
399 508 431 535 et
452 499 684 540 Hermonim,
715 511 755 533 ac
778 500 972 533 delectatur
997 497 1052 531 his
1078 498 1199 542 appel-

212 554 406 588 lationibus
436 559 474 585 ut
503 552 614 585 multa
641 551 822 594 significet.
873 549 951 584 Hoc
972 551 1117 583 unicum
1144 561 1199 582 re-

213 617 323 649 gnum
340 604 377 636 in
395 614 520 646 genere
538 599 696 635 humano
714 614 795 635 vere
812 608 883 635 erat
902 601 1053 634 candida
1070 607 1103 634 et
1121 600 1199 644 pul-

214 668 271 690 cra
291 655 462 694 altitudo,
498 653 535 686 id
563 660 630 694 est,
662 664 724 686 arx
748 665 838 698 quae
864 659 937 686 erat
961 653 1058 685 sedes
1076 649 1200 684 Eccle-

214 707 303 747 siae,
338 712 370 739 et
389 704 611 738 domicilium
628 716 730 737 verae
756 704 950 748 sapientiae
970 716 1008 736 ac
1032 702 1200 740 iusticiae,

215 758 298 803 quia
313 757 363 790 ibi
382 756 455 789 veri
473 755 539 789 Dei
555 755 685 789 noticia
700 755 855 798 fulgebat
867 781 876 795 ,
912 754 962 787 ibi
979 766 1014 787 se
1031 753 1127 787 Deus
1156 753 1201 785 il-

214 808 388 842 lustribus
418 806 630 840 testimoniis
653 806 899 849 patefaciebat,
934 812 967 839 et
990 804 1202 838 mirabiliter

216 858 284 893 hoc
303 870 451 902 regnum
469 858 637 890 adversus
660 856 775 889 vicina
800 856 951 899 imperia
979 856 1202 890 defendebat.

215 908 304 944 Erat
335 916 451 942 autem
482 907 520 940 in
555 905 622 941 hoc
646 919 753 950 regno
780 919 916 940 summa
938 908 1078 952 specula
1104 906 1202 946 Sion,

217 961 300 1006 quia
316 959 531 1004 Ierosolyma
550 958 770 991 domicilium
785 958 874 1001 regis
894 965 978 992 erat.
1010 958 1202 1001 Complexa

216 1018 267 1045 est
286 1018 402 1044 autem
414 1009 626 1055 lerosolyma
644 1009 733 1042 duos
748 1010 1033 1049 arduosmontes‚
1050 1021 1201 1053 quorum

217 1062 319 1096 alteri
336 1073 465 1094 nomen
482 1061 548 1094 fuit
565 1058 727 1100 Moriah,
746 1071 765 1093 a
782 1061 877 1101 luce,
895 1061 931 1093 in
949 1058 1015 1093 hoc
1032 1060 1202 1103 templum

218 1112 401 1147 conditum
427 1119 493 1145 est:
535 1111 637 1144 alteri
663 1110 771 1148 Sion,
815 1112 850 1144 id
877 1118 947 1152 est,
978 1112 1118 1156 specula
1143 1122 1203 1144 seu

217 1161 447 1208 trophaeum,
481 1162 518 1194 in
547 1174 617 1207 quo
643 1162 710 1196 fuit
737 1174 796 1194 arx
811 1161 978 1203 Davidis,
1012 1169 1045 1195 et
1071 1173 1203 1195 nomen

218 1212 551 1248 commonefaciebat
566 1224 683 1256 reges,
718 1213 834 1246 locum
852 1213 952 1246 illum
970 1214 1058 1247 velle
1082 1213 1204 1246 defen-

219 1267 301 1299 dere
316 1263 444 1299 Deum.
501 1263 666 1298 Indicant
682 1264 790 1307 igitur
808 1261 874 1297 hae
892 1265 1116 1298 dulcissimae
1142 1276 1204 1308 ap-

218 1316 427 1361 pellationes
448 1313 663 1360 Prophetam
695 1313 779 1349 huic
810 1316 942 1360 populo
977 1315 1203 1349 concordiam

219 1375 358 1411 optare,
385 1374 457 1400 tam
473 1367 612 1400 dulcem
630 1366 735 1400 bonis
751 1367 950 1407 mentibus,
982 1379 1087 1412 quam
1112 1373 1203 1400 terra

220 1418 445 1451 nascentibus
461 1429 518 1451 ros
537 1424 588 1451 est
606 1417 846 1460 tempestivus.

324 1468 394 1503 Sed
418 1480 481 1501 cur
504 1468 605 1501 dicit:
638 1464 776 1501 Rorem
804 1465 1011 1500 descendere
1035 1465 1082 1500 ab
1109 1467 1205 1500 Her-

221 1532 305 1553 mon
341 1518 380 1551 in
404 1516 517 1559 Sion,
552 1530 629 1551 cum
660 1522 781 1551 tamen
805 1531 945 1563 magna
969 1517 1017 1551 sil
1042 1516 1204 1551 altitudo

221 1569 357 1604 montis
380 1566 497 1601 Sion?
536 1568 770 1612 Respondeo,
803 1570 966 1612 congruit
991 1567 1057 1602 hoc
1083 1571 1126 1602 ad
1150 1577 1205 1602 to—

223 1623 293 1656 tius
311 1620 465 1664 regionis
482 1620 599 1653 situm.
636 1618 796 1653 Libanus
816 1620 917 1652 limes
935 1625 985 1652 est
1000 1631 1122 1652 versus
1141 1619 1205 1652 Se—

222 1672 461 1717 ptentrionem
477 1677 509 1704 et
526 1677 662 1710 ortum,
690 1677 724 1704 et
742 1682 802 1714 per
818 1682 891 1703 sese
908 1670 999 1703 altus
1021 1677 1089 1708 est,
1104 1682 1206 1713 prae-

222 1723 341 1758 sertim
367 1722 457 1755 circa
474 1720 703 1762 Damascum,
737 1721 799 1754 ubi
825 1721 967 1765 proprie
990 1721 1153 1754 tribuunt
1175 1721 1206 1753 ei

223 1786 353 1808 nomen
369 1772 542 1806 Hermon.
595 1771 704 1806 Recte
720 1772 828 1815 igitur
853 1772 936 1805 inde
962 1785 1001 1805 ex
1025 1773 1205 1806 montibus

223 1824 361 1865 arduis,
390 1831 423 1857 et
440 1836 479 1857 ex
498 1823 639 1865 regione
662 1823 951 1867 septentrionali,
986 1823 1023 1855 in
1048 1824 1123 1856 loca
1150 1823 1207 1855 in-

222 1877 371 1916 feriora,
403 1882 477 1909 tum
496 1875 532 1907 in
550 1875 676 1919 plana,
711 1881 786 1909 tum
813 1874 918 1907 colles
943 1875 1096 1907 consitos
1120 1874 1207 1907 oleis

224 1926 339 1971 spargi
356 1938 471 1959 rorem
488 1925 626 1970 inquit,
653 1924 700 1958 Et
716 1923 900 1970 physicum
919 1932 988 1966 est,
1017 1926 1111 1970 quod
1129 1926 1208 1969 plus

225 1985 275 2011 est
303 1988 474 2020 vaporum
507 1976 545 2008 in
569 1975 817 2019 Septentrione
852 1983 886 2009 et
908 1976 994 2009 locis
1019 1976 1208 2017 montanis,

226 2040 314 2073 quae
328 2033 411 2060 sunt
428 2026 591 2059 distincta
610 2027 781 2067 vallibus,
814 2039 918 2071 quam
936 2026 973 2059 in
997 2027 1113 2071 parvis
1135 2028 1207 2060 col-

226 2080 330 2113 libus.
364 2077 460 2110 Haec
477 2074 751 2120 chorographica
770 2077 948 2111 illustrant
966 2077 1158 2113 Psalmum.

330 2128 510 2162 Postrema
545 2127 714 2171 particula
745 2134 795 2160 est
828 2128 918 2161 ratio
944 2129 1208 2173 propositionis,

228 2192 336 2225 quare
368 2178 557 2213 concordia
587 2179 680 2211 bona
705 2179 767 2211 sit:
810 2174 911 2223 Quia
939 2177 994 2211 ibi
1013 2178 1208 2212 mandavit

228 2230 333 2264 Deus
367 2227 665 2268 benedictionem,
707 2233 737 2262 et
767 2228 878 2261 vitam
912 2229 951 2262 in
986 2235 1207 2277 perpetuum.

231 2283 393 2316 luniores
423 2281 559 2314 discant
591 2278 753 2324 phrasin:
787 2279 884 2314 Deus
917 2281 1068 2314 dicendo
1093 2283 1209 2323 efficit,

231 2334 326 2367 iuxta
345 2333 450 2365 illud:
486 2331 582 2365 Dixit
599 2339 632 2365 et
656 2332 746 2365 facta
773 2338 873 2372 sunt,
903 2331 982 2365 ideo
1007 2333 1208 2366 benedictio

232 2384 402 2427 significat
419 2383 610 2427 aliquando
626 2382 822 2416 ubertatem
840 2382 1013 2417 divinitus
1031 2384 1210 2425 donatam,

229 2433 286 2468 hic
306 2434 422 2467 felices
445 2445 622 2466 successus
637 2445 724 2478 quos
740 2433 834 2467 Deus
854 2434 927 2478 ipse
951 2435 1104 2469 adiuvat.
1158 2434 1207 2468 lta

233 2492 265 2518 et
283 2487 389 2517 verbo
407 2485 598 2517 mandandi
618 2485 745 2518 utitur:
772 2482 878 2518 Deus
896 2483 1071 2526 mandat,
1098 2486 1131 2518 id
1149 2494 1209 2526 est,

232 2546 295 2568 suo
311 2537 447 2568 decreto
463 2535 587 2575 efficit,
613 2542 652 2569 ut
669 2536 718 2569 ibi
735 2536 823 2576 sint,
851 2538 965 2570 bonus
980 2549 1158 2570 successus
1177 2544 1210 2569 et

232 2586 320 2626 vita,
347 2586 382 2618 id
400 2593 465 2625 est,
492 2586 606 2620 suavis
623 2586 692 2620 vita
709 2593 742 2620 et
759 2587 894 2621 laeticia
910 2588 947 2620 in
964 2600 1032 2633 qua
1050 2588 1208 2620 invocari

232 2635 327 2669 Deus
345 2642 378 2669 et
395 2636 563 2669 celebrari
581 2644 713 2681 potest,
746 2644 778 2671 et
796 2639 944 2682 promtis
969 2639 1098 2671 animis
1122 2651 1208 2671 conw

226 2688 390 2721 feruntur
406 2686 557 2720 labores:
587 2695 624 2722 ut
641 2700 719 2722 cum
736 2689 774 2721 in
788 2690 943 2723 exercitu
960 2689 1106 2724 Davidis
1122 2701 1207 2724 con-

791 106 916 142 PHIL.
946 105 1060 143 MEL.
1088 104 1299 142 SCRIPTA
1327 104 1625 142 EXEGETICA.

2135 109 2232 145 1224

1246 193 1365 227 cordia
1392 199 1452 227 est.
1503 191 1663 227 Primum
1683 192 1860 226 invocatio
1879 192 1944 226 Dei
1967 199 2018 227 est
2040 194 2233 236 ardentior,

1221 284 1222 288 Ἰ
1247 251 1280 278 et
1297 245 1417 277 minus
1433 244 1680 287 impediuntur
1698 244 1784 276 fides
1797 250 1831 277 et
1846 255 1939 288 speS‚
1967 250 2000 277 et
2018 256 2141 279 omnes
2164 245 2234 278 mi-

1222 326 1223 343 }
1249 296 1326 330 lites
1344 295 1449 328 simul
1475 295 1627 328 libenter
1649 295 1833 340 perferunt
1854 307 2060 328 communes
2083 296 2233 338 labores,

1249 354 1282 380 et
1298 358 1360 379 suo
1379 346 1528 390 quisque
1550 346 1627 379 loco
1653 358 1750 379 suam
1776 346 1912 379 confert
1934 357 2097 390 operam,
2132 354 2164 380 et
2189 348 2235 380 li·-

1249 399 1373 431 benter
1390 397 1450 430 alii
1466 397 1544 430 aliis
1563 409 1666 444 opem
1684 398 1823 436 ferunt,
1851 404 1884 430 et
1909 398 2006 431 adest
2031 396 2105 441 ipse
2122 396 2232 441 Deus,

1250 448 1410 482 accendit
1428 448 1583 490 animos,
1611 449 1755 482 adiuvat
1770 448 1971 482 laborantes
1987 455 2019 482 et
2034 449 2134 482 addit
2156 449 2237 481 feli-

1251 511 1306 533 ces
1323 506 1481 533 eventus.

1353 549 1485 583 Contra
1503 562 1586 583 vero
1602 550 1663 584 ubi
1682 549 1857 584 discordia
1877 556 1946 588 est,
1982 549 2106 593 ingens
2122 549 2236 594 impe-

1251 601 1450 634 dimentum
1487 607 1537 634 est
1571 601 1824 642 invocationis,
1872 601 1954 646 quia
1988 601 2238 634 universaliter

1252 652 1342 685 mala
1360 651 1575 685 conscientia
1594 653 1683 696 fugit
1699 652 1833 692 Deum,
1851 659 1884 686 et
1902 652 2060 695 cogitans
2078 653 2120 685 de
2138 650 2238 686 hoste

1225 706 1228 731 l
1253 715 1326 736 non
1353 703 1428 736 vult
1456 704 1499 736 ad
1522 703 1623 736 illum
1644 704 1756 737 Deum
1781 704 1942 736 accedere
1969 715 2073 748 quem
2098 704 2240 737 invocat

1253 752 1381 795 hostis,
1399 762 1431 788 et
1448 755 1622 788 contraria
1640 761 1765 798 petunt
1782 753 1936 794 inimici,
1955 754 2108 799 denique
2126 755 2238 787 multa

1253 803 1431 838 horrenda
1455 812 1537 839 sunt
1563 806 1815 850 impedimenta
1844 805 2078 839 invocationis
2099 805 2137 838 in
2161 805 2239 838 ani-

1254 856 1320 889 mis
1354 857 1591 897 discordium,
1626 864 1771 904 propter
1793 868 1882 902 quae
1907 868 2031 899 magna
2054 856 2239 899 vigilantia

1254 919 1377 941 omnes
1412 908 1613 941 occasiones
1634 908 1798 942 vitandae
1822 914 1923 950 sunt,
1961 919 2051 952 quae
2072 908 2240 941 videntur

1229 973 1230 988 ι
1254 970 1463 992 accensurae
1507 971 1578 992 esse
1621 971 1696 992 non
1740 959 1950 992 necessarias
1984 959 2239 992 contentiones.

1256 1009 1438 1043 Praeterea
1455 1010 1681 1044 manifestum
1698 1017 1748 1043 est
1773 1011 1809 1042 in
1831 1010 1986 1043 exercitu
2012 1009 2240 1043 dissentiente

1256 1061 1384 1094 milites
1402 1073 1474 1093 non
1493 1061 1555 1094 diu
1572 1062 1677 1094 simul
1692 1062 1845 1105 perferre
1862 1072 2066 1094 communes
2090 1061 2240 1095 labores.

1359 1109 1522 1146 Observa
1540 1120 1656 1146 autem
1675 1110 1731 1146 hic
1756 1112 1947 1145 discrimen
1974 1109 2149 1145 humanae
2175 1112 2240 1144 do-

1256 1163 1389 1197 ctrinae
1418 1164 1460 1196 de
1489 1164 1700 1204 concordia,
1741 1170 1775 1197 et
1809 1163 1963 1198 divinae.
2012 1160 2242 1211 Experientia

1255 1213 1410 1248 ostendit
1443 1211 1651 1249 hominibus
1685 1215 1909 1248 concordiam
1945 1225 2017 1247 esse
2058 1214 2241 1247 meliorem

1256 1265 1431 1305 dissidiis,
1459 1267 1519 1299 sed
1538 1278 1602 1300 vox
1620 1266 1741 1300 divina
1768 1263 1835 1299 hoc
1861 1265 1938 1298 loco
1965 1264 2065 1299 addit
2090 1264 2241 1308 promis-

1256 1317 1392 1349 sionem
1425 1317 1468 1350 de
1491 1318 1686 1361 praesentia
1712 1324 1746 1351 et
1773 1316 1904 1350 auxilio
1930 1315 2013 1349 Dei:
2053 1313 2138 1349 haec
2158 1327 2243 1359 pro-

1257 1367 1376 1400 missio
1395 1379 1460 1401 nos
1477 1368 1603 1402 invitet
1619 1369 1662 1401 ad
1680 1368 1836 1402 studium
1856 1367 2007 1401 tuendae
2018 1366 2240 1400 concordiae.

1257 1417 1339 1451 Dixi
1375 1425 1492 1452 autem
1530 1430 1634 1463 supra
1671 1431 1780 1464 quare
1807 1417 1882 1451 Deo
1917 1418 2050 1461 placeat
2082 1417 2241 1451 dilectio:

1257 1468 1351 1511 Quia
1382 1469 1458 1503 vult
1483 1481 1605 1503 omnes
1630 1470 1820 1503 rationales
1841 1475 2017 1502 creaturas
2039 1469 2083 1501 ad
2108 1475 2244 1501 creato-

1255 1532 1330 1552 rem
1348 1521 1527 1564 copulatas
1541 1533 1632 1561 esse,
1666 1528 1705 1554 ut
1728 1521 1776 1554 eis
1801 1531 1898 1553 suam
1924 1519 2154 1561 sapientiam,
2188 1519 2243 1551 iu-

1256 1570 1410 1611 sticiam,
1444 1572 1658 1610 bonitatem,
1692 1571 1800 1604 vitam
1830 1575 1862 1602 et
1888 1569 2061 1601 laeticiam
2084 1581 2245 1602 commu-

1258 1620 1369 1661 nicet,
1403 1627 1436 1654 et
1451 1621 1603 1654 vicissim
1623 1633 1686 1653 nos
1705 1621 1821 1665 ipsum
1840 1631 2070 1663 agnoscamus
2095 1627 2129 1654 et
2153 1620 2244 1653 cele-

1258 1672 1418 1712 bremus,
1446 1672 1477 1704 ei
1495 1672 1626 1705 similes
1645 1672 1839 1705 efficiamur
1856 1678 1889 1704 et
1906 1671 1943 1703 in
1962 1671 2037 1715 ipso
2061 1671 2244 1712 laetemur,

1258 1722 1347 1756 sicut
1365 1722 1533 1767 scriptum
1554 1730 1618 1757 est:
1653 1722 1748 1757 Deus
1772 1729 1823 1756 est
1844 1722 1998 1757 dilectio,
2050 1721 2139 1756 Nam
2164 1734 2244 1755 cum

1258 1774 1302 1807 sit
1317 1773 1455 1817 sapiens
1473 1782 1503 1808 et
1523 1776 1657 1813 bonus,
1693 1774 1956 1808 communicare
1982 1784 2080 1806 suam
2105 1773 2245 1818 sapien-

1232 1850 1234 1860 .
1258 1825 1342 1858 tiam
1361 1831 1395 1858 et
1411 1825 1606 1860 bonitatem
1626 1833 1804 1859 creaturae
1828 1825 1960 1866 voluit,
1994 1824 2030 1858 id
2053 1831 2171 1859 autem
2194 1831 2245 1858 est

1259 1876 1419 1919 diligere.

1433 2012 1534 2052 Alia
1572 2010 1782 2051 enarratio
1812 2010 1969 2050 Psalmi
1994 2009 2068 2049 LI.

1233 2103 1235 2128 ι
1260 2095 1398 2132 Incoepta
1424 2094 1560 2132 Argeliae
1588 2093 1668 2122 Xlll.
1693 2093 1814 2129 Augusti
1843 2102 1859 2120 a
1889 2092 2025 2129 Philippo
2050 2088 2244 2119 Melanthone

1652 2161 1691 2185 M.
1716 2160 1750 2183 D.
1776 2159 1841 2184 LH.

1324 2222 1726 2268 Argumentum
1764 2230 1825 2252 ac
1859 2218 2181 2263 dispositio

1615 2286 1773 2327 Psalmi
1805 2285 1880 2325 LI.

1311 2365 1493 2398 Miserere
1534 2363 1609 2395 mei
1644 2362 1767 2403 Deus,
1815 2358 2023 2393 secundum
2071 2367 2245 2403 'nagnam

1309 2413 1615 2449 misericordiam
1642 2417 1772 2455 tuam,
1808 2416 1877 2445 etc.

1362 2481 1565 2525 Cogitemus
1595 2479 1754 2513 Psalmos
1787 2478 2016 2523 sapientiam,
2057 2482 2091 2509 et
2121 2487 2243 2509 vocem

1234 2539 1236 2563 l
1259 2531 1325 2566 Dei
1345 2544 1437 2574 esse,
1466 2540 1497 2565 et
1513 2531 1626 2565 Deum
1641 2532 1773 2564 sontem
1791 2530 2030 2575 eloquentiae,
2057 2527 2244 2570 sapienter,

1260 2591 1352 2617 recte
1381 2591 1414 2618 et
1437 2583 1562 2616 ordine
1586 2583 1695 2627 loqui.
1750 2581 1834 2615 ldeo
1858 2582 1895 2613 in
1919 2577 2067 2622 singulis
2092 2576 2244 2610 Psalmis

1260 2642 1450 2681 quaeratur
1466 2647 1578 2667 unum
1595 2633 1739 2678 aliquod
1766 2631 1960 2677 principale
1983 2635 2242 2672 argumentum,

1259 2687 1352 2721 utin
1369 2686 1446 2719 aliis
1473 2685 1691 2719 carminibus
1716 2683 1850 2717 erudite
1875 2681 2036 2726 scriptis,
2071 2687 2103 2714 et
2126 2678 2243 2713 consi-
