2379 2948
195 107 267 143 615

195 191 283 225 Eius
307 189 460 223 exercitii
489 186 702 221 consuetudo
727 183 855 216 multas
879 192 1021 224 magnas
1040 179 1174 212 utilita-

198 251 246 276 tes
265 242 375 274 affert.
428 239 585 272 Primum
605 236 697 268 enim
716 235 743 267 si
762 245 815 267 res
833 233 1025 277 prudenter
1049 230 1174 262 electae

198 298 441 339 proponantur
464 287 656 324 iuventuti,
685 285 789 318 simul
806 285 978 317 formatur
1004 280 1173 314 iudicium

198 346 240 377 de
273 342 391 375 multis
426 338 673 371 communibus
705 335 989 381 quaestionibus,
1028 342 1175 376 quarum

199 393 351 436 cognitio
370 391 459 423 vitae
476 389 573 422 utilis
591 395 650 428 est,
669 387 788 431 quales
806 393 887 419 sunt
904 384 1068 417 materiae
1086 379 1175 425 phy-

198 445 286 477 sicae
311 449 343 475 et
364 438 514 479 ethicae,
542 439 625 472 item
651 436 864 480 theologicae
890 436 1035 468 idoneae
1063 430 1176 467 aetati,

199 502 250 527 ut:
282 492 402 525 Virtus
418 498 467 524 est
484 490 564 522 finis
584 487 755 525 hominis,
784 499 856 519 non
876 487 1046 529 voluptas,
1090 482 1176 526 Cyr-

198 545 282 577 silus
297 544 385 575 dans
404 539 631 574 inhonestum
655 539 859 577 consilium,
888 537 975 569 iuste
1003 534 1177 577 lapidatus

198 602 258 627 est.
309 591 520 626 Christianis
544 601 744 623 concessum
772 595 820 621 est
846 599 963 630 gerere
995 585 1177 627 magistra-

198 654 272 684 tuS,
299 644 469 682 militare,
499 642 628 674 iudicia
645 651 821 679 exercere,
849 646 966 671 tenere
984 635 1178 679 proprium,

198 702 354 739 repetere
382 705 436 726 res
465 693 500 724 in
529 691 667 724 iudiciis
696 698 758 724 etc.
817 688 889 721 Cur
924 699 996 719 non
1030 684 1178 727 singulis

198 746 377 779 mensibus
394 744 478 776 fiant
495 743 656 785 eclipses,
684 740 741 774 An
761 739 898 782 eclipsis
914 737 1006 771 Solis
1031 746 1177 778 conspe-

199 803 271 836 cta,
301 808 379 828 cum
396 794 507 826 Filius
525 791 591 824 Dei
612 792 778 835 penderet
795 791 830 822 in
850 801 967 826 cruce,
994 787 1101 820 suerit
1116 797 1178 817 na-

198 847 333 880 turalis.
387 843 506 886 Quare
532 843 681 875 ebrietas
708 841 849 875 cerebro
877 845 1018 878 noceat,
1055 844 1087 870 et
1113 836 1178 868 im—

198 898 290 941 pleat
306 906 432 938 corpus
449 894 566 926 crudis
587 891 809 926 humoribus.
852 889 990 924 Deinde
1008 887 1178 921 iudicium

198 949 241 979 de
260 945 452 990 praeceptis
468 943 658 977 dialecticis
677 944 825 981 acuitur,
852 952 929 973 cum
943 939 1179 973 connexiones

198 1004 334 1030 nostras
361 996 405 1028 ad
433 1007 470 1028 ea
499 995 729 1028 conferimus:
768 992 955 1026 Formatur
996 997 1028 1023 et
1056 1000 1180 1026 sermO,

199 1048 281 1093 quia
298 1059 367 1080 una
386 1046 558 1079 sententia
576 1057 677 1088 saepe
694 1044 788 1076 varie
815 1043 991 1075 efferenda
1017 1047 1086 1080 est,
1113 1040 1180 1071 do—

198 1111 262 1131 nec
280 1098 421 1130 inventa
448 1097 550 1129 suerit
576 1096 727 1128 formula
753 1093 1012 1138 propriissima‚
1043 1090 1179 1124 mollis-

198 1150 285 1181 sima
303 1155 335 1180 et
359 1147 508 1179 maxime
534 1146 725 1190 perspicua.
786 1143 951 1187 Denique
976 1140 1060 1175 haec
1084 1153 1180 1174 exer—

198 1199 316 1232 citatio
334 1210 406 1231 non
425 1197 538 1230 solum
556 1197 653 1230 utilis
680 1203 746 1235 est,
772 1196 830 1228 sed
861 1194 964 1227 etiam
990 1192 1181 1235 ingeniosis

198 1250 302 1283 ludus
327 1255 376 1281 est
401 1260 474 1280 non
500 1247 666 1280 insuavis.
719 1245 872 1279 Facilius
899 1251 1014 1277 autem
1039 1244 1182 1286 gignent

199 1306 424 1342 argumenta,
461 1310 539 1331 cum
564 1298 698 1331 discent
722 1296 922 1341 quaerenda
945 1307 1017 1328 esse
1043 1306 1182 1337 genera,

200 1350 440 1388 definitiones,
474 1360 612 1388 causas,
640 1349 802 1385 effectus,
830 1353 869 1379 ut
891 1352 1009 1390 postea
1034 1346 1071 1377 in
1097 1344 1182 1377 locis

200 1402 353 1439 dicetur,
381 1400 498 1431 etiam
516 1399 619 1431 toties
636 1399 767 1431 dictum
785 1405 834 1430 est
855 1397 892 1428 in
916 1396 1028 1429 causis
1053 1396 1180 1438 figura-

200 1463 296 1490 rum,
323 1451 417 1482 uude
434 1460 615 1492 processus
634 1449 875 1482 instituantur.
918 1445 965 1479 Et
986 1451 1181 1479 monstrent

201 1502 357 1535 iuniores
375 1499 679 1543 praeceptoribus,
706 1506 765 1531 aut
788 1498 866 1530 aliis
884 1497 1137 1536 monitoribus,
1164 1508 1182 1528 a

201 1552 330 1597 quibus
346 1551 506 1583 adiuvari
525 1556 688 1593 possunt,
717 1549 928 1591 excogitatos
952 1547 1183 1592 syllogismos,

201 1610 239 1636 ut
257 1601 424 1639 audiant,
450 1612 539 1644 quae
556 1601 712 1632 membra
729 1606 821 1632 recte
840 1605 1079 1640 coagmentata
1103 1597 1183 1637 sint,

202 1665 290 1697 quae
305 1664 377 1684 non
395 1651 465 1684 sint
482 1657 573 1683 recte
594 1656 850 1693 coagmentata,
877 1655 911 1681 et
926 1649 1086 1681 ostendat
1106 1660 1183 1680 mo-

202 1704 314 1736 nitor:
343 1702 403 1734 ubi
423 1708 454 1734 et
472 1713 534 1734 cur
558 1709 709 1734 erratum
736 1701 796 1741 sit,
825 1707 856 1732 et
882 1705 1042 1731 contexat
1065 1699 1182 1731 aliter:

203 1753 385 1786 Interdum
403 1758 436 1785 et
454 1751 648 1796 squalidius
666 1751 758 1784 dicta
783 1750 892 1793 magis
914 1750 1055 1794 proprie
1079 1756 1111 1782 et
1137 1749 1183 1781 si-

202 1804 408 1847 gnificanter
426 1802 570 1843 reddat,
598 1808 629 1834 et
646 1801 849 1835 assuefaciat
867 1801 1038 1834 discentes
1056 1801 1099 1833 ad
1124 1811 1183 1832 ve-

203 1855 314 1888 ritatis
331 1865 484 1886 amorem
502 1853 539 1885 in
558 1853 713 1885 materiis
731 1850 905 1890 honestis,
933 1863 1081 1895 quarum
1100 1861 1184 1883 usus

204 1912 253 1938 est
270 1905 307 1936 in
325 1904 503 1936 communi
530 1904 611 1937 vita.
666 1902 736 1936 Nec
759 1902 974 1936 Dialecticen
1002 1901 1184 1935 transferri

204 1956 296 1988 sinat
312 1960 447 1987 tantum
460 1954 501 1986 ad
520 1954 642 1986 inanes
661 1961 693 1987 et
711 1954 876 1986 ridiculas
890 1953 1079 1996 captiones,
1098 1964 1184 1996 qua-

204 2007 253 2038 les
280 2011 377 2037 sunt:
407 2003 535 2037 Nullus
562 2011 596 2037 et
623 2017 725 2037 nemo
754 2005 917 2037 mordent
944 2015 978 2036 se
1005 2003 1042 2035 in
1074 2014 1184 2042 sacco,

205 2068 293 2101 quae
309 2061 389 2088 ante
408 2052 492 2087 haec
506 2061 663 2098 tempora
681 2055 957 2087 obscuraverunt
974 2065 1076 2087 usum
1095 2053 1185 2086 Dia-

205 2107 360 2146 lectices,
387 2111 420 2137 et
437 2112 554 2148 postea
570 2105 787 2148 corruptelae
805 2105 946 2138 fuerunt
962 2104 1111 2138 aliarum
1128 2115 1184 2136 ar-

206 2158 292 2191 tium
311 2164 343 2189 et
360 2155 541 2188 doctrinae
567 2155 758 2198 religionis.
810 2154 1005 2188 Sumantur
1028 2154 1184 2198 exempla

207 2221 246 2241 ex
264 2207 355 2240 veris
373 2212 405 2240 et
422 2206 569 2240 utilibus
586 2206 715 2245 causis,
744 2212 777 2239 et
793 2212 988 2247 congruant
1006 2205 1185 2238 communi

206 2265 297 2292 recte
312 2257 534 2302 loquentium
558 2257 723 2292 sermoni.
778 2255 817 2289 In
842 2255 969 2289 talibus
994 2255 1185 2299 conspicie—

208 2317 264 2343 tur
291 2320 373 2342 usus
400 2308 496 2341 artis.
550 2307 591 2340 Id
619 2308 806 2341 consilium
833 2307 917 2339 dum
947 2306 1020 2349 ipse
1047 2318 1185 2350 sequor,

208 2359 361 2404 praecidi
380 2359 508 2391 multas
526 2359 682 2401 regulas,
710 2366 743 2392 et
765 2358 873 2391 multa
897 2356 1044 2389 ridicula
1071 2368 1185 2390 exem—

209 2410 284 2453 pla,
309 2421 398 2454 quae
416 2409 526 2442 miror
543 2406 748 2442 hominibus
764 2409 856 2442 sanis
884 2408 921 2440 in
946 2414 1098 2440 mentem
1125 2419 1185 2440 ve-
1211 2407 1212 2412 ’

209 2460 286 2492 nire
312 2460 480 2502 potuisse,
511 2472 663 2504 quorum
687 2459 871 2504 explicatio
900 2458 963 2491 etsi
994 2458 1185 2501 ingeniosis

209 2510 321 2542 facilis
343 2516 411 2549 est,
437 2516 553 2542 tamen
576 2518 772 2545 remoratur
789 2518 942 2544 teneram
960 2516 1124 2547 aetatem,
1153 2516 1185 2542 et
1210 2548 1211 2551 Ἴ

210 2559 353 2593 abducit
380 2571 397 2591 a
430 2567 614 2602 conspectu
646 2573 747 2595 verae
771 2562 874 2602 artis,
904 2567 937 2594 et
967 2560 1184 2593 consuetudo

210 2609 397 2644 cavillandi
424 2610 616 2652 perniciosa
648 2618 708 2646 est.
775 2613 846 2645 Nec
875 2609 1183 2655 reprehensionem
1209 2598 1211 2613 ¹

395 101 600 139 SCRIPTA
631 100 705 134 1³11.
733 97 847 132 MEL.
877 95 943 130 AD
970 92 1096 131 nlsT.
1124 91 1267 133 PROF,
1299 93 1364 131 ET
1390 92 1581 132 PHILOS.
1609 92 1927 128 SPECTANTIA.

211 2672 332 2695 eorum
346 2666 463 2694 metuo
474 2684 482 2698 ,
510 2661 570 2704 qui
587 2661 707 2696 dicunt
724 2675 780 2697 me
796 2669 933 2697 tantum
949 2662 1096 2706 agrestia
1115 2668 1185 2695 tra-
1207 2683 1211 2698 ι

2131 92 2206 126 616

1229 181 1331 225 dere,
1360 192 1448 226 quae
1465 179 1568 213 etiam
1586 179 1660 212 sine
1675 178 1786 212 literis
1803 184 1884 211 nota
1900 178 1970 211 sint
1984 178 2209 212 mediocriter

1229 231 1431 275 ingeniosis.
1484 230 1585 263 Hanc
1609 230 1703 262 enim
1719 222 2028 272 reprehensionem
2045 241 2118 262 non
2137 240 2210 261 esse

1231 294 1347 316 veram
1372 294 1426 315 res
1450 281 1523 325 ipsa
1548 280 1712 314 ostendit.
1767 278 1925 313 Multum
1950 279 2043 311 enim
2066 280 2210 313 interest

1231 333 1322 366 inter
1338 333 1431 378 ipsos
1448 332 1665 375 ingeniosos,
1693 342 1849 376 quorum
1863 329 1923 362 alii
1941 336 2110 372 reguntur
2123 337 2209 370 arte,

1230 384 1290 416 alii
1306 396 1378 417 non
1401 390 1571 426 reguntur
1585 389 1669 417 arte.
1722 381 1770 414 Hi
1794 380 1854 425 qui
1881 386 1974 412 recte
2000 380 2211 421 didicerunt,

1232 434 1352 468 vident
1376 441 1502 475 metas,
1530 434 1620 467 intra
1643 444 1728 478 quas
1752 439 1825 465 tum
1849 431 1886 463 in
1913 430 2114 463 definiendo
2136 437 2212 464 tum

1232 485 1269 517 in
1285 485 1562 527 argumentando
1588 484 1718 516 versari
1744 487 1891 526 oportet.
1943 481 2019 514 Alii
2043 488 2213 524 vagantur

1231 543 1269 568 ut
1288 535 1390 575 libet,
1417 541 1449 567 et
1463 546 1562 578 saepe
1577 535 1690 567 aliena
1709 546 1727 567 a
1743 532 1924 578 proposito
1940 532 2080 572 dicunt,
2104 538 2137 564 et
2153 543 2215 564 ne-

1232 597 1408 632 quaquam
1427 582 1648 618 cohaerentia
1670 590 1871 618 contexunt.
1923 581 1961 616 Si
1986 583 2047 627 qui
2072 582 2214 615 subtili-

1233 644 1337 670 tatem
1358 642 1495 675 amant,
1522 635 1559 667 in
1583 636 1671 668 veris
1696 634 1888 678 praeceptis
1911 633 2214 677 praedicamento-

1233 700 1310 720 rum
1328 694 1360 720 et
1375 686 1659 732 syllogismorum
1682 685 1864 718 invenient
1881 685 2010 725 multa,
2038 696 2124 729 quae
2140 695 2214 717 non

1233 745 1315 772 sunt
1331 737 1490 781 agrestia,
1519 744 1552 770 et
1568 742 1718 769 attentos
1735 737 1779 768 ad
1797 746 2003 777 magnarum
2023 742 2056 767 et
2073 735 2215 768 utilium

1234 801 1349 822 rerum
1369 787 1687 821 considerationem
1704 787 1897 819 deducunt.
1948 784 2019 818 Nec
2035 786 2111 819 laus
2130 785 2216 819 sub-

1233 839 1368 874 tilitatis
1385 845 1444 872 aut
1458 838 1630 871 acuminis
1653 838 1829 871 tribuatur
1858 835 2053 879 praestigiis
2076 844 2136 871 aut
2160 848 2217 870 ca-

1235 890 1499 930 villationibus,
1534 889 1662 935 quibus
1689 888 1808 922 nullae
1831 897 1885 919 res
1913 886 2024 918 honae
2054 887 2217 928 subsunt,

1234 949 1268 975 et
1285 953 1435 986 quarum
1453 940 1551 973 nulla
1569 939 1605 972 in
1624 939 1694 972 vita
1712 945 1762 972 est
1778 937 1922 971 utilitas.
1975 934 2054 969 Hoc
2071 943 2120 970 est
2141 949 2216 971 ma-

1234 1004 1341 1036 gnum
1360 991 1491 1034 ingenii
1509 992 1630 1030 decus,
1659 991 1695 1022 in
1712 989 1944 1032 explicatione
1959 998 2077 1020 rerum
2101 988 2214 1022 bona-

1235 1055 1313 1076 rum
1330 1049 1362 1075 et
1379 1042 1519 1075 utilium
1540 1039 1710 1073 adhibere
1725 1047 1834 1073 artem
1848 1065 1857 1078 ,
1879 1044 1918 1070 ut
1942 1038 2114 1071 certitudo
2140 1051 2217 1072 ma-

1235 1100 1315 1127 neat
1333 1094 1375 1126 de
1395 1093 1486 1124 veris
1502 1092 1695 1131 sententiis,
1723 1103 1802 1124 cum
1820 1088 2030 1122 Dialecticae
2049 1089 2148 1123 metis
2162 1090 2218 1122 in-

1235 1146 1350 1178 clusae
1372 1150 1475 1184 sunt,
1499 1149 1531 1175 et
1554 1142 1699 1175 refutari
1721 1142 1829 1175 falsae
1848 1145 1941 1172 certo
1962 1139 2117 1183 possint,
2138 1152 2218 1174 curn

1236 1195 1450 1234 ostenditur,
1478 1205 1566 1238 quae
1585 1193 1743 1225 membra
1769 1203 1831 1225 cur
1845 1201 1919 1222 non
1939 1187 2117 1224 haereant.
2171 1189 2219 1225 Ut

1235 1247 1323 1280 aliae
1340 1252 1452 1287 artes,
1478 1244 1524 1277 ita
1540 1243 1730 1279 Dialectica
1748 1240 1969 1276 certitudinis
1984 1252 2085 1274 causa
2099 1241 2220 1286 inqui-

1235 1298 1299 1330 sita
1316 1303 1350 1329 et
1365 1295 1551 1329 constituta
1571 1300 1631 1327 est.
1684 1294 1800 1327 Multa
1819 1292 1912 1325 enim
1933 1288 2094 1325 homines
2118 1292 2218 1335 inge-

1237 1347 1328 1380 niosi
1348 1346 1476 1379 similia
1493 1345 1664 1378 artificum
1682 1345 1793 1377 facere
1811 1348 1967 1386 possunt.
2015 1342 2084 1376 Sed
2100 1354 2219 1377 causas

1236 1399 1417 1441 ignorant,
1446 1407 1508 1428 cur
1525 1395 1573 1427 sic
1587 1394 1751 1427 fabricari
1770 1393 1898 1426 artium
1920 1404 2023 1435 opera
2049 1399 2218 1437 oporteat.

1236 1447 1282 1482 Et
1306 1460 1384 1481 cum
1409 1446 1583 1479 certitudo
1608 1446 1717 1485 absit,
1746 1456 1790 1477 ne
1814 1443 1881 1486 ipsi
1906 1442 2049 1486 quidem
2077 1445 2218 1488 acquie-

1237 1506 1338 1532 scunt
1355 1497 1493 1535 animis,
1514 1497 1573 1529 sed
1591 1496 1756 1537 languide
1775 1493 2012 1527 assentiuntur
2029 1494 2121 1526 veris
2139 1505 2219 1527 sen-

1237 1549 1371 1589 tentiis,
1398 1554 1565 1591 tanquam
1594 1546 1733 1589 longius
1756 1557 1817 1588 per
1842 1543 2025 1586 caliginem
2050 1555 2105 1577 eas
2126 1545 2219 1589 aspi-

1237 1601 1375 1634 cientes.
1437 1598 1505 1631 Sed
1538 1597 1661 1629 artifex
1693 1596 1730 1628 in
1764 1595 1939 1634 docende,
1973 1595 2217 1630 confirmando

1237 1658 1269 1685 et
1288 1649 1473 1683 refutando
1490 1647 1617 1680 certior
1635 1653 1701 1687 est,
1730 1653 1762 1679 et
1780 1646 1877 1678 videt
1901 1656 2044 1677 suorum
2071 1657 2218 1689 operum

1237 1713 1375 1740 causas,
1400 1706 1433 1732 et
1451 1698 1691 1742 acquiescens,
1717 1697 1815 1729 firma
1844 1707 1900 1728 eas
1922 1696 2123 1729 assensione
2146 1709 2221 1731 am-

1238 1751 1420 1797 plectitur,
1457 1755 1489 1781 et
1514 1748 1589 1781 Deo
1621 1747 1749 1791 gratias
1775 1747 1846 1790 agit
1868 1758 1930 1790 pro
1958 1758 1995 1779 ea
2024 1747 2121 1787 luce,
2155 1760 2219 1782 nec

1239 1815 1335 1836 more
1353 1797 1635 1846 Pyrrhoniorum
1653 1798 1856 1842 praestigias
1871 1797 2041 1841 excogitat
2059 1798 2103 1830 ad
2121 1799 2220 1832 labe-

1237 1854 1435 1887 factandam
1454 1850 1646 1884 veritatem.

1340 1902 1441 1936 Hanc
1459 1900 1687 1933 necessariam
1705 1897 1983 1932 admonitionem
2002 1895 2059 1930 hic
2077 1898 2220 1940 inserui,

1238 1961 1275 1988 ut
1302 1954 1475 1987 discentes
1501 1951 1673 1993 cogitent,
1702 1950 1745 1982 ad
1764 1962 1867 1994 quem
1886 1948 1990 1980 finem
2008 1946 2220 1984 Dialecticae

1239 2006 1394 2039 studium
1415 2002 1637 2036 referendum
1655 2001 1716 2040 sit,
1743 2008 1776 2034 et
1793 1998 1956 2032 exercitia
1980 1999 2064 2033 artis
2088 2001 2217 2034 iudicio

1239 2057 1444 2100 gubernent.

1526 2160 1593 2199 De
1621 2157 1946 2209 Enthymemate.

1343 2251 1552 2286 Accedimus
1571 2250 1612 2282 ad
1630 2250 1782 2294 reliquas
1797 2250 1926 2293 species
1943 2253 2218 2294 argumentatio-

1240 2305 1314 2343 nis,
1349 2315 1497 2348 quarum
1523 2301 1583 2334 etsi
1610 2312 1756 2343 magnus
1781 2313 1863 2334 usus
1888 2308 1936 2334 est
1962 2302 1998 2333 in
2023 2302 2120 2335 omni
2143 2315 2217 2335 ser-

1241 2366 1362 2394 mone,
1388 2361 1505 2386 tamen
1523 2352 1714 2397 syllogismi
1734 2352 1769 2384 in
1798 2352 2157 2386 demonstrationibus
2184 2360 2217 2387 et

1240 2406 1275 2437 in
1294 2403 1507 2448 gravissimis
1523 2403 1634 2435 causis
1650 2403 1889 2443 dominantur,
1913 2410 2060 2437 nectam
2078 2404 2217 2447 fragiles

1238 2464 1337 2496 sunt,
1370 2461 1408 2488 ut
1432 2461 1585 2486 caeterae
1608 2453 1738 2496 species
1764 2453 2085 2497 argumentationiS.
2146 2454 2216 2488 Sed

1238 2504 1363 2539 harum
1384 2512 1500 2538 tamen
1517 2505 1647 2537 formas
1661 2511 1693 2537 et
1708 2516 1810 2537 usum
1827 2504 1928 2537 etiam
1946 2505 2133 2537 monstrari
2154 2496 2216 2539 ne-

1239 2569 1330 2590 cesse
1341 2563 1401 2594 est,
1418 2568 1496 2589 cum
1513 2555 1716 2598 praesertim
1734 2553 1988 2599 enthymemata
2005 2556 2215 2590 creberrima

1209 2618 1210 2625 ¹
1237 2608 1361 2642 sintin
1379 2607 1477 2640 omni
1492 2617 1672 2646 sermone,
1700 2606 1920 2649 plurimaque
1941 2604 1978 2636 in
2002 2606 2215 2640 brevissimis

1236 2658 1468 2693 concionibus
1483 2654 1697 2702 propheticis
1712 2662 1744 2691 et
1759 2655 1958 2704 apostolicis
1974 2656 2144 2700 legantur.
