2379 2948
225 133 297 166 599

230 212 447 249 virtualiter,
480 217 552 240 non
577 201 780 236 formaliter.
835 196 887 231 Ac
906 197 1063 230 iudicant
1089 196 1209 229 erudi-

231 268 336 299 tiores
363 262 411 294 sic
439 256 566 291 sentire
597 251 822 284 Aristotelem
858 255 891 282 et
921 246 1115 286 Galenum,
1149 246 1209 290 qui

232 311 441 349 nominatim
466 300 691 348 reprehendit
715 298 964 343 Empedoclem
989 298 1210 333 scribentem,

232 367 338 399 mixta
359 367 492 394 tantuin
513 353 706 387 secundum
732 360 855 395 parvas
879 355 993 392 partes
1020 349 1211 380 elemento-

232 427 308 449 rum
330 414 488 444 concreta
515 415 604 443 esse,
631 402 727 447 quod
750 401 877 434 falsum
902 405 962 432 est.
1012 397 1093 430 Nou
1117 396 1210 429 enim

232 476 301 498 uua
321 469 353 494 et
370 465 461 493 certa
488 460 575 488 esset
598 459 724 485 natura
747 450 868 490 mixti,
895 450 954 482 sed
971 447 1119 480 materia
1139 446 1210 478 sin-

231 515 393 558 gulorum
411 519 472 552 per
489 515 611 538 omnes
625 509 738 547 partes
755 501 864 534 mixta
882 505 916 532 et
933 498 1135 531 continuata
1152 503 1212 536 est,

230 573 262 598 et
289 561 472 608 qualitates
497 554 659 588 remissae
688 552 779 586 inter
803 562 840 585 se
868 560 931 593 per
951 559 1072 582 omnes
1100 554 1213 591 partes

230 615 377 649 diffusae
391 614 481 643 sunt.

273 713 478 751 Possumne
509 705 724 740 contrariae
754 700 956 746 qualitates
986 699 1024 732 in
1049 695 1175 731 eodem

574 753 735 789 subiecto
760 749 868 785 esse?

334 828 490 870 Litigant
513 822 604 855 etde
627 817 693 852 hac
709 817 932 863 quaestione,
959 815 1018 848 sed
1043 812 1215 857 graviori-

234 887 299 917 bus
323 875 552 921 scriptoribus
568 869 701 915 placuit
717 866 801 900 haec
818 865 1006 905 sententia,
1033 876 1138 909 quam
1156 875 1215 894 ve-

234 945 309 968 ram
325 938 357 963 et
373 925 566 969 simplicem
584 931 655 954 esse
673 918 774 951 facile
792 916 941 959 intelligi
959 922 1089 959 potest,
1117 914 1215 946 vide-

235 986 327 1022 licet,
353 974 556 1014 Contrarias
572 970 755 1016 qualitates
773 967 810 1000 in
827 968 949 1000 eodem
969 965 1124 1021 subiecto
1143 975 1215 996 esse

234 1044 355 1081 posse,
382 1030 418 1061 in
436 1024 603 1069 gradibus
624 1018 788 1053 remissis.
840 1017 934 1050 Mira
961 1022 1010 1048 est
1032 1027 1125 1048 enim
1151 1026 1214 1046 na-

235 1095 332 1120 turae
350 1075 547 1114 harmonia,
573 1082 678 1117 quain
696 1081 737 1102 ex
753 1079 871 1101 rerum
888 1066 1113 1100 dissimilium
1125 1091 1133 1104 ,
1157 1070 1216 1096 aut

236 1137 337 1169 etiam
357 1124 587 1174 pugnantium
606 1124 882 1162 temperamento
900 1117 939 1149 fit
955 1128 1024 1148 una
1044 1115 1214 1159 quaedam

236 1192 376 1220 natura,
403 1180 490 1211 sicut
513 1185 551 1206 ex
577 1169 808 1204 dissimilibus
832 1167 927 1199 sonis
950 1177 1019 1199 una
1044 1168 1214 1209 quaedam

236 1233 407 1269 concinna
431 1223 637 1260 harmonia,
664 1232 702 1253 ac
726 1218 880 1251 mirabili
906 1216 1053 1249 consilio
1072 1224 1217 1270 naturae

236 1285 351 1330 opifex
369 1280 521 1313 diversas
539 1272 723 1318 qualitates
741 1267 939 1312 copulavit,
964 1278 1112 1311 quarum
1130 1266 1217 1297 3114oe

236 1337 321 1370 alias
354 1331 484 1364 habent
508 1322 707 1357 effectiones
738 1320 775 1351 in
802 1318 900 1350 mixti
932 1317 1156 1360 generatione
1187 1320 1219 1346 et

239 1379 514 1420 conservatione.
563 1371 610 1405 Et
628 1371 805 1414 quomodo
822 1368 910 1400 aliae
925 1368 1011 1400 alias
1032 1367 1220 1422 moderen-

238 1446 296 1471 tur
308 1462 315 1475 ‚
338 1435 407 1465 iam
424 1423 647 1461 recitabimus
663 1421 698 1452 in
716 1418 873 1451 doctrina
892 1419 934 1449 de
952 1424 1185 1459 generatione.

339 1490 443 1523 Tunc
471 1490 585 1518 autem
618 1477 812 1512 contrariae
843 1475 1027 1520 qualitates
1062 1474 1153 1507 inter
1185 1483 1220 1505 se

240 1549 414 1591 pugnant,
442 1534 583 1582 quando
609 1528 755 1562 intensis
777 1527 943 1569 gradibus
957 1525 1110 1582 ‘alter-ius
1129 1523 1218 1556 actio

239 1598 325 1630 adeo
343 1590 444 1624 fortis
459 1588 514 1629 fit,
542 1590 581 1616 ut
603 1581 747 1613 alteram
767 1577 938 1620 expellere
955 1582 1110 1618 incipiat.

561 1685 619 1717 De
646 1678 899 1727 9eneraii0ne.

344 1758 425 1791 ldeo
445 1749 616 1794 simplicia
634 1753 800 1788 corpora,
828 1741 863 1773 id
882 1746 950 1775 est,
978 1739 1148 1772 elementa
1166 1738 1224 1769 in-

242 1810 370 1859 quisita
392 1810 483 1843 sunt,
512 1807 545 1833 et
561 1796 768 1843 qualitatum
788 1791 937 1824 varietas
955 1795 1158 1846 monstrata,
1185 1794 1222 1845 iit

244 1869 361 1908 postea
394 1864 515 1889 causae
546 1846 795 1882 alterationum
826 1848 859 1875 et
891 1846 1156 1884 generationum
1185 1850 1222 1870 in

243 1911 360 1946 mixtis
375 1903 512 1940 ostendi
531 1904 681 1944 possent.
734 1893 901 1927 Nondum
920 1897 1036 1924 autem
1053 1891 1096 1922 de
1120 1901 1223 1932 gene-

244 1963 379 1997 ratione
403 1961 574 1989 certarum
601 1947 813 1991 specierum,
847 1948 887 1974 ut
910 1941 1129 1996 plantarum,
1165 1947 1223 1973 aut

245 2007 478 2048 animantium
519 1999 664 2036 dicitur,
705 1995 766 2028 sed
791 2003 1008 2050 'communia
1051 1990 1222 2034 quaedam

246 2061 410 2097 omnibus
428 2048 714 2098 generationibus
731 2049 932 2077 recitantur.

346 2117 392 2152 Ut
412 2109 663 2148 animantium,
690 2104 737 2137 ita
757 2101 916 2135 omnium
934 2099 1082 2144 perfecte
1098 2099 1224 2131 mixto-

246 2184 322 2207 rum
342 2177 458 2202 semen
483 2159 659 2207 quoddam
677 2161 746 2191 est,
773 2150 840 2185 hoc
863 2158 931 2190 est,
960 2148 1144 2182 humidum
1171 2161 1223 2181 se-

247 2220 395 2257 minale,
422 2222 461 2249 ut
478 2216 617 2245 vocant.
669 2202 768 2239 Nihil
793 2209 906 2235 autem
925 2212 964 2233 ex
982 2198 1223 2256 solo-lifflnooe

249 2276 440 2306 veneratur.
495 2262 562 2296 Sed
588 2257 735 2291 humore
751 2264 838 2296 opus
855 2259 922 2289 est,
949 2257 988 2284 ut
1002 2251 1073 2282 fier,
1098 2261 1221 2292 coagu—

247 2301 320 2358 lDum
340 2318 466 2364 possit,
494 2320 524 2346 et
545 2316 656 2355 partes
675 2305 832 2349 partibus
852 2301 1072 2339 continuari,
1098 2301 1223 2357 deinde

251 2373 385 2408 siccitas
403 2364 578 2401 terminat.
614 2358 718 2392 (jalor
735 2366 816 2387 vero
834 2353 923 2386 illud
942 2351 1087 2383 mixtum
1105 2348 1223 2382 hunu-

251 2427 333 2458 dum
349 2417 492 2460 digerit,
519 2420 551 2445 et
567 2412 607 2444 ad
632 2406 866 2440 maturitatem
884 2402 1022 2435 adducit
1036 2428 1043 2438 ,
1071 2408 1102 2433 et
1119 2408 1224 2433 attra-
1250 2425 1251 2431 ,

639 2456 826 2500 Frigiditas
845 2465 927 2486 vero
950 2454 1150 2484 moderatur
1169 2462 1224 2483 ca-
1250 2471 1252 2483 i

1146 2501 1224 2533 Me-
1250 2490 1252 2499 '

251 2474 303 2507 hit
319 2469 586 2503 nutrimentum.
874 2504 881 2511 ·
1024 2502 1031 2508 ·

253 2527 380 2557 lorem,
408 2524 439 2549 et
458 2513 559 2547 efficit
573 2507 848 2552 coagulationem
872 2515 910 2536 in
934 2501 1091 2536 humldQ

253 2568 422 2607 morabile
446 2571 494 2597 est
516 2569 629 2594 autem
653 2558 747 2603 quod
765 2554 970 2588 Aristoteles
993 2552 1075 2585 dicit
1101 2552 1143 2584 de
1167 2563 1224 2584 ca—

255 2628 326 2658 lore
350 2620 387 2652 in
412 2614 562 2651 semiue,
594 2609 687 2642 hunc
711 2608 859 2640 calorem
884 2616 954 2637 non
978 2615 1049 2636 esse
1074 2603 1225 2644 igneum,

468 120 675 159 SCRIPTA
705 116 776 151 Ρη.
806 111 923 148 Mai..
949 111 1015 146 AD
1043 110 1170 148 iiis'r.
1197 111 1340 149 paor.
1368 111 1432 146 Er
1462 109 1650 146 Prinos.
1677 110 2002 149 SPECTANTia.

2165 114 2239 149 400

1265 199 1376 244 λογον
1408 197 1546 230 coelesti
1580 197 1706 236 calori,
1747 197 1807 241 qui
1841 197 1998 234 vivificus
2029 208 2091 235 est·

1263 247 1383 290 igneus
1405 248 1669 291 consumptivns
1687 254 1747 280 est.

2150 200 2238 233 'Nam

1477 346 1540 382 De
1560 347 1751 392 speciebus
1771 349 2026 382 alterationis.

1368 422 1440 455 Tot
1472 423 1603 465 species
1637 422 1851 455 alterationis
1880 421 2058 454 numerari
2088 430 2243 465 possunt,

1263 479 1349 517 quot
1367 479 1448 506 sunt
1469 473 1651 516 qualitates
1675 473 1807 516 primae
1831 479 1863 506 et
1887 474 2075 512 secundae,
2101 479 2140 505 ut
2156 473 2244 505 cale-

1263 523 1388 562 factio,
1420 522 1633 565 frigefactio,
1666 520 1896 561 humectatio,
1931 522 2134 560 desiccatio,
2162 534 2246 555 con-

1266 572 1444 613 densatio,
1470 573 1672 612 rarefactio,
1700 573 1909 615 coagulatio,
1943 573 2164 617 liquefactio,
2190 573 2246 605 in-

1265 622 1426 660 duratio,
1467 622 1696 656 mellificatio.
1764 622 1839 656 Hae
1870 623 2000 666 species
2035 629 2068 656 et
2099 623 2247 663 similes,

1266 672 1414 715 cognitis
1436 672 1690 705 elementorum
1713 673 1866 713 naturis,
1898 681 2077 718 utcunque
2100 673 2247 706 iudicari

1266 729 1423 768 possunt.
1481 720 1528 755 Et
1559 722 1700 766 quidem
1733 722 1955 756 alterationes
1986 724 2081 757 iuxta
2117 723 2248 767 primas

1267 773 1451 819 qualitates
1465 772 1567 805 facile
1582 772 1722 815 agnosci
1742 780 1906 816 possunt,
1931 780 1970 807 ut
1985 786 2063 807 cum
2081 785 2170 818 aqua
2191 785 2249 806 ca-

1268 824 1339 857 lefit
1361 824 1404 856 ab
1431 823 1522 866 igni,
1549 823 1587 855 fit
1610 822 1786 863 alteratio,
1812 823 1943 856 scilicet
1965 823 2163 863 calefactio,
2188 835 2249 856 ex-

1268 874 1366 918 pulsa
1384 886 1423 906 ex
1439 884 1526 918 aqua
1545 872 1748 915 frigiditate,
1773 879 1804 905 et
1822 874 2023 907 introducto
2037 873 2105 905 iam
2123 873 2249 911 calore,

1268 931 1300 958 et
1318 924 1402 968 quid
1423 923 1468 956 sit
1483 923 1590 963 calor,
1618 934 1720 955 sensu
1737 923 1921 959 iudicatur.
1973 921 2037 956 Est
2053 923 2146 955 enim
2163 935 2250 968 qua-

1269 975 1348 1007 litas
1385 974 1458 1016 igni
1493 980 1658 1016 cognata,
1699 985 1912 1016 congregans
1947 972 2182 1020 homogema,
2218 980 2252 1006 et.

1269 1025 1469 1067 disgregans
1487 1021 1713 1070 ἑτερογένεα,
1740 1031 1779 1058 ut
1795 1035 1898 1067 supra
1913 1025 2045 1057 dictum
2063 1030 2125 1057 est.

1371 1081 1439 1116 Sed
1467 1081 1503 1114 in
1527 1082 1644 1114 mixtis
1667 1082 1862 1127 plerunque
1886 1082 1991 1116 simul
2013 1082 2102 1115 fiunt
2126 1081 2253 1115 attera-

1270 1134 1384 1167 tiones
1411 1133 1602 1165 secunduni
1628 1132 1744 1174 plures
1761 1133 1961 1177 qualitates,
1987 1132 2044 1165 vel
2067 1143 2253 1165 conserva-

1269 1183 1358 1217 tioni
1376 1181 1475 1215 mixti
1494 1182 1753 1221 convenientes,
1772 1183 1826 1214 vel
1843 1183 2038 1215 adserentes
2053 1182 2250 1225 corruptio-

1270 1246 1362 1266 nem.
1417 1232 1640 1266 Conveniens
1673 1232 1930 1266 conservationi
1962 1232 2092 1265 dicitur
2122 1232 2254 1273 coctio,

1271 1285 1328 1317 sed
1345 1283 1504 1316 alteratio
1520 1283 1680 1315 adferens
1697 1283 1958 1326 corruptionem
1972 1288 2117 1315 vocatur
2134 1289 2253 1325 putre-

1270 1333 1384 1366 factio.
1438 1330 1490 1365 Ac
1516 1332 1617 1364 valde
1641 1333 1803 1375 prodest,
1838 1332 2022 1376 utriusque
2046 1332 2254 1377 descriptio·

1272 1395 1352 1423 nes,
1387 1394 1447 1415 seu
1471 1382 1617 1421 itinera,
1651 1388 1689 1414 ut
1720 1381 1766 1415 ita
1793 1381 1925 1422 dicam,
1958 1382 1996 1414 in
2021 1389 2145 1415 natura
2171 1394 2255 1416 con-

1273 1432 1436 1468 siderare.

1373 1490 1514 1530 Cocti0‚
1542 1501 1630 1534 quae
1653 1500 1774 1531 graece
1795 1487 1901 1534 πέψις
1922 1490 2068 1530 dicitur,
2096 1497 2146 1524 est
2169 1491 2256 1524 alte-

1273 1541 1362 1574 ratio
1374 1566 1384 1581 ,
1412 1552 1500 1585 quae
1522 1540 1559 1573 fit
1575 1551 1593 1572 a
1610 1540 1724 1572 calore
1747 1540 1901 1573 naturali
1918 1551 1978 1573 seu
1995 1539 2160 1583 proprio,
2188 1538 2256 1574 hu-

1275 1592 1411 1623 midum
1439 1597 1471 1623 et
1496 1591 1624 1623 siccum
1641 1591 1684 1623 ad
1705 1590 1919 1623 conveniens
1942 1597 2256 1633 temperamentum

1274 1642 1472 1674 reducente.
1526 1639 1692 1673 Mirando
1713 1640 1805 1672 enim
1831 1640 1978 1673 consilio
1993 1638 2088 1673 Deus
2111 1648 2257 1674 naturae

1274 1691 1437 1724 conditor
1455 1690 1560 1723 mixta
1579 1690 1627 1723 sic
1651 1690 1828 1730 condidit,
1858 1698 1895 1724 ut
1918 1691 2040 1723 foedus
2058 1691 2102 1724 sit
2120 1697 2154 1724 et
2175 1691 2255 1723 vin-

1276 1742 1393 1774 culum
1410 1748 1562 1786 quatuor
1577 1741 1787 1784 qualitatum
1806 1741 1842 1773 in
1861 1741 2027 1783 gradibus
2043 1741 2257 1774 convenien-

1274 1792 1390 1829 tibus,
1417 1791 1497 1835 quia
1521 1791 1739 1833 singularum
1763 1791 1971 1834 qualitatum
1993 1791 2152 1835 propriae
2174 1799 2257 1825 sunt

1274 1842 1460 1879 utilitates,
1488 1841 1584 1873 calor
1601 1841 1822 1879 dominatur,
1852 1848 1885 1874 et
1904 1848 1953 1874 est
1972 1841 2110 1881 efficax,
2136 1839 2256 1874 humi—

1276 1893 1367 1925 ditas
1382 1898 1432 1924 est
1450 1891 1618 1934 pabulum
1639 1891 1764 1923 caloris
1779 1891 1815 1922 in
1834 1891 2001 1932 gradibus
2016 1891 2258 1925 convenienti-

1274 1943 1350 1975 bus.
1403 1941 1547 1974 Siccitas
1571 1941 1735 1973 terminat
1753 1938 1961 1981 humidum,
1987 1940 2159 1983 frigiditas
2175 1953 2258 1975 vero

1276 1993 1480 2025 moderatur
1500 1991 1658 2023 calorem.
1720 1989 1790 2023 Nec
1817 1991 1951 2034 priores
1977 2002 2098 2024 causae
2119 1992 2258 2025 ostendi

1274 2048 1442 2087 possunt,
1468 2052 1529 2074 cur
1550 2041 1628 2072 talis
1646 2041 1688 2073 sit
1707 2047 1851 2080 natura,
1881 2042 1939 2074 sed
1957 2052 2183 2083 agnoscamus
2205 2049 2258 2076 ta-

1276 2094 1343 2125 lem
1364 2103 1453 2128 esse,
1482 2098 1515 2124 et
1533 2091 1702 2123 miremur
1719 2090 1907 2123 consilium
1927 2091 2078 2134 opificis,
2105 2092 2165 2136 qui
2181 2097 2257 2125 ma·

1249 2143 1383 2176 {toriae
1416 2141 1624 2179 mixtorum,
1657 2153 1744 2185 quae
1775 2141 1925 2174 maxime
1958 2143 2164 2183 vagabunda
2195 2149 2256 2183 est,

1276 2191 1339 2225 has
1358 2192 1455 2237 quasi
1472 2198 1579 2224 metas
1596 2191 1826 2225 circundedit.
1868 2190 1938 2225 Nec
1956 2192 2103 2225 dubium
2120 2200 2182 2233 est,
2201 2204 2258 2225 ar·

1276 2254 1379 2276 canas
1395 2242 1666 2285 significationes
1685 2242 1722 2273 in
1741 2239 1794 2274 his
1811 2250 1961 2286 quatuor
1978 2243 2077 2276 metis
2094 2254 2152 2276 seu
2171 2255 2257 2287 qua—

1277 2293 1436 2327 litatibus
1457 2292 1643 2326 contineri.
1697 2290 1739 2324 ln
1762 2293 1928 2325 omnibus
1946 2293 2048 2325 relius
2073 2300 2122 2326 est
2140 2293 2255 2337 aliqua

1276 2356 1376 2377 causa
1407 2342 1619 2376 dominatrix
1650 2349 1682 2374 et
1706 2342 1853 2375 maxime
1882 2343 2017 2382 efficax,
2042 2350 2079 2375 ut
2096 2343 2131 2374 in
2148 2343 2257 2376 mixto

1277 2395 1388 2431 calor,
1424 2393 1551 2425 deinde
1582 2392 1788 2425 alimentum
1824 2393 1965 2437 aliquod
1979 2419 1987 2433 ‚
2021 2399 2058 2424 iit
2086 2393 2120 2424 in
2149 2393 2256 2425 mixto

1278 2442 1483 2482 humidum,
1511 2442 1638 2474 deinde
1659 2439 1781 2475 harum
1801 2443 1947 2476 duarum
1971 2442 2077 2474 veluti
2100 2445 2258 2475 custodes

1277 2502 1309 2527 et
1325 2492 1590 2532 moderatrices,
1617 2500 1655 2525 ut
1671 2494 1799 2525 siccum
1819 2500 1851 2526 et
1867 2492 2043 2534 frigidum.

1380 2551 1420 2585 In
1449 2550 1593 2583 homine
1619 2559 1667 2584 est
1693 2551 1784 2591 vita,
1813 2551 1906 2583 velut
1938 2550 2028 2595 ignis
2060 2563 2119 2583 seu
2151 2552 2257 2585 calor.

1277 2602 1366 2635 Nam
1392 2611 1424 2635 et
1443 2602 1585 2645 spiritus
1609 2602 1727 2634 vitalis
1752 2608 1800 2634 est
1821 2601 1978 2640 flamma,
2011 2608 2048 2633 ut
2073 2602 2117 2633 ita
2135 2602 2259 2641 dicam,

255 2676 311 2708 <ed
329 2674 511 2709 stagnatum
530 2660 685 2698 coelesti,
712 2669 769 2690 seu
788 2664 825 2689 iit
842 2656 914 2699 ipse
938 2654 1108 2698 loquitur,
1135 2649 1225 2686 ἀνά·
1250 2659 1252 2698 '3
1280 2653 1428 2685 volitans
1447 2664 1506 2696 per
1525 2659 1637 2685 totum
1655 2662 1788 2694 corpus
1835 2649 1949 2683 Huius
1968 2659 2081 2685 autem
2098 2651 2258 2684 flammae
