2379 2948
144 107 219 144 585

149 191 287 226 Omnes
309 193 383 227 dies
415 194 611 228 artificiales
640 201 722 228 sunt
749 194 931 239 aequales,
977 193 1133 236 Quidam
1160 208 1162 249 Ξ

142 243 215 276 dies
244 244 444 278 artificiales
468 258 542 279 non
567 251 648 278 sunt
674 245 846 290 aequaleS.
909 243 1016 285 Item,
1051 245 1134 278 uni—-

142 295 287 328 versatis
305 296 484 339 negativa,
511 303 544 330 et
574 295 795 339 particularis
820 295 1051 335 affirmativa,
1078 302 1131 328 ut:

140 343 240 378 Nulli
260 346 334 379 dies
352 347 551 380 artificiales
568 352 650 379 sunt
666 346 845 390 aequaleS,
875 344 1031 387 Quidam
1058 346 1132 379 dies

142 397 340 430 artificiales
359 406 439 431 sunt
456 397 628 442 aequales,
682 395 780 437 Item,
808 397 898 429 duae
923 396 1131 438 singulares,

139 447 248 480 altera
273 449 500 488 affirmativa,
536 447 645 480 altera
671 448 851 490 negativa,
885 453 943 479 ut:
978 446 1129 481 Roscius

140 497 316 533 interfecit
334 507 484 543 patrem,
508 497 661 531 Roscius
685 510 758 531 non
782 498 959 531 interfecit
983 506 1130 541 patrem.

140 547 239 589 Item,
258 551 347 583 duae
364 548 582 589 indefinitae,
606 549 643 581 in
662 550 792 594 quibus
808 550 884 582 idea
902 549 1129 592 significatur,

136 606 195 632 ut:
224 600 345 634 Virtus
362 607 411 633 est
427 600 507 632 finis
525 597 705 641 hominis,
735 600 857 634 Virtus
874 612 946 633 non
971 607 1020 634 est
1048 602 1128 634 finis

136 647 302 686 hominis.

253 729 328 762 Dic
348 728 502 774 regulas
516 740 582 763 seu
597 730 702 776 leges
718 731 1007 774 oppositionum.

231 794 368 829 Prima:
414 795 456 828 In
481 797 784 841 propositionibus
807 797 979 841 oppositis
1005 797 1124 829 eadem

130 846 200 879 sint
216 853 386 888 extrema,
414 848 458 880 de
474 849 596 881 eodem
618 849 695 881 loco
716 855 747 882 et
768 855 935 892 tempore,
963 854 1123 891 respectu

131 896 306 938 eiusdem,
342 904 374 931 et
400 898 476 932 sine
500 900 572 932 ulla
598 899 831 942 ambiguitate
857 899 1053 942 intellecta,
1083 905 1121 932 ut

131 944 195 980 bae
212 960 283 981 non
312 957 471 992 pugnant
495 952 537 983 de
562 951 712 984 diversis
738 951 958 993 temporibus
981 950 1121 982 intelle-

129 1004 220 1032 ctae:
248 999 438 1044 Pompeius
456 1008 506 1034 est
524 1002 657 1041 victor,
687 1002 878 1045 Pompeius
895 1014 967 1034 non
993 1008 1041 1033 est
1067 1001 1121 1033 vi-

128 1056 214 1084 ctor.
252 1049 298 1085 Et
315 1052 362 1084 sic
379 1052 489 1086 multa
508 1053 600 1086 dicta
619 1053 657 1086 in
675 1053 843 1086 omnibus
858 1053 1015 1086 materiis
1034 1065 1118 1084 con-

127 1101 307 1140 ciliantur,
325 1115 404 1136 cum
421 1104 641 1137 ostendimus
658 1105 724 1137 alia
744 1105 787 1136 de
807 1105 888 1136 aliis
904 1103 1120 1146 respectibus

127 1159 187 1186 aut
203 1153 477 1187 circumstantiis
496 1155 606 1199 loqui,
631 1162 669 1188 ut
687 1156 792 1198 vulgo
810 1155 956 1188 dicitur:
981 1154 1119 1187 Distin-

126 1214 192 1246 gue
210 1211 378 1247 tempora,
405 1212 437 1238 et
454 1206 661 1239 conciliabis
679 1207 883 1249 scripturas.
937 1205 1118 1239 Secunda:

126 1252 335 1288 Contrariae
350 1268 533 1300 nunquam
548 1264 697 1301 possunt
713 1257 819 1289 simul
838 1269 939 1289 verae
957 1269 1042 1294 esse,
1060 1257 1117 1288 sed

125 1305 163 1337 in
185 1306 329 1338 materia
355 1307 576 1350 contingenti
604 1315 752 1352 possunt
774 1308 881 1340 simul
904 1320 976 1340 esse
1002 1307 1119 1347 falsae,

123 1362 179 1388 ut:
216 1354 349 1389 Omnia
381 1369 484 1401 poma
515 1365 596 1390 sunt
629 1359 736 1397 flava,
780 1357 885 1391 Nulla
911 1370 1014 1401 poma
1036 1365 1120 1392 sunt

122 1406 226 1439 flava.
271 1405 340 1440 Hic
358 1414 506 1453 utraque
523 1409 608 1441 falsa
627 1416 696 1448 est,
725 1420 808 1441 nam
829 1409 938 1441 multa
958 1415 1040 1441 sunt
1058 1421 1119 1441 ru-

122 1457 183 1490 bra
196 1470 312 1502 poma.
340 1457 481 1492 Tertia:
511 1458 789 1492 Subcontrariae
809 1471 992 1505 nunquam
1012 1460 1118 1493 simul

254 1615 354 1639 Omnes
371 1616 438 1637 her—
457 1630 521 1633 k

257 1651 308 1674 bae
318 1651 380 1672 sunt
391 1654 437 1672 sa-

254 1686 318 1709 bres
327 1683 436 1708 homini.

807 1662 848 1683 est
862 1661 982 1685 salum-is

832 1695 942 1722 homini,

876 1849 902 2044 wuusou'eqns

329 1864 356 2060 Subalternae.

267 2160 408 2188 Quaedam

249 2194 419 2219 herbaesunt

798 2199 903 2222 herbae
916 2201 970 2220 non

271 2228 398 2252 salubres
796 2235 861 2257 sunt
867 2232 973 2259 satubr„

222 2262 386 2346 kmini.
827 2267 936 2291 homiui.
999 2260 1009 2355 1

117 2390 224 2423 falsae
258 2402 330 2423 esse
357 2397 522 2434 possunt,
555 2394 614 2426 sed
643 2394 680 2428 in
711 2397 859 2431 materia
890 2398 1110 2441 contingenti

118 2449 265 2484 possunt
281 2441 389 2475 simul
407 2453 481 2474 esse
498 2454 611 2484 verae,
624 2452 679 2479 ut:
701 2445 884 2489 Quaedam
904 2461 1008 2493 poma
1028 2456 1111 2483 sunt

117 2491 226 2533 flava,
260 2492 444 2536 Quaedam
466 2505 571 2537 poma
593 2506 666 2528 non
685 2505 766 2532 sunt
789 2499 891 2532 flava.
956 2499 1111 2543 Quarta:

117 2541 339 2587 Impossibile
363 2551 413 2578 est
436 2545 523 2578 duas
547 2547 840 2583 contradictorias
865 2551 974 2584 simul
999 2564 1110 2593 veras,

118 2601 178 2628 aut
198 2595 304 2628 simul
330 2595 433 2629 falsas
462 2607 546 2631 esse.
598 2594 701 2630 Hanc
726 2598 837 2642 legem
861 2602 976 2637 sanxit
1000 2600 1108 2645 Deus,

118 2645 180 2689 qui
195 2652 246 2680 est
264 2658 385 2688 verax,
412 2653 445 2681 et
458 2659 545 2692 quae
561 2654 643 2682 sunt
660 2648 811 2683 affirmat
831 2663 920 2693 esse,
948 2665 1014 2687 nec
1038 2654 1109 2687 mi-

119 2702 189 2730 scet
211 2708 250 2731 ea
274 2709 363 2743 quae
387 2705 490 2740 sunt,
517 2705 552 2732 et
574 2698 636 2733 illa
662 2712 751 2745 quae
773 2713 848 2735 non
872 2710 966 2739 sunt.
1022 2703 1107 2739 ldeo

765 108 809 145 V.
861 105 1183 143 EROTEMATA
1210 106 1545 147 DlALECTlCES.

2101 113 2174 150 586

1189 194 1339 227 inseruit
1357 196 1488 229 nostris
1505 197 1683 231 mentibus
1704 195 1770 231 hoc
1790 198 2022 242 principium:
2049 199 2172 242 Quod-

1188 245 1275 278 libet
1296 251 1365 285 est,
1393 254 1452 280 aut
1474 260 1547 280 non
1572 256 1632 282 est.
1688 247 1733 282 Et
1754 260 1910 292 pugnare
1932 262 2012 282 cum
2034 247 2098 283 hac
2118 252 2172 284 di-

1186 295 1269 328 vina
1288 295 1383 338 lege,
1410 304 1441 330 et
1459 299 1590 341 pariter
1607 300 1769 344 amplecti
1785 300 2094 341 contradictorias,
2121 309 2171 335 est

1186 347 1303 379 delere
1321 359 1443 380 omnes
1461 356 1569 382 certas
1588 351 1745 391 noticias,
1773 359 1804 385 et
1819 352 2036 385 confundere
2051 364 2168 386 rerum

1184 397 1470 438 universitatem,
1494 406 1530 431 ut
1548 400 1576 431 si
1593 401 1670 444 quis
1687 402 1817 444 pariter
1833 403 2033 441 affirmaret,
2054 402 2166 436 Deum

1185 459 1276 489 esse,
1303 455 1335 481 et
1354 447 1468 481 Deum
1489 461 1562 481 non
1584 462 1674 491 esse,
1702 451 1820 494 Ignem
1845 465 1964 494 urere,
1993 461 2027 487 et
2050 454 2166 496 ignem

1184 511 1256 532 non
1281 511 1402 540 urere,
1434 500 1603 533 furiosius
1627 514 1723 534 arma
1748 502 1845 535 coelo
1870 503 2032 543 inferret,
2061 517 2166 549 quam

1185 549 1340 591 Titanes,
1369 552 1411 583 de
1429 552 1559 596 quibus
1578 559 1738 596 poemata
1756 553 1964 596 loquuntur.
2016 554 2111 588 Haec
2128 567 2167 588 eo

1183 601 1281 639 dico,
1316 608 1354 635 ut
1382 614 1484 635 usum
1518 600 1644 635 borum
1677 603 1867 646 puerilium
1900 613 2165 649 praeceptorum

1182 652 1347 685 studiosis
1372 655 1628 689 commendem.
1689 654 1799 698 Saepe
1828 654 1921 687 euim
1945 655 2105 689 videmus
2128 657 2165 689 in

1181 703 1394 745 gravissimis
1412 704 1525 738 causis
1544 702 1705 738 homines
1725 706 1962 739 contentiosos
1988 707 2167 740 contradi-

1181 754 1289 786 ctoria
1307 755 1471 796 miscere,
1499 757 1593 800 quod
1616 768 1660 789 ne
1685 757 1764 797 fiat,
1792 757 1987 789 cavendum
2008 764 2068 792 est.
2121 756 2167 790 Et

1180 805 1222 837 ad
1247 802 1342 838 hunc
1368 818 1470 838 usum
1495 807 1587 840 tradi
1614 804 1699 840 haec
1726 815 1908 851 praecepta
1932 807 2100 848 sciamus,
2129 815 2167 842 ut

1179 855 1271 889 inter
1287 857 1466 900 oppositas
1484 858 1638 891 inventis
1657 859 1749 891 veris
1767 858 2082 902 propositionibUS,
2110 871 2166 892 ac-

1177 906 1419 951 quiescamus,
1452 916 1484 942 et
1507 909 1608 942 firmo
1641 921 1785 942 assensu
1815 922 1870 942 eas
1903 910 2167 954 amplectamur,

1178 964 1211 990 et
1227 958 1332 991 falsas
1349 966 1553 994 constanter
1568 960 1781 996 reiiciamus.

1307 1061 1404 1101 Quid
1430 1067 1485 1096 est
1512 1066 1698 1098 conversio
1723 1062 2046 1109 propositionum?

1278 1136 1454 1171 Usitatum
1472 1145 1539 1179 est,
1564 1140 1735 1173 vocabula
1762 1151 1959 1185 synonyma
1985 1152 2046 1174 seu
2069 1140 2165 1184 paria

1176 1200 1301 1221 vocare
1320 1190 1587 1230 convertibilia,
1615 1198 1670 1232 ut,
1698 1191 1795 1234 paria
1813 1198 1895 1224 sunt
1921 1203 2050 1237 equus,
2081 1189 2163 1224 hin-

1174 1239 1294 1279 niens,
1328 1251 1389 1272 seu
1414 1241 1506 1274 bona
1532 1254 1657 1285 opera,
1693 1241 1831 1275 iusticia
1854 1242 2081 1283 universalis,
2109 1242 2164 1275 iu-

1173 1290 1272 1322 sticia
1291 1290 1404 1324 bonae
1423 1292 1671 1328 conscientiae.
1705 1291 1752 1326 Et
1768 1292 1950 1336 diligentia
1969 1301 2018 1327 est
2035 1294 2071 1326 iu
2090 1293 2163 1326 dis-

1174 1341 1417 1384 putationibus
1449 1344 1661 1383 necessaria,
1696 1344 1836 1383 videre,
1872 1356 1961 1387 quae
1991 1344 2162 1377 vocabula

1174 1392 1320 1424 eandem
1342 1392 1413 1425 vim
1440 1390 1609 1434 habeant,
1637 1406 1681 1426 ne
1704 1405 1822 1426 errore
1847 1391 2085 1428 distrahamus
2111 1406 2161 1434 ea,

1173 1454 1262 1486 quae
1280 1442 1457 1485 iungenda
1476 1452 1569 1479 sunt.
1611 1444 1680 1478 Sed
1700 1442 1767 1478 hoc
1784 1445 1861 1478 loco
1879 1456 1952 1478 non
1970 1445 2101 1479 dicitur
2118 1446 2161 1478 de

1173 1493 1395 1537 simplicibus
1419 1495 1581 1536 vocibus,
1614 1497 1674 1529 sed
1700 1496 1743 1529 de
1768 1496 2052 1541 propositionum
2078 1508 2163 1529 con-

1174 1545 1352 1586 versione,
1385 1545 1422 1578 in
1448 1559 1515 1590 qua
1542 1547 1750 1590 permutatis
1780 1547 1960 1589 extremis,
1997 1547 2162 1592 aequiva-

1172 1595 1249 1628 lens
1266 1596 1396 1640 priori,
1425 1598 1481 1630 vel
1500 1605 1646 1641 cognata
1666 1598 1846 1643 sequitur,
1872 1606 1928 1632 ut:

1325 1654 1472 1688 Nullum
1490 1668 1668 1690 saccarum
1690 1665 1740 1692 est
1757 1669 1929 1692 amarum.

1326 1704 1422 1749 Ergo
1444 1708 1540 1740 nulla
1562 1721 1616 1741 res
1633 1721 1751 1742 amara
1770 1717 1821 1743 est
1841 1721 2032 1744 saccatum.

1275 1764 1340 1799 Est
1361 1766 1469 1808 igitur
1493 1768 1676 1800 conversio
1694 1768 2001 1812 propositionum,
2028 1767 2159 1800 inferre

1171 1816 1452 1861 aequivalentem
1473 1819 1772 1861 propositionem,
1800 1820 1855 1852 vel
1874 1820 1940 1853 rite
1954 1825 2158 1864 sequentem

1170 1868 1212 1899 ad
1234 1867 1447 1910 proximam,
1473 1870 1681 1912 permutatis
1696 1871 1872 1906 extremis.

1382 1961 1443 1996 Ad
1471 1974 1581 2008 quem
1605 1975 1714 1998 usum
1741 1962 1937 1999 traditur?

1273 2029 1381 2064 Multi
1402 2038 1527 2075 putant
1545 2033 1687 2066 inanem
1705 2033 1830 2067 ludum
1851 2045 1922 2067 esse
1934 2030 2157 2066 hasconver—

1169 2081 1304 2120 siones,
1338 2083 1397 2115 sed
1423 2084 1517 2127 apud
1544 2082 1753 2119 Geometras
1777 2097 1925 2129 magnus
1956 2090 2006 2117 est
2035 2095 2155 2116 earum

1170 2144 1272 2174 usus,
1300 2135 1559 2178 propemodum
1577 2142 1616 2169 ut
1634 2137 1676 2168 de
1693 2137 1851 2169 numeris
1867 2135 1971 2170 dicis:

1321 2183 1458 2228 Quater
1479 2186 1637 2232 quinque
1652 2195 1734 2221 sunt
1751 2187 1897 2230 viginti,

1323 2234 1417 2280 Ergo
1437 2243 1470 2271 et
1486 2237 1674 2283 quinquies
1692 2246 1816 2284 quater
1833 2244 1914 2272 sunt
1933 2236 2070 2280 viginti.

1269 2294 1338 2329 Hic
1368 2297 1465 2330 vides
1499 2298 1738 2331 conversionis
1773 2298 1982 2342 exemplum.
2043 2295 2093 2330 Ita
2118 2297 2154 2329 in

1169 2346 1372 2382 Geometria
1390 2349 1501 2381 multa
1520 2349 1724 2382 iudicantur
1740 2349 1979 2382 conversione.
2024 2345 2155 2381 Extru-

1167 2399 1217 2432 xit
1239 2405 1354 2433 autem
1372 2397 1580 2434 Aristoteles
1599 2398 1817 2432 Dialecticen
1840 2411 1966 2442 magna
1990 2411 2031 2432 ex
2056 2405 2155 2442 parte

1167 2462 1207 2483 ex
1233 2448 1449 2486 Geometria.
1511 2450 1652 2483 Utilitas
1682 2456 1731 2482 est
1763 2450 1871 2493 igitur
1896 2449 1998 2484 haec:
2035 2448 2155 2483 Posita

1167 2501 1283 2547 aliqua
1316 2501 1577 2546 propositione,
1616 2501 1736 2533 videre
1770 2513 1859 2547 quae
1892 2500 2154 2546 aequivalentes

1166 2559 1226 2586 aut
1248 2553 1428 2597 proximae
1444 2552 1526 2584 inde
1542 2558 1735 2596 sequantur
1751 2553 1957 2596 permutatis
1980 2552 2154 2586 extremis.

1165 2602 1393 2646 Conspicitur
1408 2609 1524 2635 autem
1545 2599 1603 2635 hic
1620 2609 1653 2635 et
1668 2602 1849 2647 signorum
1869 2610 2007 2639 natura.
2035 2602 2154 2636 Maior

1165 2654 1218 2687 vis
1236 2660 1286 2687 est
1301 2652 1495 2697 particulae
1522 2653 1662 2695 nullus,
1689 2667 1795 2699 quam
1821 2655 1950 2690 omnis.
2004 2653 2092 2688 Nam
2115 2653 2153 2686 in

1163 2703 1358 2738 universali
1377 2704 1536 2748 negativa
1554 2704 1602 2738 ita
1621 2706 1798 2750 spargitur
1816 2706 1868 2740 vis
1896 2704 2091 2751 negationis
2117 2703 2154 2736 in
