2379 2948
188 108 284 147 1255

188 195 336 242 positio,
361 207 467 240 quam
491 193 547 228 his
565 194 680 228 verbis
707 195 870 228 tradidit:
899 194 990 229 Sede
1012 208 1030 230 a
1050 195 1180 230 dextris

189 247 287 280 meis.
342 246 446 280 Nunc
463 245 585 279 attexit
603 245 748 279 effectus
770 252 803 279 et
819 246 1101 281 circumstantias
1125 259 1181 280 re-

191 298 272 342 gni,
308 309 346 330 ac
374 297 528 341 primum
555 296 743 340 pollicetur
764 297 947 330 victoriam
982 295 1065 331 huic
1094 298 1182 341 regi,

193 357 226 383 et
256 349 398 394 quidem
428 347 599 381 divinam.
669 346 764 391 Ego,
802 347 919 394 inquit
941 346 1055 387 Deus,
1097 350 1182 382 sub-

193 399 310 433 iiciam
336 398 402 432 tibi
428 398 591 431 inimicos
617 404 707 433 tuos.
768 396 834 433 Est
864 406 980 433 autem
1006 398 1181 433 Hebraica

194 448 332 494 phrasis
357 449 394 481 in
419 449 590 493 particula
610 447 752 490 Donec,
787 462 876 494 quae
904 462 978 482 non
1010 450 1183 493 significat

195 499 262 534 hoc
277 511 424 543 regnum
443 500 636 545 aliquando
654 501 849 534 desiturum
865 512 953 534 esse:
982 500 1091 540 Sede,
1118 502 1184 535 do-

195 563 260 585 nec
285 551 485 589 subiecero,
533 552 592 584 sed
622 558 673 584 est
695 551 858 585 causalis:
893 551 983 585 Sede
1009 563 1028 584 a
1053 552 1184 586 dextris

196 602 304 639 meis,
332 601 367 634 id
393 608 462 642 est,
489 601 618 635 habeto
641 613 787 645 regnum
806 603 927 636 divina
944 603 1120 645 potentia,
1146 609 1186 636 ut.

198 665 260 696 ego
285 652 470 686 subiiciam
498 652 563 685 tibi
587 652 759 689 inimicos.
814 652 866 687 Ac
888 660 1006 697 postea
1023 653 1185 687 Psalmus

197 703 385 749 aliquoties
419 703 543 747 repetit
571 705 782 737 sententiam
817 705 860 737 de
884 704 1055 745 inimicis,
1089 706 1185 749 quod

197 753 355 789 Ecclesia
371 754 489 787 futura
511 754 556 788 sit
574 754 611 786 in
632 754 896 789 afflictionibus.
950 754 1020 789 Sed
1038 753 1096 788 hic
1112 754 1187 789 Do-

199 806 319 838 minus
344 804 399 838 cui
416 805 522 838 tradit
541 803 636 838 Deus
654 817 819 848 regnum,
846 806 962 839 vincet
979 817 1101 839 omnes
1120 803 1187 840 ho-

200 863 288 896 steS,
322 861 356 888 et
388 855 569 898 superabit
598 855 818 891 afflictiones.
875 855 935 890 Sic
963 856 1071 900 igitur
1095 857 1186 890 acci-

200 907 349 951 piendae
365 912 448 939 sunt
465 903 530 939 hae
546 906 759 947 sententiae,
786 913 825 940 ut
839 907 1105 941 meminerimus
1122 920 1187 940 no-

200 957 255 991 his
272 957 423 1000 proponi
439 957 699 990 consolationes
727 957 765 990 in
793 958 972 991 aerumnis
1000 957 1188 998 Ecclesiae,

200 1006 248 1042 Et
265 1008 303 1040 in
319 1004 384 1040 hac
404 1007 646 1041 consolatione
663 1005 731 1041 hoc
749 1009 978 1051 spectandum
1000 1015 1061 1049 est,
1091 1010 1185 1054 quod

200 1056 308 1091 Deus
335 1064 481 1091 testatur
516 1070 588 1091 sese
621 1059 862 1092 subiecturum
905 1071 978 1092 esse
1012 1060 1187 1095 inimicos.

201 1121 282 1153 ergo
304 1106 468 1142 Christus
492 1109 558 1142 erit
580 1108 701 1142 efficax
725 1110 845 1143 divina
869 1110 1038 1154 potentia.
1098 1110 1187 1146 Item

202 1172 282 1193 vere
299 1166 396 1193 curat
414 1171 479 1192 nos
497 1159 592 1194 Deus
607 1160 644 1192 in
661 1160 723 1194 illo
741 1172 866 1204 regno,
893 1161 1069 1206 siquidem
1091 1163 1187 1194 affir-

201 1218 291 1252 mat,
318 1222 352 1243 se
373 1208 490 1244 hostes
507 1222 757 1255 oppressurum
776 1223 859 1247 esse.

302 1285 372 1320 Sed
397 1287 458 1331 qui
489 1293 572 1321 sunt
596 1287 649 1320 illi
673 1285 815 1321 hostes?
870 1286 1004 1320 Totum
1038 1299 1185 1331 regnum

202 1337 355 1381 diaboli,
384 1338 420 1370 id
446 1345 513 1379 est,
541 1337 705 1371 diabolus
728 1339 790 1383 qui
813 1344 863 1371 est
884 1345 987 1371 autor
1007 1339 1136 1382 peccati
1155 1345 1187 1371 et

201 1389 345 1429 mortis,
382 1395 415 1421 et
437 1401 500 1432 per
524 1395 706 1432 peccatum
737 1396 771 1423 et
796 1395 945 1422 mortem
975 1390 1145 1423 abstraxit
1168 1401 1188 1422 a

201 1439 282 1473 Deo
306 1450 415 1482 genus
438 1437 653 1479 humanum,
680 1445 715 1473 et
739 1446 851 1473 armat
875 1439 1002 1483 impios
1025 1438 1187 1473 homines

201 1491 369 1523 adversus
383 1486 563 1522 Christum
575 1516 584 1530 ‚
611 1496 650 1523 ut
665 1496 921 1535 persequantur
939 1491 1086 1523 verbum
1107 1490 1186 1524 Dei.

201 1540 277 1573 Hos
295 1538 412 1572 hostes
436 1540 545 1573 vincit
564 1538 746 1580 Christus,
773 1541 930 1573 abolebit
955 1549 1134 1584 peccatum
1155 1548 1187 1575 et

200 1597 369 1630 mortem,
386 1596 418 1623 et
434 1590 589 1624 destruet
606 1591 798 1634 potentiam
816 1591 970 1629 diaboli,
985 1599 1017 1625 et
1027 1592 1186 1624 omnium

202 1642 262 1686 qui
285 1648 546 1685 persequuntur
566 1643 711 1675 verbum
727 1641 809 1674 Dei:
839 1642 909 1674 illis
933 1654 1016 1674 vero
1043 1642 1104 1686 qui
1125 1643 1187 1675 ad-

202 1690 398 1725 haerebunt
413 1689 555 1726 Christo
567 1719 575 1732 ‚
602 1705 666 1726 nec
682 1699 880 1737 peccatum,
909 1704 973 1725 nec
989 1704 1104 1735 mors,
1124 1704 1188 1725 nec

202 1743 365 1776 diabolus
381 1754 507 1775 nocere
523 1743 669 1787 poterit,
697 1755 761 1776 nec
776 1743 849 1776 ulla
868 1743 934 1777 erit
957 1749 1053 1776 tanta
1076 1744 1188 1776 saevi—

203 1794 250 1827 tia
275 1794 421 1833 mundi,
454 1805 544 1837 quae
572 1794 682 1838 possit
713 1795 830 1827 delere
863 1792 996 1828 Christi
1027 1806 1189 1837 regnum.

204 1844 447 1888 Quaecunque
463 1845 671 1878 afflictiones
689 1845 858 1889 impetum
874 1845 1040 1878 adversus
1057 1857 1121 1878 nos
1138 1846 1188 1878 fa-

204 1895 322 1934 ciunt,
350 1895 524 1937 erigamus
540 1907 603 1928 nos
622 1894 686 1928 hac
703 1908 787 1928 voce
804 1895 887 1929 Dei:
917 1895 1008 1929 Sede
1024 1907 1041 1928 a
1060 1896 1190 1930 dextris

203 1945 310 1985 meis,
337 1946 448 1978 donec
469 1958 598 1989 ponam
625 1946 789 1979 inimicos
813 1954 892 1980 tuos
915 1947 1106 1980 scabellum
1129 1959 1189 1992 pe·-

204 1996 290 2028 dum
309 2002 472 2036 tuorum,
498 1997 534 2029 id
553 2003 619 2037 est,
646 1996 795 2030 sciamus
817 1995 1008 2031 Ecclesiam
1031 2005 1064 2031 et
1091 1998 1191 2031 omni

204 2057 330 2089 genere
348 2046 593 2080 adflictionum
612 2048 838 2080 exercendam
854 2060 936 2087 esse,
955 2055 987 2082 et
1001 2056 1119 2082 tamen
1137 2049 1190 2081 vi-

205 2097 345 2130 ctricem
372 2097 466 2135 fore,
491 2098 572 2142 quia
590 2095 754 2131 Christus
777 2099 871 2132 sedet
895 2100 937 2131 ad
956 2100 1113 2133 dextram
1130 2112 1191 2144 pa-

205 2148 284 2187 tris,
313 2154 345 2181 et
361 2146 457 2181 Deus
473 2148 636 2182 subiiciet
652 2161 775 2182 omnes
793 2149 968 2185 inimicos.

308 2223 439 2257 Paulus
454 2223 660 2260 1.Corinth.
676 2223 733 2258 15.
751 2225 918 2259 discernit
930 2236 1075 2268 regnum
1087 2224 1191 2260 Chri-

206 2274 250 2308 sti
279 2276 444 2309 certantis
477 2288 555 2308 cum
587 2274 768 2319 hostibus,
802 2277 847 2309 ab
877 2277 987 2310 altero
1014 2284 1122 2317 statu,
1153 2278 1191 2310 in

207 2338 276 2369 quo
297 2324 453 2359 Ecclesia
473 2326 665 2368 glorificata
685 2334 716 2360 et
731 2334 869 2371 accepta
890 2325 1103 2361 haereditate
1121 2329 1190 2361 iam

207 2388 284 2408 cum
308 2374 449 2410 Christo
468 2378 640 2420 regnabit.
695 2377 766 2411 Sed
788 2379 876 2411 illud
903 2379 1091 2412 discrimen
1117 2391 1190 2412 non

207 2427 387 2460 constituit
405 2428 510 2460 finem
531 2440 638 2470 regno
656 2425 806 2469 Christi,
833 2430 890 2461 sed
909 2430 1014 2462 finem
1039 2430 1091 2462 illi
1117 2442 1190 2462 cer-

207 2477 330 2509 tamini
359 2479 395 2510 in
422 2477 488 2511 hoc
514 2491 633 2521 regno.
696 2478 777 2512 Ideo
803 2480 934 2524 inquit:
966 2479 1118 2524 Oportet
1147 2481 1189 2513 il-

206 2526 279 2558 lum
298 2539 452 2569 regnare,
477 2531 588 2562 donec
606 2537 714 2573 ponat
731 2543 853 2563 omnes
868 2531 1029 2564 inimicos
1045 2532 1109 2564 sub
1129 2544 1188 2576 pe—

207 2576 311 2609 dibus
329 2578 412 2613 eius.
445 2579 492 2613 Et
509 2581 651 2624 quidem
671 2581 798 2614 adiecit
814 2582 1037 2620 sententiam,
1058 2582 1104 2615 *in
1122 2595 1189 2627 qua

207 2627 373 2661 describit
408 2626 538 2663 hostes:
581 2631 780 2665 Novissime
814 2633 955 2666 inimica
990 2634 1190 2667 destruetur

204 2689 309 2714 mors.

785 109 908 144 PHIL.
935 107 1051 146 MEL.
1081 108 1293 146 SCRIPTA
1320 108 1624 146 EXEGETICA.

2123 112 2222 149 1256

1286 195 1333 231 ΙΙ.
1388 199 1589 240 Sceptrum
1621 199 1729 243 regni
1762 199 1821 231 {ui
1857 200 2002 232 emittet
2034 199 2221 233 Dominus

1337 258 1386 282 ex
1411 250 1515 283 Sion.

1336 329 1405 364 Hic
1434 331 1478 366 de
1507 330 1584 364 loco
1608 329 1734 375 incipit
1756 330 1962 372 vaticinari,
1995 331 2058 365 ubi
2083 328 2150 365 hoc
2168 344 2225 365 re-

1235 393 1344 424 gnum
1377 382 1423 416 sit
1458 382 1695 421 incoandum,
1727 389 1767 417 ut
1790 381 2025 415 conscientiae
2051 388 2144 415 certo
2174 388 2226 415 te-

1236 440 1363 471 neant,
1399 433 1462 467 ubi
1487 433 1546 466 ille
1570 445 1628 465 rex
1652 434 1875 478 quaerendus
1900 432 1963 474 sit,
1996 432 2059 466 ubi
2082 432 2226 476 agnosci

1236 483 1355 526 possit.
1389 482 1455 518 Est
1471 496 1552 527 ergo
1569 495 1719 525 summa,
1747 482 1894 517 Initium
1911 480 2018 517 huius
2036 484 2134 526 regni
2150 484 2227 517 fore

1238 534 1276 566 in
1301 533 1399 567 Sion.
1454 534 1652 579 Utrumque
1676 535 1862 579 complecti
1886 546 2026 567 necesse
2050 540 2119 575 est,
2146 546 2227 578 per-

1238 596 1360 618 sonam
1378 585 1502 629 ipsam,
1530 591 1562 618 et
1581 586 1726 618 verbum
1745 597 1814 630 quo
1832 596 1978 627 regnum
1998 592 2226 630 propagatur.

1240 634 1317 679 lpse
1335 633 1498 670 Christus
1514 636 1688 669 affuturus
1705 642 1756 669 est
1779 636 1817 668 in
1838 635 1946 677 Sion,
1973 636 2046 680 ipse
2064 636 2229 669 domina-

1240 687 1336 720 bitur
1352 687 1422 727 ibi,
1449 693 1488 720 ut
1505 684 1563 719 hic
1582 686 1730 725 dicitur,
1756 685 1803 720 Et
1821 687 1887 720 erit
1906 688 2086 727 sacerdos,
2113 686 2149 719 id
2168 693 2229 727 est,

1240 737 1456 780 praedicabit
1473 738 1651 783 quoddam
1677 749 1811 770 novum
1833 738 1999 779 verbum,
2027 745 2060 772 et
2083 735 2229 772 habebit

1241 799 1343 821 suum
1370 790 1549 834 quoddam
1573 788 1801 829 sacrificium,
1836 795 1869 822 et
1896 789 2011 822 vincet
2036 788 2086 822 ibi
2111 786 2229 821 hostes

1241 850 1332 872 suos.
1386 837 1449 873 Est
1471 840 1579 883 igitur
1596 839 1789 873 sententia:
1818 837 2004 882 sceptrum
2022 839 2168 880 emittet,
2191 838 2229 871 id

1241 896 1311 928 est,
1342 889 1499 924 incoabit
1521 901 1690 933 reguum,
1712 889 1897 930 videlicet,
1926 890 2007 934 quia
2029 898 2061 924 et
2079 901 2230 934 persona

1240 940 1315 984 ipsa
1331 938 1465 974 Christi
1483 941 1532 974 ibi
1548 941 1677 979 aderit,
1701 947 1734 974 et
1749 941 1895 974 verbum
1913 952 2045 974 novum
2065 941 2114 975 ibi
2130 952 2229 985 spar-

1241 998 1316 1035 get,
1343 991 1431 1025 sicut
1448 990 1573 1025 Esaiae
1590 994 1623 1026 2.
1648 991 1796 1025 dicitur:
1831 990 1884 1023 Ex
1911 990 1999 1025 Sion
2027 991 2136 1025 exibit
2163 992 2230 1032 lex,

1242 1049 1274 1075 et
1296 1043 1442 1075 verbum
1466 1042 1612 1076 Domini
1636 1043 1679 1075 de
1702 1041 1936 1075 Hierusalem.
1991 1041 2037 1075 Et
2052 1043 2095 1076 de
2113 1042 2228 1075 officio

1241 1090 1348 1126 huius
1366 1094 1456 1136 regis
1478 1093 1604 1128 Esaiae
1623 1093 1701 1128 61.:
1737 1090 1794 1126 Ad
1821 1093 2113 1126 annunciandum
2138 1092 2230 1126 affli-

1242 1143 1305 1177 ctis
1323 1144 1416 1177 misit
1434 1157 1507 1184 me,
1534 1151 1573 1178 ut
1589 1144 1732 1177 medear
1748 1143 1910 1176 contritis
1930 1145 2047 1184 corde,
2076 1151 2110 1178 et
2128 1155 2230 1188 prae-

1242 1195 1355 1227 dicem
1373 1195 1519 1238 captivis
1544 1194 1815 1237 indulgentiam.
1871 1194 1974 1228 Talia
1997 1201 2116 1230 extant
2135 1194 2230 1239 apud

1243 1242 1437 1288 Prophetas
1460 1246 1571 1278 multa
1595 1253 1627 1279 et
1645 1244 1796 1278 illustria
1823 1245 2024 1292 testimonia
2051 1247 2095 1279 de
2120 1256 2230 1288 regno

1241 1293 1395 1337 Christi,
1430 1297 1525 1341 quod
1551 1297 1588 1329 in
1612 1295 1701 1330 Sion
1725 1295 1771 1329 sit
1796 1295 2030 1338 incoandum,
2065 1303 2099 1330 et
2126 1296 2230 1341 quale

1241 1346 1286 1379 sit
1299 1347 1471 1386 futurum,
1494 1347 1645 1386 scilicet,
1673 1347 1769 1391 quod
1787 1347 1896 1379 verbo
1912 1346 2230 1387 administrabitur,

1242 1409 1314 1429 non
1334 1398 1470 1440 gladio,
1499 1409 1572 1431 non
1595 1397 1628 1429 vi
1653 1397 1838 1441 corporali.
1891 1395 1940 1431 Et
1964 1398 2108 1443 quidem
2133 1398 2229 1443 quod

1242 1459 1315 1480 non
1340 1448 1413 1489 lex,
1447 1449 1506 1482 sed
1541 1448 1637 1481 aliud
1664 1460 1797 1481 novum
1826 1448 1975 1482 verbum
2006 1449 2230 1482 annuncians

1241 1499 1388 1532 salutem
1400 1523 1409 1537 ,
1437 1500 1706 1544 propagandum
1722 1498 1778 1532 sit.

1292 1589 1499 1624 Dominam
1517 1590 1612 1625 inter
1628 1590 1796 1625 inimicos
1813 1596 1905 1626 tuos.

1344 1666 1459 1698 Antea
1485 1666 1528 1698 de
1552 1666 1630 1698 loco
1655 1666 1761 1706 dixit,
1787 1666 1849 1698 ubi
1865 1665 2079 1698 incoandum
2104 1665 2150 1699 sit
2173 1678 2230 1700 re-

1242 1728 1370 1760 gnum,
1405 1728 1499 1748 nunc
1524 1717 1622 1749 addit
1645 1717 1749 1749 aliam
1772 1716 2091 1754 circumstantiam,
2126 1717 2229 1762 quale

1243 1768 1287 1802 sit
1316 1778 1465 1810 regnum
1489 1767 1662 1802 futurum.
1721 1765 1767 1800 Et
1788 1774 1870 1801 sunt
1892 1767 2132 1800 observandae
2156 1780 2229 1800 em-

1242 1816 1366 1863 phases
1383 1818 1582 1850 verborum.
1625 1816 1687 1851 Ait
1703 1817 1968 1852 dominaturum
1987 1829 2076 1859 esse,
2097 1825 2131 1852 et
2148 1818 2229 1863 qui-

1245 1871 1324 1903 dem
1361 1869 1454 1902 inter
1497 1868 1672 1903 inimicos.
1739 1867 1900 1902 Primum
1942 1869 2049 1912 igitur
2081 1869 2228 1914 pollice—

1244 1928 1303 1954 tur
1330 1920 1361 1952 ei
1387 1920 1592 1960 victoriam,
1625 1919 1714 1953 sicut
1738 1919 1925 1964 aliquoties
1956 1931 2061 1963 supra
2092 1920 2227 1954 dictum

1244 1979 1313 2011 est,
1341 1978 1374 2004 ct
1400 1971 1548 2003 eandem
1571 1970 1781 2004 sententiam
1807 1971 1899 2004 infra
1924 1976 2068 2014 repetet.
2130 1969 2228 2005 Haec

1244 2022 1437 2056 consolatio
1463 2028 1630 2066 quantam
1654 2021 1726 2053 vim
1752 2019 1894 2061 habeat,
1922 2033 1994 2054 non
2021 2027 2134 2064 potest
2150 2022 2228 2055 nisi

1244 2074 1282 2106 in
1301 2073 1391 2106 veris
1409 2071 1659 2105 certaminibus
1677 2072 1837 2115 intelligi.
1881 2071 1937 2105 Pii
1952 2073 2132 2106 luctantur
2147 2085 2228 2106 cum

1244 2130 1385 2169 peccato
1410 2130 1442 2157 et
1466 2135 1543 2156 cum
1571 2129 1698 2156 morte:
1727 2120 1783 2156 hic
1806 2123 1835 2156 si
1852 2123 1987 2166 erigant
2003 2123 2140 2156 animos
2161 2121 2227 2158 hae

1244 2175 1433 2214 sententia,
1458 2171 1639 2207 Christum
1657 2173 1824 2207 victorem
1844 2186 1917 2207 esse
1935 2175 2083 2218 peccati,
2112 2184 2145 2208 et
2161 2186 2226 2219 po-

1244 2227 1374 2260 stulare
1390 2233 1428 2259 ut
1444 2225 1662 2259 confidamus
1688 2231 1832 2268 propter
1856 2226 1970 2270 ipsum
1994 2225 2097 2258 nobis
2124 2225 2227 2269 igno-

1243 2277 1308 2318 sci,
1342 2274 1407 2309 hac
1429 2276 1554 2309 fiducia
1578 2283 1843 2320 consequuntur
1867 2289 1983 2309 veram
2014 2277 2227 2311 consolatio-

1243 2341 1345 2368 nem,
1369 2328 1543 2361 iusticiam
1570 2332 1602 2359 et
1627 2339 1767 2369 pacem,
1802 2328 1851 2361 sic
1874 2327 2098 2361 invocatione
2122 2325 2225 2362 Chri-

1243 2379 1286 2413 sti
1311 2379 1536 2412 defendimur
1559 2378 1725 2411 adversus
1751 2378 1898 2412 insidias
1919 2378 2064 2411 diaboli.
2118 2377 2226 2412 Prae-

1243 2437 1335 2463 terea
1362 2436 1432 2463 tota
1457 2427 1610 2461 Ecclesia
1637 2429 1672 2461 in
1689 2430 1822 2462 mundo
1840 2430 1887 2463 ita
1906 2429 2148 2471 conculcatur,
2177 2429 2223 2462 ita

1242 2480 1432 2524 negligitur
1455 2480 1600 2512 verbum
1629 2478 1713 2520 Dei,
1752 2487 1790 2513 ut
1813 2481 1976 2514 videatur
2002 2481 2159 2513 futurum
2185 2486 2224 2513 ut

1213 2558 1215 2564 ,
1241 2532 1356 2565 statim
1378 2531 1627 2573 extinguantur
1647 2529 1880 2573 Evangelium
1906 2538 1938 2565 et
1959 2529 2133 2568 Ecclesia,
2161 2531 2222 2564 sed

1242 2583 1323 2627 quia
1349 2582 1477 2615 scimus
1500 2579 1681 2614 Christum
1708 2592 1779 2614 esse
1796 2583 1981 2619 victorem,
2004 2587 2035 2614 et
2055 2587 2222 2624 perpetuo

1241 2640 1488 2676 regnaturum,
1515 2639 1706 2665 statuamus
1723 2644 1794 2665 non
1812 2644 1910 2676 posse
1927 2631 2080 2675 opprimi
2100 2630 2222 2664 Evan-

1241 2685 1391 2728 gelium,
1435 2691 1467 2717 et
1500 2695 1702 2717 mansuram
1734 2694 1805 2716 esse
1829 2681 2041 2723 Ecclesiam,
2084 2683 2221 2716 etiamsi
