2379 2948
525 439 600 480 IX.
679 436 1192 481 COMMENTARII
1244 437 1317 478 IN
1370 436 1700 482 PSALMOS

625 530 761 555 SCRIPTI
785 530 918 554 PARTlM
946 529 1044 553 ANNO
1071 529 1162 559 1555.‚
1195 529 1331 554 PARTIM
1358 521 1433 553 1553.
1459 529 1503 552 ΕΤ
1533 529 1606 552 1554.

403 616 496 653 (Eam
520 617 547 644 in
572 626 640 655 opp.
671 617 742 645 Mei.
767 617 873 646 witeb.
897 616 983 645 'r.11.
1008 625 1038 653 p.
1056 613 1118 644 548
1142 614 1223 653 sqq.)

348 783 683 814 HPOAEFOMENA
712 784 760 815 IN
789 784 1076 816 ARGUMENTA
1111 783 1167 814 AC
1196 781 1549 814 DISPOSITIONEM
1577 780 1869 813 PSALMORUM.
1894 824 1899 825 V

92 860 167 912 Ad
192 875 366 922 Ephesios
394 886 519 924 quarto
544 880 728 920 scribitur,
758 879 931 913 divinitus
955 880 1087 914 servari
1113 861 1116 900 ,¹
1142 891 1210 922 qua
1235 890 1270 912 se
1294 890 1374 912 vere
1400 885 1433 912 et
1458 885 1552 912 certo
1577 877 1739 923 patefecit
1761 875 1938 910 Ecclesiae
1959 872 2074 914 Deus,
2101 880 2134 907 et

93 929 332 963 ministerium
363 931 547 964 doctrinae
581 930 759 968 coelestis,
796 938 830 965 et
851 931 1002 965 subinde
1027 944 1086 964 ex-
1140 928 1196 964 his
1216 930 1448 963 concionibus
1467 930 1714 963 confirmemus
1732 929 1769 961 in
1786 927 1889 961 nobis
1906 926 2009 960 fidem
2025 931 2058 958 et
2075 924 2133 957 in-

93 980 192 1015 citari
222 979 438 1026 Prophetas,
472 981 633 1016 Pastores
663 988 696 1015 et
721 980 912 1021 Doctores,
948 995 993 1016 ne
1025 983 1085 1015 lux
1110 993 1113 1031 J
1139 981 1382 1023 vocationem,
1410 988 1442 1015 et
1457 980 1533 1015 Deo
1557 980 1686 1024 gratias
1707 990 1851 1024 agamus
1871 989 1936 1023 pro
1953 974 2018 1010 hac
2035 982 2132 1021 pate-

92 1031 274 1066 doctrinae
307 1033 484 1073 coelestis,
524 1045 606 1067 vera
640 1033 818 1066 invocatio
851 1032 918 1066 Dei
947 1041 980 1068 et
1010 1033 1085 1066 veri
1110 1035 1111 1039 ’
1138 1032 1290 1068 factione
1306 1039 1340 1067 et
1355 1030 1419 1066 hac
1435 1032 1607 1066 doctrina.

91 1084 206 1117 cultus
234 1083 504 1126 extinguantur,
538 1091 570 1118 et
602 1091 716 1118 totum
751 1095 861 1127 genus
886 1082 1083 1118 humanum
1109 1055 1112 1116 l
1241 1098 1388 1142 Sitergo
1400 1096 1750 1132 hocfundamenmm
1763 1095 2008 1136 enarrationis,
2035 1094 2132 1139 quod

90 1141 170 1168 ruat
185 1134 222 1166 ΞΠ
239 1135 420 1176 tenebras’
450 1147 586 1168 errores
604 1142 639 1168 et
655 1141 837 1168 aeternum
858 1135 1014 1171 exmum·
1138 1148 1269 1182 Psalmi
1294 1161 1375 1183 vere
1391 1149 1462 1184 sint
1480 1149 1661 1183 doctrinae
1678 1148 1763 1189 Dei,
1788 1155 1829 1182 ut
1847 1147 2019 1181 secundae
2034 1144 2132 1179 Petri

196 1184 248 1218 Ac
273 1186 380 1219 series
402 1193 601 1230 temporum
619 1184 796 1219 Ecclesiae
812 1184 897 1225 Dei,
925 1187 1008 1219 inde
1023 1197 1083 1219 us-
1137 1200 1252 1245 primo
1271 1201 1314 1234 de
1330 1198 1518 1245 prophetis
1535 1201 1675 1235 dicitur.

91 1249 158 1281 que
191 1248 208 1269 a
240 1236 363 1280 primis
391 1237 596 1281 parentibus
620 1236 776 1270 ostendit
799 1238 957 1282 exempla
977 1235 1083 1270 huius
1241 1267 1379 1302 Deinde
1411 1269 1576 1302 materias
1607 1266 1796 1301 discernito
1885 1265 1935 1301 Ut
1964 1264 2130 1298 universa

89 1293 242 1331 mgenns
265 1288 426 1332 beneficil
451 1287 528 1322 Dffl'
589 1287 750 1322 snbmde
774 1288 880 1320 duces
905 1295 937 1322 et
960 1289 1084 1321 docm-
1138 1319 1298 1353 doctrina
1316 1317 1494 1353 Ecclesiae
1514 1320 1551 1352 in
1569 1320 1656 1352 duas
1673 1324 1787 1362 partes
1802 1316 2049 1356 distribuitur,
2076 1314 2131 1347 vi-

88 1350 143 1422 ges:
173 1336 351 1422 {Ecckifflioe
383 1344 654 1423 {KmtatlAsssmth'
697 1344 784 1421 POStI
804 1335 911 1421 δεῖξ’
946 1336 1084 1421 ξῗοώ’
1137 1370 1265 1404 delicet
1289 1371 1400 1413 legem
1424 1377 1457 1404 et
1473 1369 1729 1412 Evangelium,
1757 1368 1805 1402 ita
1828 1368 2074 1401 discernantur
2098 1372 2132 1399 et

115 1400 217 1422 elme
282 1402 345 1430 oe’
414 1401 488 1427 em’
587 1401 623 1422 ra
656 1400 730 1429 am’
789 1399 870 1430 osep
908 1416 917 1430 ’
998 1401 1084 1430 oses'
1136 1419 1285 1454 Psalmi:
1315 1421 1377 1454 alii
1399 1421 1509 1464 magis
1532 1420 1717 1454 continent
1740 1419 1938 1453 doctrinam
1963 1417 2066 1460 legis,
2094 1416 2131 1449 id

89 1441 218 1474 demde
251 1439 416 1481 samuel'
462 1440 619 1474 bamueh
654 1446 897 1473 successerunt
926 1437 1082 1479 halhan’
1138 1478 1205 1513 est,
1233 1479 1416 1517 praecepta
1441 1479 1473 1505 et
1498 1469 1778 1505 adhortationes:
1809 1470 1869 1504 alii
1891 1468 2002 1512 magis
2018 1467 2130 1501 inter-

87 1490 203 1525 David
231 1497 264 1524 et
288 1491 360 1525 alii.
413 1491 506 1524 Nam
531 1491 593 1524 illa
611 1497 706 1524 aetas
724 1490 883 1524 omnium
903 1491 1083 1524 florentis-
1472 1523 1480 1530 ,
1521 1523 1528 1530 ,
1784 1522 1790 1530 ,
1842 1522 1849 1529 ,
2061 1519 2069 1525 .

1136 1530 1323 1566 pretantur
1365 1535 1637 1569 promissionem
1681 1523 1724 1555 de
1765 1519 1907 1556 Christo
1949 1531 2130 1565 propriam

88 1543 175 1575 sima
202 1542 267 1575 fuit
280 1569 288 1582 ‚
315 1549 348 1575 et
366 1543 517 1575 maxime
534 1549 656 1575 ornata
675 1541 846 1586 sapientia
863 1549 895 1575 et
915 1542 1082 1576 victoriis.
1301 1575 1322 1581 ..
1414 1575 1436 1582 ..
1729 1573 1736 1580 .
2073 1567 2097 1604 ὃ

87 1594 230 1627 Deinde
257 1593 367 1626 secuti
392 1600 474 1626 sunt
497 1591 613 1634 Elias,
640 1591 847 1633 Helisaeus,
874 1590 968 1626 hunc
992 1594 1083 1628 vidit
1137 1572 1340 1635 Evangeluff
1377 1575 1437 1608 ³1¹¹
1470 1586 1615 1619 prorsus
1648 1580 1827 1631 pei-[mem
1856 1574 1898 1606 ad
1933 1582 2041 1615 genus
2068 1621 2076 1627 .
2099 1582 2129 1627 t·—

1137 1622 1365 1660 (Ῡασκαλικον
1388 1637 1448 1659 seu
1471 1626 1808 1666 demonstrativum,
1835 1631 1873 1658 ut
1896 1623 2003 1658 PsaL:
2031 1620 2130 1654 Dixit

87 1642 229 1682 Esaias,
256 1641 398 1677 Esaiam
419 1644 509 1677 vidit
529 1643 712 1684 Ieremias,
742 1643 925 1676 Ieremiam
943 1644 1082 1680 Daniel.
1236 1676 1243 1683 .
1423 1677 1431 1684 .
1542 1676 1549 1683 .
1753 1676 1760 1683 .
1920 1675 1927 1681 .
1969 1674 1975 1681 .
2032 1672 2040 1679 .

87 1694 137 1729 Hi
161 1706 282 1728 omnes
305 1696 451 1730 fuerunt
474 1696 652 1735 doctores,
682 1707 743 1738 per
759 1706 847 1740 quos
865 1693 962 1728 Deus
979 1702 1011 1729 et
1032 1703 1082 1729 te·
1136 1674 1333 1734 Dominus,
1372 1689 1432 1722 qui
1463 1682 1514 1735 est
1540 1682 1784 1735 interpretatio
1814 1684 2060 1719 promissionis
2086 1672 2129 1705 de

88 1746 255 1780 stimonia
285 1747 398 1781 edidit
420 1758 501 1780 suae
525 1745 788 1790 patefactionis,
822 1753 856 1779 et
883 1745 1080 1780 doctrinam
1136 1725 1291 1785 Chmfto·
1354 1727 1394 1761 Id
1419 1739 1513 1760 emm
1538 1739 1766 1771 praefflpuum
1794 1734 1843 1760 est
1869 1723 2128 1783 pfopheiamm

1137 1779 1311 1819 officium,
1339 1785 1442 1813 testes
1468 1790 1539 1812 esse
1564 1779 1606 1811 de
1631 1784 1782 1811 venturo
1805 1777 1934 1811 Messio
1961 1783 1994 1810 et
2018 1781 2129 1809 inter-

1138 1837 1251 1874 pretes
1281 1829 1576 1875 promissionum:
1604 1829 1666 1862 alii
1698 1835 1781 1862 sunt
1804 1827 1941 1872 generis
1967 1826 2129 1867 suasorii,

1137 1888 1175 1914 ut
1200 1881 1262 1926 qui
1288 1881 1546 1915 concionantur
1569 1881 1611 1913 de
1628 1880 1733 1913 bonis
1751 1880 1938 1925 operibuS,
1968 1884 2027 1911 aut
2044 1888 2129 1910 con-

1137 1932 1297 1966 solantur
1319 1933 1396 1976 pios
1422 1932 1460 1964 in
1482 1931 1752 1972 afflictionibus,
1780 1938 1840 1964 aut
1865 1929 2048 1963 continent
2068 1940 2129 1973 pe-

1137 1984 1298 2024 titiones,
1323 1990 1361 2017 ut
1377 1982 1537 2016 Psalmus
1554 1980 1630 2018 51.:
1658 1981 1831 2016 Miserere
1848 1981 1918 2015 mei
1935 1980 2040 2015 Deus.

88 1797 300 1838 illustravit,
337 1804 371 1831 et
402 1797 516 1831 voluit
548 1809 606 1830 eos
636 1796 747 1840 Iegem
774 1803 807 1830 et
830 1797 1082 1840 promissiones

87 1849 314 1892 interpretari
344 1855 466 1882 contra
490 1846 755 1894 hypocritarum
781 1847 934 1888 iudicia,
967 1861 1005 1882 ac
1030 1855 1081 1882 te-

88 1907 154 1934 stes
180 1911 252 1932 esse
278 1911 379 1933 verae
405 1899 718 1943 interpretationis.
772 1897 823 1932 Ita
844 1897 938 1932 Deus
957 1899 995 1932 in
1012 1897 1080 1933 Ec-

88 1951 190 1985 clesia
216 1957 249 1984 et
274 1962 377 1985 suurn
401 1951 548 1984 verbum
572 1957 605 1984 et
627 1951 762 1984 donum
780 1949 1081 1994 interpretationis

87 2003 234 2045 largitus
250 2009 311 2036 est.

191 2052 338 2096 Quoties
363 2053 472 2097 igitur
494 2054 536 2086 de
562 2053 711 2087 alicuius
729 2049 927 2096 Prophetae
950 2053 1079 2097 scripto

88 2104 299 2148 cogitamus,
332 2111 403 2139 tota
436 2104 645 2148 gubernatio
671 2103 850 2138 Ecclesiae
880 2111 996 2138 mente
1024 2105 1078 2137 in-

86 2156 219 2189 tuenda
251 2161 318 2193 est,
352 2163 384 2189 et
418 2156 716 2189 considerandum
747 2155 833 2200 quid
867 2155 910 2189 sit
943 2156 1078 2190 vocatio

86 2203 309 2251 prophetica,
336 2213 374 2240 ut
397 2207 585 2240 conciones
610 2204 834 2251 propheticas
850 2206 1001 2239 sciamus
1017 2220 1076 2240 vo·
1135 2206 1284 2249 singulis
1301 2205 1468 2247 Psalmis,
1495 2212 1529 2238 et
1551 2212 1706 2238 mentem
1733 2211 1764 2238 et
1789 2216 1849 2237 cor
1867 2203 1910 2236 ad
1929 2202 2029 2235 illum
2050 2213 2127 2235 mo—

86 2270 160 2292 cem
188 2256 255 2290 Dei
283 2268 354 2290 esse
379 2269 413 2290 se
438 2258 680 2301 patefacientis
703 2258 822 2301 generi
843 2255 1022 2299 humano,
1048 2266 1077 2292 et
1136 2264 1210 2291 tum
1227 2257 1467 2291 accommodet
1483 2257 1544 2302 qui
1562 2256 1784 2301 proponitur,
1813 2254 2044 2297 amplectatur
2058 2252 2126 2286 fide

1105 1971 1111 2308 t
1238 2050 1334 2085 Haec
1352 2063 1477 2095 genera
1496 2051 1726 2084 discernenda
1743 2057 1844 2091 suut,
1870 2056 1908 2083 ut
1925 2049 2011 2082 fines
2029 2047 2128 2081 Psal-

85 2305 301 2353 Prophetam
326 2318 398 2341 esse
423 2309 708 2343 concionatorem
730 2310 785 2342 vel
806 2310 1076 2352 gubernatorem
1100 2312 1111 2715 Ι
1136 2309 1351 2350 doctrinam,
1387 2315 1590 2352 expavescat
1619 2307 1770 2340 lectione
1796 2304 2125 2342 comminationum,

1136 2115 1276 2137 morum
1310 2103 1574 2146 intelligantur,
1615 2101 1683 2135 hoc
1712 2108 1780 2142 est,
1821 2107 1860 2134 ut
1891 2100 1975 2134 sciat
2006 2100 2128 2141 lector,

1136 2154 1221 2200 quid
1246 2154 1331 2188 velit
1355 2155 1480 2188 docere
1507 2154 1563 2187 vel
1587 2154 1721 2187 efficere
1747 2152 1900 2198 Spiritus
1926 2158 2066 2184 sanctus
2089 2150 2127 2183 in

85 2366 249 2393 vocatum
274 2371 292 2392 a
310 2357 385 2392 Deo
409 2359 631 2402 immediate,
660 2367 693 2394 et
716 2361 984 2404 comprobatum
1004 2373 1077 2394 cer-
1134 2367 1350 2394 sustentetur
1374 2359 1637 2402 promissionib.
1661 2359 1826 2391 ardenter
1852 2362 1963 2400 petat,
1991 2361 2022 2388 et
2047 2366 2126 2387 vere

86 2412 130 2446 tis
153 2410 351 2451 miraculis,
379 2416 412 2443 et
434 2416 556 2444 testem
581 2423 683 2445 verae
701 2411 1006 2456 interpretationis
1027 2412 1076 2445 le·
1134 2419 1288 2456 expectet
1327 2411 1584 2453 mitigationem
1623 2408 1880 2446 calamitatum,
1924 2406 2126 2439 meminerit

85 2463 137 2506 gis
176 2469 210 2496 et
249 2461 526 2506 promissionum
566 2462 768 2496 divinarum
807 2466 849 2498 de
883 2464 1078 2497 mediatore
1133 2463 1285 2506 insignia
1305 2461 1503 2495 testimonia
1522 2462 1725 2503 dogmatum
1743 2457 1940 2497 Ecclesiae,
1967 2457 2010 2490 ad
2027 2457 2126 2490 alen-

86 2511 240 2548 Christo.
1132 2515 1212 2547 dam
1243 2520 1275 2547 et
1304 2512 1580 2545 confirmandam
1610 2511 1733 2548 fidem,
1773 2510 1863 2542 sicut
1892 2506 2056 2552 Apostoli
2086 2520 2125 2540 ex

188 2564 240 2597 Ac
261 2564 483 2607 singulorum
506 2564 674 2598 miracula
691 2565 891 2598 testimonia
911 2571 992 2598 sunt
1011 2566 1077 2598 do-

87 2615 219 2649 ctrinae
236 2615 406 2660 ipsorum.
460 2614 518 2649 Sic
531 2627 612 2659 ergo
629 2614 814 2649 audiamus
827 2613 976 2650 Davidis
990 2628 1077 2649 con-

87 2666 220 2709 ciones,
256 2673 425 2712 tanquam
452 2679 573 2701 vocem
592 2665 661 2702 Dei
685 2673 871 2700 sonantem
893 2668 937 2700 de
963 2667 1075 2709 coelo,

1131 2564 1271 2598 Psalmo
1300 2563 1360 2597 16.
1399 2563 1609 2595 confirmant
1648 2561 1942 2594 resurrectionem
1980 2556 2125 2593 Christi.

1129 2615 1225 2650 Haec
1241 2613 1420 2649 distinctio
1436 2613 1473 2645 in
1491 2624 1617 2656 genere
1634 2612 1782 2645 multum
1800 2612 1888 2645 lucis
1905 2611 2016 2644 adfert
2026 2609 2124 2643 Psal-

1130 2668 1216 2708 mis,
1243 2672 1282 2699 ut
1301 2665 1457 2710 prudens
1476 2664 1585 2698 lector
1601 2663 1702 2698 facile
1721 2663 1905 2707 intelliget.
