2379 2948
88 97 186 134 1009
506 94 609 131 VIII.

84 181 280 220 beneficiis,
317 189 350 215 et
390 181 627 216 accusationes
664 193 743 215 cum
782 181 1072 226 amplificatione:

83 233 248 268 Caeterae
271 239 391 277 gentes
418 233 464 266 ita
492 233 626 267 deletae
648 244 686 266 ac
703 233 891 277 dissipatae
907 239 1007 273 sunt,
1035 240 1073 266 ut

83 296 156 318 non
180 284 250 318 sint
276 284 470 318 restitutae:
510 283 581 317 Vos
609 283 745 317 etiamsi
775 284 879 317 eratis
902 283 1073 327 dissipati,

82 342 199 369 tamen
227 335 399 369 divinitus
423 335 574 369 restituti
599 335 698 375 estis,
734 334 823 368 sicut
845 334 961 379 inquit
980 333 1072 367 Iere-

83 387 188 419 mias:
219 385 488 420 Misericordiae
499 384 665 423 Domini,
694 386 788 429 quod
806 397 880 418 non
898 385 1071 419 consumti

83 449 214 471 sumus.
256 437 362 471 Initio
374 444 489 470 autem
506 442 613 469 totam
629 443 765 479 gentem
783 443 931 477 accusat,
954 443 1072 480 postea

83 489 293 523 nominatim
312 487 505 532 alloquitur
522 488 728 521 sacerdotes,

235 571 392 621 offertis
415 584 556 618 panem
582 574 775 618 pollutum.

184 642 360 688 Loquitur
377 648 493 676 autem
512 642 554 675 de
572 642 722 686 panibus
740 642 1004 686 propositionis,
1033 649 1071 676 ut

83 701 202 728 noster
221 701 332 727 textus
352 693 533 733 nominat,
561 694 603 726 de
621 694 749 738 quibus
768 700 887 727 extant
905 695 1069 727 mandata

43 748 55 751 ”
82 743 198 779 Exodi
213 743 273 779 25.
292 751 324 777 et
346 743 494 777 Levitici
511 746 570 779 24.
589 745 650 778 ubi
669 745 767 778 iubet
788 756 894 789 panes
923 745 969 779 12
996 745 1069 777 sin-

81 796 172 839 gulis
195 795 349 829 sabbatis
382 796 554 829 collocare
582 796 618 828 in
647 808 803 829 mensam
838 796 1068 832 tabernaculi.

81 846 125 880 Et
143 846 302 890 singulos
319 846 396 881 vult
412 847 487 880 fieri
511 859 549 880 ex
574 847 711 881 duabus
727 847 872 880 decimis
892 845 1005 891 Ephi,
1032 848 1069 880 id

80 904 129 931 est
163 898 335 931 medimni
364 896 486 931 Attici.
548 897 634 931 Erat
673 905 788 932 autem
820 898 954 931 decima
987 896 1069 943 ephi

80 955 213 993 septem
245 949 386 983 sextarii
419 949 572 990 farinae,
618 957 649 984 et
688 950 871 995 aliquanto
907 950 1069 994 amplius.

78 998 194 1034 Erant
218 1000 326 1043 igitur
349 1001 438 1034 duae
456 1001 611 1034 decimae
631 1001 899 1046 quatuordecim
918 1000 1069 1036 sextarii.

82 1049 179 1084 Hinc
198 1051 350 1095 intelligi
368 1058 482 1096 potest
500 1063 607 1096 panes
626 1053 776 1095 grandes
793 1052 912 1093 fuisse,
939 1059 972 1086 et
990 1052 1071 1097 qui-

80 1102 160 1135 dem
184 1109 418 1146 congruentes
446 1104 489 1136 ad
522 1115 723 1136 mensuram
751 1103 876 1136 veteris
900 1103 1068 1136 demensi.

80 1150 241 1186 Chaenix
257 1153 391 1187 farinae
409 1161 481 1187 erat
499 1154 601 1198 panis
626 1166 688 1198 pro
707 1160 857 1199 quatuor
876 1155 1070 1187 nummulis

81 1204 310 1240 nostratibus.
378 1203 595 1238 Continebat
637 1212 752 1238 autem
791 1202 937 1238 chaenix
982 1206 1071 1238 duos

81 1255 248 1289 sextarios
271 1255 417 1291 farinae.
471 1256 564 1299 Ergo
582 1268 673 1289 unus
699 1256 799 1300 panis
819 1257 1071 1300 propositionis

80 1306 286 1339 continebat
309 1314 440 1350 septem
466 1304 668 1347 chaenicaS,
695 1314 733 1340 ut
758 1318 851 1341 unus
879 1308 979 1351 panis
997 1309 1071 1340 sus-

81 1357 197 1390 ficeret
212 1356 291 1390 usui
308 1354 465 1390 hominis
485 1369 545 1402 per
569 1358 814 1402 septimanam.

183 1406 279 1441 Haec
301 1408 550 1449 observentur,
589 1416 628 1442 ut
653 1420 755 1442 causa
789 1409 889 1443 istius
920 1409 1008 1442 ritus
1039 1414 1073 1441 et

80 1459 216 1493 utilitas
237 1459 498 1498 consideretur,
530 1460 611 1504 quia
640 1457 695 1492 his
729 1460 880 1504 panibus
911 1460 1072 1492 alebatur

80 1508 188 1543 huius
208 1510 398 1544 sacerdotis
415 1511 548 1543 familia
568 1511 627 1556 qui
645 1524 707 1544 suo
726 1517 882 1555 tempore
899 1511 1072 1544 sacrifica-

80 1562 149 1594 bat.
205 1559 311 1603 Quod
328 1568 444 1595 autem
462 1561 597 1607 inquit,
627 1560 760 1595 Offerri
781 1573 886 1606 panes
903 1562 1070 1606 pollutos,

82 1612 270 1656 praecipue
293 1613 336 1645 de
358 1613 518 1656 personis
540 1613 775 1656 intelligatur,
803 1625 892 1658 quae
915 1613 1071 1657 pollutae

82 1670 182 1698 erant
206 1663 326 1707 impiis
350 1664 601 1708 opinionibus,
629 1664 725 1698 cultu
758 1665 954 1705 idolorum,
988 1663 1072 1696 libi-

82 1714 247 1755 dinibus,
281 1714 374 1747 odiis
396 1714 609 1755 factionum,
649 1715 867 1759 parricidiis,
897 1722 930 1748 et
955 1721 1071 1748 tamen

82 1766 297 1804 offerebant,
325 1772 357 1799 et
381 1766 560 1809 fingebant
586 1763 671 1800 haec
696 1766 862 1800 sacrificia
887 1777 959 1799 esse
977 1778 1072 1799 sum-

82 1829 138 1850 ma
165 1817 308 1855 merita,
337 1823 375 1850 ut
400 1815 533 1850 Oniam
557 1829 736 1851 summum
761 1818 978 1851 sacerdotem
1012 1829 1073 1851 cu—

83 1868 173 1901 ravit
189 1868 338 1901 interfici
355 1868 461 1901 irater
473 1868 675 1910 Menelaus,
702 1876 736 1903 et
751 1869 879 1902 invasit
896 1880 1073 1902 summum

83 1920 329 1955 sacerdotium.
383 1918 441 1953 Sic
458 1920 654 1954 offerebant
681 1921 877 1953 sacerdotes
893 1917 1074 1953 Pharisaei

84 1977 117 2003 et
141 1969 338 2004 Sadducaei
368 1970 546 2015 inquinati
571 1972 669 2005 tetris
694 1972 873 2004 erroribus
897 1978 930 2005 et
953 1971 1074 2004 multis

84 2021 284 2057 sceleribus,
347 2021 490 2055 Talium
522 2022 689 2056 sacrificia
722 2029 804 2056 sunt
837 2022 944 2066 impia
978 2022 1074 2055 iuxta

85 2071 218 2105 dictum
242 2071 322 2105 Pro.
351 2070 410 2107 15.
443 2072 615 2107 victimae
643 2074 832 2118 impiorum
856 2073 1074 2107 abominatio

86 2121 249 2156 Domini:
277 2121 404 2158 Oratio
419 2131 534 2158 autem
553 2132 728 2158 rectorum
747 2125 859 2169 placet
879 2125 928 2163 ei,
959 2131 992 2158 et
1007 2123 1074 2157 Ec—

88 2174 181 2207 clesi.
207 2172 260 2208 4.:
297 2173 428 2209 Melior
456 2183 506 2210 est
531 2177 751 2218 obedientia,
778 2188 883 2221 quam
912 2175 1074 2209 victimae

88 2225 297 2265 stultorum,
325 2226 386 2270 qui
405 2228 567 2261 nesciunt
595 2235 765 2273 quantum
784 2227 914 2261 faciant
932 2227 1075 2260 malum.

88 2274 216 2310 Oseas:
246 2275 529 2311 Misericordiam
552 2279 651 2320 volo,
686 2291 758 2313 non
776 2278 997 2312 sacrificium.

190 2326 378 2361 Praevidet
396 2335 512 2362 autem
530 2329 684 2375 Spiritus
701 2338 840 2364 sanctus
864 2330 900 2362 in
916 2327 1077 2374 Prophe-

88 2379 132 2412 tis
149 2378 298 2424 loquens
323 2379 365 2411 de
391 2379 541 2423 panibus
563 2382 706 2424 pollutis
724 2382 827 2416 etiam
846 2381 1076 2414 calamitatem

87 2436 283 2474 postremae
308 2427 505 2471 Ecclesiae,
535 2431 570 2463 in
597 2444 665 2477 qua
688 2445 793 2467 coena
820 2431 969 2466 Domini
993 2430 1078 2465 hor-

89 2481 241 2514 ribiliter
266 2482 505 2515 contaminata
531 2489 591 2517 est.
643 2482 732 2517 Nam
765 2483 951 2518 sacrificuli
979 2483 1078 2527 papi-

91 2532 168 2565 stici
191 2533 357 2566 adferunt
378 2533 422 2565 ad
448 2544 522 2565 eam
542 2533 693 2576 pollutas
713 2542 847 2568 mentes
865 2534 983 2578 impiis
1001 2534 1079 2578 opi-

92 2583 261 2617 nionibus
279 2589 310 2616 et
328 2583 550 2628 turpitudine
567 2584 675 2625 vitae,
701 2592 734 2619 et
750 2585 786 2618 fit
802 2586 962 2619 adoratio
981 2586 1080 2630 panis

93 2641 188 2667 extra
212 2634 414 2668 institutum
433 2647 554 2675 usum,
582 2647 671 2681 quae
693 2642 744 2669 est
766 2637 950 2670 manifesta
967 2637 1081 2670 idola-

93 2684 170 2719 tria.
223 2684 354 2729 Papam
379 2686 416 2719 in
441 2687 577 2729 magnis
600 2687 737 2731 pompis
763 2687 939 2732 praecedit
972 2700 1082 2733 equus

146 2737 320 2769 Mamm.
343 2739 445 2770 Orza.
475 2739 552 2769 Voc.
572 2739 663 2772 XIII.

664 93 1066 131 EXPLICATIONES
1094 95 1144 130 IN
1172 95 1371 132 INITIUM
1401 95 1706 134 MALACHIAE.

2026 104 2121 138 1010

1128 189 1263 226 gestans
1291 194 1417 225 panem
1451 190 1713 226 consecratum,
1745 184 1834 218 sicut
1857 184 2034 220 Persicum
2062 201 2115 221 re-

1127 246 1216 276 gem,
1243 234 1472 277 praecedebat
1488 246 1608 279 equus,
1636 241 1773 278 gestans
1791 235 1917 279 ignem,
1946 239 2004 282 qui
2023 241 2115 282 apud

1127 284 1249 317 Persas
1274 284 1474 324 colebatur,
1504 293 1535 319 et
1567 286 1818 320 nominabatur
1845 285 2052 330 Orimasda,
2080 290 2115 322 id

1127 342 1195 379 est,
1223 336 1343 368 lumen
1362 342 1532 369 sanctum.
1587 334 1643 369 Ad
1666 333 1756 370 hanc
1774 344 1881 371 totam
1899 341 2117 382 profanatio-

1127 398 1207 419 nem
1230 386 1527 420 accommodanda
1554 393 1604 419 est
1629 384 1712 420 haec
1744 388 1851 422 tristis
1874 392 2047 424 accusatio
2074 392 2116 424 de

1126 450 1216 482 pane
1241 437 1396 481 polluto,
1422 444 1455 470 et
1481 437 1523 469 de
1547 437 1769 480 despectione
1798 452 1947 474 mensae.
2000 442 2057 475 Sic
2085 449 2117 475 et

1127 489 1219 532 apud
1260 486 1401 521 Esaiam
1441 487 1639 521 tristissima
1673 490 1813 532 querela
1852 498 1900 524 est
1941 504 2014 536 cap.
2039 493 2114 526 2&

1127 537 1262 572 Omnes
1285 539 1378 572 enim
1405 550 1544 571 mensae
1575 539 1728 582 repletae
1759 548 1840 574 sunt
1872 544 2007 576 vomitu
2040 555 2116 577 sor-

1126 591 1225 623 dium
1253 597 1315 624 etc.
1378 589 1473 622 Haec
1501 587 1678 622 horrenda
1714 591 1803 623 mala
1837 595 2055 635 agnoscenda
2084 602 2113 628 et

1125 642 1342 685 deploranda
1361 647 1453 682 sunt,
1472 647 1505 674 et
1520 641 1675 674 orandus
1691 647 1741 674 est
1757 640 1870 676 Filius
1883 641 1962 684 Dei,
1988 651 2025 677 ut
2044 646 2116 689 ipse

1126 705 1163 726 ea
1199 694 1379 734 emendet,
1411 692 1611 738 quaerenda
1645 692 1749 725 etiam
1777 705 1857 727 vera
1881 695 2039 731 doctrina
2073 697 2115 728 de

1125 756 1232 778 coena
1252 743 1399 778 Domini
1419 750 1452 777 et
1468 742 1546 776 aliis
1564 742 1730 777 cultibus.

1373 855 1432 879 DE
1470 854 1641 880 COENA
1677 855 1867 881 DOMINI.

1227 913 1345 948 Etiam
1381 922 1535 948 vetustas
1574 914 1697 949 recitat
1737 912 1828 949 hanc
1861 915 2115 953 definitionem.

1125 966 1392 1001 Sacramentum
1416 973 1465 999 est
1489 966 1628 1009 signum
1647 966 1795 1010 gratiae:
1823 967 1919 1001 iuxta
1944 965 2034 1001 hanc
2056 970 2116 1002 de-

1124 1018 1323 1051 finitionem
1345 1024 1438 1051 recte
1456 1018 1669 1050 intellectam
1687 1018 1778 1051 nulli
1804 1019 1892 1052 ritus
1916 1030 1976 1052 seu
2002 1026 2116 1063 gestus

1125 1069 1278 1102 instituti
1293 1067 1448 1102 humana
1465 1069 1652 1102 autoritate
1669 1076 1987 1105 suntsacramenta.
2030 1070 2115 1104 Item

1126 1121 1214 1153 ritus
1241 1120 1375 1163 divini,
1404 1119 1463 1164 qui
1488 1131 1561 1152 non
1584 1126 1665 1153 sunt
1688 1121 1830 1164 proprie
1849 1121 1947 1164 signa
1966 1122 2117 1165 promis-

1126 1171 1234 1204 sionis
1259 1172 1302 1204 (le
1321 1170 1520 1204 Mediatore
1546 1178 1576 1204 et
1597 1171 1724 1213 gratia,
1751 1184 1823 1204 nou
1841 1172 1982 1215 proprie
2001 1173 2116 1205 nomi-

1126 1231 1257 1256 nantur
1280 1228 1516 1262 sacramenta,
1551 1229 1589 1255 ut
1622 1222 1838 1265 coniugium.
1892 1222 1959 1256 Sed
1990 1224 2118 1256 omissa

1126 1270 1345 1315 logomachia
1379 1273 1528 1306 sciamus
1557 1279 1773 1306 sacramenta
1816 1273 1852 1305 in
1885 1286 1977 1307 novo
2013 1281 2117 1307 testa-

1126 1331 1245 1358 mento
1270 1335 1341 1356 esse
1366 1324 1454 1357 ritus
1470 1323 1650 1357 institutos
1665 1324 1709 1356 ab
1726 1324 1802 1366 ipso
1823 1324 1921 1357 Filio
1938 1323 2026 1363 Dei,
2056 1326 2117 1369 qui

1126 1383 1208 1409 sunt
1225 1375 1321 1417 signa
1339 1374 1561 1407 testificantia
1579 1375 1622 1406 de
1646 1374 1880 1417 promissione
1899 1376 2049 1417 gratiae,
2080 1383 2115 1408 ut

1126 1432 1207 1460 sunt
1223 1424 1442 1469 Baptisinu5‚
1470 1423 1587 1458 Coena
1606 1422 1767 1458 Domini.

1231 1492 1323 1526 Sunt
1347 1498 1462 1525 autem
1491 1491 1643 1524 instituti
1672 1490 1762 1524 ritus
1790 1498 1935 1535 propter
1960 1493 2119 1536 publicas

1127 1551 1159 1578 et
1177 1544 1330 1588 privatas
1346 1554 1464 1576 causas
1476 1570 1485 1583 ‚
1512 1543 1653 1586 publice
1669 1548 1751 1576 sunt
1767 1542 1864 1585 signa
1881 1543 2119 1577 distinctionis

1126 1594 1302 1629 Ecclesiae
1331 1607 1349 1628 a
1372 1594 1516 1628 caeteris
1540 1591 1764 1634 hominibus,
1797 1601 1835 1627 ut
1861 1594 2056 1638 baptismus
2087 1602 2119 1629 et

1127 1658 1235 1680 coena
1261 1645 1406 1678 Domini
1432 1645 1636 1678 discernunt
1657 1642 1850 1677 Ecclesiam
1876 1645 1919 1678 ab
1951 1646 2029 1678 aliis
2054 1644 2119 1679 ho-

1126 1698 1293 1731 minibus.
1351 1696 1438 1729 Vult
1469 1696 1563 1728 enim
1593 1693 1688 1729 Deus
1727 1707 1802 1728 eam
1835 1696 2007 1740 conspici,
2044 1698 2121 1730 vult

1127 1748 1267 1793 agnosci
1286 1747 1418 1781 Filium
1435 1755 1468 1781 et
1485 1745 1643 1780 exaudiri
1662 1747 1699 1779 in
1716 1753 1789 1780 toto
1808 1758 1933 1790 genere
1953 1744 2121 1789 humano,

1128 1802 1217 1833 sicut
1234 1799 1367 1832 dictum
1386 1806 1452 1832 est:
1478 1797 1585 1831 Hunc
1601 1797 1731 1831 audite.
1785 1797 1870 1831 Item
1883 1825 1891 1838 ‚
1920 1797 1960 1831 In
1977 1810 2118 1832 omnem

1128 1859 1256 1885 terram
1280 1850 1388 1884 exivit
1409 1861 1516 1882 sonus
1543 1860 1677 1883 eorum.
1732 1847 1818 1882 Vult
1842 1856 1956 1882 extare
1984 1850 2119 1883 confes-

1129 1903 1283 1942 sionem,
1311 1908 1344 1935 et
1368 1907 1488 1934 notam
1512 1911 1583 1933 esse
1608 1899 1868 1933 invocationem
1894 1899 2119 1936 Sanctorum.

1130 1954 1235 1993 Item,
1262 1951 1379 1986 Coena
1404 1950 1551 1985 Domini
1569 1957 1617 1984 est
1635 1962 1765 1984 nervus
1783 1951 1944 1995 publicae
1971 1963 2119 1995 congre—

1129 2004 1294 2049 gationis:
1322 2003 1403 2048 quia
1421 2003 1515 2036 enim
1532 2002 1626 2036 Deus
1641 1999 1708 2035 hoc
1722 2003 1828 2035 modo
1847 2002 1980 2045 colligit
1997 2000 2120 2036 Eccle—

1129 2057 1217 2089 siam
1244 2061 1277 2088 et
1292 2066 1364 2088 non
1389 2054 1509 2094 aliter,
1537 2052 1671 2087 scilicet
1693 2065 1777 2086 voce
1801 2051 2008 2097 Evangelii,
2043 2053 2119 2087 vult

1129 2105 1221 2140 hanc
1251 2117 1376 2140 sonare
1414 2106 1450 2138 in
1490 2104 1641 2149 publicis
1675 2102 1831 2138 honestis
1865 2104 2119 2145 congressibus,

1129 2160 1218 2192 sicut
1233 2158 1366 2191 dictum
1394 2164 1460 2190 est:
1489 2155 1530 2189 In
1549 2155 1792 2188 conveniendo
1812 2156 1982 2199 populum
2006 2161 2038 2188 et
2064 2167 2120 2188 re-

1130 2221 1186 2254 ges
1210 2209 1246 2242 in
1270 2221 1403 2249 unum,
1438 2214 1478 2241 ut
1503 2206 1657 2240 serviant
1681 2206 1850 2241 Domino.
1904 2204 1949 2239 Et
1976 2213 2013 2239 ut
2039 2206 2119 2238 talis

1130 2260 1353 2304 congregatio
1378 2260 1422 2293 sit
1443 2257 1679 2302 conspectior,
1708 2264 1740 2290 et
1767 2257 1865 2302 quasi
1888 2257 2029 2289 foedere
2052 2256 2118 2289 ali-

1131 2325 1200 2358 quo
1226 2311 1406 2356 copulata,
1432 2308 1491 2343 hic
1508 2309 1597 2343 ritus
1614 2308 1755 2341 additus
1773 2315 1841 2348 est,
1869 2307 1928 2352 qui
1952 2314 2001 2340 est
2021 2307 2119 2340 simi-

1130 2365 1172 2397 lis
1191 2362 1353 2397 libationi
1369 2362 1516 2395 usitatae
1532 2359 1701 2404 patribus.
1752 2357 1828 2391 Hae
1851 2357 2012 2402 publicae
2035 2370 2118 2391 cau-

1131 2427 1187 2449 sae
1206 2426 1278 2448 non
1295 2420 1375 2447 sunt
1391 2413 1572 2446 obscurae.

1234 2481 1431 2525 Diligenter
1462 2484 1579 2511 autem
1613 2475 1748 2519 privata
1774 2485 1874 2507 causa
1909 2475 1944 2507 in
1973 2476 2121 2519 singulis

1134 2533 1387 2568 consideranda
1412 2536 1478 2569 est,
1505 2527 1665 2560 videlicet
1693 2526 1786 2571 quod
1811 2533 2025 2560 sacramenta
2053 2528 2122 2560 sint

1135 2584 1334 2619 testimonia
1360 2579 1552 2615 voluntatis
1577 2577 1641 2611 Dei
1673 2588 1753 2620 erga
1773 2589 1846 2611 nos.
1893 2576 1940 2611 Ut
1965 2579 2057 2611 enim
2083 2578 2119 2610 in

1135 2635 1369 2681 promissione
1391 2632 1537 2666 offertur
1561 2628 1671 2672 gratia
1697 2640 1756 2661 seu
1784 2628 2043 2669 reconciliatio,
2075 2629 2122 2661 sic

1137 2688 1172 2720 in
1198 2685 1253 2720 his
1280 2684 1430 2718 externis
1453 2682 1581 2717 ritibus
1605 2680 1696 2712 idem
1714 2686 1889 2720 servatur,
1915 2686 1945 2713 et
1969 2680 2056 2713 ritus
2073 2686 2123 2713 est

1559 2730 1607 2765 64
