2379 2948
164 113 240 147 523

167 195 288 229 corde.
347 189 426 224 Alia
458 186 649 221 accidentia
685 190 769 217 sunt
802 182 1070 226 inseparabilia,
1108 187 1157 217 ut,

173 243 373 290 quantitas,
400 252 460 273 seu
484 236 689 279 magnitudo
716 247 733 267 a
757 234 951 267 substantia
979 243 1159 276 corporea,

176 297 272 329 calor
289 294 331 326 ab
354 291 444 334 igni,
471 286 664 320 humiditas
686 285 729 318 ab
758 296 867 329 aqua,
895 295 967 317 non
994 294 1158 327 separan-

177 355 245 382 tur,
272 346 483 385 Quanquam
499 345 614 371 autem
630 348 701 369 non
718 335 934 368 abiiciuntur
949 335 991 367 ab
1006 332 1061 366 iiis
1079 333 1160 365 sub—
1185 336 1186 341 ¹

180 395 333 431 stantiis,
361 401 445 435 quas
462 388 641 427 recensui,
667 393 782 419 tamen
808 385 985 430 quantitas
1009 382 1162 417 mutabi-

181 449 261 480 liter
285 444 392 481 inest,
418 440 504 472 alias
530 446 579 472 est
602 438 732 476 maior,
760 437 844 472 alias
863 437 991 469 minor.
1045 432 1091 467 Et
1108 445 1163 465 ca-

181 500 290 530 lorem
309 493 345 524 iu
365 491 442 524 aliis
462 490 565 522 rebus
583 489 743 521 videmus
760 487 924 530 separari,
943 497 1050 530 quare
1067 483 1164 517 aliud

183 603 358 630 stantiam.

184 654 223 680 ut
241 646 397 678 iuniores
417 642 573 678 discant,
600 640 694 672 aliud
714 649 786 670 esse
803 637 1046 675 substantiam,
1069 635 1165 668 aliud

186 694 400 732 accidentia,
430 699 461 725 et
479 690 689 734 cogitatione
714 689 931 721 discernant:
961 687 1042 734 quia
1069 697 1169 728 saepe

187 746 423 782 necessarium
447 749 497 775 cst
522 741 730 779 discrimen,
765 746 803 771 ut
833 739 926 770 aliud
958 745 1008 770 :st
1042 736 1171 775 anima,

190 798 286 833 aiiud
315 797 419 829 timor
442 792 518 827 Dei.
574 791 689 823 Potest
717 789 808 822 enirn
833 788 937 822 abiici
967 788 1073 820 timor
1093 786 1171 819 Dei.

191 850 239 883 lit
270 848 350 892 quia
382 842 588 888 separabiiia
624 840 815 873 accidentia
846 840 955 881 magis
985 837 1171 881 conspicua
1197 837 1199 850 '

193 905 286 938 sunt,
314 897 390 928 ideo
411 894 491 926 inde
508 898 619 925 sumta
638 898 688 924 est
708 890 853 934 puerilis
872 888 1075 932 descriptio:
1106 888 1174 922 Ac-

195 952 314 982 cidens
337 953 403 985 est,
438 944 532 988 quod
557 943 649 974 adest
677 949 708 974 et
737 942 834 974 abest
865 947 999 984 praeter
1028 938 1175 971 subiecti

197 998 468 1041 corruptionem.

197 1049 375 1096 quomodo
392 1044 612 1078 defendenda
630 1043 673 1075 sit
694 1039 777 1074 baec
794 1042 971 1080 definitio,
996 1052 1073 1072 cum
1102 1051 1175 1072 non

199 1099 383 1134 conveniat
404 1095 569 1128 otnuilms
591 1092 850 1131 accidentibus,
879 1092 959 1136 quia
988 1091 1079 1133 ignis
1105 1102 1177 1122 non

201 1151 320 1184 abiicit
346 1148 513 1180 calorem:
548 1145 604 1175 sed
640 1143 723 1175 satis
749 1150 796 1175 est
822 1143 1054 1186 respondere,
1089 1139 1178 1173 lianc

201 1199 471 1243 descriptionem
490 1195 658 1238 puerilem
680 1194 721 1225 de
741 1193 916 1238 plerisque
931 1192 1180 1231 accidentibus,
1204 1200 1206 1226 ζ

200 1261 234 1285 et
252 1250 397 1283 maxime
411 1245 608 1289 conspicuis
624 1245 736 1287 loqui,
763 1244 799 1276 in
819 1256 968 1288 quorum
986 1243 1181 1275 abiectione
1205 1255 1206 1259 ¹

201 1302 380 1348 perspicue.
399 1297 572 1330 ceruimus
585 1322 592 1335 ,
621 1295 715 1326 aliud
733 1305 803 1327 esse
821 1294 1065 1331 substantiam,
1085 1293 1181 1325 aliud
1206 1302 1208 1310 ¹

202 1351 405 1386 accidentia.
465 1346 539 1383 Hac
573 1345 723 1388 simplici
766 1345 988 1379 excusatione
1026 1343 1181 1378 contenti

203 1406 321 1438 simus.

232 1483 415 1529 Quomodo
444 1482 620 1517 dicuntur
647 1480 867 1515 accidentia
897 1478 942 1513 de
968 1475 1169 1513 subiectis?

307 1554 429 1588 Sciant
449 1551 624 1591 iuniores,
661 1549 896 1582 accidentium
927 1559 999 1581 esse
1032 1546 1186 1592 duplicia

209 1605 372 1642 nomina:
401 1603 624 1636 Abstractum
641 1607 674 1634 et
690 1599 914 1633 Concretum.
960 1598 1184 1631 Abstractum

209 1665 256 1691 est
275 1654 549 1691 substantivum,
575 1658 612 1684 ut
629 1649 858 1683 Grammatici
877 1649 1089 1692 loquuntur,
1115 1659 1186 1693 quo

209 1709 303 1743 nuda
323 1705 449 1749 species
467 1714 525 1734 seu
542 1702 652 1734 sorma
670 1713 732 1744 per
752 1712 786 1732 se
810 1700 1027 1733 considerata
1053 1698 1187 1742 signifi-

211 1766 325 1795 catur,
352 1762 390 1788 ut
406 1753 543 1787 albedo.
597 1751 667 1785 Nec
686 1751 756 1783 dici
776 1757 903 1795 potest:
932 1749 1051 1782 Paries
1067 1756 1116 1781 est
1135 1748 1187 1780 al-

210 1810 311 1843 bedo.
350 1806 416 1839 Sed
438 1804 650 1837 Concretum
666 1808 716 1836 cst
732 1802 942 1842 adies-tivum
955 1827 962 1840 ‚
990 1800 1189 1842 significans

213 1859 406 1893 subiectum
426 1853 558 1887 habens
585 1854 753 1892 sormam,
782 1860 820 1885 ut
845 1852 976 1884 album.
1030 1850 1106 1882 Hac
1129 1862 1190 1892 ap-

212 1908 400 1956 pellatione
418 1905 561 1943 utimur,
578 1915 655 1935 curn
674 1902 865 1936 accidentia
884 1902 1091 1934 tribuuntur
1108 1901 1191 1933 sub—

215 1961 328 1999 iectis,
355 1956 434 2002 quia
451 1955 569 1987 album
587 1965 659 1986 non
678 1953 849 1996 significat
865 1953 996 1984 nudam
1012 1952 1173 1985 sormam.

253 2047 356 2085 Quae
377 2044 431 2074 est
448 2039 598 2073 utilitas
617 2037 807 2072 doctrinae
824 2034 1156 2082 praedicabilimn?

318 2107 410 2141 [sus
428 2105 606 2149 praecipui
624 2111 706 2137 sunt
726 2111 887 2149 quatuor.
940 2102 1098 2135 Primum
1123 2103 1195 2135 dis-

216 2165 364 2194 cernunt
392 2157 520 2200 gradus
552 2155 805 2188 vocabulorum
839 2154 874 2186 in
905 2154 993 2186 serie
1027 2153 1196 2197 cuiusque

216 2207 504 2257 praedicamenti:
552 2206 602 2239 ibi
632 2206 727 2238 velut
749 2204 843 2238 tituli
869 2211 970 2245 sunt,
1004 2211 1036 2237 et
1063 2204 1196 2237 indices

217 2259 456 2296 communium
475 2264 507 2290 et
524 2262 750 2300 angustarum
770 2267 907 2290 vocum.

319 2309 500 2348 Secundo,
526 2315 671 2352 prosunt
691 2307 731 2339 ad
749 2306 981 2345 definitiones,
1009 2305 1089 2349 quia
1107 2316 1196 2337 sem-

218 2374 279 2406 pet
307 2360 507 2403 angustiora
536 2358 704 2391 vocabula
738 2357 956 2390 definiuntur
988 2367 1049 2398 per
1080 2356 1197 2400 aliqua

219 2411 477 2449 communiora,
506 2418 543 2443 ut
562 2421 622 2453 per
639 2420 770 2451 genus,
795 2414 854 2441 aut
877 2406 1086 2447 accidentia,
1116 2407 1196 2440 item

221 2474 282 2506 per
300 2461 535 2493 differentiam
553 2467 586 2492 ct
606 2459 799 2503 proprium.

322 2510 466 2551 Tertio,
492 2517 640 2555 prosunt
664 2512 706 2542 ad
732 2509 937 2543 iudicandas
963 2507 1199 2541 connexiones

221 2572 366 2600 vocum,
394 2561 429 2592 id
448 2567 516 2602 est,
545 2561 587 2593 ad
609 2561 820 2601 videndum,
847 2571 935 2605 quae
959 2559 1088 2603 quibus
1109 2566 1199 2591 recte

220 2612 321 2654 iungi
340 2610 490 2655 possint,
517 2611 599 2655 quia
616 2623 737 2644 omnes
754 2612 865 2644 iustae
881 2610 1116 2643 connexiones
1139 2620 1200 2642 seu

220 2661 510 2708 praedicationeS,
537 2663 726 2696 secundum
746 2673 965 2697 communem
982 2668 1126 2694 naturae
1139 2672 1200 2694 or-

434 100 650 139 scnnvm
679 99 753 134 ru.
779 95 892 132 Mer.
922 96 987 133 AD
1014 95 1141 131 utsr,
1168 95 1310 133 eaor.
1338 93 1403 130 ET
1432 92 1621 132 muros,
1645 92 1962 134 erc‘rANTm.

521 992 591 1025 Nec
609 1003 695 1035 opus
716 998 765 1025 est
785 991 905 1024 subtili
924 989 1176 1034 disputatione,
1200 984 1202 1000 ⁴

2117 93 2192 131 524

1207 182 1347 222 dinem,
1376 187 1576 223 congruunt
1595 181 1634 212 ad
1653 181 1806 225 aliquem
1826 181 1974 215 istorum
1994 183 2191 216 modorum.

1208 231 1443 276 Excip'iend.ie
1461 238 1541 264 sunt.
1560 231 1652 263 enim
1674 232 1973 275 praedicationes,
2001 245 2088 278 quas
2105 246 2191 266 voco

1210 283 1413 323 inusitatam,
1441 284 1482 315 de
1500 282 1571 314 lilio
1590 280 1670 314 Dei:
1700 281 1794 314 Deus
1813 289 1862 315 est
1881 279 2005 323 bomo,
2036 283 2191 317 Verbum

1209 345 1291 366 caro
1308 334 1436 367 sactum
1456 340 1517 367 est.
1554 331 1594 365 In
1614 333 1759 378 reliquis
1778 332 1942 372 materiis,
1961 333 2019 365 ubi
2039 335 2080 366 de
2098 347 2193 367 com,

1212 384 1312 417 muni
1328 384 1453 416 ordine
1471 390 1615 416 natu-rae
1641 383 1839 428 loquimur,
1867 395 1936 414 non
1963 390 2073 426 potest
2096 385 2194 427 iungi

1212 435 1423 467 wocabulum
1451 434 1640 472 vocabulo,
1669 434 1735 466 nisi
1761 431 1815 466 liis
1844 434 1975 473 modis,
2009 439 2047 465 nt
2071 441 2130 467 aut
2154 436 2196 467 de

1189 507 1191 532 ὲ
1214 485 1403 517 individuo
1421 486 1568 528 species,
1596 491 1653 517 aut
1669 485 1712 517 de
1730 484 1842 528 specie
1860 485 1913 516 vel
1940 485 1983 516 de
2010 484 2195 517 individuo

183 545 354 592 quiddam
375 552 448 574 esse
466 541 679 577 iudicamus,
708 550 811 582 quam
837 538 945 581 ipsam
968 535 1059 578 ignis
1083 535 1166 567 sub·
1189 534 1191 536 ’

411 590 505 624 llaec
537 590 651 623 brevis
686 587 976 622 cominonesactio
1009 584 1192 623 sufficiam*

1213 546 1342 578 genus,
1370 541 1429 567 aut
1446 535 1656 575 diflert-ntia,
1683 543 1742 568 aut
1761 534 1943 579 proprium
1962 541 2020 567 aut
2040 535 2199 567 accidens

1217 586 1450 632 praedicetur.
1506 586 1545 617 ln
1565 582 1627 617 lios
1656 598 1782 628 paucos
1805 587 1928 618 modos
1954 585 2091 618 erudite
2118 597 2199 629 pro-

1218 635 1410 679 positiones
1428 646 1549 667 omnes
1567 635 1603 666 in
1623 636 1802 668 communi
1826 637 1951 668 ordine
1975 643 2119 668 naturae.
2145 636 2202 668 in-

1219 687 1335 718 clusae
1361 693 1452 718 sunt.
1507 684 1578 718 Nec
1601 685 1774 729 disparata
1802 687 1931 729 species
1958 688 1999 718 de
2026 687 2201 730 disparata

1195 752 1198 766 ι
1219 736 1289 769 dici
1310 742 1441 779 potest,
1467 742 1524 776 ut,
1553 733 1658 768 homo
1678 742 1728 769 est
1746 736 1875 769 asinus.
1929 734 1975 769 Et
1993 735 2074 769 hinc
2093 737 2204 769 sumi-

1222 794 1279 820 tur
1303 787 1491 819 discrimen
1515 787 1556 818 de
1582 787 1922 830 praedicationibus,
1949 788 2041 832 quod
2067 798 2204 821 necesse

1198 856 1199 861 =
1223 844 1271 870 est
1291 837 1490 870 iunioribus
1514 837 1550 869 in
1575 844 1763 881 conspectu
1788 849 1878 877 esse,
1906 844 1944 870 ut
1971 838 2204 877 considerent,

1199 906 1200 910 =
1225 901 1313 933 quae
1330 888 1586 931 propositiones
1605 888 1676 921 sint
1693 889 1916 929 necessariae,
1943 901 2032 933 quae
2052 901 2124 921 non
2144 900 2207 921 ne—

1200 939 1404 979 {ccssai-iae.
1458 939 1564 979 Item,
1594 939 1628 971 iu
1661 940 1788 983 quibus
1818 950 1931 972 sermo
1961 940 2006 972 sit
2035 939 2208 983 proprius,

1228 997 1260 1022 et
1279 989 1460 1034 inquibus
1478 989 1645 1032 figuratus
1664 990 1717 1022 sit.
1772 988 1811 1021 ld
1830 989 2019 1022 discrimen
2044 1002 2123 1022 mox
2145 990 2208 1022 ad-

1228 1041 1327 1080 dam,
1354 1041 1412 1072 sed
1432 1040 1529 1083 prius
1548 1048 1670 1083 quarta
1689 1040 1819 1073 utilitas
1837 1040 2013 1074 recitetur.

1331 1090 1465 1132 Quarta
1503 1091 1637 1123 utilitas
1668 1097 1734 1124 est:
1783 1090 1985 1124 Necessario
2022 1087 2211 1123 cohaerent

1204 1160 1206 1187 ᾗ
1231 1141 1371 1185 species,
1401 1152 1522 1183 genus,
1548 1141 1757 1180 differentia,
1782 1148 1817 1174 et
1835 1142 2030 1185 proprium.
2069 1139 2114 1175 Et
2129 1153 2210 1184 pro-

1231 1192 1425 1236 positiones
1444 1205 1483 1224 ex
1501 1190 1554 1224 bis
1572 1192 1737 1224 membris
1753 1192 1873 1233 factae,
1890 1199 1971 1226 sunt
1987 1191 2211 1226 necessariae.

1205 1229 1207 1250 t
1233 1243 1406 1276 Accidens
1426 1255 1506 1275 vero
1523 1243 1565 1274 de
1584 1243 1738 1276 subiecto
1757 1254 1827 1276 uon
1855 1243 2049 1276 necessario
2073 1242 2213 1287 praedi-

1233 1301 1351 1334 catur,
1379 1294 1436 1326 sed
1457 1294 1711 1336 contingenter.
1747 1294 1799 1326 Ac
1815 1294 1965 1327 discerni
1983 1295 2081 1328 firma
2097 1299 2130 1326 et
2148 1293 2213 1325 im·-

1206 1347 1209 1373 l
1233 1351 1327 1378 mota
1344 1356 1362 1377 a
1379 1344 1611 1378 mutabilibus
1627 1356 1713 1387 opus
1730 1351 1790 1375 est.

1489 1427 1587 1467 Quid
1614 1431 1670 1461 est
1696 1425 1966 1463 PraedicaliOZ

1338 1494 1557 1528 praedicatio
1603 1501 1675 1536 est,
1715 1494 1754 1527 in
1796 1495 2037 1538 propositione
2070 1497 2217 1531 attribui

1238 1546 1477 1590 praedicatum
1495 1546 1664 1580 subiecto,
1715 1542 1763 1578 Et
1784 1552 1823 1578 ut
1848 1546 2141 1589 praepositiones,
2168 1547 2217 1581 ita

1238 1596 1516 1641 praedicationes
1557 1596 1740 1639 partimur.
1807 1594 2114 1630 praedicationum
2148 1598 2216 1631 alia

1239 1659 1319 1679 vera
1347 1653 1414 1686 est,
1448 1657 1536 1690 quae
1560 1658 1639 1678 cum
1662 1658 1719 1685 re,
1753 1646 1796 1679 de
1821 1658 1888 1690 qua
1913 1646 2047 1692 aliquid
2069 1648 2217 1682 affirmat

1239 1705 1299 1731 aut
1321 1703 1439 1740 negat,
1468 1697 1649 1739 congruit,
1676 1703 1732 1735 ut,
1760 1696 1848 1739 lapis
1873 1704 1922 1730 est
1948 1698 2074 1740 gravis.
2136 1697 2218 1732 Alia

1239 1757 1290 1782 est
1307 1748 1412 1787 salsa,
1438 1759 1527 1791 quae
1542 1761 1559 1779 a
1580 1759 1616 1779 re
1636 1747 1807 1782 dissentit.
1859 1746 1930 1782 Sed
1952 1749 2089 1782 omissis
2113 1750 2219 1791 falsis,

1241 1806 1433 1844 partiamur
1448 1809 1557 1833 veras.

1330 1882 1515 1924 Quomodo
1545 1882 1727 1917 dividitur
1755 1894 1845 1916 veru
1865 1882 2133 1926 praedicatio?

1346 1949 1437 1983 Vera
1455 1951 1669 1993 praedicatio
1686 1958 1743 1983 aut
1764 1957 1812 1982 est
1838 1951 2025 1992 regularis,
2051 1959 2111 1985 aut
2133 1952 2221 1996 figu-

1245 2007 1336 2041 rata,
1363 2009 1401 2034 ut
1418 2001 1595 2035 inusitata.
1646 1999 1834 2043 Regulam-is
1857 2009 1926 2041 est,
1948 2014 2035 2046 quae
2060 2004 2222 2046 congruit

1245 2053 1289 2084 ad
1316 2051 1467 2095 aliquem
1500 2052 1644 2083 modum
1671 2063 1709 2083 ex
1733 2051 1889 2096 quinque
1916 2053 2224 2096 praedicabilibus,

1247 2104 1281 2135 id
1300 2109 1366 2141 est,
1393 2102 1452 2134 ubi
1472 2102 1602 2145 species
1619 2102 1661 2133 de
1679 2102 1876 2139 individuo,
1904 2109 1963 2135 aut
1980 2104 2022 2136 de
2040 2104 2153 2147 specie
2168 2106 2224 2147 vel

1247 2153 1434 2186 individuo
1459 2164 1585 2195 genus,
1612 2159 1673 2185 aut
1694 2153 1911 2192 differentia,
1944 2161 2004 2188 aut
2028 2155 2225 2200 proprium,

1247 2210 1307 2237 aut
1322 2204 1481 2236 accidens
1497 2203 1729 2247 praedicatur.

1350 2254 1515 2298 Figurata
1533 2260 1581 2286 cst
1603 2254 1640 2286 iu
1664 2265 1824 2286 sermone
1849 2255 2061 2298 improprio,
2089 2257 2151 2289 ubi
2172 2263 2224 2290 ta-

1249 2317 1329 2338 men
1346 2305 1517 2337 sententia
1534 2316 1613 2337 vera
1632 2311 1693 2344 est,
1722 2311 1752 2337 et
1772 2305 1962 2347 significata
1980 2306 2223 2350 similitudine,

1247 2364 1286 2390 ut
1307 2357 1341 2388 in
1358 2353 1583 2399 metaphora,
1607 2362 1666 2388 aut
1681 2355 1872 2398 significata
1891 2356 2106 2397 continente,
2132 2358 2225 2391 utin

1221 2397 1223 2428 Ι
1248 2403 1478 2452 synecdoche.
1536 2404 1583 2439 Et
1617 2403 1701 2439 haec
1726 2407 1886 2439 doctrina
1912 2418 1951 2438 ex
1975 2405 2225 2441 Grammaticis

1250 2455 1318 2490 buc
1335 2457 1511 2489 afferenda
1526 2464 1585 2489 est.
1612 2456 1822 2500 Congruunt
1837 2464 1951 2490 autem
1969 2457 2132 2499 figuratae
2147 2471 2225 2492 cum

1250 2508 1469 2551 regularibus
1494 2515 1525 2541 et
1549 2508 1855 2551 interpretatione,
1881 2514 1935 2540 nt:
1961 2506 2153 2552 Tyrannus
2176 2516 2226 2543 est

1250 2559 1372 2602 lupus,
1407 2558 1440 2590 id
1474 2566 1543 2598 est,
1578 2559 1702 2591 similis
1730 2559 1825 2601 lupo.
1884 2556 1980 2589 Haec
2013 2560 2226 2601 praedicatio

1251 2609 1412 2652 congruit
1431 2621 1507 2650 cum
1526 2609 1689 2653 regulari,
1717 2609 1797 2653 quia
1812 2614 1861 2640 est
1876 2608 2068 2641 accidentis
2086 2610 2128 2642 de
2144 2611 2228 2643 sub-

1253 2660 1356 2694 iecto:
1392 2657 1552 2694 Christus
1576 2667 1624 2693 est
1650 2671 1777 2703 agnus,
1814 2658 1848 2691 id
1873 2665 1942 2701 est,
1975 2659 2100 2693 similis
2127 2671 2229 2704 agno,
