2379 2948
218 120 284 153 139

214 202 427 245 superiorem
452 201 665 245 potentiam,
689 212 729 231 eo
754 206 910 241 constat,
938 201 1017 246 quia
1037 203 1190 237 actiones
1213 210 1219 238 Ι
1240 215 1317 236 mae
1341 210 1568 245 congruentes
1593 215 1671 236 cum
1697 204 1769 246 lege
1794 203 1872 239 Dei.

213 252 379 285 habemus
392 279 399 291 ‚
427 263 511 295 quas
528 252 656 282 hestiae
673 261 743 281 non
762 250 892 283 imitari
910 261 1066 295 possunt.
1111 253 1186 286 Πο-

213 316 269 335 1110
300 308 480 337 numerat,
518 299 679 341 intelligit
713 312 782 333 11011
817 306 953 334 tantum
987 303 1188 346 singularia,

211 354 270 386 scd
289 353 390 384 etiam
408 349 636 386 universalia,
666 347 770 384 habet
788 351 933 384 noticias
952 353 1104 393 innatas,
1133 365 1188 385 ra—

213 403 400 435 tiocinatur
422 402 522 440 longe
539 399 605 431 alia
627 411 666 431 ex
686 400 780 441 aliis,
807 402 934 435 extruit
956 410 1065 442 artes,
1094 403 1188 436 iudi-

213 460 263 484 cat
287 449 570 484 ratiocinationes
593 460 688 489 suas,
716 457 748 483 et
765 449 993 494 deprehendit
1017 465 1055 485 ac
1079 459 1190 486 mutat

213 507 345 539 errata,
373 497 478 531 habet
494 505 588 532 actus
612 500 773 541 reflexos,
798 508 837 534 ut
854 510 996 542 vocant,
1023 503 1189 536 discernit

212 550 354 583 honesta
373 556 405 582 ct
431 549 563 592 turpia,
591 550 758 583 deliberat
785 552 885 593 longa
910 553 1187 586 ratiocinatione.

210 600 304 632 Ilaec
323 611 392 632 non
413 605 493 631 sunt
511 601 710 632 communia
729 601 830 633 nobis
849 614 926 634 cum
946 603 1074 642 bestiis,
1103 603 1190 636 sicut

210 650 365 683 actiones
384 660 568 689 sensuum,
594 650 712 682 videre
726 677 733 690 ,
762 652 901 690 audire,
930 653 965 684 in
986 653 1113 696 quibus
1131 665 1190 685 su-

209 706 333 743 perant
352 710 416 731 nos
437 699 539 731 etiam
563 700 710 740 bestiae,
738 707 774 733 111
793 701 864 733 acie
887 703 1070 735 oculorum
1088 703 1189 747 aqui-

210 751 281 790 lae,
308 750 456 782 odoratu
476 749 643 783 vultures,

311 797 371 831 Est
397 798 503 841 igitur
526 800 668 842 propria
691 798 827 833 liomini
853 802 1005 845 potentia
1035 803 1190 836 rationa-

212 851 272 885 tis,
298 856 336 882 ut
359 849 562 889 nominant,
598 862 686 893 quae
711 858 759 884 est
782 862 915 884 summa
937 853 989 884 vis
1014 850 1189 886 humanae

212 900 357 932 animae.
410 897 454 931 Et
474 897 563 931 hanc
581 901 771 942 potentiam
790 902 915 935 usitate
932 903 1115 936 nominant
1134 904 1190 935 in-

212 950 421 992 organicam.
474 948 550 981 Etsi
567 950 659 981 enim
680 950 716 981 in
738 948 801 983 hac
817 952 886 984 vita
905 963 1024 985 sensus
1044 953 1190 986 interio-

212 1012 266 1032 res
298 1000 327 1031 ei
356 998 513 1032 serviunt
539 1006 570 1032 et
604 1000 738 1033 obiecta
762 1001 932 1042 offerunt,
970 1010 1085 1035 tamen
1110 1015 1188 1036 611111

212 1051 324 1082 anima
345 1049 524 1081 discedens
543 1061 560 1081 a
577 1061 720 1092 corpore
743 1063 839 1082 suam
863 1053 1038 1095 quandam
1064 1050 1190 1085 habeat

211 1100 403 1137 actionem,
432 1106 462 1131 et
480 1109 559 1131 suos
575 1106 706 1138 motus,
735 1100 863 1133 dieitur
880 1101 1093 1143 inorganica.

314 1147 412 1180 Duae
429 1155 506 1180 sunt
527 1149 702 1189 potentiae
721 1149 757 1180 in
779 1147 841 1182 hac
857 1162 990 1183 summa
1012 1159 1124 1194 parte,
1151 1159 1190 1185 111

212 1199 259 1230 sic
277 1198 407 1229 dicam:
444 1196 644 1230 Intellectus
661 1205 691 1231 et
709 1199 882 1234 voluntas.
926 1200 1076 1234 Retineo
1095 1202 1188 1234 enim

212 1249 353 1280 usitatas
369 1248 619 1290 adpellationes
644 1255 676 1281 61
693 1249 967 1283 distributiones.
1020 1250 1190 1294 Augusti-

213 1310 289 1334 nus,
314 1304 350 1330 ut
370 1305 537 1330 monstret
556 1298 739 1339 imaginem
760 1297 825 1331 Dei
845 1300 881 1331 in
898 1301 1027 1341 anima,
1051 1309 1119 1334 tres
1138 1303 1189 1334 vi-

211 1359 264 1380 res
282 1347 454 1379 nominat:
482 1346 692 1379 Memoriam
705 1375 713 1387 ,
741 1349 954 1382 intellectum
976 1359 1008 1384 et
1026 1352 1189 1385 volunta-

211 1404 293 1431 tem,
334 1396 401 1428 Sed
419 1397 459 1428 de
484 1397 633 1438 imagine
649 1397 713 1429 Dei
740 1405 854 1440 postea
872 1400 998 1433 dicam.
1038 1399 1114 1434 Etsi
1128 1414 1190 1433 au-

212 1455 280 1479 tem
305 1453 420 1487 postea
446 1447 553 1487 magis
579 1448 798 1490 perspicuum
816 1449 897 1488 erit,
926 1461 1030 1493 quare
1053 1463 1189 1484 necesse

213 1498 257 1529 sit
273 1495 423 1527 discerni
450 1496 662 1529 intellectum
683 1504 713 1530 et
732 1498 958 1539 voluntatem,
987 1511 1046 1532 5611
1065 1508 1188 1544 poten-

211 1547 295 1580 tiam
321 1553 583 1587 cognoscentem
615 1554 646 1579 et
678 1554 915 1590 appetentem,
952 1556 1067 1582 tamen
1096 1563 1189 1584 nunc

212 1607 352 1640 quoque
376 1597 413 1627 in
436 1596 628 1635 vestibulo,
662 1598 816 1630 iuniores
842 1599 883 1630 de
904 1600 1051 1633 utilitate
1084 1599 1188 1634 huius

211 1645 422 1679 discriminis
443 1647 653 1678 admonendi
675 1654 767 1680 sunt.
820 1648 929 1681 Aliud
947 1661 1017 1682 esse
1033 1651 1190 1692 noticias,

213 1696 307 1728 aliud
339 1695 444 1727 serias
467 1697 695 1739 appetitiones
720 1698 799 1729 sciri
829 1710 964 1731 necesse
993 1708 1058 1740 est,
1090 1702 1188 1734 utin

211 1745 378 1788 Pompeio
397 1746 523 1778 noticia
551 1753 599 1778 est
620 1746 712 1779 Iulii.
766 1746 811 1780 Et
836 1745 919 1781 haec
936 1757 1051 1782 manet
1070 1752 1187 1784 eadem

211 1803 290 1828 ante
317 1795 446 1827 bellum
476 1802 507 1828 et
532 1796 566 1827 in
593 1797 696 1831 bello.
739 1796 804 1830 Sed
833 1799 926 1839 prius
946 1801 1188 1834 benevolentia

212 1852 281 1877 erat
301 1845 336 1875 in
355 1846 552 1885 voluntate,
579 1854 693 1888 postea
711 1849 914 1881 accenditur
929 1850 1062 1884 odium.
1098 1851 1189 1885 Sunt

212 1895 318 1937 igitur
335 1906 386 1926 res
397 1896 551 1927 diversae
569 1897 696 1929 noticia
715 1905 745 1930 et
763 1899 925 1938 adfectus,
942 1907 973 1933 et
989 1901 1085 1933 sedes
1102 1902 1189 1934 aliae

213 1952 389 1987 utcunque
405 1945 666 1978 constituendae
684 1954 781 1986 sunt,
809 1961 896 1992 quae
915 1951 1055 1993 quidem
1077 1952 1110 1984 in
1130 1964 1188 1984 01·-
1214 1969 1215 1975 1

214 1994 311 2037 ganis
335 1994 529 2026 coniunctis
562 1996 695 2027 animae
729 1997 775 2028 sic
799 2000 1044 2032 ostenduntur.
1099 2001 1188 2034 Cum

213 2044 367 2087 potentia
389 2052 617 2085 cognoscente
633 2047 783 2088 copulati
803 2054 882 2080 511111
900 2060 1019 2082 56115115
1044 2051 1188 2084 interio-

212 2107 275 2128 165ι
331 2094 375 2126 At
394 2106 469 2126 cum
490 2095 640 2136 potentia
661 2097 748 2128 serio
768 2098 904 2130 volente
922 2100 1095 2142 copulatio
1112 2114 1189 2133 cor—

213 2145 265 2177 dis
284 2151 343 2176 est.
397 2143 533 2177 Noticia
561 2145 665 2186 igitur
683 2145 760 2178 lulii
783 2154 831 2179 est
853 2148 888 2179 in
913 2150 1064 2183 cerebro.
1119 2151 1187 2185 Sed

212 2194 456 2227 benevolentia
476 2201 506 2226 et
523 2195 643 2227 odium
661 2203 739 2228 sunt
757 2196 791 2228 in
811 2199 924 2232 corde.

314 2243 429 2276 Huius
461 2244 674 2278 discriminis
704 2247 936 2281 consideratio
968 2249 1117 2284 illustrat
1155 2258 1214 2285 et*

213 2292 314 2325 Pauli
331 2294 460 2326 dictum
484 2295 519 2327 in
539 2295 651 2338 primo
667 2297 778 2339 capite
793 2295 971 2340 Epistolae
997 2301 1037 2333 ad
1055 2300 1188 2334 Roma-

214 2355 294 2380 1105,
322 2344 383 2376 ubi
407 2345 541 2388 inquit,
576 2343 735 2379 homines
755 2347 934 2380 veritatem
959 2349 993 2381 in
1012 2351 1186 2385 iniusticia

213 2393 384 2435 captivam
409 2395 573 2428 detinere.
634 2394 793 2430 Obscura
827 2399 939 2432 oratio
976 2407 1025 2433 est
1058 2401 1187 2444 ignaris

213 2439 318 2475 huius
335 2443 531 2484 doctrinae,
558 2446 600 2478 de
618 2447 819 2480 discrimine
836 2450 1082 2492 potentiarum.
1114 2451 1187 2484 No-

212 2492 322 2524 minat
339 2499 450 2524 autem
468 2495 645 2528 veritatem
662 2498 809 2530 noticias
824 2510 921 2531 veras
939 2500 981 2532 de
998 2499 1071 2534 Deo
1096 2508 1129 2534 et
1145 2503 1187 2535 de

212 2542 300 2584 lege.
350 2541 399 2574 Hi
425 2544 512 2575 radii
540 2546 725 2586 sapientiae
750 2547 815 2580 Dei
840 2549 956 2584 lucent
979 2550 1015 2582 in
1032 2551 1186 2593 potentia

212 2599 459 2636 cognoscente,
486 2600 524 2627 ut
540 2594 576 2626 in
594 2594 760 2640 Pompeio
779 2599 906 2632 noticia
924 2606 974 2633 est
991 2599 1083 2636 Iulii.
1117 2600 1184 2635 Sed
1211 2625 1213 2638 2

213 2654 276 2674 nec
296 2642 331 2674 in
348 2642 540 2685 voluntate,
565 2656 627 2679 nec
642 2646 679 2679 in
696 2649 798 2681 corde
810 2656 892 2683 sunt
908 2656 1021 2684 motus
1039 2657 1071 2685 et
1086 2651 1186 2684 ssam-

446 116 652 152 SCRIPTA
681 116 754 150 PH.
782 116 895 150 MEL.
925 114 991 150 AD
1018 116 1143 151 IIIST.
1170 114 1313 154 PROF.
1344 115 1409 152 ET
1436 117 1623 155 PHILOS.
1652 117 1970 156 SPECTANTIA.

2146 122 2218 158 140

1923 205 2017 240 Haec
2041 213 2080 240 ut
2102 207 2220 251 aliquo

1240 254 1346 286 modo
1364 253 1512 295 intelligi
1529 254 1680 297 possint,
1709 266 1846 288 necesse
1869 262 1919 289 est
1935 257 2043 300 aspici
2066 255 2221 290 hominis

1241 310 1401 336 naturam
1421 310 1454 337 et
1472 304 1562 336 vires
1587 305 1783 340 dissimiles,

1339 360 1432 393 Hinc
1449 368 1480 394 et
1499 369 1785 404 argumentorum
1805 363 1933 395 solutio
1953 364 2111 399 sumitur.

1342 410 1523 443 Naturalia
1545 412 1692 444 maxime
1717 413 1895 456 possibilia
1919 419 2001 447 sunt
2017 411 2098 447 huic
2118 421 2220 448 natu-

1242 471 1318 500 rae,
1343 461 1441 493 cuius
1463 468 1543 494 sunt
1564 463 1715 505 propria.

1343 518 1413 551 Lex
1431 520 1579 552 maxime
1595 522 1787 553 secundum
1802 527 1960 554 naturam
1980 530 2040 555 est.

1341 566 1404 601 Est
1423 569 1530 610 igitur
1548 570 1735 613 possibilis,

1343 625 1500 659 Primum
1518 628 1559 659 ad
1581 628 1745 661 maiorem
1767 630 2050 672 respondendum
2071 638 2131 671 est,
2158 643 2220 664 na-

1242 676 1369 709 turalia
1393 676 1574 719 possibilia
1599 689 1670 710 6556
1695 685 1840 711 naturae
1863 680 2037 722 integrae,
2066 693 2137 714 non
2161 682 2222 714 de-

1243 732 1416 769 pravatae.

1343 774 1481 808 Deinde
1505 788 1582 809 cum
1606 788 1726 809 rursus
1751 777 1933 818 obiicitur,
1962 777 2077 813 adhuc
2101 781 2222 814 nobis—

1242 838 1320 858 cum
1348 827 1441 859 nasci
1466 827 1550 869 legis
1575 827 1737 867 noticias,
1766 828 1866 860 etiam
1892 829 1928 860 in
1951 827 2014 862 hac
2036 831 2221 873 depravata

1242 882 1377 909 natura.
1441 876 1508 909 Hic
1532 878 1767 920 potentiarum
1797 878 1983 911 discrimen
2010 880 2220 913 intuendum

1242 932 1302 960 est.
1355 925 1396 958 In
1419 928 1574 970 potentia
1594 935 1824 970 cognoscente
1848 928 1975 961 noticia
1994 929 2077 972 legis
2098 930 2220 964 nobis-

1242 987 1319 1008 cum
1346 977 1518 1017 nascitur,
1545 978 1633 1010 sicut
1656 989 1884 1010 numerorum
1915 978 2121 1015 intellectus.
2173 979 2221 1013 At

1242 1025 1278 1057 in
1296 1026 1475 1059 voluntate
1493 1034 1524 1060 et
1543 1028 1647 1060 corde
1665 1029 1882 1061 contumacia
1901 1036 1959 1063 est.

1342 1083 1414 1117 Iam
1442 1082 1498 1117 hic
1516 1086 1718 1127 magnitudo
1734 1083 1909 1119 humanae
1932 1087 2144 1121 infirmitatis
2161 1089 2221 1121 de·

1241 1134 1411 1178 ploranda
1430 1142 1498 1174 est,
1527 1147 1605 1168 cum
1622 1142 1756 1169 tantum
1777 1137 1961 1170 dissidium
1979 1149 2050 1170 esse
2071 1139 2220 1171 duarum

1241 1196 1455 1216 summarum
1468 1185 1596 1218 virium
1615 1192 1646 1218 et
1657 1193 1879 1227 cognatarum
1899 1187 2083 1220 cernimus.
2110 1186 2221 1220 Dein-

1242 1236 1284 1266 de
1299 1241 1331 1267 et
1349 1235 1534 1267 consilium
1551 1234 1615 1268 Dei
1641 1236 1935 1269 considerandum
1954 1243 2022 1276 est,
2045 1249 2108 1269 cur
2127 1239 2221 1271 noti-

1242 1284 1329 1316 ciam
1348 1285 1430 1327 legis
1448 1285 1484 1316 in
1502 1285 1605 1318 nohis
1620 1285 1791 1330 reliquam
1807 1297 1878 1318 esse
1895 1286 2057 1326 voluerit,
2083 1294 2117 1321 et
2135 1299 2221 1332 qua-

1242 1334 1284 1366 lis
1311 1334 1354 1367 sit
1381 1335 1418 1367 in
1441 1335 1619 1368 voluntate
1642 1335 1795 1369 libertas.
1848 1334 1985 1368 Noticia
2011 1343 2148 1376 manet,
2182 1345 2221 1370 ut

1241 1385 1284 1416 sit
1310 1385 1353 1415 de
1379 1383 1453 1416 Deo
1478 1383 1739 1423 testimonium,
1768 1391 1802 1417 et
1825 1391 1864 1417 ut
1888 1392 2009 1428 arguat
2028 1393 2219 1429 peccatum.

1241 1433 1421 1466 Praeterea
1438 1440 1476 1466 111
1494 1434 1538 1466 sit
1555 1433 1680 1466 rectrix
1699 1440 1859 1467 externae
1877 1435 2093 1478 disciplinae.
2130 1435 2219 1469 Nam

1241 1481 1297 1515 hic
1313 1484 1440 1524 gradus
1456 1483 1627 1517 libertatis
1641 1491 1768 1517 manet.
1825 1484 1999 1527 Imperare
2017 1486 2105 1518 ratio
2123 1486 2219 1519 loco-

1242 1533 1392 1566 motivae
1410 1540 1540 1576 potest,
1566 1546 1654 1577 quae
1671 1540 1828 1567 externas
1846 1535 1999 1567 actiones
2017 1534 2093 1569 ciet.
2137 1535 2218 1568 Ma-

1241 1590 1299 1615 net
1334 1583 1435 1615 etiam
1462 1583 1497 1615 in
1520 1585 1625 1616 corde
1659 1584 1786 1617 vindex
1815 1585 2001 1628 scelerum,
2037 1583 2220 1619 horribilis

1241 1633 1361 1673 dolor,
1388 1633 1450 1677 qui
1473 1641 1549 1678 post
1573 1634 1759 1674 delictum,
1786 1635 1943 1679 sequitur
1961 1636 2137 1678 potentiae
2161 1648 2220 1668 co-

1241 1684 1437 1725 gnoscentis
1454 1683 1636 1717 iudicium.
1667 1684 1747 1717 Vult
1767 1685 1858 1717 enim
1873 1685 1966 1718 Deus
1982 1692 2015 1718 et
2031 1686 2218 1719 discrimen

1242 1731 1469 1766 honestorum
1486 1740 1518 1766 et
1534 1735 1688 1777 turpium
1706 1735 1878 1777 conspici,
1905 1741 1939 1768 et
1964 1735 2096 1768 destrui
2114 1742 2218 1769 natu—

1241 1795 1314 1816 ram
1343 1784 1436 1825 lege,
1469 1786 1567 1828 quasi
1593 1785 1717 1817 iudicis
1741 1785 1872 1816 aeterni
1889 1785 2058 1818 sententia
2076 1797 2220 1829 oppres-

1241 1845 1322 1866 sam.
1375 1833 1510 1866 Harum
1535 1835 1763 1866 maximarum
1787 1847 1903 1867 rerum
1930 1835 2087 1867 doctrina
2107 1836 2217 1869 multo

1241 1884 1278 1916 fit
1293 1884 1476 1923 illustrior,
1504 1885 1629 1917 ordine
1647 1884 1872 1917 consideratis
1891 1885 2068 1926 potentiis,
2096 1892 2128 1919 et
2145 1886 2218 1918 sin-

1241 1934 1400 1977 gularum
1417 1935 1623 1968 actionibus.
1676 1932 1810 1967 Etcum
1829 1935 1865 1966 in
1883 1932 1946 1967 hac
1964 1934 2107 1967 materia
2125 1936 2218 1979 aspi—

1241 1985 1271 2017 ci
1289 1991 1403 2027 partes
1421 1982 1574 2017 hominis
1589 1996 1726 2017 necesse
1743 1984 1805 2023 sit,
1834 1984 1935 2016 valde
1953 1984 2048 2017 utilis
2066 1992 2115 2018 est
2131 1982 2215 2018 haec

1241 2034 1380 2068 collatio
1398 2031 1555 2078 physices
1571 2035 1612 2066 ad
1633 2034 1826 2066 doctrinam
1844 2032 2031 2068 Ecclesiae.

1341 2084 1444 2117 Addo
1464 2091 1496 2117 et
1512 2084 1653 2118 alterius
1669 2084 1863 2125 argumenti
1880 2084 2158 2128 explicationem.

1340 2135 1520 2167 Naturalia
1540 2141 1619 2167 sunt
1637 2134 1880 2167 immutabilia.

1341 2183 1448 2227 Leges
1458 2185 1608 2222 divinae,
1624 2197 1711 2229 quae
1729 2190 1810 2217 sunt
1824 2184 1860 2216 in
1871 2184 2033 2226 decalogo
2050 2183 2216 2216 omnibus

1240 2235 1457 2278 propositae,
1483 2242 1563 2268 sunt
1582 2241 1749 2273 mutatae,
1775 2241 1832 2274 ut,
1860 2240 1980 2267 contra
1997 2234 2143 2277 primam
2163 2241 2214 2266 'ta-

1240 2285 1358 2317 bulam
1375 2282 1562 2317 horrendis
1579 2285 1757 2318 furoribus
1774 2285 1882 2317 multa
1909 2285 2054 2317 numina
2070 2283 2215 2316 conficta

1240 2341 1339 2372 sunt,
1366 2342 1400 2369 et
1424 2343 1543 2368 contra
1568 2337 1754 2368 secundam
1779 2335 1932 2368 tabulam
1951 2334 2135 2377 permissae
2154 2344 2214 2376 pa-

1239 2385 1371 2418 ctiones
1413 2386 1454 2418 de
1497 2386 1677 2418 adulteriis
1713 2385 1803 2428 apud
1835 2382 2147 2423 Lacedaemonios,
2181 2390 2215 2415 et

1239 2436 1331 2477 apud
1354 2436 1481 2468 multas
1510 2443 1628 2478 gentes
1654 2433 1841 2468 homicidia
1871 2434 2103 2478 gladiatorum
2134 2444 2214 2476 per-

1212 2498 1213 2510 *
1237 2485 1342 2518 missa
1362 2493 1454 2521 sunt.

1340 2542 1432 2587 Ergo
1450 2544 1541 2586 leges
1557 2543 1636 2576 illae
1657 2542 1797 2575 divinae
1813 2554 1884 2574 non
1907 2547 1987 2574 sunt
2005 2540 2189 2574 naturales.

1339 2601 1547 2645 Responsio.
1605 2601 1701 2644 Nego
1732 2601 1916 2633 minorem.
1978 2598 2086 2641 Leges
2120 2597 2213 2630 enim

1237 2651 1319 2684 'illae
1345 2664 1416 2686 non
1440 2658 1521 2685 sunt
1543 2658 1713 2692 mutatae,
1744 2651 1837 2695 quod
1861 2650 1904 2682 ad
1928 2656 2061 2693 partem
2086 2658 2215 2690 cogno-
