2379 2948
248 99 341 135 1059

245 185 301 218 hic
323 182 537 228 propositam
564 190 651 211 esse:
685 175 833 211 Etiamsi
859 183 956 219 pater
981 183 1013 210 et
1040 183 1149 210 mater
1170 187 1225 207 me

243 237 423 271 deserant,
456 239 571 265 tamen
595 228 689 261 Deus
712 225 800 261 mihi
823 227 953 268 aderit,
982 239 1035 260 me
1061 226 1226 259 defendet

243 294 275 321 et
291 284 454 319 servabit.

345 339 600 376 Promissiones
635 345 749 371 autem
786 344 818 370 et
853 343 1032 381 praecepta
1067 338 1108 369 de
1144 336 1225 368 fide:

243 394 411 441 Expecta
428 389 654 429 Dominum,
682 390 810 421 docent
826 399 889 420 nos
906 400 1008 421 usum
1033 385 1138 420 huius
1162 387 1226 419 do-

243 447 384 480 ctrinae.
447 441 616 474 Tenenda
653 445 701 472 est
738 438 940 482 promissio,
976 445 1008 471 et
1043 437 1224 470 sciendum

242 497 336 542 quod
356 506 436 527 vere
452 492 494 526 sit
512 491 714 524 mandatum
733 490 818 529 Dei,
845 496 883 522 ut
900 488 1034 522 etiamsi
1053 498 1172 520 sumus
1189 487 1225 519 in

242 546 419 580 aerumnis
437 542 657 585 ingentibus,
684 547 800 573 tamen
818 540 912 573 iuxta
931 540 1076 572 verbum
1094 544 1226 571 statua-

243 609 321 630 mus
344 596 447 629 nobis
465 594 583 626 adesse
598 590 711 625 Deum
737 591 1002 634 opitulatorem,
1031 596 1063 622 et
1086 588 1228 631 mitiga-

242 657 360 682 turum
381 658 452 679 esse
475 643 705 680 calamitates,
734 653 868 686 nosque
887 642 1028 673 tandem
1055 640 1225 672 liberatu-

243 711 322 732 rum
347 709 428 731 esse.
484 693 566 727 Ideo
592 694 697 726 fidem
729 704 825 725 suam
858 691 930 735 ipse
962 696 1224 732 commemorat,

242 757 282 783 ut
298 747 455 791 exemplo
472 757 534 778 suo
553 756 617 777 nos
635 745 821 776 admoneat
846 743 887 774 de
914 741 1164 784 applicatione,
1194 747 1227 774 et

243 801 285 833 de
317 797 529 842 expectanda
553 794 807 828 consolatione:
844 789 980 829 Credo,
1013 792 1145 836 inquit,
1173 802 1227 823 me
1253 811 1255 815 ·

245 849 404 883 visurum
437 857 509 878 esse
534 844 630 878 bona
653 841 815 877 Domini
837 842 874 874 in
899 846 995 875 terra
1023 841 1226 874 virentium.

241 899 389 934 Etiamsi
416 908 557 942 premor
580 896 738 940 undique
764 900 882 927 tamen
905 891 968 926 hac
992 905 1047 925 me
1066 893 1227 926 consola—

242 952 339 984 tione
367 954 542 987 sustento,
569 947 750 990 acquiesco
773 945 809 976 in
838 944 1070 987 promissione
1093 944 1226 983 divina,

243 1009 275 1035 et
298 999 363 1034 hac
393 1000 459 1032 fide
494 997 738 1030 liberationem
766 995 978 1039 tranquillus
1002 1002 1161 1038 expecto,
1196 1001 1229 1027 et

243 1052 385 1097 quidem
410 1048 574 1082 evenient
608 1048 703 1079 bona
735 1057 807 1078 non
835 1046 1008 1089 peritura,
1044 1046 1101 1078 sed
1135 1046 1228 1078 bona

242 1101 405 1141 Domini,
432 1100 508 1139 lux,
536 1098 672 1131 iusticia
695 1103 729 1130 et
752 1096 823 1129 vita
848 1103 996 1130 aeterna.
1050 1094 1095 1129 Et
1112 1107 1226 1128 serva-

242 1154 309 1186 bor
332 1153 369 1184 in
384 1158 473 1184 terra
493 1148 706 1188 viventium,
732 1147 767 1179 id
786 1153 855 1186 est,
883 1158 956 1179 non
981 1147 1162 1189 opprimar
1185 1147 1229 1179 ab

243 1201 403 1236 hostibus
422 1202 458 1233 in
479 1198 542 1232 hac
562 1199 651 1236 vita,
681 1210 744 1230 nec
762 1197 892 1230 deinde
909 1208 1044 1240 mergar
1062 1197 1099 1229 in
1116 1205 1229 1231 aeter-

243 1266 324 1286 nam
350 1258 517 1290 mortem,
545 1250 605 1282 sed
623 1249 807 1281 celebrabo
827 1246 941 1281 Deum
961 1248 1053 1281 inter
1071 1248 1228 1280 viventes

245 1306 282 1337 in
309 1302 371 1337 hac
397 1303 467 1336 vita
495 1307 528 1333 et
551 1301 587 1332 in
612 1300 682 1332 vita
708 1306 865 1332 aeterna:
896 1305 982 1332 tecte
1007 1298 1100 1331 enim
1125 1298 1230 1332 simul

246 1355 477 1388 concionatur
493 1352 535 1384 de
554 1350 623 1384 vita
641 1356 791 1383 aeterna.

384 1463 720 1508 Aryumentum
748 1469 801 1492 ac
829 1458 1087 1502 dispositio

543 1526 701 1566 Psalmi
733 1524 944 1564 XXVIII.

297 1609 355 1645 Ad
370 1613 408 1643 te
425 1609 583 1642 Domine
601 1604 793 1647 clamabo,
818 1609 932 1648 petra
950 1614 1035 1638 mea
1056 1615 1104 1638 ne
1120 1604 1234 1637 sileas

299 1672 323 1695 a
351 1672 409 1695 me
419 1685 433 1702 ‚
461 1663 532 1693 etc.

350 1745 457 1778 Initio
477 1744 642 1777 recitatur
659 1742 823 1786 precatio,
853 1752 940 1785 quae
957 1739 1164 1783 amplificata
1187 1743 1235 1770 est

249 1796 459 1831 tristissimis
489 1794 685 1827 affectibus.
751 1792 921 1825 Luctatur
949 1787 1123 1833 Propheta
1156 1801 1235 1822 cum

251 1847 438 1882 horrendis
473 1845 686 1883 terroribus,
727 1843 900 1886 premitur
932 1847 1121 1884 conspectu
1157 1851 1235 1883 pec-

253 1899 338 1938 cati,
366 1904 398 1930 et
420 1896 547 1929 metuit
571 1906 605 1927 se
631 1894 735 1926 abiici
759 1906 837 1926 cum
862 1892 980 1935 impiis
998 1898 1030 1924 et
1047 1890 1233 1923 damnatis,

253 1949 369 1983 Hqus
392 1946 544 1989 ingentis
569 1951 601 1978 et
624 1942 821 1977 horrendae
849 1941 1144 1975 consternationis
1170 1952 1235 1983 gu-

252 2006 345 2033 stum
365 1998 404 2030 in
420 2008 523 2030 sensu
539 1995 776 2040 poenitentiae
800 1994 848 2037 pii
872 1993 1110 2037 experiuntur.
1164 1991 1236 2025 Nee

254 2050 331 2083 aliis
350 2048 467 2082 verbis
484 2045 520 2079 hi
539 2057 684 2090 pavores
706 2045 814 2087 magis
831 2044 971 2086 proprie
988 2043 1139 2076 describi
1156 2054 1235 2086 pos-

254 2107 354 2141 sunt,
381 2110 486 2143 quam
507 2109 595 2142 quae
619 2103 701 2129 sunt
724 2096 758 2127 in
786 2095 869 2138 ipsis
892 2094 1051 2129 Psalmis.
1105 2093 1235 2136 Deplo-

255 2158 337 2185 rant
355 2162 453 2184 suam
468 2147 749 2187 immunditiem,
778 2151 972 2188 agnoscunt
995 2144 1121 2177 iustam
1148 2144 1235 2176 iram

256 2203 342 2241 Dei,
377 2200 533 2234 sentiunt
561 2209 709 2242 poenas,
744 2197 899 2229 fatentur
929 2207 1057 2238 poenas
1082 2195 1236 2227 minores

257 2265 329 2286 esse
348 2251 418 2285 suis
435 2250 583 2294 peccatis
595 2276 602 2289 ,
632 2255 669 2281 ut
686 2247 840 2281 clamitat
856 2245 982 2279 Daniel
998 2257 1071 2289 cap.
1092 2245 1142 2280 9.:
1172 2245 1237 2278 Ti-

258 2304 294 2337 bi
317 2302 468 2336 Domine
486 2300 641 2340 iusticia‚
668 2298 771 2332 nobis
794 2304 909 2330 autem
936 2296 1094 2328 confusio
1119 2296 1235 2328 faciei:

258 2359 420 2387 metuunt
440 2352 547 2395 igitur
569 2362 603 2383 se
621 2361 764 2394 prorsus
782 2347 885 2382 abiici
905 2359 983 2381 cum
999 2346 1173 2379 damnatis
1199 2346 1236 2379 in

259 2412 438 2439 aeternum
458 2402 613 2435 exitium.

361 2454 401 2487 ln
418 2451 473 2486 his
492 2452 598 2486 tantis
613 2451 796 2484 doloribus
811 2449 1045 2484 succumbunt
1063 2447 1159 2488 Saul,
1178 2446 1236 2481 Iu-

259 2507 321 2539 das
343 2511 375 2538 et
396 2505 455 2536 alii
472 2502 761 2536 innumerabiles.
815 2501 883 2535 Sed
910 2499 1044 2540 David,
1069 2496 1237 2532 Ezechias

260 2564 292 2590 et
310 2555 438 2588 similes
460 2560 689 2587 sustentantes
712 2564 746 2585 se
762 2552 970 2596 cogitatione
994 2549 1237 2595 promissionis

260 2618 322 2641 seu
344 2603 546 2647 Evangelii,
573 2610 768 2647 agnoscunt
790 2603 993 2646 promissam
1018 2612 1089 2634 esse
1113 2600 1237 2633 remis-

830 90 953 126 PHIL.
984 90 1097 126 MEL.
1125 86 1335 124 SCRIPTA
1362 86 1660 124 EXEGETICA.

2163 89 2259 124 1060

1277 174 1361 209 Dixi
1383 174 1576 208 confitebor
1607 174 1793 207 adversum
1822 185 1877 205 me
1908 172 2121 207 iniusticiam
2143 186 2258 207 meam

1277 224 1453 266 Domino,
1490 231 1523 258 et
1551 231 1589 258 tu
1613 224 1761 258 remittis
1786 224 2000 267 impietatem
2025 225 2154 267 peccati
2179 225 2258 258 mei.

1279 275 1348 310 Sed
1373 274 1536 314 Ethnici,
1564 283 1603 309 ut
1626 274 1733 318 Cato,
1769 273 1901 307 Brutus
1923 281 1956 307 et
1982 274 2131 312 similes,
2165 287 2260 308 mer-

1279 333 1409 370 guntur
1428 327 1465 359 in
1482 326 1667 369 opiniones
1684 324 1875 370 Epicureas
1888 352 1897 366 ,
1925 337 2002 357 cum
2020 325 2141 358 vident
2165 336 2199 357 se
2222 325 2258 358 in

1280 377 1409 416 causis,
1437 383 1476 411 ut
1500 384 1642 421 putant,
1671 376 1877 409 iustioribus
1901 376 2146 418 succumbere,
2175 386 2261 419 que-

1279 435 1407 461 runtur
1424 440 1497 461 non
1513 439 1585 460 esse
1601 439 1703 461 curae
1720 425 1794 460 Deo
1813 437 1866 459 res
1885 423 2076 466 humanas,
2094 437 2158 458 nec
2177 437 2262 458 con-

1279 479 1421 522 fugiunt
1444 479 1486 511 ad
1511 477 1638 512 Deum.
1695 477 1740 512 Ut
1762 476 1894 511 Brutus
1920 477 2111 510 moriturus
2135 476 2264 509 clama-

1280 530 1347 562 vit:
1377 527 1411 562 Ο
1428 528 1523 562 Deus
1542 529 1619 573 quis
1639 536 1688 562 est
1706 526 1833 561 horum
1860 528 2034 561 malorum
2052 526 2178 560 causa?
2215 524 2262 560 Et

1279 578 1366 613 Cato
1384 579 1533 619 dicebat,
1550 591 1693 622 magnas
1710 591 1781 612 esse
1801 579 1963 612 tenebras
1974 575 2148 611 humanae
2166 588 2265 609 men-

1280 631 1324 664 tis
1341 631 1384 663 de
1401 630 1581 663 voluntate
1590 628 1654 662 Dei
1666 654 1674 668 ‚
1693 631 1787 675 quod
1802 628 1991 677 Pompeius
2010 635 2111 662 antea
2128 627 2166 660 in
2182 639 2265 661 cau-

1281 681 1328 713 sis
1352 680 1493 714 iniustis
1517 681 1717 713 fortunatus
1740 680 1877 720 fuisset,
1913 691 2007 713 nunc
2034 679 2071 711 in
2100 689 2200 712 causa
2226 684 2266 711 ut

1281 731 1346 775 ipsi
1364 731 1552 764 videbatur
1571 731 1659 763 iusta
1672 757 1681 771 ,
1707 731 1829 763 infelix
1847 738 1943 765 esset.
1999 729 2104 762 Tales
2120 735 2201 762 sunt
2225 728 2264 761 in

1281 782 1417 824 magnis
1432 781 1608 815 aerumnis
1618 781 1779 827 querelae
1797 788 1828 814 et
1841 781 2094 824 disputationes
2104 779 2265 813 omnium

1283 833 1498 876 sapientum,
1553 832 1614 876 qui
1658 833 1823 874 ignorant
1861 830 2117 874 Evangelium,
2170 829 2266 875 quod

1281 890 1455 917 monstrat
1491 894 1610 916 causas
1641 882 1878 915 calamitatum
1913 888 1946 916 et
1976 894 2074 915 veras
2106 881 2267 915 consola-

1281 934 1405 967 tiones.

1389 1010 1473 1043 Post
1503 1010 1739 1054 precationem
1772 1022 1856 1043 vero
1887 1010 2045 1055 sequitur
2076 1008 2267 1052 gratiarum

1281 1060 1372 1094 actio
1402 1072 1503 1094 versu
1529 1068 1635 1100 sexto,
1662 1072 1730 1105 qua
1756 1067 1901 1094 testatur
1924 1072 1959 1094 se
1984 1067 2159 1093 servatum
2185 1070 2269 1092 esse.

1282 1109 1329 1144 Et
1347 1111 1392 1144 ob
1407 1109 1498 1144 hanc
1516 1112 1627 1154 ipsam
1646 1123 1785 1144 causam
1801 1124 1898 1144 suam
1916 1111 2159 1144 liberationem
2179 1109 2268 1142 reci-

1283 1168 1350 1201 tat,
1377 1169 1545 1206 tauquam
1562 1162 1761 1205 exemplum
1780 1161 2024 1205 promissionis
2048 1159 2269 1194 universalis.

1284 1209 1420 1245 Omnes
1438 1212 1563 1246 caeteri
1581 1219 1701 1258 petant
1724 1212 1992 1253 liberationem,
2019 1219 2053 1245 et
2078 1217 2172 1245 certo
2194 1222 2269 1244 cre-

1284 1264 1371 1296 dant
1389 1275 1422 1296 se
1441 1263 1599 1296 exaudiri
1622 1276 1639 1295 a
1656 1261 1731 1296 Deo
1755 1263 1998 1306 confugientes
2010 1264 2052 1295 ad
2070 1262 2204 1306 ipsum,
2232 1267 2271 1294 ut

1283 1313 1369 1346 alibi
1396 1313 1555 1346 Psalmus
1582 1313 1714 1358 inquit:
1741 1313 1855 1357 Prope
1879 1320 1929 1346 est
1953 1313 2127 1346 Dominus
2152 1310 2270 1345 omni-

1285 1364 1350 1396 bus
1372 1363 1621 1397 invocantibus
1648 1375 1741 1395 eum.
1798 1362 1847 1396 Et
1870 1363 1944 1396 loe'l
1968 1363 2101 1407 inquit:
2138 1360 2270 1396 Omnis

1285 1414 1347 1458 qui
1368 1414 1585 1447 invocaverit
1609 1425 1740 1446 nomen
1755 1412 1902 1446 Domini
1930 1414 2045 1447 salvus
2064 1413 2140 1447 erit.
2193 1412 2270 1446 Hae

1286 1464 1503 1497 universales
1542 1464 1734 1497 sententiae
1768 1464 1956 1507 diligenter
1996 1463 2271 1497 considerandae

1286 1522 1385 1555 sunt,
1412 1521 1450 1547 ut
1468 1527 1530 1547 nos
1554 1514 1646 1557 ipsos
1670 1514 1708 1547 in
1729 1526 1785 1547 eas
1803 1514 2036 1548 includamus.
2088 1512 2136 1548 Et
2152 1512 2269 1548 David

1287 1577 1366 1597 suas
1386 1565 1612 1598 liberationes
1630 1565 1708 1597 ideo
1728 1564 1873 1598 recitare
1889 1577 1924 1598 se
1941 1565 2120 1604 adfirmat,
2137 1571 2175 1598 ut
2192 1575 2270 1597 cae-

1287 1623 1380 1649 teros
1404 1615 1562 1659 exemplo
1587 1627 1649 1648 suo
1677 1616 1719 1647 ad
1745 1615 1849 1648 fidem
1877 1615 2019 1656 invitet,
2046 1622 2085 1651 ut
2100 1614 2192 1650 Psal.
2209 1613 2271 1650 34.

1288 1666 1420 1711 inquit:
1449 1666 1613 1699 Accedite
1631 1666 1673 1698 ad
1690 1678 1788 1707 eum,
1816 1673 1849 1699 et
1874 1666 2065 1705 accurrite,
2093 1673 2126 1699 et
2150 1666 2269 1700 vultus

1288 1717 1393 1750 vestri
1423 1729 1495 1748 non
1521 1717 1793 1750 confundentur.
1847 1715 1915 1749 Iste
1942 1729 2073 1761 pauper
2096 1717 2270 1758 clamavit,

1288 1774 1321 1800 et
1337 1766 1513 1800 Dominus
1533 1767 1709 1800 exaudivit
1725 1779 1822 1807 eum,
1853 1775 1885 1801 et
1909 1780 1948 1800 ex
1965 1768 2130 1801 omnibus
2155 1767 2270 1801 tribu-

1289 1818 1480 1851 lationibus
1500 1817 1628 1865 eripuit
1645 1830 1735 1852 eum.
1789 1817 1847 1851 Sic
1873 1818 1979 1861 igitur
2002 1818 2159 1862 exempla
2181 1818 2270 1851 libe-

1289 1869 1435 1902 rationis
1450 1867 1638 1901 Davidicae
1665 1868 1837 1911 legamus,
1868 1876 1901 1902 et
1926 1876 1963 1902 ut
1987 1869 2087 1902 nobis
2110 1868 2270 1912 promitti

1289 1919 1459 1953 auxilium
1479 1926 1689 1959 statuamus,
1716 1932 1754 1952 ac
1772 1920 1923 1963 praecipi
1942 1919 2135 1959 discamUS,
2163 1926 2201 1953 ut
2216 1925 2269 1952 ta-

1289 1971 1382 2003 libus
1416 1969 1682 2003 commonesacti
1710 1970 1874 2013 exemplis
1900 1963 2144 2003 liberationem
2172 1977 2270 2013 peta-

1288 2033 1366 2054 mus
1382 2028 1414 2054 et
1432 2027 1660 2064 expectemus.
1714 2019 1798 2053 Ideo
1822 2020 1859 2052 in
1881 2018 1950 2053 fine
1973 2021 2090 2053 addita
2117 2027 2168 2054 est
2191 2032 2270 2065 pre-

1289 2073 1379 2104 catio
1406 2083 1468 2114 pro
1502 2071 1663 2104 universa
1689 2071 1864 2109 Ecclesia,
1899 2078 1937 2104 ut
1965 2071 2135 2114 significet
2166 2083 2268 2104 suum

1290 2122 1486 2166 exemplum
1516 2123 1557 2154 ad
1593 2129 1744 2155 caeteros
1769 2121 1953 2165 pertinere.
2016 2121 2125 2166 Saepe
2153 2128 2269 2155 autem

1290 2173 1326 2205 in
1342 2173 1410 2205 fine
1425 2171 1645 2205 Psalmorum
1666 2173 1750 2205 tales
1767 2184 1968 2206 communes
1985 2172 2201 2216 precationes
2217 2179 2271 2206 at-

1290 2224 1394 2261 texit,
1431 2224 1559 2267 quibus
1582 2222 1695 2255 voluit
1720 2234 1840 2255 omnes
1864 2223 2009 2257 lectores
2034 2223 2271 2257 commonefa-

1290 2286 1366 2308 cere
1389 2275 1432 2307 de
1456 2271 1522 2307 hoc
1542 2273 1674 2311 officio,
1703 2274 1862 2307 omnium
1887 2275 2035 2307 maxime
2063 2273 2270 2313 necessario,

1291 2325 1452 2358 videlicet
1469 2326 1511 2357 de
1526 2324 1724 2368 precatione
1743 2337 1805 2368 pro
1823 2325 1985 2358 universa
2001 2322 2167 2358 Ecclesia.

1392 2397 1637 2440 Adiungamus
1654 2410 1734 2442 ergo
1749 2407 1867 2432 nostra
1888 2406 1965 2433 vota
1991 2399 2034 2432 ad
2052 2396 2142 2431 hanc
2158 2398 2269 2442 ipsam

1291 2461 1410 2482 vocem
1437 2447 1648 2491 Prophetae:
1698 2447 1852 2482 Salsum
1868 2449 1940 2496 fac
1955 2446 2130 2496 populum
2154 2452 2267 2489 tuum,

1291 2504 1320 2532 et
1338 2497 1481 2532 benedic
1500 2495 1724 2532 haereditati
1737 2504 1836 2541 luae,
1863 2505 1894 2533 el
1910 2511 1988 2545 rege
2012 2503 2042 2532 el
2060 2497 2194 2532 extolle
2209 2510 2268 2532 eos

1289 2561 1444 2596 semper,
1472 2550 1619 2583 defende
1635 2549 1827 2584 Ecclesiam
1845 2552 2009 2583 adversus
2025 2551 2185 2583 omniurn
2200 2550 2267 2583 im-

1291 2601 1429 2645 piorum
1457 2599 1709 2634 haereticorum
1738 2609 1770 2635 et
1795 2607 2023 2646 tyrannorum
2048 2602 2199 2641 suroreS,
2233 2607 2267 2634 et

263 2658 396 2693 sionem
426 2661 663 2699 peccatorum,
696 2661 736 2688 ut
769 2666 848 2687 mox
877 2652 969 2688 Psal.
995 2653 1054 2687 32.
1090 2651 1235 2686 dicitur:
1260 2660 1266 2699 1
1289 2652 1403 2685 studia
1421 2658 1453 2686 et
1469 2652 1690 2696 disciplinam
1707 2663 1806 2696 rege,
1834 2657 1866 2685 et
1886 2658 2042 2694 servato,
2070 2659 2108 2687 ut
2133 2661 2268 2695 semper
