2379 2948
159 76 255 112 1181

155 168 283 207 gantur
297 173 419 196 omnes
437 159 502 195 hae
519 163 712 206 gratiarum
730 164 886 198 actiones
904 171 936 197 et
951 164 1150 208 petitiones,

153 214 302 248 sciamus
319 211 434 247 Deum
461 214 552 248 velle
576 221 615 248 ut
637 214 745 247 simili
771 215 838 248 fide
856 226 978 247 omnes
996 228 1074 248 eum
1092 216 1147 249 in-

152 276 333 305 vocemuS‚
363 272 536 308 petamus,
564 272 598 299 et
612 272 834 309 expectemus
849 266 1040 309 auxilium,
1069 278 1147 309 gra-

152 316 218 349 tias
234 327 390 359 agamus,
426 315 519 351 Sunt
534 317 628 350 enim
646 317 869 350 narrationes
884 318 1032 361 exempli
1046 330 1146 352 causa

151 367 362 412 propositae.

254 416 319 452 Est
344 425 461 452 autem
485 416 543 451 hic
559 417 724 452 Psalmus'
740 430 807 451 vox
824 416 1011 461 Evangelii
1032 419 1146 452 conti-

150 481 238 502 nens
263 476 295 503 et
319 469 589 514 promissiones,
617 476 650 502 et
668 469 866 513 exemplum
888 470 1145 513 promissionis,

150 528 183 554 et
206 520 524 554 commonefaciens
549 532 615 553 nos
641 521 684 553 de
707 527 778 554 tota
805 521 965 554 doctrina
993 523 1143 564 promis-

149 572 290 605 sionum
315 572 357 604 de
377 570 576 604 Mediatore
599 578 632 605 et
649 572 691 605 de
708 572 817 615 gratia
831 598 839 613 ,
868 579 899 605 et
916 572 1088 615 significat
1106 580 1143 607 ut

148 635 213 657 nos
239 634 380 668 quoque
405 622 472 655 fide
496 629 641 666 propter
665 622 901 656 Mediatorem
929 631 1088 667 petamus
1111 631 1143 658 et

147 681 367 718 expectemus
388 673 657 714 liberationem,
685 681 717 708 et
742 675 871 707 deinde
895 687 1040 718 agamus
1063 687 1143 718 gra-

146 725 232 766 tias,
265 725 455 758 toleremus
485 737 624 758 crucem
657 725 694 758 in
726 726 963 766 consessione,
998 734 1031 760 et
1056 727 1141 759 alias

145 787 331 810 aerumnas
347 773 544 817 Ecclesiae,
572 783 603 809 et
623 783 800 809 aeternam
819 777 1066 810 liberationem
1084 790 1140 810 ex-

144 834 334 872 pectemus.
386 825 500 870 Saepe
524 827 669 871 repetita
696 834 777 860 sunt
801 829 919 861 eadem
945 825 1072 874 πάθη,
1104 836 1141 862 ut

142 877 201 918 fit,
229 884 262 911 et
283 878 461 911 invocatio
485 878 612 912 similis
638 879 676 912 in
695 878 825 913 talibus
843 880 1021 913 aerumnis
1038 880 1140 914 affert

142 929 256 963 lucem
275 927 429 962 Psalmo.

246 978 394 1013 Initium
420 987 470 1014 est
494 981 651 1014 narratio
677 993 767 1026 quae
793 987 843 1014 est
866 981 939 1023 ipsa
968 981 1139 1015 consessio

141 1031 238 1076 quod
251 1029 347 1064 Deus
365 1031 480 1076 ipsum
498 1033 726 1067 exaudiverit.
780 1030 825 1066 Et
840 1028 966 1071 πάθος
980 1033 1139 1066 additur:

140 1080 300 1127 Diligo,
335 1082 368 1115 id
396 1090 464 1121 est,
491 1080 560 1116 hoc
584 1090 635 1117 est
657 1081 746 1116 mihi
771 1090 929 1126 gratum,
958 1084 1138 1125 dilectum,

141 1134 266 1174 dulce,
294 1134 332 1166 in
355 1130 425 1166 hoc
448 1134 654 1179 acquiesco,
682 1135 777 1180 quod
795 1133 972 1168 Dominus
997 1135 1139 1169 exaudit

139 1196 196 1218 me
212 1184 447 1219 invocantem.
500 1184 679 1229 Significat
700 1192 818 1219 autem
834 1186 943 1218 solam
961 1183 1052 1219 hanc
1065 1198 1137 1219 esse

139 1248 314 1270 summam
339 1243 372 1270 et
394 1236 533 1269 firmam
557 1237 836 1270 consolationem
862 1237 1082 1281 acquiescere
1099 1237 1135 1269 in

138 1285 216 1320 Deo
242 1298 324 1320 vere
347 1288 566 1327 credentem,
595 1289 690 1332 quod
709 1300 727 1320 a
746 1288 824 1321 Deo
844 1288 1062 1329 exaudiaris,
1089 1288 1136 1321 si-

140 1345 198 1372 cut
222 1349 323 1381 saepe
349 1338 452 1371 dicit:
480 1336 531 1370 In
554 1336 724 1371 Domino
748 1335 890 1383 confido
915 1350 988 1371 non
1012 1337 1136 1371 erube-

137 1399 248 1423 scam.
291 1385 369 1434 Qui
386 1385 536 1432 confidit
554 1388 593 1421 in
604 1387 783 1429 Domino,
810 1389 903 1422 sicut
920 1401 1025 1423 mons
1037 1388 1135 1423 Zion

137 1451 211 1472 non
230 1438 526 1473 commovebitur:
552 1436 689 1474 Omnis
704 1441 772 1488 qui
785 1437 896 1473 credit
914 1440 952 1473 in
967 1452 1045 1473 eum
1060 1453 1134 1473 non

138 1488 396 1539 confundetur.
439 1490 556 1524 Multa
586 1493 753 1526 accidunt
781 1489 918 1525 homini
946 1492 1134 1526 inextrica-

135 1542 222 1576 bilia
249 1540 414 1575 humanis
438 1542 613 1583 consiliis,
639 1550 679 1577 ut
696 1542 849 1585 Davidi‚
878 1543 928 1576 ibi
953 1555 1052 1577 mens
1068 1541 1133 1576 hac

137 1594 210 1627 sola
240 1593 482 1626 consolatione
508 1600 742 1634 sustentatur,
773 1595 869 1639 quod
894 1606 975 1626 vera
1000 1601 1032 1627 et
1058 1602 1131 1627 rata

136 1645 205 1679 sint
225 1641 311 1677 haec
327 1645 434 1677 dicta:
464 1643 593 1678 Venite
611 1647 652 1677 ad
672 1657 727 1677 me
743 1656 865 1678 omnes
883 1645 942 1687 qui
963 1645 1131 1678 laboratis

135 1703 169 1730 et
195 1696 333 1729 onerati
359 1695 460 1736 estis,
495 1707 558 1739 ego
581 1695 735 1729 reficiam
760 1707 833 1730 vos.
898 1694 1000 1729 Item:
1037 1695 1130 1729 Vivo

134 1759 217 1792 ego,
244 1747 329 1780 nolo
354 1753 503 1780 mortem
530 1746 724 1791 peccatoris
747 1753 810 1780 etc.
864 1744 967 1779 Item:
998 1744 1130 1779 Omnis

134 1799 196 1844 qui
214 1798 434 1831 invocaverit
450 1797 740 1831 nomenDomini
756 1798 872 1830 salvus
890 1798 967 1831 erit.
1024 1797 1129 1831 Item:

132 1849 249 1894 Prope
266 1856 316 1882 est
335 1847 513 1882 Dominus
528 1849 696 1882 omnibus
714 1848 964 1881 invocantibus
983 1861 1074 1884 eum.

238 1899 383 1934 Tertius
399 1912 520 1933 versus
536 1907 656 1934 narrat
671 1900 819 1944 periculi
835 1900 1129 1942 magnitudinem,

131 1952 297 1986 videlicet
320 1951 498 1995 angustias
522 1951 737 1991 inferorum,
763 1963 831 1996 qua
850 1947 969 1994 phrasi
988 1951 1128 1984 dolores

132 2002 278 2037 maximi
302 2002 566 2046 significantur,
594 2014 716 2035 sensus
733 2002 805 2034 irae
822 2001 886 2034 Dei
907 2009 938 2036 et
957 2000 1126 2035 horrendi

132 2054 277 2093 iudicii,
303 2054 365 2099 qui
383 2053 634 2087 describuntur
650 2054 688 2086 in
706 2053 926 2087 consessione
937 2051 1126 2087 Ezechiae:

132 2104 232 2139 Sicut
249 2105 304 2138 leo
324 2105 492 2140 contrivit
509 2105 628 2138 omnia
645 2117 721 2138 ossa
741 2117 827 2139 mea.

236 2154 277 2188 ln
308 2167 412 2189 versu
435 2163 560 2201 quarto
585 2156 709 2189 inserit
732 2156 837 2188 verba
863 2156 1125 2199 promissionis:

131 2204 237 2241 Deus
254 2210 304 2240 est
320 2205 537 2245 misericors,
566 2211 596 2241 et
611 2206 802 2240 miseretur
819 2210 849 2240 et
865 2204 1020 2240 cus-fodit
1033 2219 1126 2254 par-

132 2257 256 2297 vulos,
285 2257 321 2291 id
343 2265 415 2298 est,
442 2258 609 2299 afflictos,
637 2271 718 2292 vere
739 2259 944 2291 invocantes
962 2271 1063 2298 eum,
1092 2266 1126 2293 et

131 2316 182 2344 est
204 2310 334 2352 iustus,
362 2309 526 2342 defensor
552 2309 794 2344 invocantium
819 2309 880 2355 qui
905 2309 1035 2343 iniuste
1061 2322 1124 2354 op-

130 2361 347 2406 primuntur.
402 2358 444 2392 In
459 2357 515 2393 his
531 2361 646 2394 verbis
662 2368 780 2394 mente
800 2368 997 2405 repetamus
1015 2368 1123 2395 totam

130 2412 329 2446 doctrinam
353 2411 629 2455 promissionum
653 2413 697 2445 de
711 2411 911 2446 Mediatore
934 2419 966 2445 et
984 2413 1026 2445 de
1045 2424 1122 2455 gra·
1148 2431 1150 2460 ¹2

129 2464 199 2502 tia,
236 2470 270 2497 et
301 2463 453 2496 sciamus
484 2462 588 2496 fidem
618 2470 781 2507 oportere
811 2463 878 2497 niti
904 2475 977 2497 non
1002 2470 1121 2498 nostra

130 2515 320 2558 dignitate,
356 2514 416 2547 sed
451 2513 524 2546 sola
555 2513 794 2547 misericordia
822 2521 968 2558 propter
991 2513 1122 2548 Filium
1146 2544 1148 2564 Ι,

129 2566 322 2610 promissa,
350 2565 429 2598 ideo
456 2565 549 2598 enim
575 2564 736 2598 nominat
753 2563 948 2599 Dominum
975 2573 1065 2616 ΠᾙΠἾ
1090 2574 1124 2600 et

129 2624 291 2651 nostrum
318 2615 453 2657 Deum,
488 2623 527 2650 ut
553 2616 716 2649 ostendat
739 2628 861 2649 verum
889 2615 1024 2656 Deum,
1060 2614 1122 2663 qui
1145 2621 1147 2642 f

130 2679 164 2702 se
182 2668 344 2713 patefecit
360 2668 398 2700 in
413 2667 570 2701 Ecclesia
586 2667 689 2701 editis
707 2667 1011 2712 promissionibus

752 76 815 112 lx.
867 76 1232 114 COMMENTARII
1265 77 1317 113 IN
1350 78 1595 119 PSALMOS.

1153 2001 1283 2035 'etiam
1318 2014 1357 2035 ex
1392 2000 1457 2036 hac
1490 2011 1602 2038 morte
1634 2004 1829 2038 revicturos
1860 2018 1944 2041 esse.

1149 2416 1150 2425 ¹
1174 2409 1331 2445 Ecclesia
1356 2413 1547 2455 profitebor
1570 2419 1602 2446 et
1624 2412 1873 2446 concionahor.

2093 87 2195 124 1182

1253 165 1409 201 Credidi
1423 173 1576 212 propter
1594 169 1690 214 quod
1707 171 1857 206 locutus
1871 183 1966 207 sum.

1304 240 1411 286 Apud
1436 243 1620 278 Hebraeos
1650 244 1716 280 hoc
1739 248 1939 281 membrum
1964 249 2009 283 ad
2032 251 2192 294 superio-

1201 304 1275 326 rem
1293 292 1472 327 Psalmum
1497 296 1666 338 pertinet,
1693 304 1726 332 et
1749 305 1799 332 est
1823 300 1978 334 narratio
1995 312 2192 344 congruens

1200 344 1313 388 priori
1338 354 1567 387 argumento,
1604 348 1687 382 dicit
1714 350 1756 382 de
1780 361 1881 384 causa
1907 363 2015 396 quare
2038 352 2193 393 invocet,

1201 402 1234 428 et
1257 407 1364 440 quare
1387 396 1582 440 affligatur,
1616 399 1746 433 scilicet
1770 408 1913 445 propter
1935 403 2191 437 confessionem

1199 446 1397 487 doctrinae,
1425 454 1457 480 et
1475 456 1593 491 postea
1608 451 1783 493 promittit
1799 463 1833 484 se
1849 453 2015 498 deinceps
2030 454 2108 488 Deo
2125 451 2191 488 hos

1199 498 1313 531 cultus
1340 498 1589 541 praestiturum
1618 512 1710 541 esse,
1744 502 2024 546 invocationem,
2060 505 2191 548 gratia-

1198 560 1277 581 rum
1310 548 1506 587 actionem,
1538 551 1796 585 confessionem
1823 554 2021 597 doctrinae,
2052 556 2191 600 patien-

1198 599 1282 632 tiam
1296 600 1333 632 in
1347 612 1464 633 cruce:
1493 594 1650 634 Credidi
1661 607 1808 649 propter
1824 602 1925 650 quod
1941 603 2081 640 locutus
2095 618 2188 644 sum,

1198 650 1231 682 id
1259 657 1328 690 est,
1357 651 1438 696 quia
1465 664 1545 684 vere
1571 654 1675 686 credo
1699 666 1771 687 esse
1786 652 1920 696 Deum,
1948 664 1981 691 et
2001 669 2099 691 veras
2118 669 2190 691 esse

1196 702 1470 745 promissiones,
1498 703 1577 736 ideo
1602 703 1747 744 invoco,
1774 705 1821 739 ita
1843 706 1946 741 docet
1961 708 2096 741 nullam
2116 720 2189 742 esse

1197 763 1313 785 veram
1339 753 1601 787 invocationem
1628 755 1703 788 sine
1725 756 1810 796 fide,
1837 756 1932 791 iuxta
1952 758 2058 791 illud:
2088 757 2189 801 Quo-

1195 804 1303 836 modo
1326 804 1543 838 invocabunt
1569 806 1637 838 nisi
1658 807 1812 840 credent.
1866 806 1971 842 Item:
2001 808 2094 852 Quia
2113 821 2188 842 cer-

1194 861 1249 888 tus
1266 866 1342 887 sum
1361 852 1452 888 banc
1470 857 1667 890 doctrinam
1685 869 1804 891 veram
1821 869 1912 897 esse,
1940 859 2021 893 ideo
2036 861 2079 893 de
2095 872 2132 893 ea
2150 860 2188 893 in

1194 906 1415 939 confessione
1433 908 1617 948 testificor,
1645 908 1693 942 sic
1702 907 1836 942 Paulus
1852 910 1935 943 citat
1951 908 2017 944 hoc
2035 911 2186 945 dictum:

1192 954 1281 1001 Ego
1312 961 1432 990 aulem
1463 954 1689 993 humiliatus
1720 971 1801 993 sum
1836 958 1955 996 valde.
2018 961 2188 1008 Sequitur

1193 1008 1450 1042 confessionem
1470 1011 1709 1055 persequutio.

1293 1073 1380 1121 Ego
1410 1074 1497 1110 dixi
1529 1075 1567 1110 in
1601 1079 1891 1114 consternatione
1924 1092 2025 1121 mea,
2067 1081 2185 1116 omnis

1190 1123 1300 1160 homo
1326 1125 1510 1170 mendax,
1542 1128 1579 1161 in
1605 1127 1659 1163 his
1686 1130 1770 1174 ipsis
1793 1132 1979 1166 doloribus
2004 1140 2037 1166 et
2059 1145 2185 1167 conso-

1190 1178 1386 1212 lationibus
1409 1180 1497 1212 meis
1519 1181 1668 1223 cognovi
1694 1193 1835 1216 securos
1857 1183 2064 1228 simpliciter
2083 1196 2185 1217 men-

1189 1230 1291 1263 daces
1311 1241 1403 1270 esse,
1431 1230 1466 1263 id
1486 1237 1555 1271 est,
1583 1243 1655 1264 non
1675 1239 1765 1266 recte
1781 1234 1911 1267 sentire
1928 1235 1971 1267 de
1986 1233 2081 1275 Deo,
2108 1247 2184 1268 non

1189 1292 1378 1324 agnoscere
1409 1282 1540 1325 peccati
1574 1284 1875 1326 magnitudinem,
1907 1297 1980 1318 non
2010 1286 2112 1320 valde
2137 1286 2184 1319 ti-

1187 1343 1283 1364 mere
1315 1332 1424 1372 iram,
1463 1344 1536 1365 non
1570 1334 1692 1367 ardere
1720 1335 1788 1367 fide
1818 1342 1850 1368 et
1881 1336 2072 1369 dilectione
2102 1348 2182 1380 erga

1187 1381 1322 1421 Deum,
1351 1383 1440 1416 sicut
1464 1385 1587 1417 ardere
1607 1385 1801 1425 debebant,
1828 1393 1947 1430 postea
1968 1388 2184 1422 consternati

1186 1433 1358 1466 sentimus
1373 1440 1407 1466 et
1423 1434 1644 1477 agnoscimus
1660 1433 1752 1469 hanc
1768 1433 1973 1482 hypocrisin
1984 1464 1992 1478 ,
2020 1444 2053 1471 et
2070 1439 2182 1472 sancti

1186 1481 1271 1517 haec
1311 1485 1494 1518 mendacia
1534 1486 1735 1529 deplorant.
1817 1486 1868 1521 Ita
1901 1488 1988 1522 dicit
2018 1487 2182 1523 Ieremias

1184 1547 1257 1578 cap.
1273 1535 1353 1569 31.:
1381 1534 1565 1579 Castigasti
1589 1549 1644 1570 me
1661 1536 1835 1578 Domine,
1865 1545 1897 1572 et
1924 1539 2083 1574 eruditus
2102 1551 2180 1574 sum

1186 1586 1274 1619 sicut
1300 1587 1510 1620 iuvenculus
1537 1587 1751 1630 indomitus,
1784 1596 1970 1634 postquam
1993 1591 2180 1624 ostendisti

1184 1635 1272 1669 mihi
1293 1637 1346 1680 egi
1365 1638 1632 1680 poenitentiam.
1687 1638 1789 1672 Item:
1818 1639 1908 1673 Cum
1926 1641 2135 1682 iudicamur,
2159 1653 2179 1675 a

1182 1686 1339 1721 Domino
1365 1688 1597 1733 corripimur,
1624 1701 1668 1722 ne
1693 1702 1772 1723 curn
1791 1688 1858 1725 hoc
1876 1693 2010 1726 mundo
2029 1693 2178 1726 damne-

1184 1750 1276 1772 mur.

1286 1792 1449 1831 Calicem
1472 1797 1677 1833 salutarem
1703 1799 1904 1848 accipiam,
1939 1802 1974 1835 id
2000 1809 2067 1845 est,
2095 1814 2176 1847 gra·-

1181 1854 1237 1882 tus
1253 1849 1422 1893 accipiam
1438 1850 1686 1884 liberationem
1704 1858 1737 1885 et
1753 1864 1829 1885 eam
1845 1854 2030 1888 celebrabo
2041 1881 2050 1895 ,
2075 1852 2176 1888 Vola

1180 1911 1260 1932 mea
1294 1897 1467 1940 reddam,
1503 1908 1535 1936 et
1560 1902 1597 1935 in
1622 1914 1724 1936 cruce
1748 1904 2005 1938 confessionem
2031 1906 2176 1939 invoca-

1180 1950 1334 1992 tionem,
1368 1958 1400 1985 et
1430 1953 1683 1996 gratitudinem
1714 1954 1921 1994 declarabo,
1956 1963 1989 1990 et
2013 1956 2084 1989 scio
2110 1968 2175 1991 nos

1999 2003 2173 2041 Preciosa

1179 2063 1302 2085 coram
1317 2050 1486 2087 Domino
1502 2067 1600 2088 mors
1615 2059 1826 2089 sanctorum
1844 2056 1938 2096 eius,
1965 2069 2039 2091 non
2057 2059 2172 2092 solum

1179 2104 1261 2149 quia
1279 2103 1375 2138 Deus
1401 2105 1527 2138 vindex
1555 2114 1622 2145 est,
1652 2107 1711 2139 sed
1734 2107 1839 2141 etiam
1864 2109 1946 2153 quia
1970 2115 2102 2143 certum
2121 2116 2171 2143 est

1178 2156 1308 2189 sanctis
1330 2156 1431 2189 reddi
1456 2157 1565 2190 vitam
1582 2164 1623 2191 =et
1646 2158 1812 2200 gloriam,
1836 2171 1901 2192 nec
1923 2171 2024 2192 ruere
2048 2171 2107 2192 eos
2132 2160 2170 2193 in

1177 2213 1360 2241 aeternum
1400 2208 1568 2249 exitium,
1610 2208 1699 2241 sicut
1729 2217 1838 2243 ruunt
1870 2210 1983 2254 impii,
2053 2210 2169 2244 Simul

1176 2264 1291 2291 autem
1315 2258 1547 2302 significatum
1572 2266 1620 2292 est
1638 2257 1830 2293 Ecclesiam
1850 2261 1886 2293 in
1903 2259 1968 2294 hac
1985 2261 2054 2295 vita
2073 2261 2169 2294 cruci

1175 2309 1368 2344 subiectam
1392 2322 1482 2351 esse,
1517 2317 1555 2344 ut
1578 2322 1682 2353 snpra
1710 2310 1849 2345 Psalmo
1869 2312 1948 2346 71.:
1984 2311 2167 2346 Preciosus

1175 2360 1318 2403 sanguis
1341 2372 1461 2394 eorum
1489 2373 1606 2395 coram
1631 2359 1808 2402 Domino,
1834 2361 1930 2396 Haec
1954 2374 2071 2396 coram
2094 2370 2166 2397 tota

1927 2412 1976 2447 lta
1993 2413 2166 2457 significat

1175 2463 1381 2507 praecipuos
1408 2464 1522 2497 cultus
1548 2475 1640 2503 esse,
1666 2464 1947 2506 invocationem,
1971 2465 2163 2508 gratiarum

1173 2514 1368 2554 actionem,
1395 2514 1684 2558 propagationem
1703 2515 1895 2555 doctrinae,
1923 2522 1955 2550 et
1972 2517 2163 2551 confessio-

1172 2577 1254 2599 nem
1271 2565 1309 2598 in
1327 2576 1440 2600 cruce.
