2379 2948
3 2208 12 2227 Ξ
0 2107 3 2163 4,,

31 2510 42 2948 m-—h--a-mffl
33 2430 39 2504 ἣρω..
30 2386 40 2421 a..
32 2340 39 2366 a».
33 2303 38 2333 --
33 2281 37 2291 -
28 1571 45 2273 -a-bnffu-a-QQWV„,Q.

158 90 256 126 1377

203 175 309 210 Deus
338 182 460 210 autem
489 183 633 223 noster,
662 183 723 212 ele.

255 263 429 308 Superior
464 277 543 308 pars
566 264 719 306 Psalmi,
755 273 792 299 ut
817 267 951 301 dictum
979 275 1047 308 est,
1084 269 1151 302 fnit

150 312 318 348 historica
339 317 495 348 narratio
516 317 559 348 de
577 317 750 359 singulari
776 329 881 360 opere
900 316 967 351 Dei
987 317 1146 353 exhibito
1173 343 1175 349 ·

149 366 283 410 populo
303 365 430 406 Israel,
458 367 621 400 videlicet
642 369 685 400 de
710 368 888 402 beneficiis
914 369 1148 412 liberationis,

149 423 182 450 et
207 417 363 450 instituti
392 417 492 460 regni
516 430 554 450 ac
577 419 783 459 sacerdotii,
820 426 852 452 et
882 421 926 452 de
956 421 1149 464 miraculis,

147 467 278 513 quibus
299 468 399 501 Deus
424 474 569 502 testatus
596 476 648 503 est
673 481 709 503 se
745 470 971 514 peculiariter
1005 473 1147 516 elegisse

146 517 243 552 hunc
260 519 432 566 populum
444 546 452 560 ,
479 526 513 553 et
529 531 564 552 se
587 532 668 554 eum
686 521 914 555 defensurum
932 534 970 556 ac
987 531 1146 558 servatu-

147 582 227 603 rum
251 581 342 610 esse,
377 577 522 615 propter
556 572 810 615 promissiones
836 573 942 606 factas
968 573 1144 616 Patribus,

146 628 180 655 et
204 621 446 655 exhibiturum
469 633 541 655 esse
565 620 768 664 Christum,
800 624 859 669 qui
886 625 1010 659 liberet
1034 637 1144 669 genus

146 670 343 706 humanum
361 685 378 706 a
398 680 538 717 peccato
563 680 596 707 et
618 686 636 707 a
655 682 787 715 morte,
815 676 910 709 iuxta
937 678 1142 720 promissio-

145 736 244 764 nem,
279 736 368 769 quae
398 725 478 757 ideo
504 726 583 759 data
618 733 691 759 erat
710 725 900 771 Patribus,
935 735 974 761 ut
999 741 1060 772 per
1084 741 1142 762 eos

144 782 399 820 propagaretur
423 776 461 808 in
486 784 662 820 posteros,
690 784 722 810 et
750 778 892 811 tandem
920 787 1142 823 spargeretur

144 827 249 861 etiam
273 827 312 859 in
327 833 458 870 gentes,
474 835 514 861 ut
531 828 715 862 audientes
733 826 799 862 hoc
812 831 959 863 verbnm
980 832 1022 863 de
1033 829 1140 865 Chri—

143 884 217 916 sto,
244 877 375 912 scirent
400 879 503 913 etiam
532 881 575 912 ad
600 891 635 912 se
658 880 833 924 pertinere
857 881 1140 925 promissionem,

142 930 233 962 sicut
256 929 348 962 clare
371 930 489 975 inquit
514 937 643 964 textus:
680 930 721 964 In
745 932 879 964 semine
905 940 965 966 tuo
991 934 1138 966 benedi-

141 987 266 1014 centur
282 993 405 1014 omnes
421 982 583 1015 nationes
607 989 730 1018 terrae.
786 982 869 1016 Ideo
888 983 1047 1017 Psalmus
1065 985 1139 1029 pri—

140 1044 237 1065 mum
269 1033 443 1076 percurrit
478 1031 664 1067 historiam
688 1034 911 1067 liberationis
937 1036 1059 1079 populi
1086 1037 1138 1069 Is-

140 1083 232 1122 rael,
259 1090 292 1117 et
310 1087 521 1118 constitutae
543 1085 687 1129 politiae
705 1098 743 1118 ac
760 1087 959 1127 sacerdotii,
985 1094 1018 1120 et
1035 1100 1138 1135 prae-

139 1135 234 1167 dicat
249 1134 421 1168 miracula
439 1134 596 1170 exhibita
621 1137 674 1169 illi
693 1137 846 1185 popu10,
875 1139 918 1171 ad
936 1140 1136 1172 exuscitan-

139 1186 220 1219 dam
253 1192 285 1219 et
309 1186 589 1220 confirmandam
616 1188 721 1220 fidem
745 1189 905 1236 piorum,
944 1189 1024 1235 qnia
1053 1188 1137 1223 haec

139 1249 246 1285 opera
273 1238 494 1272 testabantur
526 1236 621 1272 hunc
648 1251 720 1272 esse
743 1252 823 1272 vere
846 1240 985 1281 Deum,
1015 1242 1075 1285 qni
1101 1254 1136 1275 se

139 1286 222 1321 huic
239 1289 375 1337 populo
391 1290 564 1323 revelarat
583 1291 664 1323 dato
683 1292 810 1330 verbo,
839 1298 871 1323 et
897 1293 1134 1326 admonebant

137 1340 235 1387 pios,
264 1347 304 1373 ut
324 1341 509 1374 crederent
526 1340 642 1373 Deum
661 1354 740 1373 vere
761 1340 1001 1375 exhibiturum
1028 1344 1135 1376 bene-

135 1390 212 1424 ficia
228 1391 410 1438 proposita
432 1391 470 1424 in
488 1391 807 1439 promissionibus,
837 1392 948 1425 Deum
968 1394 1056 1427 velle
1076 1407 1132 1427 ex-

135 1442 259 1475 audire
277 1454 316 1475 ac
333 1454 472 1476 servare
491 1443 673 1477 credentes
684 1443 913 1491 promissioni
933 1453 964 1477 et
985 1442 1049 1478 hac
1067 1445 1133 1478 fide

138 1500 358 1529 lnvocantes.

239 1551 366 1586 Postea
389 1552 429 1586 in
453 1553 562 1586 altera
586 1560 686 1601 parte
703 1553 836 1586 Psalmi
854 1551 1023 1589 historiae
1048 1557 1133 1589 sub-

138 1605 225 1638 iecta
259 1611 309 1637 est
341 1604 479 1652 prolixa
514 1605 657 1643 concio,
694 1616 783 1650 quae
814 1602 1000 1639 historiam
1026 1604 1133 1641 huius

135 1655 263 1704 populi
284 1656 527 1689 accommodat
551 1656 594 1689 ad
613 1656 811 1690 doctrinam
836 1657 879 1689 de
900 1657 986 1698 fide,
1013 1659 1056 1691 de
1075 1659 1132 1691 in—

134 1707 322 1741 vocatione
355 1714 387 1740 et
420 1707 513 1740 veris
536 1708 709 1745 cultibns,
747 1714 780 1741 et
813 1708 931 1748 docet,
964 1710 1056 1754 quod
1087 1710 1133 1743 sit

134 1759 324 1792 discrimen
344 1759 417 1791 veri
437 1765 469 1792 et
496 1759 673 1792 idolatrici
694 1759 826 1802 cultus,
857 1771 958 1792 verae
976 1768 1009 1794 et
1027 1761 1134 1794 falsae

135 1807 326 1843 Ecclesiae.
380 1807 427 1843 Et
445 1808 530 1843 haec
549 1811 726 1858 posterior
752 1822 833 1858 pars
859 1818 995 1845 constat
1020 1813 1134 1846 tribus

133 1861 205 1894 fere
224 1861 404 1894 membris.

236 1912 399 1946 Primum
424 1924 568 1945 exorsus
592 1920 642 1946 est
667 1925 683 1945 a
711 1913 932 1960 precatione,
968 1921 1005 1946 ut
1037 1913 1133 1947 Deus

136 1964 304 1997 defendat
324 1970 356 1997 et
373 1970 486 1997 servet
506 1962 719 2002 Ecclesiam,
748 1971 779 1997 et
795 1965 894 1998 addit
913 1977 1051 1997 causam
1070 1978 1132 2013 pe-

136 2015 272 2048 titionis
284 2043 292 2055 ,
308 2023 347 2049 ut
357 2015 453 2049 Deus
475 2016 637 2049 exaudiat
656 2027 730 2048 non
746 2023 892 2063 propter
909 2016 1131 2058 dignitatem,

135 2073 195 2100 aut
221 2067 346 2099 merita
375 2067 521 2114 populi,
550 2067 608 2099 sed
636 2075 782 2115 propter
803 2067 971 2110 gloriam,
995 2075 1032 2101 ut
1057 2081 1131 2101 eam

136 2118 305 2151 defendat
327 2119 495 2152 adversus
519 2118 669 2166 impios,
697 2119 757 2163 qui
783 2127 913 2161 negant
939 2116 1033 2152 hunc
1061 2132 1132 2153 esse

136 2170 274 2210 Deum,
304 2176 337 2203 et
360 2167 608 2213 blasphemant
632 2170 706 2202 eius
732 2171 900 2209 verbnm,
930 2178 959 2203 et
986 2179 1132 2218 propter

136 2222 285 2256 verbum
314 2227 577 2269 persequuntur
603 2221 691 2269 pios.
749 2221 930 2254 Adversus
954 2219 1017 2255 hos
1044 2230 1131 2263 orat,

137 2281 175 2306 ut
188 2272 284 2305 Dens
301 2279 440 2306 tueatur
464 2272 613 2315 gloriam
640 2284 759 2313 suam,
786 2281 817 2307 et
837 2280 1000 2307 testatum
1027 2275 1131 2308 faciat

138 2325 232 2369 quod
261 2323 304 2357 sit
333 2322 448 2362 Deus,
482 2324 577 2368 quod
604 2324 787 2372 respiciat,
816 2325 999 2365 exaudiat,
1027 2326 1129 2359 adiu-

136 2383 193 2409 vet
219 2375 399 2408 credentes
431 2374 504 2407 eius
529 2375 656 2413 verbo,
690 2383 729 2409 ut
756 2375 919 2409 videlicet
951 2376 1131 2411 tribuatur

135 2428 202 2474 ipsi
237 2427 313 2459 laus
347 2426 610 2459 misericordiae
632 2434 666 2460 et
689 2427 864 2468 veritatis,
902 2428 999 2473 quod
1026 2441 1132 2462 exau-

137 2479 230 2517 diat,
263 2477 360 2522 quod
385 2484 499 2511 servet
528 2478 718 2521 promissa,
756 2478 893 2512 etiamsi
918 2491 983 2512 nos
1009 2491 1130 2514 sumus

136 2530 274 2573 indigni
288 2557 296 2570 ,
325 2541 388 2562 nec
404 2540 593 2576 possumus
611 2529 736 2562 afferre
753 2530 887 2563 merita.

240 2588 361 2632 Quare
390 2587 474 2622 haec
502 2589 625 2632 petitio
658 2589 811 2633 primum
845 2588 1013 2638 prohibet
1040 2591 1133 2624 fidu-

137 2642 226 2675 ciam
251 2640 416 2689 propriae
446 2640 646 2683 dignitatis,
682 2648 829 2674 testatur
859 2642 1025 2675 beneficia
1051 2640 1133 2676 hnic

136 2692 270 2741 populo
289 2689 443 2725 exhibita
456 2717 464 2730 ,
492 2704 565 2724 non
584 2692 770 2734 contigisse
790 2692 860 2725 illis
877 2701 1020 2737 propter
1037 2694 1132 2738 ipso-
1156 2723 1158 2729 ,

191 2745 367 2776 Mamm.
391 2745 493 2777 Ormi.
523 2745 600 2775 Vor.
620 2745 711 2777 XIII.

754 93 818 129 lx.
878 92 1246 132 COMMENTARH
1281 96 1332 131 IN
1365 97 1609 135 PSALMOS.

2117 109 2211 142 1378

1176 196 1177 201 ¹
1205 195 1284 217 rum
1317 184 1528 228 dignitatem
1560 192 1621 219 aut
1653 187 1795 228 merita,
1830 188 1902 222 imo
1927 190 2082 234 ingentia
2107 205 2207 230 erant

1175 257 1176 267 η
1204 241 1360 279 peccata,
1388 244 1535 281 propter
1558 249 1648 283 quae
1673 236 1769 272 Deus
1797 241 1968 283 potuisset
1994 243 2110 277 delere
2140 259 2203 290 po-

1204 286 1328 330 pulum
1342 314 1351 327 ,
1380 289 1682 332 quemadmodum
1701 286 1848 324 historia
1866 299 2023 327 testatur.
2068 295 2118 329 Ac
2138 300 2200 331 etsi

1203 337 1241 370 in
1267 338 1403 385 populo
1431 346 1531 373 erant
1545 340 1678 381 sancti,
1705 347 1824 374 tamen
1843 344 1991 377 maxima
2014 357 2092 389 pars
2127 358 2201 383 erat

1203 389 1332 436 impia,
1369 402 1433 423 nec
1466 391 1517 434 pii
1553 399 1653 425 erant
1679 391 1753 424 sine
1789 402 1948 436 peccato,
1984 403 2022 430 ut
2048 397 2200 444 Moyses,

1202 438 1335 474 Aaron.
1391 439 1510 484 Quare
1529 454 1573 475 ne
1590 442 1701 476 sancti
1719 443 1863 488 quidem
1882 455 2028 490 possunt
2045 449 2197 494 allegare

1201 502 1263 525 sua
1289 492 1412 526 merita
1437 500 1496 526 aut
1523 493 1729 537 dignitatem
1754 496 1953 539 propriam,
1976 500 2034 532 sed
2061 509 2200 545 oportet

1200 539 1265 576 hos
1283 543 1388 576 etiam
1403 543 1531 577 afferre
1547 545 1804 578 confessionem
1820 547 2053 593 indignitatiS‚
2072 564 2197 597 quem-

1198 595 1391 628 admodum
1423 595 1460 627 in
1491 594 1640 629 Daniele
1674 604 1879 640 precantur:
1918 599 2003 634 Tibi
2030 600 2196 638 Domine

1199 644 1356 686 iusticia,
1385 646 1487 679 nobis
1510 653 1627 680 antem
1655 648 1814 682 confusio
1833 650 1947 685 faciei.
1998 651 2068 686 Sed
2088 654 2192 689 invo-

1200 704 1317 730 cantes
1335 697 1488 740 allegant
1507 695 1582 730 Deo
1605 698 1876 742 promissioneS,
1906 710 1942 736 ut
1968 711 2112 747 propter
2135 719 2193 740 eas

1198 748 1381 790 exaudiat,
1406 755 1444 782 ut
1469 749 1649 783 tribuatur
1665 749 1733 793 ipsi
1750 751 1860 793 gloria
1880 753 2143 789 misericordiae
2160 766 2193 791 et

1197 806 1366 833 veritatis.

1300 865 1352 900 Ita
1380 865 1436 901 hic
1459 869 1501 902 de
1527 867 1752 903 invocatione
1778 872 1901 913 docet,
1933 875 2029 918 quod
2054 888 2194 911 necesse

1196 918 1241 952 sit
1263 918 1340 962 pios
1363 920 1517 963 primum
1545 921 1681 953 adferre
1707 922 1750 954 ad
1777 921 1894 956 Deum
1933 927 2192 962 confessionem

1197 981 1280 1003 suae
1306 970 1549 1013 indignitatis,
1579 971 1708 1004 deinde
1732 975 1827 1018 quod
1856 981 1973 1009 tamen
1991 985 2109 1012 nostra
2135 980 2192 1013 in-

1195 1021 1350 1062 dignitas
1377 1034 1450 1055 non
1476 1023 1600 1056 debeat
1623 1035 1688 1056 nos
1714 1024 1890 1059 deterrere
1911 1027 1955 1060 ab
1978 1028 2192 1072 invocando,

1195 1072 1278 1116 quia
1304 1072 1390 1106 fides
1427 1073 1493 1107 niti
1520 1074 1624 1107 debet
1648 1086 1722 1107 non
1746 1083 1866 1110 nostra
1899 1078 2088 1122 dignitate,
2124 1095 2189 1116 nec

1194 1135 1362 1168 quaerere
1385 1125 1527 1165 merita,
1563 1126 1622 1158 sed
1645 1125 1782 1160 nitatur
1803 1128 2064 1172 misericordia,
2099 1146 2189 1178 quae

1192 1175 1406 1222 proponitur
1421 1176 1458 1208 in
1479 1176 1786 1220 promissionibus.
1836 1178 1932 1213 Haec
1951 1193 2030 1215 cum
2049 1183 2093 1216 sit
2110 1196 2190 1227 gra-

1193 1226 1300 1266 tuita,
1328 1239 1392 1260 nec
1416 1228 1574 1271 requirat
1600 1228 1843 1262 conditionem
1868 1240 2009 1266 nostrae
2034 1235 2190 1277 dignita-

1194 1277 1255 1317 tis,
1285 1278 1500 1312 conscientia
1519 1286 1593 1312 tuto
1612 1291 1649 1312 ea
1672 1280 1737 1313 niti
1764 1287 1895 1324 potest,
1924 1291 1957 1317 et
1986 1285 2089 1320 debet
2116 1294 2187 1321 sta-

1192 1335 1290 1361 tuere
1315 1340 1350 1361 se
1374 1336 1468 1363 certo
1496 1330 1666 1363 exaudiri.
1727 1330 1810 1364 Ideo
1844 1334 1939 1367 enim
1975 1338 2186 1372 transfertur

1192 1391 1245 1411 res
1272 1392 1289 1412 a
1315 1387 1433 1414 nostra
1459 1381 1629 1423 dignitate
1655 1382 1692 1413 in
1717 1383 2018 1427 misericordiam,
2045 1395 2083 1422 ut
2102 1401 2185 1423 con-

1191 1430 1336 1464 scientia
1361 1432 1403 1464 sit
1429 1439 1539 1471 certa,
1575 1440 1607 1466 et
1637 1432 1722 1465 fides
1748 1434 1894 1468 retineri
1926 1439 2036 1484 possit
2064 1447 2186 1474 contra

1189 1481 1470 1523 dubitationem,
1500 1483 1588 1516 sicut
1614 1482 1746 1517 Paulus
1765 1486 1867 1521 docet
1883 1486 1988 1522 Rom.
2004 1490 2038 1524 4.
2089 1490 2185 1525 Haec

1189 1539 1238 1565 est
1258 1534 1432 1567 sententia
1449 1546 1586 1567 versus:
1616 1534 1697 1568 Non
1716 1537 1819 1570 nobis
1838 1536 2004 1584 Domine,
2029 1553 2101 1576 non
2120 1556 2186 1576 no—

1192 1583 1243 1616 bis
1271 1591 1334 1618 etc.

1291 1651 1417 1686 Postea
1441 1654 1563 1687 attexit
1582 1655 1876 1702 descriptionem,
1902 1671 1992 1704 quae
2018 1662 2120 1697 docet
2143 1665 2186 1696 de

1189 1715 1270 1736 vera
1298 1704 1478 1746 agnitione
1504 1703 1589 1746 Dei,
1624 1707 1667 1739 de
1705 1720 1786 1741 vero
1818 1709 1932 1750 cultu,
1967 1718 2000 1744 et
2031 1716 2186 1749 ostendit

1189 1766 1278 1800 quae
1304 1755 1349 1789 sit
1373 1767 1453 1788 vera
1473 1753 1648 1796 Ecclesia,
1678 1770 1767 1803 quos
1789 1757 1915 1794 habeat
1932 1763 2059 1797 cultus.
2113 1765 2183 1800 Sed

1189 1812 1227 1839 ut
1247 1804 1314 1839 hoc
1330 1806 1389 1840 fiat
1405 1807 1597 1848 illustrius,
1625 1810 1725 1843 addit
1749 1811 1965 1846 luculentam
1987 1814 2183 1851 antithesin

1189 1858 1231 1890 de
1263 1857 1460 1892 idolatricis
1489 1859 1643 1893 cultibus
1674 1861 1887 1909 impiorum,
1921 1865 1981 1909 qui
2005 1878 2084 1900 cum
2110 1881 2184 1902 non

1188 1916 1358 1955 regantur
1376 1910 1504 1950 verbo,
1534 1910 1614 1944 ideo
1640 1924 1712 1945 non
1740 1926 1819 1946 vere
1843 1925 2038 1957 agnoscunt
2055 1917 2182 1961 Deum,

1187 1973 1250 1994 nec
1276 1967 1424 2008 possunt
1450 1969 1627 2008 praestare
1653 1963 1915 1999 invocationem
1935 1975 1966 2001 et
1986 1981 2087 2003 veros
2106 1972 2181 2004 cul-

1188 2019 1254 2045 tus.
1309 2009 1444 2058 Estque
1469 2011 1553 2046 haec
1576 2015 1766 2062 descriptio
1783 2015 1916 2050 Psalmi
1942 2019 2069 2063 digna,
2092 2034 2181 2069 quae

1187 2063 1438 2099 consideretur.
1495 2063 1605 2098 Docet
1622 2066 1717 2099 enim
1737 2080 1827 2112 quae
1843 2068 1886 2102 sit
1905 2071 2065 2104 omnium
2090 2080 2180 2106 tem-

1186 2127 1315 2162 porum
1337 2115 1522 2155 idolatria,
1549 2124 1581 2150 et
1609 2119 1705 2150 unde
1728 2119 1883 2157 oriatur,
1911 2121 2075 2156 videlicet
2102 2137 2181 2157 cum

1188 2165 1350 2200 homines
1367 2178 1430 2200 suo
1451 2167 1583 2201 iudicio
1603 2169 1793 2203 instituunt
1814 2170 1929 2204 cultus
1946 2173 2020 2206 sine
2037 2177 2158 2211 verbo.

1289 2233 1358 2268 Sed
1380 2234 1588 2281 priusquam
1612 2237 1654 2268 ad
1675 2233 1765 2270 hanc
1785 2238 2059 2286 descriptionem
2085 2256 2181 2276 acce-

1185 2286 1258 2325 dit,
1290 2286 1471 2333 praefatur
1504 2287 1547 2319 de
1579 2299 1659 2320 vera
1693 2288 1874 2330 agnitione
1906 2289 1990 2331 Dei,
2025 2294 2068 2326 de
2097 2307 2179 2328 vero

1185 2338 1301 2377 cultu,
1337 2337 1499 2371 videlicet
1531 2338 1756 2372 invocatione
1789 2348 1822 2374 et
1854 2341 1941 2380 fide,
1979 2343 2066 2378 sicut
2096 2346 2181 2385 dixi,

1185 2390 1247 2435 qui
1271 2388 1386 2421 cultus
1411 2400 1484 2421 non
1511 2389 1640 2422 nititur
1672 2387 1838 2424 humanis
1862 2392 2180 2436 imaginationibus

1185 2442 1228 2474 de
1245 2439 1332 2479 Deo,
1360 2446 1420 2472 aut
1437 2439 1568 2473 iudicio
1587 2441 1752 2474 rationis:
1782 2443 1839 2475 sed
1859 2443 1991 2478 iudicat
2010 2458 2050 2479 ex
2070 2449 2178 2481 verbo

1187 2504 1245 2525 sen
1262 2491 1570 2539 promissionibus,
1590 2498 1621 2525 et
1634 2491 1726 2525 iuxta
1738 2505 1793 2526 eas
1804 2493 2040 2542 apprehendit
2050 2498 2178 2537 Deum,

1188 2543 1322 2576 iudicat
1340 2539 1435 2575 hunc
1455 2554 1536 2575 vere
1554 2555 1626 2576 esse
1645 2542 1758 2577 Deum
1772 2570 1780 2583 ,
1810 2546 1870 2590 qui
1897 2558 1931 2579 se
1955 2549 2117 2595 patefecit
2142 2552 2179 2584 in

1187 2595 1316 2631 verbo,
1345 2605 1410 2629 nec
1435 2605 1507 2627 esse
1530 2595 1705 2633 ociosum,
1735 2597 1795 2629 sed
1823 2609 1944 2631 curare
1968 2611 2023 2633 res
2050 2598 2179 2635 hnma-

1187 2658 1268 2686 nas,
1295 2657 1434 2678 servare
1451 2646 1642 2692 promissa,
1671 2647 1838 2681 exaudire
1857 2649 2062 2685 invocantes
2083 2654 2179 2688 iuxta

1187 2698 1345 2731 verbum.
1388 2695 1466 2731 Hoc
1486 2698 1591 2731 modo
1610 2698 1653 2730 de
1670 2699 1850 2742 agnitione
1868 2699 1932 2734 Dei
1950 2703 2051 2738 docet
2070 2705 2178 2738 versi-

1616 2748 1664 2781 87
