2379 2948
240 102 335 137 1259

236 195 381 221 naturae
415 184 607 225 humanae,

236 247 354 271 mento
380 239 532 270 futuram
554 235 845 269 instaurationem
865 241 1012 267 naturae
1033 232 1220 277 humanae,

237 289 274 322 in
301 302 367 334 qua
392 289 466 321 siue
491 294 648 331 peccato,
673 286 748 318 sine
767 285 980 326 rebellione,
1007 285 1083 318 sine
1108 291 1219 317 morte

236 339 471 384 praestabitur
488 349 577 369 nova
597 345 629 370 et
648 349 726 369 vera
750 336 961 369 obedientia.
1013 333 1058 368 Et
1082 342 1120 369 ut
1148 335 1220 368 col—

236 391 384 424 lationes
401 389 598 432 superiores
614 387 843 420 ostenderunt
864 387 1022 427 modum,
1043 398 1111 430 quo
1124 385 1221 419 Mes-

235 441 303 474 sias
326 447 438 482 reget,
465 439 597 472 scilicet
620 450 693 471 non
719 438 861 482 politico
890 450 986 470 more
1011 449 1071 469 seu
1090 437 1219 480 gladio,

235 504 295 525 seu
322 491 414 534 lege,
450 491 508 522 sed
543 501 603 533 per
625 488 858 532 Evangelium
883 496 915 521 et
941 488 1113 532 Spiritum
1137 498 1218 520 san-

235 549 341 576 ctum.
396 540 447 574 lta
465 538 547 573 haec
566 539 667 573 tertia
691 537 873 572 antithesis
898 539 1088 571 admodum
1112 538 1220 581 signi-

236 594 379 626 ficanter
405 591 573 635 proponit
605 591 787 631 effectum,
823 590 937 635 qualis
968 590 1041 633 ipse
1070 590 1221 632 populus

235 644 279 677 sit
305 644 456 677 futurus.
508 639 554 674 Et
579 639 644 674 hac
668 653 738 674 una
764 653 847 674 voce
868 641 1042 684 praeclare
1065 640 1219 684 comple-

236 695 342 727 ctitur
360 694 417 726 illa
437 692 592 735 ingentia
611 692 796 731 beneficia,
824 703 913 736 quae
932 691 1031 723 affert
1047 689 1220 730 Christus,

236 745 366 778 scilicet
401 742 693 776 instaurationem
726 749 871 775 naturae
906 739 1110 782 hominum,
1153 754 1219 786 qna

236 796 374 829 sublato
401 801 538 837 peccato
565 800 598 826 et
621 793 750 826 abolita
775 799 887 825 morte
914 792 1033 824 vivent
1058 789 1221 825 homines

236 847 273 879 in
291 846 439 890 quadam
464 856 554 877 nova
578 850 612 876 et
636 850 800 888 perpetua
826 843 920 880 luce,
948 842 1128 886 agnitione
1155 842 1220 875 Dei

237 904 269 930 et
289 896 438 940 perfecta
455 894 669 927 obedientia.
724 893 818 926 Haec
836 893 974 927 novitas
998 893 1161 927 incoatur
1181 894 1220 926 in

237 945 301 980 bac
321 947 409 984 vita,
436 946 493 979 sed
517 943 698 989 posthanc
717 945 823 978 vitam
843 944 1050 988 perficietur.

338 996 530 1040 Praecipue
554 1002 668 1029 autem
694 992 751 1028 hic
768 995 1021 1028 consideranda
1040 1001 1089 1027 est
1108 1006 1222 1035 causa,

237 1060 345 1094 quare
363 1048 496 1081 iusticia
515 1047 598 1089 legis
615 1058 687 1079 non
702 1046 745 1078 sit
770 1052 980 1089 spontanea,
1008 1053 1041 1079 et
1064 1046 1148 1090 quid
1169 1046 1223 1085 sit,

237 1112 309 1132 non
346 1110 417 1131 esse
454 1105 697 1141 spontaneum.
758 1095 890 1129 Paulus
926 1096 1057 1141 inquit:
1092 1096 1222 1130 Sensus

237 1149 351 1183 carnis
378 1149 566 1181 inimicicia
591 1154 642 1181 est
664 1148 830 1180 adversus
857 1146 982 1181 Deum.
1042 1146 1113 1180 Nec
1148 1148 1223 1179 leve

236 1201 367 1233 malum
395 1207 464 1233 tam
491 1199 668 1232 atrocibus
693 1199 810 1230 verbis
834 1198 1018 1238 describit,
1052 1198 1221 1237 significat

238 1251 333 1285 euim
360 1251 396 1282 in
419 1258 543 1284 natura
567 1249 724 1282 hominis
748 1246 955 1281 horribilem
981 1249 1223 1287 rebellionem,

238 1302 495 1335 dubitationem
535 1307 594 1332 aut
630 1299 910 1341 indignationem
949 1310 1020 1331 esse
1056 1299 1223 1331 adversus

237 1353 363 1387 Deum.
419 1351 500 1385 [deo
526 1362 729 1395 quanquam
756 1356 950 1393 praestatur
975 1356 1116 1382 externa
1140 1350 1223 1382 obe-

239 1404 370 1437 dientia
396 1409 596 1446 utcunque,
631 1408 748 1434 tamen
773 1412 845 1432 non
871 1400 1001 1433 dicitur
1031 1407 1222 1444 spontanea

238 1453 459 1492 obedientia,
486 1464 564 1485 cum
592 1452 652 1484 illa
677 1451 845 1490 rebellio,
870 1450 1044 1484 dubitatio
1069 1457 1103 1484 et
1127 1450 1223 1483 indi-

239 1504 357 1549 gnatio
375 1501 541 1536 haereant
560 1502 597 1534 in
615 1508 740 1534 natura
758 1498 925 1533 hominis.
979 1498 1024 1534 Et
1043 1498 1125 1534 haec
1142 1513 1223 1548 pec-

238 1563 311 1589 cata
336 1554 447 1587 multo
473 1553 606 1585 maiora
631 1560 730 1592 sunt,
759 1563 864 1596 quam
891 1559 1068 1584 uteorum
1087 1553 1223 1594 magni-

239 1607 324 1640 tudo
351 1604 502 1646 intelligi
535 1615 552 1636 a
579 1604 713 1636 ratione
740 1602 859 1645 possit.
920 1600 1010 1635 Cum
1037 1602 1144 1644 igitur
1166 1600 1223 1634 hic

238 1653 414 1700 Propheta
434 1654 662 1696 vaticinatur,
680 1653 817 1685 futuros
835 1652 982 1696 populos
1001 1659 1223 1695 spontaneos,

239 1719 312 1740 non
327 1708 474 1739 obscure
491 1705 719 1738 concionatur
735 1704 776 1735 de
796 1703 1049 1736 instauratione
1066 1709 1222 1736 naturae.

239 1757 319 1792 Erit
342 1764 455 1790 autem
480 1763 557 1800 post
584 1754 874 1788 resurrectionem
901 1754 1037 1795 integra
1054 1754 1222 1785 obedien·

239 1810 287 1843 tia
307 1815 339 1842 et
356 1807 506 1851 perfecte
523 1813 733 1850 spontanea,
759 1805 818 1837 sed
845 1804 881 1836 in
900 1802 964 1836 hac
989 1804 1059 1838 vita
1085 1810 1221 1837 tantum

241 1867 290 1893 est
307 1859 443 1891 incoata
461 1855 546 1890 haec
564 1863 755 1900 spontanea
774 1854 987 1888 obedientia.

342 1907 507 1942 Dicemus
525 1908 649 1950 igitur,
675 1907 853 1951 quomodo
879 1906 915 1937 in
932 1903 997 1938 hac
1015 1905 1085 1938 vita
1113 1918 1224 1950 oppo-

241 1967 371 1993 nantur
381 1958 572 2002 Spontanei
585 1958 698 1990 cultus
716 1968 775 1989 seu
784 1964 998 2000 spontaneae
1013 1956 1224 1996 oblationes,

241 2010 398 2044 iusticiae
432 2009 529 2051 legis.
589 2007 677 2041 Nam
710 2005 776 2039 hoc
807 2018 947 2051 quoque
981 2007 1225 2049 complectitur

241 2061 420 2101 Psalmus‚
450 2067 482 2092 et
502 2059 575 2091 vult
591 2058 787 2091 discernere
811 2057 895 2089 novi
923 2058 1121 2091 testamenti
1148 2059 1223 2092 cul-

242 2119 298 2146 tus
326 2123 344 2144 a
369 2111 522 2143 cultibus
542 2108 726 2149 Leviticis,
754 2114 787 2141 et
811 2108 1005 2150 significare
1024 2109 1224 2151 abrogatio-

242 2175 321 2196 nem
339 2161 440 2204 legis,
467 2160 566 2205 quasi
585 2160 692 2199 dicat,
719 2157 799 2191 Erit
814 2157 989 2198 Ecclesia,
1012 2159 1143 2192 etiamsi
1168 2158 1225 2193 hic

243 2212 395 2257 populus
420 2209 511 2245 ethi
537 2211 651 2244 cultus
670 2209 819 2243 Levitici
846 2208 1026 2248 desinent,
1055 2210 1115 2254 qui
1143 2219 1225 2245 sunt

242 2264 406 2303 umbrae,
440 2274 512 2294 non
539 2268 620 2295 sunt
643 2261 716 2293 veri
742 2260 867 2294 cultus.
928 2258 1083 2293 Habebit
1107 2268 1223 2294 autem

242 2313 399 2348 Ecclesia
425 2312 575 2345 Messiae
603 2311 689 2344 alios
713 2311 827 2345 cultus
850 2311 1137 2354 praestantiores,
1172 2312 1225 2344 vi-

244 2365 370 2397 delicet
386 2370 608 2407 spontaneos,
631 2362 665 2394 id
685 2368 746 2401 est,
760 2373 861 2394 veros
877 2367 992 2395 motus
1009 2362 1135 2402 cordis,
1160 2363 1224 2395 sic-

245 2422 283 2449 ut
305 2415 352 2448 ait
379 2412 561 2451 Christus,
591 2410 780 2447 lohan.4.:
808 2411 847 2445 In
874 2411 999 2456 spiritu
1025 2419 1057 2445 et
1080 2413 1226 2446 veritate

246 2472 381 2508 oportet
397 2465 553 2497 adorare.
606 2463 710 2496 Tales
729 2463 842 2496 cultus
864 2474 935 2496 non
962 2460 1103 2497 exhibet
1125 2464 1226 2497 iusti-

247 2515 298 2548 cia
316 2515 416 2558 legis,
443 2515 522 2559 quia
541 2514 616 2547 sine
632 2513 826 2556 Evangelio
851 2520 883 2547 et
901 2514 1080 2555 agnitione
1096 2515 1226 2558 gratiae

247 2566 351 2599 corda
376 2566 539 2599 dubitant
566 2566 608 2598 de
623 2563 715 2603 Deo,
743 2564 884 2608 fugiunt
903 2571 935 2598 et
959 2566 1111 2599 oderunt
1131 2566 1226 2598 iudi-

247 2616 340 2649 cium
364 2613 448 2655 Dei,
476 2628 547 2648 non
572 2622 719 2662 possunt
742 2627 821 2648 vere
847 2614 1030 2656 invocare,
1057 2615 1128 2649 imo
1156 2617 1226 2649 fre-

832 97 957 132 PHIL.
985 96 1100 132 MEL.
1131 96 1338 132 SCRIPTA
1367 95 1663 132 EXEGETICA.

652 192 684 218 et
715 184 886 226 significat
918 182 954 217 in
988 195 1080 217 novo
1116 186 1247 216 testa-⁴

1250 2655 1251 2660 ¹
1275 2623 1332 2649 tur
1349 2613 1454 2648 Deus.

2159 101 2258 136 1260

1272 182 1334 216 tim
1353 182 1388 214 in
1406 181 1678 222 afflictionibus,
1704 193 1768 215 nec
1790 189 1935 226 possunt
1959 183 2097 219 flectere
2119 185 2257 219 animos

1271 234 1313 266 ad
1338 233 1560 276 patientiam,
1597 240 1628 266 et
1653 233 1689 265 in
1716 234 1787 266 suis
1812 234 1970 267 consiliis
2000 242 2033 268 et
2058 236 2256 270 actionibus

1245 298 1247 309 ι
1271 284 1456 328 praecipue
1472 283 1814 326 expetuntcarnalia,
1831 296 1904 317 non
1922 285 2120 318 anteferunt
2131 286 2256 326 Deum,

1272 342 1447 379 quaerunt
1473 345 1574 378 opes,
1600 334 1747 377 gloriam
1778 341 1812 368 et
1833 335 2049 378 voluptates,
2075 337 2257 372 confidunt

1271 386 1375 419 rebus
1394 385 1654 429 praesentibus,
1682 397 1759 418 cum
1779 385 1815 418 in
1836 386 2004 419 omnibus
2026 387 2179 428 negociis
2195 390 2256 420 de-

1271 437 1369 470 beret
1394 447 1492 468 mens
1518 434 1651 469 intu'eri
1676 434 1808 478 Deum,
1834 444 1868 470 et
1892 437 2012 469 omnia
2037 438 2186 480 dirigere
2210 439 2254 471 ad

1245 482 1247 488 ¹
1272 488 1467 519 ornandam
1486 487 1633 529 gloriam
1651 486 1729 522 Dei.

1373 535 1463 570 Cum
1481 537 1589 579 igitur
1607 544 1745 571 maneat
1761 544 1856 572 tanta
1876 537 2119 572 immundities
2138 538 2174 571 in
2193 537 2258 572 ho-

1270 588 1446 628 minibus,
1471 588 1608 620 etiamsi
1626 589 1772 622 audiant
1791 589 1921 632 legem,
1949 596 1982 622 et
2003 596 2181 632 praestent
2199 602 2259 623 ex-

1271 646 1390 673 ternos
1408 639 1522 671 cultus
1538 645 1570 671 et
1589 646 1729 672 externa
1754 652 1878 684 opera,
1904 640 1980 673 siue
1999 638 2197 682 Evangelio
2224 647 2259 674 et

1272 690 1401 722 noticia
1421 687 1572 727 Christi,
1600 690 1681 722 satis
1705 697 1868 737 apparet,
1897 691 2000 725 talem
2018 691 2259 724 obedientiam

1272 752 1346 773 non
1373 752 1445 773 esse
1470 747 1700 784 spontaneam
1738 747 1771 774 et
1796 752 1924 774 veram.
1984 740 2140 775 Econtra
2164 754 2259 782 vero,

1274 798 1456 836 postquam
1476 803 1537 835 per
1562 790 1791 834 Evangelium
1809 799 2002 834 agnoscunt
2025 794 2130 825 corda
2154 792 2259 825 mise-

1272 842 1481 882 ricordiam,
1516 848 1659 885 propter
1688 839 1868 875 Christum
1902 844 2088 884 donatam,
2125 850 2158 877 et
2192 843 2260 876 fide

1272 893 1476 936 eriguntur,
1506 892 1554 925 ibi
1579 904 1659 925 vere
1684 892 1859 937 incipiunt
1886 894 2049 926 invocare
2068 893 2200 934 Deum,
2228 903 2260 926 et

1273 944 1478 987 concipiunt
1501 954 1612 976 novos
1630 951 1765 984 motus,
1791 944 1957 977 noticiam
1974 942 2058 984 Dei,
2084 945 2261 985 timorem,

1273 995 1517 1033 dilectionem,
1552 994 1764 1028 confitentur
1793 1002 1824 1028 et
1846 1002 1976 1028 ornant
2007 995 2154 1039 gloriam
2180 995 2261 1036 Dei,

1273 1052 1307 1078 et
1324 1045 1500 1089 incipiunt
1522 1045 1668 1078 obedire
1693 1045 1730 1077 in
1753 1045 2016 1080 afflictionibus.
2071 1045 2120 1079 Hi
2144 1046 2259 1079 cultus

1274 1103 1355 1129 sunt
1372 1096 1555 1139 spontanei
1580 1103 1612 1129 et
1630 1096 1845 1140 spirituales,
1869 1097 1952 1141 quia
1980 1103 2062 1130 sunt
2088 1096 2159 1129 veri
2182 1109 2261 1129 mo-

1274 1154 1328 1179 tus
1347 1147 1481 1187 cordis,
1509 1158 1582 1179 non
1599 1153 1760 1180 externae
1786 1148 1942 1179 umbrae.
1995 1146 2176 1180 Praedicit
2194 1147 2260 1190 igi-

1274 1204 1331 1231 tur
1355 1195 1411 1229 hic
1438 1197 1555 1236 locus,
1588 1197 1707 1240 quales
1733 1197 1803 1230 sint
1825 1197 1936 1230 futuri
1960 1198 2073 1231 cultus
2100 1198 2137 1230 in
2167 1209 2260 1231 novo

1274 1254 1491 1281 testamento.
1552 1246 1671 1290 Quare
1704 1247 1969 1281 meminerimus
2002 1246 2066 1281 hos
2106 1261 2124 1282 a
2156 1248 2261 1282 nobis

1275 1299 1502 1343 praestandos
1527 1309 1618 1335 esse,
1654 1299 1817 1331 videlicet
1847 1299 2028 1339 timorem,
2054 1299 2178 1339 fidem,
2205 1299 2262 1331 in-

1274 1349 1511 1389 vocationem,
1539 1349 1782 1387 dilectionem‚
1811 1349 2028 1392 patientiam,
2055 1349 2261 1392 castitatem,

1275 1407 1307 1433 et
1325 1400 1456 1432 similes
1473 1400 1607 1432 fructus
1623 1399 1780 1442 spiritus.
1832 1397 1907 1432 Hos
1924 1399 2017 1432 enim
2038 1406 2138 1433 vocat
2152 1411 2262 1444 spon-

1274 1457 1393 1482 taneas
1418 1450 1625 1484 oblationes.
1678 1447 1732 1482 Ex
1760 1448 1813 1482 his
1837 1450 2004 1483 omnibus
2028 1450 2180 1493 intelligi
2205 1458 2262 1484 ut-

1275 1513 1413 1545 cunque
1437 1507 1569 1544 potest,
1597 1512 1704 1544 quare
1727 1500 1873 1540 dixerit,
1906 1499 2034 1544 Populi
2059 1500 2111 1533 tui
2136 1509 2261 1545 sponte

1275 1551 1424 1584 offerent
1445 1551 1520 1584 tibi.
1569 1550 1787 1595 Quanquam
1810 1550 1903 1583 enim
1924 1551 2128 1594 collegimus
2146 1551 2265 1595 plures

1275 1599 1474 1641 antithesiS,
1500 1608 1616 1634 tamen
1636 1613 1758 1634 omnes
1775 1599 1975 1642 cohaerent,
2005 1609 2038 1635 et
2053 1602 2120 1634 alia
2138 1614 2177 1635 ex
2193 1603 2261 1636 alia

1275 1653 1400 1687 oritur.
1461 1651 1549 1684 Nam
1577 1658 1811 1695 spontaneum
1835 1652 2006 1695 significat
2034 1649 2126 1685 haud
2154 1654 2262 1686 dubie

1276 1714 1375 1735 veros
1402 1702 1588 1735 interiores
1611 1702 1726 1735 cultus
1750 1703 1963 1737 instauratae
1986 1709 2150 1745 naturae,
2177 1701 2261 1738 hine

1276 1754 1410 1798 reliqua
1429 1759 1634 1798 sequuntur.

1328 1835 1376 1870 In
1396 1842 1529 1871 ornatu
1543 1841 1682 1872 sancio,

1378 1902 1522 1937 Phrasis
1546 1911 1595 1938 est
1618 1903 1789 1945 Ebraica,
1818 1904 1855 1937 in
1879 1912 2005 1939 ornatu
2031 1913 2168 1945 sancto,
2195 1918 2259 1950 pro

1278 1956 1404 1989 vestitu
1423 1955 1613 2000 pontificio.
1668 1954 1809 1989 Alludit
1824 1955 1917 1988 enim
1935 1957 1976 1989 ad
1993 1958 2188 1990 sacerdotes
2205 1969 2262 1990 sa-

1278 2007 1472 2040 crificantes
1501 2006 1537 2038 in
1563 2006 1690 2039 vestitu
1716 2017 1825 2039 sacro.
1875 2006 1937 2039 Ait
1953 2018 2053 2050 ergo,
2081 2009 2261 2042 credentes

1277 2056 1418 2091 Christo
1443 2057 1695 2090 sacrificaturos
1723 2068 1795 2089 esse
1819 2063 2030 2104 spontaneas
2063 2059 2261 2093 oblationes

1279 2116 1444 2153 tanquam
1466 2108 1502 2140 iu
1526 2108 1703 2151 pontificia
1719 2115 1823 2141 veste.
1877 2106 1975 2141 Sicut
1999 2116 2031 2142 et
2056 2107 2179 2142 Esaias
2204 2110 2260 2142 in-

1278 2160 1353 2204 quit
1371 2159 1481 2202 capite
1498 2158 1578 2193 61.:
1607 2158 1679 2191 Vos
1695 2165 1807 2192 autem
1826 2159 2020 2191 sacerdotes
2035 2158 2181 2192 Domini
2198 2173 2262 2194 vo-

1278 2210 1457 2243 cabimini.
1509 2207 1556 2242 Et
1579 2209 1683 2253 paulo
1709 2215 1785 2253 post
1810 2210 1852 2241 de
1868 2216 1996 2243 ornatu
2015 2210 2187 2255 loquitur:
2215 2210 2261 2245 Et

1278 2261 1377 2306 quasi
1400 2271 1567 2304 sponsum
1594 2259 1715 2294 vestiet
1738 2261 1958 2293 sacerdotum
1975 2273 2082 2296 more.
2136 2261 2263 2304 Quanq

1278 2324 1380 2356 quam
1401 2318 1516 2344 autem
1533 2317 1677 2344 ornatus
1699 2310 1898 2354 pontificius
1920 2312 2128 2354 generaliter
2151 2312 2261 2355 signi-

1278 2364 1355 2395 ficat
1370 2363 1488 2395 omnia
1507 2362 1600 2394 dona
1617 2361 1770 2404 Spiritus
1787 2363 1914 2402 sancti,
1943 2368 2059 2395 tamen
2076 2363 2260 2407 praecipue

1277 2413 1445 2456 significat
1471 2412 1704 2445 ministerium
1723 2410 1909 2454 Evangelii
1936 2420 1968 2445 et
1992 2414 2260 2453 consessionem,

1276 2462 1333 2496 hic
1360 2470 1410 2497 est
1438 2463 1641 2507 principalis
1669 2471 1701 2497 et
1725 2475 1884 2496 summus
1908 2463 2042 2502 cultus,
2069 2475 2172 2508 quem
2198 2475 2258 2496 co·

1277 2514 1448 2547 mitantur
1467 2514 1595 2546 deiude
1613 2521 1767 2547 caeterae
1784 2514 1948 2557 virtutes,
1972 2514 2135 2557 patientia
2152 2514 2187 2546 in
2206 2514 2259 2547 af-

1275 2564 1494 2598 flictionibus
1519 2571 1551 2597 et
1574 2564 1641 2597 alia
1668 2565 1760 2597 bona
1785 2577 1908 2608 opera,
1936 2565 2063 2608 quibus
2085 2565 2259 2607 glorifica-

1506 2614 1616 2648 Docet
1640 2615 1747 2659 igitur
1764 2614 1942 2655 Psalmus‚
1971 2615 2090 2659 quales
2106 2615 2259 2648 oblatio-

247 2673 349 2700 munt
365 2666 531 2699 adversus
548 2664 679 2709 Deum,
707 2673 739 2700 et
758 2672 920 2699 accusant
944 2677 1042 2707 eurn,
1069 2678 1225 2712 praeser-
1247 2672 1251 2704 1
1275 2678 1335 2699 nes
1354 2666 1509 2711 requirat
1524 2664 1636 2707 Deus,
1663 2666 1825 2700 videlicet
1843 2665 2083 2706 sacerdotales,
2112 2664 2176 2699 hoc
2194 2673 2257 2706 est,
