2379 2948
218 100 314 135 1127

317 182 455 218 Deinde
478 179 536 215 hic
559 180 733 213 discamus
759 178 923 212 exercitia
942 177 1041 219 fidei,
1068 177 1140 222 spei
1163 184 1196 211 et

218 233 473 270 invocationis,
501 232 535 264 id
561 236 630 270 est,
657 236 814 273 petamus
838 236 870 262 et
893 236 1110 272 expectemus
1134 228 1195 260 de-

216 285 411 318 fensionem
431 289 463 315 et
480 280 651 314 auxilium
668 291 686 312 a
700 278 796 322 Deo,
824 280 884 324 qui
903 280 1006 313 etiam
1023 279 1097 312 sine
1112 289 1195 311 cau·

217 336 263 369 sis
280 333 440 368 secundis
465 330 663 375 saepissime
685 330 829 370 liberat,
851 337 884 364 et
906 329 1008 373 eripit
1027 330 1195 361 invocan-

218 393 287 424 tes,
312 382 515 427 praesertim
535 381 664 414 iniuste
681 391 882 424 oppressos,
906 387 944 414 ut
963 378 1019 412 hic
1037 390 1109 412 non
1128 375 1195 410 hu-

218 434 332 468 manis
348 433 503 466 consiliis
519 438 578 465 aut
601 431 737 464 viribus
763 438 921 464 servatur
939 429 1062 464 David.
1116 427 1195 461 Pri-

218 497 314 519 mum
345 495 423 517 cum
457 482 542 516 Saul
575 488 758 515 revocatur
786 489 928 525 propter
962 479 1196 523 irruptionem

218 534 504 569 Philistinorum:
532 532 660 565 deinde
678 544 755 564 curn
774 532 870 565 venit
886 531 1003 565 David
1026 530 1063 561 in
1082 536 1196 562 tento-

218 586 311 618 rium
331 596 454 628 sopore
470 583 644 626 oppressis
659 582 813 616 excubiis
832 589 864 616 et
881 593 970 624 rege.

218 632 429 678 Philosophi
446 635 603 667 dicerent
624 644 704 666 casu
728 633 908 672 accidisse,
935 638 1051 664 tamen
1078 641 1142 662 nos
1159 630 1197 662 in

218 683 374 719 Ecclesia
393 691 485 718 certo
501 684 645 723 scimus,
672 682 756 716 tales
780 682 1005 715 liberationes
1026 680 1098 724 regi
1113 693 1196 713 con-

219 736 298 769 silio
323 734 406 775 Dei,
432 735 526 767 iuxta
548 734 607 766 illa
630 734 738 766 dicta:
767 731 902 766 Omnes
932 731 1051 775 capilli
1076 731 1197 774 capitis

219 785 323 820 vestri
343 784 516 818 numerati
535 791 626 817 sunt.
681 781 744 816 Et:
772 781 862 816 Ecce
879 783 949 815 duo
973 793 1126 825 passeres
1142 792 1196 814 as-

220 847 255 869 se
279 842 449 874 veneunt,
477 840 510 867 et
527 845 620 867 unus
641 845 762 866 eorum
787 844 860 865 non
885 833 976 866 cadit
1003 844 1107 876 super
1128 838 1198 865 ter—

220 898 293 919 ram
311 886 385 917 sine
404 885 583 918 voluntate
605 883 720 917 Patris
738 883 856 918 vestri.

321 934 470 968 Talibus
486 933 668 968 sententiis
687 940 719 966 et
734 933 899 976 exemplis
918 943 981 966 nos
1003 943 1144 977 quoque
1161 931 1197 963 in

219 985 274 1019 his
290 985 547 1018 calamitatibus
564 985 667 1017 fidem
687 984 951 1023 confirmemus,
976 989 1007 1015 et
1031 989 1147 1026 petere
1165 989 1198 1015 et

218 1043 397 1079 expectare
424 1035 592 1068 auxilium
617 1046 636 1066 a
661 1032 734 1067 Deo
761 1040 902 1066 aeterno
928 1039 1025 1077 patre
1052 1031 1198 1065 Domini

218 1086 330 1119 nostri
355 1085 431 1118 Iesu
456 1083 590 1118 Christi
614 1085 798 1117 conditore
821 1084 957 1127 generis
991 1082 1137 1116 humani
1165 1089 1199 1116 et

218 1135 392 1170 Ecclesiae
409 1136 600 1175 discamus,
626 1135 664 1167 in
680 1134 808 1168 talibus
825 1134 998 1168 exercitiis
1013 1140 1045 1168 et
1068 1132 1198 1166 Psalmi

218 1186 320 1220 nobis
343 1187 427 1218 fient
452 1185 645 1229 perspicui,
677 1192 710 1219 et
735 1185 820 1230 quid
844 1185 915 1218 sint
936 1185 1040 1224 fides,
1067 1194 1143 1227 spes
1165 1189 1199 1216 et

218 1236 412 1275 invocatio,
440 1236 565 1269 melius
589 1236 772 1271 discemus.
834 1234 938 1269 Nunc
961 1236 1004 1268 de
1030 1233 1198 1267 membris

217 1286 347 1320 Psalmi
363 1287 488 1320 dicam.

320 1337 503 1370 Pertinent
534 1337 578 1370 ad
608 1347 716 1379 genus
746 1334 943 1369 suasorium
969 1335 1197 1379 precationes,

220 1385 325 1422 ethic
342 1386 500 1420 Psalmus
517 1387 668 1430 precatio
687 1393 747 1420 est.
802 1385 843 1418 In
862 1386 930 1418 fine
948 1392 980 1418 et
1006 1385 1195 1428 gratiarum

219 1438 308 1471 actio
326 1437 486 1477 additur,
509 1443 548 1470 ut
564 1437 759 1481 plerunque
777 1436 814 1468 in
838 1435 1058 1468 invocatione
1075 1446 1197 1468 omnes

217 1489 266 1533 pii
289 1488 435 1521 miscent
457 1488 694 1530 precationem
721 1493 754 1520 et
786 1486 975 1529 gratiarum
1006 1485 1195 1518 actionem:

219 1545 251 1572 et
269 1539 394 1581 scripta
410 1544 491 1570 sunt
509 1535 592 1570 haec
610 1537 763 1579 exempla
780 1543 922 1579 propter
946 1548 1027 1575 nos,
1054 1542 1092 1569 ut
1109 1536 1196 1567 scia-

218 1600 295 1621 mus
319 1599 390 1620 esse
412 1588 565 1632 aliquam
588 1585 655 1620 Dei
689 1585 900 1625 Ecclesiam,
933 1586 970 1617 in
998 1597 1066 1630 qua
1102 1583 1196 1617 Deus

218 1637 447 1682 praesentiam
470 1649 567 1670 suam
591 1637 711 1669 multis
733 1636 904 1668 mirandis
925 1635 1196 1669 liberationibus

219 1689 386 1728 declaret,
412 1694 445 1720 et
462 1688 544 1720 velit
567 1687 604 1720 in
622 1687 724 1720 nobis
740 1686 881 1719 accendi
899 1686 1024 1726 fidem,
1050 1697 1144 1730 spem
1163 1692 1196 1719 et

218 1739 488 1772 invocationem.
539 1736 585 1771 Et
605 1744 641 1771 ut
658 1738 754 1770 adest
769 1736 917 1776 Davidi,
943 1743 977 1770 et
993 1748 1071 1770 eum
1091 1748 1195 1769 exau-

218 1790 269 1822 dit
298 1796 330 1823 et
359 1788 524 1832 protegit:
554 1789 600 1821 ita
633 1799 705 1820 non
735 1787 936 1820 dubitemus
967 1799 1046 1819 eum
1077 1788 1196 1820 adesse

217 1840 357 1873 caeteris
380 1837 554 1871 Ecclesiae
581 1837 766 1877 membris,
793 1844 826 1871 et
843 1837 1025 1877 exaudire,
1049 1844 1082 1870 et
1104 1837 1194 1869 mul-

218 1890 261 1922 tis
279 1890 392 1922 modis
416 1900 552 1920 servare
574 1889 787 1923 innocentes.
842 1887 1110 1921 Transferamus
1129 1888 1196 1930 igi-

219 1946 275 1973 tur
293 1940 376 1973 tales
396 1938 551 1971 psalmos
569 1939 610 1970 ad
629 1950 711 1978 nos,
737 1945 776 1971 ut
791 1950 891 1981 saepe
909 1938 1041 1971 dictum
1065 1945 1126 1972 est.

319 1988 459 2022 Priores
477 1989 547 2020 duo
568 2000 684 2020 versus
701 1995 779 2021 sunt
798 1989 918 2032 petitio
934 1989 1068 2023 auxilii,

318 2038 477 2071 Tertius:
513 2039 727 2082 exaggeratio
759 2039 926 2082 periculi,
962 2045 995 2072 et
1024 2039 1194 2073 accusatio

217 2087 383 2124 hostium.

318 2140 488 2182 Quartus:
531 2139 816 2173 commemoratio
849 2140 892 2172 de
925 2140 1103 2173 voluntate
1128 2138 1195 2173 Dei

218 2197 328 2224 sumta
347 2203 385 2223 ex
414 2191 703 2233 promissionibus
720 2197 751 2223 et
778 2190 954 2234 priorIbus
973 2191 1195 2223 liberationi-

216 2242 299 2281 bUS‚
327 2240 420 2273 Deus
438 2241 513 2273 vult
530 2241 630 2273 nobis
646 2252 747 2283 opem
766 2241 866 2273 ferre.

317 2290 472 2333 Quintus
491 2292 613 2334 repetit
633 2291 847 2333 petitionem.

316 2340 461 2386 Reliqui
496 2342 566 2374 duo
597 2342 777 2375 continent
814 2341 974 2375 usitatam
1003 2341 1193 2384 gratiarum

217 2390 385 2423 actionem
423 2393 465 2424 de
499 2392 732 2425 celebratione
767 2390 894 2425 horum
932 2392 1194 2433 beneficiorum,

218 2452 304 2484 quae
334 2442 369 2474 fit
401 2449 439 2475 ut
471 2442 530 2474 alii
571 2443 672 2475 etiam
709 2448 959 2476 convertantur
991 2443 1033 2474 ad
1066 2442 1192 2483 Deum,

216 2499 405 2532 agnoscant
427 2505 496 2524 non
519 2493 640 2525 falsam
657 2505 695 2526 ac
712 2493 905 2526 fabulosam
929 2504 1000 2525 esse
1017 2491 1192 2526 Ecclesiae

216 2540 429 2579 doctrinam,
456 2544 513 2574 sed
532 2555 610 2575 vere
627 2543 700 2576 Deo
718 2555 820 2576 curae
836 2555 908 2576 esse
923 2541 1132 2583 Ecclesiam,
1160 2551 1191 2578 et

216 2590 253 2622 in
272 2601 310 2622 ea
327 2592 482 2624 exaudiri
501 2593 758 2626 invocationem
771 2620 779 2633 ,
805 2601 839 2627 et
857 2593 987 2626 servari
1006 2606 1079 2626 eam
1098 2594 1191 2627 divi—

215 2640 327 2681 nitus,
355 2642 489 2674 etiamsi
505 2643 755 2688 aliquantisper
772 2645 907 2678 duriter
926 2651 1118 2690 quassatur.

799 93 923 129 PHIL.
953 93 1067 130 MEL.
1092 90 1304 128 SCRIPTA
1331 89 1627 128 EXEGETICA.

1222 632 1225 646 Ι

2130 91 2225 128 1128
2255 67 2257 70 ’

1373 204 1713 249 Aryumentum
1749 212 1802 236 ac
1839 200 2097 246 dispositio

1595 269 1751 308 Psalmi
1781 268 1879 309 LV.

1298 351 1451 386 Exaudi
1481 352 1582 385 Deus
1616 353 1821 384 orationem
1849 361 1993 394 meam,
2026 355 2062 384 et
2083 362 2129 386 ne
2162 351 2223 387 ab·

1297 403 1457 437 scandas
1474 407 1509 436 te
1532 413 1554 435 α
1575 401 1839 446 deprecatione
1862 413 1967 444 mea,
2001 406 2070 436 etc.

1351 484 1510 519 Precatio
1535 491 1584 518 est
1610 484 1710 517 valde
1733 481 1905 528 pathetica
1936 486 2101 518 adversus
2125 487 2226 530 perfi-

1249 535 1367 568 diosos
1388 535 1534 576 amicos,
1566 535 1627 579 qui
1656 535 1839 568 colludunt
1871 548 1950 569 cum
1981 533 2158 577 hostibus,
2192 544 2227 572 et

1022 579 1117 613 Haec
1133 579 1197 612 elsi
1221 611 1227 630 Ῑ
1248 586 1336 618 facta
1363 597 1441 618 cum
1463 585 1512 617 eis
1535 585 1794 628 conspiratione
1815 583 2063 619 machinantur
2082 587 2227 621 exitium

1248 636 1317 680 piis
1348 635 1570 674 doctoribus,
1606 642 1639 668 et
1670 636 1852 669 doctrinae
1882 636 2096 680 corruptelas
2117 638 2228 671 stabi-

1249 687 1360 726 liunt,
1394 686 1483 719 sicut
1513 684 1656 718 Arianis
1687 687 1922 729 temporibus,
1950 699 2028 720 cum
2052 685 2228 722 Eusebius

1250 736 1514 770 Nicomedensis
1529 735 1785 778 subscriptione
1801 748 1862 770 sua
1875 738 2132 780 comprobasset
2147 749 2228 772 sen-

1249 787 1395 820 tentiam
1412 786 1563 819 Nicenae
1581 785 1735 830 Synodi,
1759 793 1874 820 tamen
1892 795 2008 831 postea
2028 794 2150 821 nactus
2167 801 2227 823 oc-

1250 838 1444 878 casionem,
1478 837 1636 880 patefecit
1659 836 1871 880 impietatem
1901 849 2016 878 suam,
2059 839 2229 872 acerrime

1251 888 1418 932 pugnavit
1448 899 1510 931 pro
1540 885 1700 927 Arianis,
1741 894 1775 920 et
1802 887 1943 920 factiose
1969 888 2130 923 adiunxit
2158 889 2228 923 sibi

1250 939 1380 972 multos
1397 937 1593 982 Episcopos
1613 944 1646 971 et
1664 943 1821 980 potentes
1840 939 1945 971 viros.

1352 995 1448 1030 Haec
1471 1003 1553 1030 sunt
1581 996 1707 1029 usitata
1738 996 1902 1030 omnibus
1927 997 2160 1041 temporibus,
2189 1006 2230 1034 ut

1250 1059 1345 1080 nunc
1365 1059 1506 1092 quoque
1528 1047 1704 1087 videmus,
1728 1046 1859 1079 multos
1882 1047 1943 1092 qui
1961 1047 2062 1081 initio
2086 1049 2230 1083 fuerunt

1250 1095 1472 1130 vehementes
1495 1103 1771 1141 propugnatores
1795 1109 1895 1130 verae
1922 1098 2117 1140 doctrinae,
2143 1111 2230 1143 pau-

1250 1148 1348 1181 latim
1367 1149 1495 1181 deinde
1515 1159 1551 1180 se
1567 1149 1611 1180 ad
1627 1147 1844 1180 adversarios
1861 1147 2049 1190 inflexisse,
2075 1149 2130 1181 vel
2147 1149 2229 1194 quia

1251 1205 1393 1243 propter
1418 1198 1593 1232 levitatem
1621 1204 1844 1231 mutaverunt
1877 1198 2027 1238 iudicia,
2062 1199 2117 1232 vel
2145 1199 2228 1233 odio

1250 1256 1425 1283 certorum
1457 1247 1661 1288 hominum,
1700 1248 1755 1280 vel
1786 1248 1995 1289 ambitione,
2029 1256 2068 1283 ut
2100 1250 2231 1284 multae

1250 1311 1373 1332 causae
1396 1311 1467 1333 esse
1489 1305 1635 1342 possunt
1658 1299 1864 1331 mutationis
1887 1299 2099 1332 iudiciorum
2115 1306 2149 1334 et
2167 1312 2229 1333 vo-

1249 1350 1424 1384 luntatum
1442 1349 1480 1381 in
1498 1347 1713 1382 hominibus.

1351 1416 1469 1459 Quare
1492 1415 1676 1459 praecipue
1701 1415 1738 1447 in
1762 1413 1827 1448 hac
1857 1416 1999 1461 querela
2021 1423 2229 1451 accusantur

1249 1467 1302 1500 illi
1325 1467 1537 1505 desertores,
1569 1466 1630 1510 qui
1656 1478 1734 1498 cum
1759 1472 1861 1499 antea
1881 1467 2014 1499 fuerint
2038 1467 2161 1510 amici,
2195 1474 2229 1502 et

1249 1518 1403 1550 eiusdem
1429 1528 1550 1549 causae
1574 1522 1871 1562 propugnatores,
1893 1523 2012 1559 postea
2035 1523 2095 1550 aut
2110 1525 2230 1561 aperte

1249 1573 1432 1601 transeunt
1447 1567 1489 1598 ad
1508 1564 1640 1604 hostes,
1668 1573 1728 1599 aut
1745 1565 1834 1600 fiunt
1858 1567 2168 1610 praevaricatores,
2194 1574 2230 1602 et

1248 1625 1322 1652 arte
1347 1629 1425 1650 cum
1444 1617 1492 1650 eis
1514 1616 1711 1650 colludunt.

1350 1683 1526 1718 Usitatum
1541 1689 1590 1717 est
1606 1683 1712 1726 igitur
1729 1681 1823 1718 hunc
1840 1684 2020 1718 Psalmum
2043 1686 2086 1718 ad
2103 1684 2227 1720 Iudam

1249 1735 1454 1775 transferre,
1486 1735 1545 1767 sed
1568 1735 1671 1768 multi
1693 1742 1775 1769 sunt
1800 1734 1907 1768 ludae
1932 1735 2063 1769 similes
2093 1736 2130 1769 in
2155 1737 2229 1770 dis-

1249 1786 1470 1819 sensionibus
1499 1784 1693 1825 Ecclesiae,
1735 1792 1767 1819 et
1796 1786 1899 1820 multi
1928 1793 2010 1820 sunt
2031 1787 2170 1821 fallaces
2195 1794 2228 1822 et

1249 1837 1486 1870 inconstantes
1515 1835 1552 1867 in
1572 1836 1818 1869 communibus
1845 1836 2030 1877 amiciciis,
2065 1838 2125 1882 qui
2147 1850 2227 1871 cum

1250 1888 1405 1931 produnt
1431 1886 1579 1925 amicos,
1607 1886 1685 1929 plus
1712 1893 1839 1920 nocent
1866 1888 1932 1927 eis,
1958 1899 2061 1931 quam
2092 1887 2241 1931 potuis-⁴

1248 1945 1324 1971 sent
1340 1949 1465 1969 nocere
1482 1934 1607 1970 hostes.
1660 1935 1754 1970 Hinc
1775 1943 1855 1970 sunt
1878 1937 1961 1970 illae
1986 1937 2142 1971 iusticiae
2163 1951 2227 1972 vo-

1249 2000 1313 2021 ces:
1343 1987 1553 2020 Maledictus
1571 1986 1632 2031 qui
1654 1987 1796 2020 confidit
1825 1987 1861 2019 in
1887 1985 2048 2026 homine,
2076 1994 2113 2021 ut
2131 1989 2226 2022 Iere-

1247 2039 1335 2071 mias
1364 2037 1499 2082 inquit,
1533 2044 1566 2070 et
1597 2038 1634 2069 in
1658 2036 1812 2070 Psalmo:
1850 2037 1967 2070 Nolite
1990 2039 2164 2072 confidere
2187 2039 2225 2072 in

1248 2089 1478 2132 principibus.
1539 2086 1641 2120 Item:
1669 2087 1848 2132 Nusquam
1870 2094 1942 2122 tuta
1971 2087 2066 2124 fides,
2121 2088 2224 2123 Item:

1246 2138 1412 2184 μέμνησο
1443 2137 1622 2172 ἀπιστεῖν.
1680 2137 1724 2171 Et
1759 2138 1846 2171 illud
1885 2135 2086 2182 Sophoclis:
2122 2139 2227 2173 Fides

1247 2197 1385 2224 mortua
1408 2197 1474 2229 est,
1510 2188 1659 2232 pullulat
1688 2195 1801 2221 autem
1833 2189 1987 2232 perfidia.
2042 2187 2086 2222 Et
2118 2190 2223 2223 illud:

1248 2241 1347 2284 Quos
1369 2241 1480 2273 credis
1502 2239 1605 2276 fidos,
1633 2239 1766 2282 effuge,
1794 2246 1889 2272 tutus
1914 2240 1991 2272 eris.
2042 2238 2087 2273 Et
2103 2252 2223 2273 narra—

1247 2299 1305 2325 tur
1322 2291 1416 2324 iocus
1435 2289 1604 2332 Antigoni
1628 2289 1735 2332 regis,
1763 2290 1824 2334 qui
1850 2290 1886 2322 in
1905 2290 2103 2334 precatione
2127 2291 2222 2323 dixe-

1247 2349 1316 2383 rat,
1343 2354 1377 2374 se
1400 2339 1510 2373 Deum
1528 2351 1644 2380 orare,
1672 2347 1709 2373 ut
1728 2347 1966 2384 protegeretur
1982 2341 2025 2372 ab
2042 2352 2082 2373 eo
2098 2341 2222 2373 adver-

1247 2405 1304 2426 sus
1327 2392 1467 2426 amicos.
1519 2390 1587 2423 Hic
1605 2403 1683 2423 cum
1701 2391 1843 2435 qnidam
1866 2391 2053 2423 familiares
2070 2391 2221 2423 interro-

1246 2449 1382 2486 garent,
1408 2453 1469 2474 cur
1485 2453 1556 2473 non
1573 2441 1688 2484 potius
1706 2449 1920 2484 precaretur,
1946 2452 1980 2473 se
2002 2440 2140 2472 defendi
2158 2442 2220 2474 ad-

1246 2505 1364 2527 versus
1391 2490 1521 2525 hostes:
1563 2491 1653 2531 imo,
1689 2492 1822 2536 inquit,
1849 2493 1892 2524 ab
1927 2489 1980 2524 his
2013 2490 2071 2533 qui
2107 2492 2220 2533 palam

1246 2551 1326 2577 sunt
1358 2541 1493 2580 hostes,
1528 2553 1647 2575 cavere
1673 2543 1740 2574 sibi
1769 2540 1927 2575 homines
1957 2551 2016 2572 sua
2040 2540 2220 2582 vigilantia

1244 2600 1404 2638 possunt:
1440 2593 1484 2625 ab
1511 2592 1648 2632 amicis,
1681 2605 1830 2637 quorum
1861 2591 1959 2634 pauci
1985 2590 2102 2624 fideles
2125 2599 2219 2632 sunt,

1244 2656 1364 2679 cavere
1381 2643 1448 2677 sibi
1466 2655 1568 2676 nemo
1585 2649 1714 2687 potest,
1736 2643 1795 2676 sed
1813 2641 1888 2676 Deo
1901 2641 2042 2675 custode
2059 2653 2146 2686 opus
2160 2649 2222 2677 est.
