2379 2948
120 81 212 118 1041

114 173 146 200 et
175 170 318 209 propter
341 161 523 198 Christum
550 175 589 197 ac
610 175 673 208 per
694 162 876 198 Christum
902 162 1099 196 resuscitari

111 222 272 261 oportet,
301 221 420 260 postea
444 216 488 248 ad
515 215 671 248 membra
696 213 953 248 accommodari
978 220 1100 257 potest,
1125 249 1126 260 ἵ

110 279 199 312 quae
217 266 495 299 accommodatio
516 273 631 299 tamen
651 266 841 309 prudenter
858 265 933 304 fiat,
959 264 1099 297 utFilio

109 316 176 352 Dei
203 329 285 350 suus
308 315 422 350 honos
445 316 608 360 proprius
628 316 822 356 tribuatur,
849 316 892 348 de
908 327 979 359 quo
996 312 1100 347 ethic

109 367 272 401 Psalmus
296 368 475 412 loquitur,
511 366 673 399 videlicet
696 367 739 398 de
763 366 889 398 merito
915 365 1099 409 passionis·

109 417 196 452 Filii
214 417 279 451 Dei
305 430 399 451 mors
421 424 471 450 est
492 416 699 449 sacrificium
726 428 790 459 pro
813 416 901 449 aliis.
953 415 1099 448 Nostrae

110 469 321 502 afflictiones
348 469 412 502 etsi
442 468 531 501 fiunt
555 467 721 499 sacrificia
747 473 892 510 propter
917 464 1097 500 Christum

108 520 198 561 fide,
225 520 260 552 id
280 526 346 559 est,
374 519 488 551 cultus
505 517 594 561 grati
611 516 686 550 Deo
698 544 707 558 ‚
734 524 853 550 tamen
870 529 943 550 non
959 529 1099 550 meren-

109 577 168 604 tur
184 571 263 604 aliis
280 569 522 603 remissionem
541 574 776 611 peccatorum.

213 638 394 672 Praeterea
411 639 453 670 de
470 637 573 670 nobis
589 649 662 669 non
678 638 809 670 (licitur
822 649 964 681 prorsus
975 640 1095 672 eodem

108 691 231 723 modo:
260 689 339 722 Non
355 688 454 721 dabis
470 695 627 721 sanctum
648 695 746 721 tuum
765 689 884 722 videre
900 690 1096 733 corruptio—
1124 704 1126 732 ζ

108 753 188 774 nem
215 752 273 773 seu
296 739 520 774 deletionem.
588 736 772 774 Christum
796 740 913 773 statim
938 741 1097 784 oportuit

108 802 309 833 resurgere,
342 797 529 834 antequam
554 790 785 833 dissiparetur
809 791 883 823 eius
907 803 1034 834 corpus
1060 791 1095 823 in
1123 816 1125 823 ,

1123 855 1125 893 ζ
1150 856 1249 886 rum,
1277 843 1412 876 etiamsi
1428 843 1624 875 sacerdotes
1640 848 1671 874 et
1684 840 1851 884 Episcopi
1870 847 2059 881 vocantur,
2089 848 2140 874 ta-

108 849 222 876 aerem
235 867 244 881 ‚
272 840 354 886 quia
370 841 492 873 divina
510 847 633 873 natura
651 853 723 874 uon
740 841 897 874 discessit
914 853 932 874 a
950 854 1096 885 corpore

107 890 250 926 Christi.
303 891 370 925 Sed
396 898 514 925 nostra
539 903 704 934 corpora,
739 892 803 925 etsi
826 899 968 936 propter
991 891 1094 926 Chri-

106 949 198 976 stum
221 942 490 982 resuscitantur,
517 954 581 975 nec
605 949 748 975 manent
771 942 806 975 in
834 950 1000 986 perpetua
1018 955 1096 976 cor—

106 993 290 1037 ruptione,
318 999 437 1026 tamen
461 993 557 1037 prius
579 993 615 1026 in
635 994 859 1027 tenuissimos
877 991 1007 1028 halitus
1024 994 1096 1027 dis-

106 1043 283 1088 sipantur.

210 1102 402 1148 Postquam
441 1103 671 1136 constitutum
711 1110 779 1143 est,
822 1114 911 1147 quae
948 1114 1095 1146 persona

106 1153 352 1199 principaliter
392 1153 577 1198 loquatur,
628 1155 785 1186 membra
823 1153 1095 1194 consideremus,

106 1217 196 1250 quae
220 1211 301 1237 sunt
324 1211 492 1249 quatuor:
528 1204 656 1237 Petitio
685 1203 838 1242 Christi,
866 1211 906 1237 ut
930 1212 1096 1245 servetur,

105 1255 310 1300 Adplicatio
342 1255 532 1299 passionis,
568 1254 732 1288 Narratio
762 1257 805 1288 de
829 1255 1096 1296 resurrectione,

106 1313 142 1340 et
171 1306 251 1339 finis
275 1305 510 1346 narrationis,
544 1313 582 1340 ut
608 1306 752 1340 collecta
773 1304 930 1339 Ecclesia
955 1312 1094 1339 aeterna

104 1356 220 1391 Deum
238 1356 400 1389 celebret.

208 1412 356 1448 Initium
372 1413 477 1458 primi
495 1425 614 1446 versus
631 1420 682 1447 est
699 1414 840 1457 petitio:
868 1411 1026 1448 Custodi
1041 1425 1096 1447 me

103 1463 221 1499 Deus.
275 1463 321 1498 Et
344 1464 488 1509 querela
513 1465 631 1497 addita
650 1471 717 1497 est:
745 1463 894 1498 Bonum
911 1462 1008 1499 mihi
1022 1476 1093 1498 non

105 1519 252 1563 propter
274 1519 323 1554 ie,
352 1516 447 1560 quod
468 1515 726 1559 simplicissime
744 1516 792 1548 sic
808 1517 984 1560 intelligo:
1013 1515 1093 1549 Non

107 1574 158 1601 est
183 1564 271 1600 mihi
294 1567 449 1606 bonum,
482 1565 517 1598 id
543 1573 611 1606 est,
644 1566 782 1609 affligor
805 1575 949 1611 propter
974 1575 1025 1607 te,
1058 1567 1092 1599 id

106 1624 174 1657 est,
210 1623 354 1662 propter
378 1623 478 1650 tuum
501 1616 705 1650 mirandum
730 1624 763 1650 et
788 1630 953 1650 arcannm
979 1618 1094 1650 consi-

105 1669 194 1702 lium
219 1669 262 1701 de
283 1668 491 1701 redimendo
508 1678 632 1710 genere
650 1666 804 1701 humano
822 1669 914 1702 subii
932 1666 994 1702 has
1010 1666 1094 1701 hor-

105 1720 234 1754 rendas
259 1730 409 1763 poenas,
437 1730 509 1751 non
537 1725 682 1762 propter
704 1719 821 1764 aliqua
846 1732 921 1752 mea
945 1726 1093 1763 peccata.

106 1769 202 1814 Ergo
235 1781 314 1803 cum
345 1769 391 1802 sis
416 1767 511 1802 Deus
544 1780 659 1809 meuS,
695 1776 727 1802 et
758 1770 844 1803 velis
869 1770 933 1803 tibi
956 1782 1093 1803 servare

105 1819 358 1855 haereditatem
384 1827 499 1858 tuam,
534 1826 567 1852 et
592 1831 666 1852 mea
689 1821 866 1861 membra,
903 1833 974 1853 non
1000 1821 1094 1853 sinas

104 1884 160 1906 me
175 1871 400 1905 succumbere
414 1871 450 1903 in
469 1868 524 1903 his
540 1871 700 1904 tristibus
716 1871 906 1910 aerumnis,
933 1873 991 1905 sed
1010 1884 1089 1904 con-

105 1923 219 1957 solare
243 1929 276 1955 et
299 1921 411 1955 libera
435 1933 503 1955 me.
556 1920 658 1954 Hanc
680 1922 875 1965 simplicem
898 1923 1089 1956 enarratio-

106 1986 188 2007 nem
216 1974 466 2006 recensendam
500 1983 572 2005 esse
601 1972 705 2013 duxi,
743 1985 832 2017 quae
856 1985 920 2006 nec
943 1974 1092 2006 absurda

107 2031 178 2064 est,
211 2036 276 2057 nec
308 2024 423 2057 reddit
450 2022 610 2056 Palmum
641 2024 897 2057 obscuriorem.
963 2024 1001 2058 Si
1034 2024 1092 2068 qui

107 2081 224 2109 autem
263 2074 372 2117 magis
404 2074 613 2107 concinnam
647 2074 974 2118 interpretationem
1006 2072 1093 2107 mihi

108 2125 313 2165 ostendent,
340 2125 491 2159 libenter
508 2137 567 2158 eos
585 2136 721 2170 sequar.

210 2191 264 2225 De
295 2192 530 2236 applicatione
554 2192 677 2236 incipit
703 2192 906 2226 concionari
931 2192 968 2225 in
993 2191 1095 2225 tertio

109 2255 225 2285 versu,
250 2255 288 2276 ac
303 2243 424 2276 tacitae
438 2243 628 2276 obiectioni
641 2244 809 2277 occurrit:
835 2250 978 2288 propter
992 2255 1095 2288 quem

109 2295 215 2328 finem
239 2293 391 2338 pateris?
444 2293 616 2327 Miserum
642 2302 692 2328 est
715 2295 787 2339 pati
807 2294 882 2327 sine
902 2295 1019 2339 aliqua
1039 2305 1097 2338 spe

108 2346 244 2379 fructus
267 2351 328 2378 aut
351 2344 596 2377 liberationis?
649 2344 849 2390 Sespondet
867 2345 990 2388 igitur:
1020 2344 1095 2378 Imo

109 2408 186 2430 mea
208 2395 323 2440 passio
342 2407 415 2428 non
433 2395 470 2428 fit
483 2396 632 2437 frustra,
659 2409 733 2429 non
751 2404 800 2431 est
818 2403 953 2430 tantum
974 2396 1096 2429 exitio-

109 2458 165 2488 sa,
198 2447 287 2480 sicut
317 2452 459 2480 aeterna
491 2445 630 2479 miseria
660 2447 904 2481 diabolorum:
938 2448 997 2480 sed
1023 2458 1096 2479 mea

110 2498 226 2543 passio
253 2497 437 2542 profutura
463 2503 512 2530 est
530 2503 562 2530 et
581 2498 727 2531 salutem
745 2498 857 2542 pariet
874 2498 937 2538 iis,
964 2498 1025 2543 qui
1043 2509 1098 2530 me

111 2555 300 2592 agnoscent
325 2554 358 2581 et
380 2548 636 2592 amplectentur
654 2560 770 2581 meum
785 2547 1039 2592 Evangelium,
1066 2555 1099 2581 et

111 2599 304 2633 merebitur
319 2606 358 2633 ut
374 2598 418 2632 sit
433 2605 573 2632 aeterna
592 2605 624 2632 et
640 2598 789 2641 gloriosa
807 2597 963 2633 Ecclesia
982 2598 1097 2633 Deum

112 2650 303 2684 celebrans.
358 2648 441 2683 Ideo
467 2649 567 2683 dicit:
596 2644 732 2682 Omnis
760 2647 930 2683 voluntas
955 2660 1034 2683 mea
1061 2648 1098 2682 in

165 2702 340 2734 MELANTH.
362 2702 465 2734 Orza.
490 2701 571 2732 Von.
590 2702 682 2734 XIII.

705 77 768 115 IX.
822 73 1189 112 COMMENTARII
1228 75 1279 111 IN
1313 73 1556 112 PSALMOS.

1124 644 1126 674 Ἰ
1152 632 1290 672 Iudaei,

2050 75 2146 110 1042

1152 160 1321 202 Sanctis,
1354 161 1390 194 id
1425 168 1493 200 est,
1531 171 1592 204 ego
1625 159 1779 194 sustineo
1810 166 1954 204 propter
1981 159 2142 202 Sanctos‚

1151 224 1239 258 quos
1263 212 1393 254 diligo,
1426 220 1459 246 et
1482 224 1544 256 pro
1567 212 1616 245 eis
1641 211 1750 245 offero
1774 208 1842 244 hoc
1866 223 1983 243 meum
2009 213 2140 245 sacrifi-

1153 264 1264 303 cium,
1292 263 1399 307 idque
1417 275 1479 306 pro
1497 263 1546 295 eis
1565 262 1715 306 adplico.

1252 327 1390 362 Deinde
1424 328 1585 370 adiungit
1611 325 1820 361 antithesin:
1856 325 1932 360 Sed
1954 326 2043 365 alii,
2079 329 2144 375 qui

1151 377 1270 412 alium
1286 382 1501 425 sequuntur,
1530 377 1720 411 cumulant
1735 377 1809 411 sibi
1824 376 1984 417 dolores,
2013 376 2140 411 horum

1152 430 1338 463 libationes
1364 430 1531 472 repudio,
1559 441 1622 462 nec
1647 429 1790 461 nomina
1815 441 1936 462 eorum
1962 441 2142 462 commen-

1151 483 1262 520 dabo,
1295 480 1331 512 id
1362 487 1431 519 est,
1467 480 1623 524 quinon
1646 486 1859 523 sequuntur,
1896 492 1968 512 non
1990 480 2140 512 audiunt

1151 530 1351 570 Christum,
1388 532 1446 563 sed
1478 531 1614 573 fingunt
1638 530 1705 562 sibi
1732 530 1917 572 opiniones
1942 531 1984 563 de
2008 530 2083 563 Deo
2108 537 2141 563 et

1151 583 1265 616 cultus
1291 593 1350 614 sua
1375 581 1540 621 audacia,
1566 588 1604 614 ut
1623 578 1767 613 Ethnici
1792 580 1967 618 fecerunt,
1993 588 2024 613 et
2042 593 2138 613 nunc

1344 629 1614 665 Mahometistae
1649 639 1682 664 et
1720 630 1920 663 defensores
1958 631 2135 663 idolorum

1150 685 1302 721 faciunt,
1330 681 1476 721 horum,
1502 681 1638 726 inquit,
1666 681 1781 714 cultus
1806 693 1878 713 non
1901 680 2051 723 recipio,
2079 683 2139 714 sed

1151 735 1218 767 iam
1239 734 1436 777 pronuncio
1454 734 1638 765 damnatos
1653 743 1736 764 esse.

1252 792 1418 825 Testatur
1448 803 1529 834 ergo
1561 788 1618 824 hic
1650 801 1770 823 versus
1800 789 1999 822 defensores
2026 790 2140 824 idolo-

1151 907 1229 927 nwn
1249 907 1319 927 non
1339 905 1409 926 esse
1427 893 1581 925 membra
1598 890 1790 930 Ecclesiae,
1817 892 1876 923 sed
1895 891 1962 923 iam
1984 889 2047 924 hac
2066 892 2139 934 ipsa

1151 958 1232 978 voce
1251 942 1382 978 Christi
1409 944 1553 976 reiectos
1578 949 1610 976 et
1634 944 1819 975 damnatos
1845 953 1927 975 esse.
1989 941 2057 975 Pro
2084 940 2139 974 his

1151 1009 1222 1028 non
1247 1003 1409 1039 precatur
1424 993 1606 1031 Christus,
1641 994 1802 1025 sacerdos
1826 999 1962 1032 noster,
1990 993 2049 1025 sed
2074 1004 2138 1036 pro

1123 1059 1125 1068 ’
1150 1047 1297 1087 sanctis,
1331 1046 1365 1078 id
1389 1052 1456 1085 est,
1484 1057 1546 1088 pro
1570 1044 1736 1077 omnihus
1761 1043 1818 1088 qui
1847 1044 1994 1076 credunt
2017 1041 2139 1076 Evan-

1150 1098 1259 1141 gelio,
1286 1103 1324 1130 ut
1348 1097 1421 1140 ipse
1446 1106 1604 1139 expresse
1627 1095 1674 1127 ait
1693 1091 1816 1127 Iohan.
1835 1094 1909 1129 17.:
1938 1092 2040 1135 Rogo
2064 1105 2137 1127 non

1151 1161 1212 1191 pro
1237 1148 1285 1180 eis
1309 1154 1466 1185 tantum,
1495 1147 1552 1179 sed
1579 1145 1683 1178 etiam
1708 1157 1770 1188 pro
1796 1144 1857 1181 iis,
1885 1144 1946 1188 qui
1973 1155 2034 1187 per
2058 1156 2138 1176 ver-

1149 1200 1232 1231 bum
1251 1210 1373 1231 eorum
1390 1198 1531 1230 credent
1550 1196 1585 1228 in
1604 1208 1670 1230 me.
1724 1194 1804 1237 Quo
1822 1194 1935 1231 dicto,
1960 1201 1999 1227 ut
2016 1201 2137 1237 postu—

1149 1250 1195 1283 lat
1220 1249 1373 1281 officium
1398 1248 1606 1286 sacerdotis,
1631 1256 1788 1289 expresse
1815 1257 1877 1288 pro
1897 1244 1999 1277 nobis
2018 1256 2137 1287 preca-

1148 1308 1223 1340 tur,
1251 1306 1283 1332 et
1306 1311 1407 1331 suum
1433 1297 1640 1331 sacrificium
1657 1296 1760 1328 nobis
1779 1295 1948 1338 adplicat,
1976 1302 2014 1328 ut
2031 1296 2136 1338 vulgo

1148 1351 1354 1395 loquuntur.
1408 1347 1634 1382 Conveniunt
1654 1353 1769 1379 autem
1788 1345 1847 1377 illa
1867 1346 1972 1377 verba
1990 1343 2138 1386 Christi,

1147 1412 1235 1445 quae
1266 1411 1362 1432 nunc
1393 1411 1432 1431 ex
1456 1398 1588 1432 Ioanne
1611 1396 1774 1437 recitavi,
1808 1406 1951 1439 prorsus
1974 1397 2016 1428 ad
2041 1393 2136 1428 hunc

1147 1453 1261 1484 locum
1285 1448 1389 1483 huius
1409 1448 1552 1483 Psalmi.

1248 1510 1443 1554 Sequentes
1475 1509 1546 1541 (ino
1577 1518 1697 1541 versus
1728 1506 1942 1550 amplificant
1975 1504 2134 1539 tertium:

1147 1561 1226 1594 Non
1259 1561 1387 1593 frustra
1418 1559 1552 1603 patior,
1587 1559 1644 1591 sed
1678 1559 1811 1591 fructus
1842 1556 2015 1600 passionis
2040 1568 2136 1589 meae

1146 1613 1211 1645 erit
1234 1618 1375 1644 aeterna
1399 1617 1431 1643 et
1455 1609 1606 1653 gloriosa
1624 1608 1800 1646 Ecclesia,
1829 1607 1866 1639 in
1889 1618 1957 1651 qua
1974 1613 2005 1639 et
2023 1617 2084 1649 ego
2102 1613 2136 1640 et

1146 1670 1215 1696 tota
1235 1660 1390 1694 Ecclesia
1411 1672 1526 1693 coram
1545 1659 1619 1691 Deo
1637 1658 1867 1697 laetabimur,
1894 1664 1927 1690 et
1948 1655 2060 1689 Deum
2079 1669 2135 1689 ce-

1146 1713 1372 1746 lebrabimuS.
1431 1710 1512 1743 ldeo
1533 1710 1635 1743 dicit:
1664 1705 1790 1741 Fames·
1815 1704 2014 1740 ceciderunt
2038 1704 2135 1739 mihi

1145 1763 1183 1796 in
1211 1759 1401 1802 iucundis,
1434 1762 1469 1794 id
1495 1768 1563 1800 est,
1598 1771 1672 1793 sors
1696 1757 1921 1792 haereditatis
1946 1769 2062 1798 meae,
2095 1764 2134 1790 ut

1145 1814 1322 1847 funiculos
1353 1825 1416 1856 pro
1446 1811 1621 1844 mensuris
1655 1810 1692 1842 iu
1722 1809 1894 1841 divisione
1927 1819 2132 1852 camporum

1145 1865 1345 1898 nominant.

1247 1922 1368 1956 Tertia
1402 1932 1480 1966 pars
1505 1920 1635 1953 Psalmi
1665 1919 1818 1959 narratio
1858 1926 1907 1952 est
1940 1919 1982 1950 ‹le
2014 1929 2131 1950 resur-

1146 1975 1314 2008 rectione:
1344 1972 1423 2006 Non
1450 1972 1632 2016 relinquar
1657 1970 1694 2003 in
1713 1977 1842 2009 morte,
1872 1981 1909 2001 ac
1929 1981 1971 2001 ne
1989 1968 2130 2013 quidem

1146 2025 1323 2059 delebitur
1348 2035 1428 2057 caro
1453 2035 1548 2061 mea,
1576 2022 1635 2055 sed
1660 2021 1864 2054 reviviscam
1884 2026 1997 2060 totus,
2025 2019 2130 2052 etiam

1146 2088 1301 2120 corpore.

1248 2137 1381 2180 Quarta
1406 2148 1485 2181 pars
1507 2135 1544 2169 in
1570 2135 1639 2167 fine
1659 2133 1786 2178 repetit
1809 2132 2014 2165 secundam:
2050 2130 2132 2164 Ideo

1148 2190 1280 2234 patior,
1307 2195 1346 2222 ut
1366 2195 1399 2221 te
1419 2187 1657 2223 celebremus,
1686 2185 1764 2217 ideo
1783 2183 1884 2216 dicit:
1912 2178 2131 2214 Benedicam

1147 2239 1228 2275 tibi.
1282 2237 1329 2273 Et
1353 2238 1608 2272 celebrabimus
1634 2243 1666 2269 te
1691 2235 1726 2267 in
1753 2235 1822 2267 vita
1849 2239 2005 2271 aeterna,
2033 2233 2133 2264 laeti-

1147 2293 1199 2326 cia
1231 2298 1263 2324 et
1288 2290 1398 2333 gloria
1425 2299 1606 2333 nunquam
1631 2286 1802 2318 desitura:
1838 2290 1950 2316 tecum
1977 2282 2132 2315 versabi-

1149 2355 1227 2376 mur
1252 2348 1285 2375 et
1302 2341 1462 2374 fruemur
1478 2346 1535 2372 tua
1553 2336 1807 2370 consuetudine
1823 2334 1899 2366 sine
1916 2333 1993 2365 fine.
2049 2332 2132 2365 Ideo

1149 2393 1282 2439 inquit:
1323 2387 1500 2425 Ostendis
1531 2384 1626 2421 mihi
1654 2383 1821 2419 semitam
1855 2383 1966 2423 vilae,
2002 2382 2037 2415 id
2072 2389 2134 2421 est,

1149 2457 1250 2478 verae
1273 2455 1346 2476 non
1369 2442 1575 2474 interiturae
1599 2437 1711 2477 vitae,
1739 2443 1770 2469 et
1792 2435 2007 2468 uberrimam
2032 2433 2132 2467 laeti-

1149 2496 1256 2534 ciam,
1281 2505 1386 2536 quam
1412 2503 1452 2524 ex
1469 2495 1656 2534 conspectu
1673 2494 1734 2521 tuo
1753 2485 1946 2530 capiemus,
1974 2490 2007 2517 et
2022 2490 2134 2517 aeter-

1150 2559 1235 2580 num
1254 2543 1433 2588 gaudium.

1575 2690 1622 2724 66
