2379 2948
144 97 242 134 1129

241 180 472 216 Manifestum
488 190 537 217 est
554 190 669 218 autem
695 191 894 229 utrunque,
917 191 949 217 et
966 184 1044 228 plus
1061 196 1124 217 no-

141 244 217 267 cere
246 233 462 276 proditores,
497 241 531 268 et
560 235 668 277 magis
700 235 820 267 dolere
851 236 961 267 bonas
994 242 1126 268 mentes

140 295 221 317 cum
244 284 288 316 ab
315 284 436 317 amicis
458 285 688 323 deseruntur,
724 297 830 329 quam
854 297 934 318 cum
952 285 996 317 ab
1014 282 1125 318 hosti-

139 334 207 368 bus
230 341 499 378 oppugnantur,
533 335 616 379 quia
638 334 766 368 iniuria
783 341 922 379 accepta
946 336 990 368 ab
1007 335 1126 369 amicis

139 396 261 417 revera
285 385 397 418 maior
421 391 482 418 est.
524 384 619 418 *Ideo
643 386 735 429 apud
755 383 967 429 Sophoclem
984 386 1038 418 vir
1054 386 1127 418 sor-

140 435 184 469 tis
215 441 249 469 et
277 435 523 479 magnanimus
555 433 767 469 Philoctetes
800 435 932 480 inquit:
977 435 1124 469 Nullum

140 485 254 519 maius
272 492 323 519 est
341 486 470 519 vulnus
487 497 592 529 quam
609 485 683 519 falli
700 486 744 519 ab
769 486 892 521 amico.

243 535 386 569 Deinde
403 535 605 580 praesertim
624 536 661 568 in
679 534 834 570 Ecclesia
855 537 924 571 late
948 543 1043 581 patet
1058 534 1125 570 hoc

139 587 361 627 scandalum,
386 585 468 631 quia
493 585 594 630 impii
620 587 892 628 confirmantur,
925 594 957 621 et
984 587 1033 631 pii
1057 587 1124 619 im-

139 637 282 671 becilles
308 636 396 670 fiunt
423 636 680 679 languidiores,
715 645 775 671 aut
805 635 932 671 horum
966 638 1123 681 exemplo

139 688 308 721 deficiunt
322 693 354 720 et
370 686 448 730 ipsi.
504 685 656 730 Magnae
678 688 785 732 igitur
803 695 835 722 et
852 689 983 722 multae
1002 700 1125 721 causae

138 745 242 779 sunt,
267 737 461 780 cur'magis
484 737 684 779 doleamus,
710 751 788 772 cum
809 739 845 772 in
868 737 1022 772 Ecclesia
1041 739 1123 772 talia

138 789 318 822 accidunt:
341 794 379 821 ut
395 788 587 821 multorum
606 789 802 823 voluntates
816 789 1002 823 alieniores
1015 790 1123 822 sactae

137 846 220 873 sunt
241 850 259 871 a
285 849 366 871 vera
397 839 558 872 doctrina
589 847 733 883 propter
764 840 919 884 exempla
944 839 1123 877 Billicani,

137 888 309 929 Wicelii,
336 895 369 922 et
382 889 552 922 similium
570 891 806 935 quorundam.
851 890 920 925 Sed
938 888 1022 924 haec
1039 891 1124 923 sinit

136 937 234 987 Deus
256 939 431 980 accidere,
466 940 547 984 quia
574 941 770 987 plerunque
794 942 978 975 confidunt
1007 940 1123 974 homi-

135 1001 199 1023 nes
217 990 466 1024 coniunctione
483 991 689 1032 amicorum,
716 999 747 1026 et
767 993 919 1035 pendent
935 1004 975 1025 ex
992 992 1123 1030 amicis,

135 1052 175 1074 ac
198 1041 309 1075 multa
333 1047 477 1085 peccant
494 1041 688 1075 amicorum
713 1054 835 1084 causa,
863 1043 1124 1086 amplectuntur

135 1091 298 1135 dogmata
316 1091 438 1124 confisi
456 1091 581 1125 alienis
597 1093 747 1132 iudiciis,
769 1101 913 1127 movent
929 1093 1019 1127 bella
1037 1105 1123 1126 con-

134 1142 190 1175 fisi
227 1142 405 1176 sociorum
447 1142 688 1177 incertissimis
717 1144 970 1178 voluntatibus.
1022 1144 1124 1177 Hanc

134 1192 299 1226 fiduciam
321 1199 359 1226 ut
377 1193 505 1226 eximat
521 1194 624 1226 nobis
642 1192 755 1235 Deus,
781 1195 865 1229 sinit
887 1207 951 1228 nos
975 1194 1019 1227 ab
1035 1194 1122 1227 ami-

135 1242 185 1276 cis
199 1243 324 1279 deseri.
377 1242 464 1276 Vult
481 1243 574 1276 enim
592 1256 656 1278 nos
674 1245 767 1289 ipsos
783 1246 959 1279 intuentes
975 1246 1121 1278 verbum

133 1293 202 1328 Dei
226 1306 309 1327 vero
336 1293 468 1326 iudicio
487 1301 631 1338 propter
654 1294 769 1328 Deum
794 1296 955 1340 amplecti
980 1302 1122 1328 senten-

133 1344 200 1378 tias
217 1343 389 1377 divinitus
408 1345 570 1377 traditas:
600 1345 674 1379 vult
690 1357 755 1379 nos
777 1358 795 1379 a
815 1347 926 1390 seipso
945 1346 1121 1379 defensio-

132 1405 215 1428 nem
239 1401 355 1438 petere
380 1400 411 1427 et
435 1400 634 1438 expectare,
668 1408 742 1429 non
766 1396 842 1430 vult
859 1409 923 1430 nos
946 1397 1121 1429 confidere

132 1443 299 1479 humanis
321 1445 515 1489 praesidiis.
570 1445 740 1480 Sedemus
758 1447 793 1479 in
815 1445 970 1480 Ecclesia
993 1454 1032 1480 ut
1047 1448 1121 1480 soe-

133 1503 190 1530 tus
207 1496 245 1529 in
262 1496 340 1529 alvo
361 1496 501 1536 matris,
526 1503 560 1530 et
582 1497 754 1530 divinitus
770 1499 1006 1538 custodimur,
1033 1498 1121 1530 sicut

133 1547 228 1591 apud
244 1544 385 1580 Esaiam
405 1547 522 1591 inquit
538 1545 650 1580 Deus:
675 1547 749 1591 Ego
773 1548 857 1588 feci,
883 1560 945 1591 ego
968 1550 1121 1592 gestabo,

133 1608 197 1641 ego
216 1598 373 1631 servabo.
425 1595 471 1630 Et
494 1609 595 1642 saepe
619 1599 785 1641 repetitae
808 1606 889 1632 sunt
913 1597 977 1632 hae
1003 1610 1120 1632 voces:

133 1648 236 1682 Vana
267 1648 360 1681 salus
389 1644 556 1683 hominis.
611 1647 712 1682 Item:
748 1648 805 1681 Illi
835 1649 872 1682 in
903 1650 1002 1694 equis
1026 1650 1119 1683 etin

132 1699 318 1739 curribus,
346 1710 410 1731 nos
429 1706 545 1732 autem
570 1711 700 1732 nomen
719 1698 783 1733 Dei
806 1700 917 1732 nostri
938 1701 1118 1733 invocabi-

131 1761 223 1786 mus.
273 1749 317 1784 Et
334 1750 371 1782 in
390 1748 546 1782 Psalmo:
576 1749 668 1782 lacta
685 1750 722 1782 in
737 1749 850 1783 Deum
869 1762 987 1783 curam
1013 1758 1120 1790 tuam,

133 1808 167 1836 et
189 1800 262 1844 ipse
278 1800 487 1834 sustentabit
502 1807 546 1833 te.
601 1799 720 1843 Quare
738 1798 793 1834 hic
812 1800 972 1834 Psalmus
988 1801 1118 1834 doctri-

131 1863 177 1885 na
199 1858 249 1884 est
271 1853 314 1884 de
337 1852 405 1884 fide
430 1848 624 1895 prohibens
652 1851 815 1885 fiduciam
850 1851 1053 1892 hominum,
1087 1858 1119 1885 et

131 1901 366 1947 praecipiens,
393 1907 433 1934 ut
447 1902 551 1935 etiam
575 1914 653 1934 cum
670 1903 714 1935 ab
743 1900 949 1936 hominibus
977 1909 1009 1936 et
1036 1915 1119 1936 cau-

131 1954 179 1987 sis
203 1953 366 1986 secundis
398 1952 612 1993 deserimur,
645 1959 760 1986 tamen
788 1966 805 1986 a
830 1952 905 1986 Deo
934 1965 1006 1986 non
1034 1954 1118 1986 defi-

133 2005 282 2042 ciamus,
309 2004 368 2037 sed
400 2015 603 2037 maneamus
632 2003 669 2036 in
703 2004 922 2037 consessione
950 2004 1117 2042 veritatis,

133 2062 167 2088 et
191 2054 303 2088 exitus
329 2053 403 2087 Deo
428 2055 735 2095 commendemus,
762 2062 795 2089 et
814 2056 858 2087 ab
882 2067 921 2087 eo
941 2055 1118 2088 defensio-

132 2117 213 2138 nem
239 2111 396 2147 petamus
417 2116 456 2138 ac
484 2112 722 2149 expectemus,
750 2105 843 2139 iuxta
866 2106 973 2139 illud:
1006 2104 1118 2139 Com-

132 2156 259 2189 menda
280 2154 353 2187 Deo
371 2155 463 2188 viam
482 2162 577 2189 tuam
592 2183 600 2196 ,
629 2163 661 2190 et
680 2156 752 2200 ipse
767 2156 883 2191 faciet.

236 2205 276 2239 ln
296 2206 408 2249 primo
432 2213 463 2239 et
482 2209 635 2240 secundo
653 2219 754 2240 versu
781 2206 974 2251 propositio
993 2207 1117 2240 recita-

133 2264 208 2298 tur,
237 2269 304 2301 qua
325 2257 410 2300 petit
427 2257 678 2291 defensionem.

236 2307 428 2352 Sequentes
444 2319 564 2341 versus
579 2309 722 2352 plurimi
743 2309 778 2342 in
797 2316 870 2342 toto
883 2309 1019 2342 Psalmo
1033 2320 1117 2341 con-

132 2359 247 2393 tinent
269 2359 465 2403 querelam,
499 2359 535 2391 in
562 2371 629 2403 qua
655 2360 751 2393 varia
776 2368 856 2393 sunt
874 2360 1118 2403 amplificatio-

132 2421 195 2443 nes
212 2409 346 2442 doloris
363 2416 396 2443 et
411 2409 628 2442 obiectorum
640 2437 649 2450 ,
672 2411 833 2444 videlicet
850 2411 1039 2454 impietatis
1057 2411 1118 2443 ad-

132 2454 388 2500 versariorum,
417 2460 603 2500 fraudum,
629 2461 855 2502 insidiarum,
883 2461 1117 2494 simulationis

133 2518 166 2544 et
191 2510 417 2544 crudelitatis.
472 2509 518 2544 Et
542 2511 689 2554 insignis
718 2518 769 2545 est
796 2513 1012 2555 exaggeratio
1038 2524 1118 2555 per-

132 2573 238 2595 sonae
260 2562 437 2606 perfidiosi
460 2561 579 2601 amici,
613 2574 630 2594 a
657 2574 726 2606 quo
753 2563 927 2596 desertum
945 2570 976 2596 et
996 2563 1117 2607 prodi-

132 2619 206 2646 tum
232 2625 268 2645 se
293 2624 365 2646 esse
390 2612 566 2658 queritur,
593 2624 671 2645 curn
698 2625 767 2657 quo
792 2620 891 2646 antea
917 2614 1116 2647 coniunctio

131 2663 238 2699 suerit
253 2675 325 2698 non
344 2664 458 2698 solum
484 2664 635 2697 aliorum
662 2664 903 2697 communium
920 2664 1116 2698 officiorum

745 98 808 135 IX.
860 97 1223 136 COMMENTARII
1258 99 1308 134 IN
1341 98 1582 137 PSALMOS.

2062 103 2160 136 1130

1177 185 1287 225 vitae,
1314 186 1373 217 sed
1390 185 1492 218 etiam
1518 184 1698 218 doctrinae
1722 191 1755 218 et
1783 185 2024 220 consiliorum.
2078 187 2158 221 Ma-

1176 235 1341 268 nifestum
1363 243 1478 268 autem
1505 242 1554 268 est
1573 236 1674 268 valde
1695 236 1844 269 sauciari
1861 237 2021 270 omnium
2045 238 2158 271 bono-

1176 297 1255 319 rum
1273 283 1458 318 hominum
1476 286 1612 318 animos
1630 286 1753 318 talium
1777 287 1969 320 amicorum
1990 287 2158 321 defectio-

1175 348 1239 377 ne,
1266 342 1299 369 et
1315 336 1353 368 in
1369 334 1525 369 Ecclesia
1543 336 1674 369 accedit
1693 337 1880 378 singularis
1896 338 2000 371 dolor
2016 345 2161 382 propter

1175 386 1398 424 scandalum,
1426 388 1521 430 quod
1542 386 1876 429 perniciosissimum
1895 395 1962 429 est,
1988 395 2028 422 ut
2053 400 2159 432 supra

1175 437 1260 472 dixi.
1312 435 1384 469 Nec
1406 447 1494 479 opus
1521 444 1571 470 est
1595 436 1697 479 longa
1722 437 2010 481 interpretatione
2040 439 2076 472 in
2102 437 2159 472 his

1175 487 1345 532 querelis,
1371 487 1453 531 quia
1471 487 1720 528 intelliguntur
1736 488 1964 523 consideratIs
1980 490 2158 533 exemplis,

1175 550 1253 570 cum
1277 537 1406 570 similia
1430 537 1602 581 patimur,
1639 543 1678 570 ut
1707 537 1778 570 dici
1811 539 1915 572 solet:

1172 585 1394 633 .

1277 638 1450 673 Usitatum
1479 643 1528 671 est
1559 644 1675 670 autem
1709 638 1745 671 in
1773 639 1901 672 talibus
1927 640 2098 684 querelis,
2125 647 2159 675 et

1174 689 1478 732 indignationibus
1503 689 1649 721 miscere
1673 688 1960 732 imprecationes,
1987 697 2026 723 ut
2042 688 2099 724 hic
2120 691 2158 725 fit

1173 740 1209 772 in
1240 740 1419 785 aliquibus
1452 739 1628 772 versibus:
1668 735 1782 772 Perde
1815 737 1976 773 Domine
2004 739 2156 786 linguas

1173 801 1314 828 corum,
1341 786 1559 822 descendant
1581 789 1619 822 in
1636 788 1823 837 infernum
1843 789 2005 825 viventes.

1273 840 1345 874 Nec
1369 841 1470 873 anxie
1492 841 1731 884 quaerendum
1757 847 1806 873 est
1833 853 1903 885 quo
1926 842 2052 875 ordine
2071 839 2156 874 haec

1454 892 1662 931 recitentur,
1705 890 1742 923 in
1776 892 1905 936 quibus
1941 890 2007 925 hoc
2040 893 2156 935 ipsum

1172 942 1451 985 magnitudinem
1476 942 1610 974 doloris
1638 942 1788 980 indicat,
1817 944 1911 986 quod
1937 944 2012 975 sine
2036 943 2157 985 singu-

1173 993 1237 1025 lari
1268 1004 1349 1025 cura
1379 992 1516 1025 ordinis
1551 999 1741 1034 erumpunt
1774 993 1862 1025 varii
1895 993 2057 1033 affectus,
2093 1004 2157 1025 nec

1171 1054 1259 1087 opus
1283 1049 1334 1076 est
1354 1044 1397 1075 de
1422 1040 1487 1075 hac
1520 1043 1723 1086 quaestione
1750 1043 1941 1086 disputari:
1975 1044 2034 1076 An
2055 1043 2158 1077 liceat

1172 1094 1262 1126 mala
1285 1093 1470 1137 imprecari
1496 1090 1667 1128 hostibus.
1722 1092 1889 1127 Precatur
1918 1093 2062 1137 reprimi
2089 1095 2157 1126 im-

1172 1145 1227 1188 pia
1252 1145 1411 1178 consilia.
1472 1143 1611 1176 Deinde
1636 1144 1674 1176 in
1700 1144 1860 1187 personis
1885 1144 2073 1177 discrimen
2097 1151 2156 1185 est,

1171 1195 1343 1228 sanabiles
1374 1201 1472 1238 optat
1501 1194 1676 1233 converti,
1711 1195 1770 1226 sed
1802 1192 2025 1237 blasphemos
2058 1201 2156 1237 optat

1171 1245 1299 1286 deleri,
1326 1246 1415 1278 sicut
1439 1245 1476 1277 in
1499 1243 1638 1277 Psalmo
1664 1244 1746 1277 119.
1780 1243 1912 1279 Dilexit
1936 1245 2155 1278 maledictio-

1170 1308 1270 1336 nem,
1299 1303 1332 1329 et
1356 1295 1474 1328 veniet
1498 1295 1539 1329 ei.

1271 1346 1406 1379 Mixtae
1428 1351 1511 1379 sunt
1534 1345 1637 1378 etiam
1663 1345 1854 1388 gratiarum
1879 1345 2048 1379 actiones:
2076 1358 2155 1389 gra-

1169 1397 1299 1430 tiarum
1332 1396 1421 1430 actio
1447 1403 1515 1435 est,
1549 1396 1586 1428 in
1616 1407 1685 1440 qua
1715 1396 1844 1429 fatetur
1874 1397 2056 1430 exauditos
2082 1409 2155 1430 esse

1169 1447 1338 1480 clamores
1353 1458 1449 1486 suos,
1475 1447 1568 1491 quod
1588 1446 1666 1479 ideo
1690 1452 1873 1484 narratur,
1900 1453 1939 1480 ut
1957 1447 2019 1481 Dei
2043 1447 2155 1491 gloria

1169 1498 1382 1538 celebretur,
1410 1505 1443 1532 et
1461 1497 1564 1530 multi
1582 1497 1619 1529 in
1636 1494 1791 1530 Ecclesia
1811 1497 2080 1538 confirmentur,
2108 1498 2155 1531 si-

1169 1555 1227 1582 cut
1243 1560 1343 1593 saepe
1363 1560 1469 1592 supra
1494 1547 1625 1580 dictum
1643 1554 1713 1588 est,
1740 1547 1821 1581 talia
1848 1549 2003 1591 exempla
2027 1549 2155 1592 scripta

1168 1611 1256 1638 esse,
1284 1606 1322 1632 ut
1346 1599 1452 1631 simili
1476 1598 1543 1630 fide
1567 1604 1601 1631 et
1623 1609 1682 1641 spe
1705 1605 1864 1641 petamus
1886 1604 1918 1631 et
1935 1607 2154 1643 expectemus

1168 1649 1356 1682 auxilium:
1384 1656 1417 1682 et
1433 1655 1576 1692 propter
1593 1645 1683 1681 hanc
1708 1648 1980 1692 applicationem
2003 1650 2154 1682 insertae

1168 1707 1249 1733 sunt
1266 1699 1536 1743 promissiones,
1565 1705 1604 1732 ut
1621 1698 1658 1731 in
1682 1696 1749 1731 hoc
1771 1698 1910 1732 Psalmo
1929 1699 2154 1733 dulcissimus

1168 1751 1361 1783 versiculus
1386 1757 1435 1783 est
1459 1749 1645 1782 continens
1668 1749 1828 1792 generale
1860 1758 2082 1794 praeceptum
2110 1752 2154 1784 de

1169 1801 1252 1839 fide,
1288 1808 1320 1834 et
1343 1800 1613 1844 promissionem
1636 1800 1870 1843 perspicuam:
1907 1797 2017 1833 lacta
2046 1812 2154 1846 super

1170 1849 1372 1884 Dominum
1391 1862 1484 1883 onus
1505 1854 1618 1889 tuum,
1648 1854 1677 1882 et
1693 1850 1767 1896 ipse
1783 1854 1814 1882 le
1829 1850 2063 1890 sustentabit,
2093 1863 2153 1884 nec

1168 1900 1272 1935 dabit
1290 1901 1328 1934 in
1346 1905 1531 1935 aeternum
1544 1900 1823 1948 fluctuationem
1842 1900 1950 1936 iusto.

1269 1952 1375 1985 Hunc
1396 1952 1606 1985 versiculum
1631 1951 1815 1994 infigamus
1848 1952 1991 1994 animis,
2021 1951 2080 1983 sed
2106 1951 2154 1985 ita

1168 2010 1206 2037 ut
1222 2005 1265 2036 ad
1283 2016 1348 2036 nos
1365 2015 1505 2048 quoque
1524 2003 1699 2046 pertinere
1716 2014 1795 2035 eum
1814 2004 2006 2039 discamus,
2035 2009 2067 2035 et
2087 2000 2153 2035 boc

1168 2061 1351 2098 praecepto
1369 2053 1635 2087 commonefacti
1684 2053 1751 2085 fide
1769 2060 1800 2086 et
1822 2064 1881 2096 spe
1899 2064 1997 2086 curas
2016 2059 2153 2085 nostras

1169 2105 1357 2145 leniamus,
1385 2105 1567 2137 credamus
1587 2115 1651 2136 nos
1667 2104 1774 2146 recipi
1792 2110 1824 2137 et
1841 2103 1999 2136 exaudiri
2023 2115 2039 2135 a
2058 2100 2151 2141 Deo,

1167 2167 1345 2199 speremus
1369 2162 1401 2188 et
1429 2162 1648 2198 expectemus
1673 2154 1862 2193 auxilium,
1888 2155 1982 2197 quod
2002 2165 2080 2185 cum
2101 2154 2154 2185 fa-

1168 2208 1317 2247 ciemuS,
1351 2206 1571 2249 experiemur
1602 2205 1713 2249 reipsa
1747 2202 1837 2237 hanc
1868 2205 1970 2237 fidem
1992 2210 2025 2237 et
2055 2215 2151 2248 spem

1167 2270 1239 2291 non
1257 2269 1328 2290 esse
1347 2257 1494 2291 irritam.

1268 2308 1316 2342 Ut
1334 2315 1448 2342 autem
1467 2319 1566 2351 saepe
1583 2307 1668 2339 alias
1692 2306 1914 2345 monuimus,
1940 2305 1976 2338 in
1994 2303 2048 2338 bis
2066 2317 2151 2338 con-

1167 2360 1329 2393 cionibus
1355 2361 1397 2391 de
1420 2359 1505 2398 fide,
1539 2358 1720 2391 sciendum
1748 2368 1819 2388 esse
1840 2357 1925 2402 quid
1950 2357 1993 2389 sit
2011 2357 2095 2389 fides
2117 2364 2150 2391 et

1167 2411 1344 2456 quomodo
1371 2410 1453 2443 iusti
1478 2415 1700 2452 reputemur,
1736 2419 1780 2439 ne
1805 2405 1869 2440 hae
1894 2407 2149 2441 consolationes

1167 2462 1389 2494 excutiantur
1423 2459 1549 2492 animis
1572 2459 1658 2490 salsa
1682 2458 1907 2501 persuasione
1941 2459 1984 2490 de
2011 2458 2150 2492 iusticia

1166 2513 1266 2556 legis:
1296 2511 1387 2543 idem
1405 2509 1461 2543 hic
1484 2521 1626 2549 moneo,
1655 2509 1763 2542 iustos
1780 2509 1848 2540 dici
1864 2519 1985 2541 omnes
2001 2521 2149 2542 conver-

1167 2575 1221 2596 sos
1243 2563 1283 2595 ad
1303 2560 1437 2601 Deum,
1465 2561 1525 2604 qui
1549 2560 1585 2592 in
1607 2572 1687 2592 vera
1710 2559 1926 2602 poenitentia
1950 2560 2097 2592 credunt
2113 2572 2149 2593 se

1166 2619 1308 2657 propter
1327 2612 1437 2644 filium
1450 2610 1515 2643 Dei
1533 2610 1639 2652 gratis
1655 2610 1773 2653 recipi,
1799 2616 1831 2643 et
1850 2608 1933 2643 haec
1948 2610 2032 2642 fides
2049 2622 2148 2654 prae-

1165 2665 1279 2698 luceat
1295 2662 1458 2708 petitioni
1473 2661 1615 2703 auxilii,
1643 2673 1707 2695 nec
1730 2661 1898 2694 deterreri
1916 2668 1949 2694 te
1973 2661 2066 2694 sinas
2089 2673 2148 2694 co-
