2379 2948
167 96 243 135 689
780 94 825 132 V.

166 240 227 267 tur
252 232 394 276 navigio
420 229 612 266 transvehi.

165 283 324 328 quimur.

164 335 262 369 tibus
284 335 477 378 prudenter
495 332 726 367 discernenda
743 344 815 365 esse
830 333 1025 365 necessaria
1043 345 1062 366 a
1079 344 1153 365 non

164 385 385 419 necessariis:
415 385 462 418 ita
486 385 523 416 in
541 383 708 416 omnibus
725 383 818 417 vitae
835 383 1154 417 deliberationibus

164 436 336 480 sapientia
353 442 403 470 est
420 435 539 468 videre
554 433 760 474 necessaria,
787 441 820 468 et
837 435 1011 468 anteferre
1026 446 1062 468 ea
1079 446 1152 467 non

163 487 385 526 necessariis,
409 486 480 518 imo
506 485 542 517 in
566 485 702 528 magnis
717 486 824 518 rebus
839 482 932 518 nihil
951 485 1151 519 faciendum

163 545 235 579 est,
270 538 340 570 nisi
362 537 455 582 quod
482 546 620 568 necesse
645 543 697 569 est
720 536 843 569 facere.
903 535 973 570 Sed
999 537 1150 570 maxima

162 586 349 622 hominum
375 585 566 620 multitudo
590 586 719 630 partim
738 587 910 628 stulticia,
940 588 1065 631 partim
1085 600 1150 622 710-

163 633 455 686 λυπραγμοσύνῃ
478 637 597 678 discit,
625 638 771 682 suscipit
793 645 825 672 et
847 639 917 681 agit
939 651 1012 672 non
1031 651 1150 672 neces-

161 690 270 730 saria,
297 688 435 722 omissis
458 688 674 721 necessariis.
727 688 805 722 Hoc
828 690 956 722 vitium
975 702 1078 734 saepe
1097 697 1151 723 ta-

161 748 263 775 xatur
287 740 324 772 in
348 739 508 772 doctrina
535 739 695 778 coelesti,
723 741 812 773 etin
830 738 1083 785 Philosophia,
1110 747 1150 773 ut

159 791 292 825 Paulus
325 790 458 835 inquit:
493 788 643 834 Propria
673 790 787 826 facite.
854 789 901 825 Et
924 799 1071 825 venuste
1094 791 1149 824 di-

159 850 253 877 ctum
283 848 333 874 est
365 853 383 874 a
415 840 564 875 Seneca:
600 840 731 884 Magna
764 853 845 886 pars
873 841 966 876 vitae
996 842 1149 876 elabitur

157 893 247 926 male
271 893 427 936 agendo,
455 893 569 925 maior
590 889 683 924 nihil
701 895 854 936 agendo,
881 894 1034 927 maxima
1050 894 1147 927 aliud

157 944 305 987 agendo.
367 942 421 977 Sit
444 944 552 987 igitur
575 940 660 976 haec
681 944 819 986 regula:
855 943 1003 987 Cognita
1027 956 1147 977 neces-

156 995 257 1028 sitate
280 995 317 1027 in
344 995 480 1028 artibus
507 1001 538 1027 et
566 994 603 1026 in
627 994 807 1036 consiliis,
842 996 977 1029 sublata
1004 996 1147 1029 dubita-

155 1045 255 1079 tione
273 1058 373 1079 mens
392 1045 620 1085 assentiatur,
648 1052 680 1079 et
699 1047 915 1090 obtemperet
932 1046 1146 1086 necessariis,

156 1103 215 1138 ut,
241 1108 381 1130 necesse
405 1103 454 1129 est
481 1096 614 1130 discere
637 1103 671 1129 et
696 1097 854 1140 profiteri
878 1109 996 1130 veram
1015 1097 1147 1131 doctri·
1173 1135 1175 1138 .
1201 1119 1278 1151 loco

627 1147 762 1180 etiamsi
786 1155 982 1182 contemtus
1008 1155 1039 1181 et
1065 1149 1146 1181 odia
1173 1157 1175 1179 ι
1240 1170 1248 1176 .
1523 1186 1527 1189 -
1684 1184 1690 1190 1
1720 1173 1738 1190 ,Ι

1173 1182 1175 1198 ι
1201 1177 1373 1203 mitantur
1390 1183 1537 1214 corpora
1558 1178 1590 1204 et
1609 1184 1663 1205 res
1682 1172 1778 1207 alias.

155 1159 238 1181 nam
265 1160 282 1180 a
305 1148 380 1182 Deo
406 1148 591 1187 traditam,

155 1205 360 1242 potentum,
394 1204 598 1242 paupertaS‚
634 1205 666 1232 et
697 1199 877 1233 interdum
907 1199 1037 1232 atrocia
1062 1211 1146 1243 sup·-

155 1249 262 1292 plicia
294 1250 329 1282 id
364 1249 522 1282 studium
549 1249 776 1283 comitantur.
843 1249 895 1283 lta
920 1251 1146 1283 anteferenda

155 1307 206 1334 est
229 1301 416 1333 necessitas
440 1300 526 1333 locis
551 1301 595 1333 ab
615 1300 697 1333 utili
715 1309 748 1335 et
765 1301 880 1342 facili,
907 1301 945 1334 in
964 1302 1145 1334 suadendo
1173 1316 1175 1331 ι

154 1358 186 1385 et
203 1351 453 1386 dissuadendo.

471 1468 538 1509 Ab
560 1468 822 1520 impossibili.

258 1550 407 1585 Vicinus
435 1552 535 1586 locus
565 1558 615 1586 est
644 1553 688 1585 ab
722 1551 956 1596 impossibili,
1005 1553 1144 1596 cognita

153 1602 248 1635 enim
267 1602 555 1646 impossibilitate
573 1604 609 1635 in
625 1603 775 1641 artibus,
804 1610 864 1637 aut
879 1603 1145 1644 deliberatione,

153 1653 256 1687 etiam
283 1654 477 1687 reiicienda
503 1660 587 1687 sunt
610 1653 861 1697 impossibilia,
890 1654 1025 1688 sublata
1045 1655 1143 1687 omni

152 1704 398 1745 dubitatione,
425 1711 480 1739 ut:
511 1704 735 1748 Impossibile
751 1711 802 1738 est
818 1701 1005 1739 Phaetonti
1025 1717 1144 1749 regere

153 1813 215 1841 est.
280 1806 376 1840 Haec
402 1805 577 1839 humanae
601 1813 735 1839 mentes
758 1813 906 1839 naturae
930 1807 1062 1841 iudicio
1087 1808 1143 1840 in-

151 1857 334 1901 telligunt,
370 1855 462 1890 nibil
486 1858 579 1890 enim
605 1858 642 1890 fit
665 1858 740 1890 siue
764 1869 885 1896 causa,
921 1865 952 1890 et
978 1859 1015 1890 in
1039 1870 1142 1892 causa

151 1908 223 1940 vim
253 1920 314 1942 seu
346 1909 546 1942 facultatem
579 1920 651 1941 esse
683 1915 824 1951 oportet
847 1909 889 1941 ad
917 1909 1140 1942 efficiendum

151 1958 208 2000 id,
253 1961 347 2004 quod
386 1960 544 1995 molitur.
624 1959 809 1992 Praeterea
848 1959 1041 1993 videndum
1080 1968 1141 2002 est,

153 2010 238 2054 quid
257 2011 310 2043 cui
328 2017 473 2044 naturae
493 2011 537 2044 sit
555 2010 783 2054 impossibile.

303 2060 449 2095 Certum
482 2069 533 2095 est
564 2074 639 2094 eam
664 2061 863 2095 doctrinam
889 2062 932 2094 de
958 2061 1141 2096 voluntate

355 2111 442 2153 Dei,
469 2125 487 2145 a
506 2125 589 2146 vero
607 2111 682 2146 Deo
699 2113 906 2156 patefactam
924 2119 956 2145 et
973 2113 1138 2146 traditam

354 2174 438 2204 esse,
464 2164 520 2197 cui
537 2164 656 2198 addita
675 2170 757 2197 sunt
772 2163 973 2198 testimonia
990 2165 1138 2198 resusci-

354 2214 498 2247 tationis
516 2222 751 2255 mortuorum,

303 2262 401 2297 Talis
415 2271 465 2298 est
480 2266 552 2298 sola
568 2266 729 2299 doctrina
741 2263 918 2300 Ecclesiae
932 2266 1059 2300 tradita
1077 2278 1139 2311 per

356 2313 557 2355 Christum,
582 2315 778 2361 Prophetas
796 2324 827 2350 et
846 2318 1048 2361 Apostolos,

304 2364 450 2399 Certum
466 2373 516 2400 est
531 2367 638 2410 igitur
653 2368 812 2401 divinam
830 2380 913 2402 esse.

254 2415 342 2450 Nam
367 2417 440 2450 sola
463 2417 688 2461 omnipotens
707 2426 831 2452 natura
847 2426 961 2464 potest
978 2427 1137 2453 mortuos

151 2468 189 2501 in
214 2467 320 2501 vitam
343 2480 518 2503 revocare.
578 2467 628 2501 lta
652 2468 748 2503 Deus
771 2482 805 2503 se
831 2471 992 2513 patefecit
1013 2469 1137 2504 Eccle-

151 2519 222 2552 siae
247 2520 377 2552 additis
400 2519 631 2560 testimoniis,
666 2532 754 2564 quae
777 2521 911 2555 imitari
933 2522 1137 2556 Daemones

151 2581 224 2603 non
243 2577 401 2613 possunt.

252 2619 437 2655 Caeterum
460 2620 497 2654 in
514 2618 674 2666 Physicis
695 2632 842 2664 magnus
862 2630 912 2657 est
928 2635 1011 2657 usus
1030 2621 1137 2657 huius

152 2670 232 2704 loci.
286 2671 507 2717 Impossibile
539 2679 590 2705 est
618 2669 853 2717 hydropicum
885 2675 1138 2718 convalescere,

204 2723 380 2756 MELANTH.
411 2726 513 2757 Ori-za.
542 2725 625 2756 Vor.
647 2725 742 2758 XIH.

885 91 1208 131 EROTEMATA
1242 91 1582 134 DIALECTICES.

168 183 301 216 flumen
326 186 434 225 ponte
461 187 521 215 aut
544 181 635 214 vado
659 180 829 215 transire:
854 179 1002 215 Necesse
1025 186 1075 213 est
1091 178 1157 222 igi·
1181 178 1186 222 ,l
1211 179 1273 225 qui
1298 187 1401 223 auget
1425 182 1590 215 morbum
1615 182 1755 217 assidua
1779 182 2068 228 ingurgitatione.

664 230 716 265 De
740 232 870 265 talibus
893 231 1009 264 modis
1028 228 1086 264 hic
1104 230 1157 263 lo-
1180 231 1183 279 l
1211 230 1379 274 possibile
1403 239 1452 265 est
1477 233 1597 274 gravia
1623 245 1761 267 sursum
1785 235 1870 268 ferri
1894 247 1955 269 sua
1979 236 2015 268 vi
2042 237 2118 270 sine
2141 250 2201 271 ex-

379 282 426 317 Ut
451 283 558 326 igitur
577 294 679 326 saepe
694 281 781 315 alias
797 282 931 315 dictum
949 288 1018 322 est,
1042 281 1081 314 in
1097 293 1155 314 ar·-
1209 287 1311 315 terno
1336 282 1569 316 adminiculo.

2129 100 2205 136 690

2128 186 2201 221 Im-

1619 283 1714 318 Haec
1739 285 2006 330 impossibilitas
2029 287 2200 332 intelligi-

2081 337 2144 372 Est
2164 346 2199 374 et

1206 393 1354 425 magnus
1376 395 1460 417 usus
1486 383 1594 418 hodie
1616 386 1661 418 ab
1678 386 1890 431 impossibili
1908 389 1945 422 in
1963 389 2080 433 legum
2098 390 2197 425 miti-

1207 338 1266 366 tur
1288 332 1331 365 de
1355 339 1502 366 naturae
1528 334 1674 376 ordine,
1701 336 1791 370 sicut
1808 338 1950 372 condita
1968 345 2030 374 est.

1178 433 1180 457 f
1205 434 1358 477 gatione.

1359 541 1566 584 Connexa
1593 556 1670 584 seu
1699 544 2044 590 circumstantiae.

1307 626 1422 670 Supra
1454 628 1497 660 de
1526 627 1733 661 definitione
1755 628 1825 669 rei,
1859 630 1989 663 deinde
2014 632 2057 665 de
2080 635 2194 668 causis

1204 677 1337 711 dictum
1363 684 1431 718 est,
1466 677 1570 711 Nunc
1593 680 1682 711 ordo
1708 680 1882 723 postulat,
1910 682 2032 725 quaeri
2058 684 2100 716 de
2125 685 2193 717 cir-

1204 729 1443 767 cumstantiis,
1471 729 1546 762 sine
1565 730 1695 774 quibus
1712 742 1765 763 res
1783 743 1854 764 esse
1873 743 1945 764 non
1963 741 2127 776 possunt,
2154 743 2194 770 ut

1203 780 1246 812 de
1285 787 1462 823 tempore,
1510 780 1608 822 loco,
1656 793 1757 821 sexu,
1798 782 1957 823 auxiliis,
2000 785 2193 819 eventibus.

1203 829 1298 863 Haec
1320 839 1445 864 vocant
1465 843 1641 872 connexa,
1668 833 1749 877 quia
1770 844 1952 878 nunquam
1971 834 2192 870 divelluntur

1202 894 1219 914 a
1246 882 1363 916 rebus.
1418 881 1469 915 Ac
1492 882 1559 915 late
1579 889 1672 926 patet
1688 880 1743 916 hic
1761 883 1870 918 locus.
1925 883 1994 918 Sed
2011 898 2074 920 nos
2091 899 2191 931 prae-

1201 932 1320 977 cipuas
1339 933 1475 976 regulas
1493 934 1683 968 trademus.

1638 1016 1762 1048 Prima.

1302 1066 1503 1102 Necessaria
1527 1078 1734 1113 argumenta
1761 1078 1953 1105 sumuntur
1979 1084 1997 1105 a
2024 1079 2192 1118 tempore,

1305 1125 1337 1151 et
1362 1131 1463 1160 sexu,
1491 1121 1572 1165 quia
1599 1122 1695 1154 velut
1720 1122 1952 1165 proprietates
1977 1135 2115 1168 semper
2132 1138 2190 1158 co-

1832 1171 1952 1206 Posito
1969 1186 2116 1218 corpore
2132 1183 2191 1210 aut

1201 1221 1267 1253 alia
1287 1234 1497 1266 quacunque
1516 1234 1573 1263 re,
1600 1235 1738 1255 necesse
1758 1231 1807 1256 est
1828 1223 1857 1255 ei
1877 1231 2014 1268 tempus
2031 1227 2190 1268 attribui,

1201 1283 1239 1303 ac
1257 1272 1384 1316 loquor
1400 1273 1442 1304 de
1461 1280 1619 1316 tempore
1635 1274 1880 1308 communiter.
1933 1274 2084 1309 Remoto
2102 1285 2191 1310 tem-

1201 1334 1285 1364 pore
1314 1324 1580 1364 universaliter‚
1616 1336 1672 1356 res
1701 1325 1774 1367 ipsa
1808 1333 2019 1362 removetur.
2075 1326 2121 1361 Ut
2153 1329 2190 1362 in

1201 1374 1372 1417 negativis
1390 1374 1491 1406 facile
1510 1374 1660 1417 intelligi
1681 1382 1804 1417 potest.

1354 1421 1570 1470 Pythagoras
1586 1427 1747 1459 nondum
1761 1433 1864 1459 natus
1876 1427 1942 1460 suit
1953 1426 2090 1462 Numae
2103 1436 2192 1463 tem-

1412 1487 1509 1519 pore,

1356 1525 1435 1559 Non
1455 1527 1562 1569 igitur
1579 1525 1645 1558 suit
1662 1527 1805 1560 auditor
1819 1525 2038 1572 Pythagorae
2053 1529 2181 1565 Numa.

1301 1574 1355 1609 Ac
1373 1578 1484 1611 multa
1503 1589 1521 1610 a
1538 1584 1696 1620 tempore
1714 1578 1938 1620 iudicantur,
1966 1579 2077 1624 Leges
2095 1583 2191 1626 posi-

1199 1627 1291 1660 tivae
1322 1629 1483 1661 nondum
1517 1629 1760 1672 promulgatae
1788 1642 1861 1663 non
1892 1631 2063 1675 obligant.
2117 1633 2191 1666 Le-

1197 1689 1254 1721 ges
1277 1680 1319 1711 ad
1344 1686 1478 1712 certum
1506 1686 1646 1723 tempus
1672 1680 1762 1713 latae
1787 1693 1860 1714 non
1882 1683 2037 1717 retinent
2053 1685 2190 1717 autori-

221 1755 227 1761 .
735 1755 742 1762 .
988 1757 996 1763 .
1169 1737 1171 1751 ⁴
1197 1736 1302 1763 tatem
1344 1737 1395 1763 ost
1415 1730 1502 1763 illud
1523 1737 1591 1763 tem
1620 1743 1660 1763 us
1705 1738 1761 1765 ut:

153 1753 246 1788 Solis
266 1767 428 1797 currum,
454 1756 535 1789 ideo
559 1763 676 1789 tantae
694 1768 743 1788 rei
761 1763 907 1788 conatus
926 1757 1144 1790 omittendus
1169 1753 1171 1808 J
1319 1742 1340 1774 p
1598 1743 1617 1773 p
1670 1758 1678 1772 ’

1346 1780 1455 1824 Leges
1472 1781 1589 1826 Moysi
1608 1782 1650 1813 de
1667 1781 1875 1815 ceremoniis
1891 1782 2035 1818 fuerunt
2051 1786 2094 1819 ad
2113 1798 2189 1820 cer-

1399 1839 1472 1864 tum
1491 1839 1628 1875 tempus
1646 1832 1745 1873 latae,

1349 1880 1444 1925 Ergo
1463 1889 1540 1926 post
1558 1883 1646 1915 illud
1668 1890 1804 1928 tempus
1822 1895 1893 1916 non
1913 1884 2084 1928 obligant.

1348 1948 1421 1982 Lex
1453 1950 1595 1983 moralis
1619 1962 1680 1983 seu
1704 1951 1892 1994 decalogus
1914 1958 1964 1985 est
1990 1961 2130 1988 aeterna
2153 1964 2187 1991 et

1400 2001 1544 2034 immota
1570 2002 1688 2044 regula
1714 2002 1751 2034 in
1777 2003 1957 2036 voluntate
1974 2002 2060 2046 Dei,
2087 2007 2186 2041 cuius

1399 2052 1529 2085 noticia
1561 2049 1739 2085 humanae
1769 2053 1879 2086 menti
1913 2053 2018 2088 insita
2044 2063 2111 2098 est,
2146 2066 2186 2092 ut

1397 2110 1539 2136 nostrae
1563 2110 1717 2144 mentes,
1745 2105 1944 2138 voluntates
1968 2113 2000 2139 et
2018 2107 2184 2151 actiones,

1397 2162 1595 2198 congruant
1613 2155 1654 2187 ad
1676 2155 1772 2187 illam
1793 2162 1969 2188 aeternam
1989 2158 2157 2200 regulam,

1344 2203 1440 2249 Ergo
1474 2217 1612 2250 semper
1642 2206 1776 2249 obligat
1808 2206 1861 2238 lex
1896 2207 2040 2240 moralis
2070 2210 2181 2245 donec

1398 2257 1483 2296 fuit,
1508 2264 1559 2291 est
1580 2263 1612 2290 et
1629 2257 1695 2290 erit
1713 2255 1867 2290 humana
1885 2265 2023 2293 natura.

1344 2324 1458 2359 Filius
1477 2325 1541 2359 Dei
1560 2325 1647 2363 fuit,
1674 2337 1752 2358 cum
1769 2331 1856 2358 esset
1871 2323 2066 2366 Abraham,

1343 2375 1439 2420 Ergo
1463 2389 1536 2409 non
1561 2383 1609 2409 est
1637 2383 1773 2409 tantum
1794 2373 1899 2409 homo
1916 2383 2000 2410 tunc
2015 2385 2096 2412 ante
2113 2391 2179 2414 an-

1394 2440 1460 2462 nos
1474 2428 1523 2461 33
1541 2434 1651 2460 natus.

1569 2517 1648 2549 Alia
1677 2517 1799 2558 reyulct.

1293 2573 1411 2607 Posita
1430 2584 1593 2615 corpore,
1619 2578 1679 2605 aut
1697 2571 1765 2604 alia
1783 2583 1994 2618 quacunque
2012 2585 2048 2607 re
2066 2574 2176 2619 finita,

1190 2636 1329 2657 necesse
1359 2631 1408 2657 est
1442 2624 1472 2656 ei
1500 2624 1616 2656 locum
1639 2623 1806 2664 attribui,
1842 2630 1873 2657 et
1897 2624 2039 2669 quidem
2064 2637 2175 2660 unum

1191 2687 1318 2721 corpus
1343 2686 1402 2708 seu
1425 2686 1495 2708 una
1519 2685 1574 2707 res
1598 2673 1719 2715 finita,
1745 2686 1819 2708 non
1844 2682 1895 2709 est
1919 2675 2024 2713 simul
2042 2676 2078 2709 in
2096 2678 2177 2722 plu,-

1653 2724 1700 2759 44
