2379 2948
122 108 219 149 1345

741 109 802 146 IX.
856 107 1220 146 COMMENTARII
1247 109 1297 146 IN
1324 110 1570 151 PSALMOS.

2068 120 2166 156 1346

120 196 320 242 spirituales
342 193 494 237 hostias,
519 202 678 241 acceptas
699 193 776 230 Deo
800 208 863 241 per
880 195 995 230 lesum
1013 194 1120 232 Chri·
1144 199 1149 235 ‚¹
1171 198 1262 232 bunt
1286 197 1429 233 viciosis
1451 200 1655 243 affectibus,
1681 202 1739 236 sed
1762 202 1933 238 laxabunt
1957 205 2006 240 eis
2023 207 2162 243 frenum

119 255 233 290 stum,
260 248 362 293 quasi
384 248 496 289 dicat,
524 259 598 281 non
622 254 779 291 acceptas
802 260 875 281 esse
891 255 1036 293 propter
1052 261 1119 281 no-

1170 260 1209 282 ae
1240 249 1407 285 obedient
1439 252 1497 287 eis.
1553 251 1649 286 Haec
1679 261 1817 297 peccata
1849 268 1927 289 cum
1950 257 2083 293 faciunt
2109 261 2163 294 illi

118 306 227 334 stram
252 300 480 343 dignitatem,
509 306 569 333 aut
589 299 861 344 perfectionem,
888 300 948 333 sed
974 308 1117 344 propter
1170 300 1231 345 qui
1259 300 1401 335 fuerant
1426 303 1557 343 sancti,
1593 305 1761 339 amittunt
1784 307 1953 350 gratiam,
1986 308 2161 353 Spiritum

116 351 320 396 pontificem
336 348 532 385 Christum.

222 401 319 436 Haec
349 401 545 436 consolatio
575 398 739 435 habenda
771 408 822 435 est
848 400 884 434 in
912 409 1114 446 conspectu,

117 460 158 488 ut
182 465 247 486 nos
275 453 443 487 exuscitet
468 453 511 486 ad
538 448 796 495 agnoscendam
814 459 846 486 et
865 453 1113 486 celebrandam

117 504 390 549 amplitudinem
414 503 680 537 misericordiae
705 503 793 544 Dei,
829 505 923 549 quod
950 505 1113 538 videlicet

118 553 211 589 hanc
235 567 364 589 novam
389 554 628 588 obedientiam
654 555 794 598 plenam
819 554 1055 597 infirmitatis,
1081 562 1112 589 et

116 607 412 646 contaminatam,
446 613 563 639 tamen
587 607 777 650 approbat,
804 613 836 640 et
859 613 963 640 ornat
987 608 1113 651 ingen—

116 658 213 693 tibus
230 657 396 702 praemiis
411 657 658 701 corporalibus
674 664 706 691 et
721 657 985 702 spiritualibus,
1012 658 1112 704 quasi

116 709 185 753 legi
210 709 500 743 satisfaceremus.
564 708 644 742 Tali
670 709 738 742 fide
761 709 918 753 praedita
944 710 1111 743 materfa—

115 760 251 801 milias,
289 772 369 794 cum
404 760 556 793 infantes
588 767 704 801 curat,
740 761 854 799 lavat,
890 761 973 794 facit
1003 773 1111 805 opera

113 811 208 845 bona
225 810 301 845 Deo
326 811 501 856 placentia
527 818 561 845 et
584 823 673 856 quae
698 812 871 856 scriptura
891 819 992 846 vocat
1008 824 1110 846 veros

114 863 231 897 cultus
246 861 326 896 Dei.
380 861 438 896 Sic
456 863 517 895 alii
538 863 574 895 in
595 863 666 895 suis
684 863 942 897 vocationibus.

217 913 339 959 Itaque
353 911 440 947 haec
455 914 653 958 amplitudo
668 914 932 948 misericordiae
944 914 1109 948 exuscitet

112 976 179 999 nos
196 966 238 998 ad
256 966 345 998 bene
361 966 591 1009 operandum.
635 964 728 1008 Quia
746 965 839 998 enim
857 966 984 999 scimus
994 964 1108 999 Deum

110 1029 186 1051 non
204 1016 318 1050 solum
337 1017 516 1060 postulare
534 1014 625 1050 hanc
641 1016 880 1050 obedientiam
892 1045 901 1058 ,
927 1018 986 1050 sed
1004 1017 1108 1050 etiam

111 1075 259 1114 propter
289 1065 471 1102 Christum
508 1079 589 1101 vere
618 1069 832 1112 approbare,
878 1075 910 1103 et
942 1069 1109 1113 praemiis

111 1131 260 1160 ornare,
302 1131 376 1153 non
408 1119 615 1153 abiiciamus
647 1131 769 1152 curam
801 1120 891 1153 bene
924 1120 1108 1163 operandi,

112 1171 211 1217 quasi
224 1169 321 1204 Deus
338 1178 399 1204 aut
415 1183 490 1204 non
506 1171 665 1216 requirat
681 1177 837 1204 nostram
857 1171 1109 1214 obedientiam,

110 1228 171 1256 aut
188 1222 288 1268 quasi
304 1222 433 1256 frustra
449 1229 634 1263 certemus,
661 1222 751 1256 sicut
766 1234 846 1255 caro
862 1223 1108 1266 desperatione

111 1274 264 1319 quadam
298 1280 359 1307 aut
391 1273 615 1307 dubitatione
646 1273 684 1307 fit
706 1274 865 1317 segnior,
899 1280 933 1308 et
959 1275 1006 1308 ob
1032 1287 1106 1308 eam

111 1336 252 1358 causam
275 1324 312 1357 fit
337 1324 592 1368 negligentior,
622 1324 704 1369 quia
728 1324 903 1358 existimat
928 1336 963 1358 se
979 1325 1107 1359 frustra

111 1387 250 1410 sumere
274 1376 452 1414 laborem,
485 1382 654 1420 tanquam
677 1375 856 1418 ingratum
884 1376 976 1409 Deo.
1030 1375 1108 1411 Ad-

109 1438 232 1460 versus
255 1424 349 1460 hanc
371 1426 544 1459 occultam
561 1426 677 1459 carnis
694 1426 954 1460 dubitationem
969 1454 977 1468 ‚
1004 1434 1037 1461 et
1054 1439 1107 1460 se-

109 1478 261 1523 gniciem
287 1477 431 1511 excitari
455 1488 519 1512 nos
534 1479 680 1521 joportet
704 1477 888 1522 agnitione
906 1478 1107 1512 misericor-

109 1529 206 1571 diae,
233 1536 272 1563 ut
290 1528 377 1562 dixi.

212 1579 335 1614 Tertia
359 1579 518 1625 quaestio
542 1586 592 1613 est
615 1581 658 1614 de
674 1579 880 1614 discrimine
897 1581 1030 1625 peccati
1047 1592 1108 1614 ve-

109 1631 216 1666 nialis
240 1644 279 1665 ac
303 1631 474 1666 mortalis.
517 1629 608 1665 Cum
634 1631 728 1664 enim
746 1631 896 1672 dicitur,
924 1631 962 1664 in
979 1632 1108 1665 sanctis

110 1695 184 1717 esse
210 1694 250 1717 ac
280 1694 423 1716 manere
447 1689 606 1726 peccata,
644 1683 683 1715 in
708 1680 773 1716 hac
797 1683 941 1716 mortali
968 1689 1108 1725 natura,

110 1734 304 1769 discrimen
326 1733 410 1768 addi
435 1745 575 1767 necesse
598 1741 666 1773 est,
694 1740 841 1778 propter
863 1745 952 1779 quae
968 1742 1107 1778 peccata

110 1786 223 1821 sancti
264 1786 431 1820 amittant
461 1785 628 1828 gratiam,
671 1784 847 1830 Spiritum
879 1792 1040 1819 sanctum
1075 1793 1107 1820 et

108 1838 232 1872 fidem:
260 1843 402 1871 econtra
427 1848 510 1869 vero
535 1849 625 1881 quae
647 1843 787 1880 peccata
815 1833 984 1870 haereant
1001 1836 1049 1870 ita
1069 1837 1106 1870 in

109 1888 259 1928 sanctis,
287 1895 327 1922 ut
350 1895 469 1922 tamen
492 1888 604 1921 sancti
626 1888 732 1922 simul
751 1887 925 1921 retineant
944 1888 1106 1931 gratiam,

109 1939 284 1986 Spiritum
314 1945 474 1973 sanctum
505 1945 539 1972 et
568 1938 688 1973 fidem.
757 1937 830 1972 Nec
863 1939 955 1972 leves
983 1951 1106 1973 causae

109 1999 210 2032 suut,
245 2003 309 2025 cur
338 1988 406 2024 hoc
440 1989 631 2023 discrimen
663 1989 754 2024 tradi
778 1996 951 2034 oporteat.
1014 1989 1105 2024 Nam

108 2042 267 2087 imperiti
297 2041 467 2076 absurdas
499 2041 688 2086 opiniones
713 2040 852 2085 fingunt
877 2042 921 2075 de
943 2042 1105 2086 peccatis,

109 2094 139 2128 si
157 2106 229 2128 non
247 2094 518 2129 admoneantur.

212 2144 394 2189 Scriptura
419 2144 511 2177 clare
538 2143 708 2179 discernit
723 2145 854 2188 gradus
869 2151 1103 2189 peccatorum.

108 2195 242 2232 Paulus
266 2196 362 2230 enim
386 2194 494 2230 Rom.
513 2195 548 2232 8,
574 2196 708 2241 inquit:
745 2195 783 2230 Si
808 2196 1002 2230 secundum
1028 2208 1103 2229 car-

108 2260 191 2282 nem
216 2247 392 2288 vixeritis,
419 2246 641 2289 moriemini,
668 2247 697 2281 si
722 2259 805 2281 vero
831 2246 968 2291 Spiritu
994 2247 1103 2281 actio-

108 2311 172 2334 nes
202 2299 318 2333 carnis
348 2297 621 2345 mortificabitis,
654 2299 794 2333 vivetis.
860 2298 963 2333 Clare
994 2298 1104 2342 igitur

107 2351 257 2392 fatetur,
289 2350 327 2383 in
359 2349 488 2383 sanctis
519 2360 590 2382 esse
617 2350 773 2384 actiones
799 2350 913 2384 carnis
940 2349 1102 2392 viciosas,

108 2414 199 2448 quae
224 2402 251 2435 si
276 2400 536 2434 mortificentur
553 2399 707 2444 Spiritu,
734 2402 845 2436 sancti
868 2401 1009 2442 vivent,
1035 2399 1102 2435 hoc

109 2460 179 2495 est,
206 2452 236 2486 si
254 2452 437 2487 affectibus
456 2451 597 2485 viciosis
614 2454 884 2497 repugnabunt,
912 2459 945 2487 et
962 2455 1102 2486 coe'rce-

106 2506 199 2539 bunt
217 2516 276 2538 eos
293 2516 332 2537 ac
348 2503 492 2537 vincent
507 2503 664 2537 motibus
682 2504 947 2549 spiritualibus,
974 2504 1101 2538 timore

107 2554 193 2597 Dei,
226 2563 261 2590 et
283 2554 409 2589 fiducia
426 2551 578 2595 Christi,
605 2567 679 2588 non
702 2555 865 2590 amittent
888 2555 999 2590 sancti
1021 2567 1101 2600 gra-

105 2607 204 2641 tiam.

209 2657 364 2692 Econtra
387 2656 517 2691 diserte
541 2655 625 2690 dicit
651 2655 845 2691 morituros
865 2669 958 2700 esse,
992 2658 1022 2692 si
1046 2658 1100 2691 vi-

106 2717 190 2744 vent
214 2710 410 2743 secundum
434 2719 595 2749 carnem,
622 2707 658 2740 id
683 2715 751 2752 est,
780 2709 810 2743 si
832 2720 905 2744 non
924 2721 1100 2755 repugna-

158 2763 335 2794 MELANTH.
365 2762 468 2795 Oeen.
494 2761 576 2793 Vox..
606 2759 700 2792 XIII.

1168 358 1327 386 sanctum
1353 359 1386 386 et
1410 353 1534 395 fidem,
1563 355 1651 389 sicut
1669 354 1782 390 David
1811 359 2034 394 committens
2059 363 2163 395 adul-

1168 403 1296 436 terium
1321 411 1395 438 erat
1418 417 1498 439 reus
1522 407 1646 440 mortis
1665 415 1848 448 aeternae,
1875 411 1963 444 sicut
1981 410 2162 456 Propheta

1168 454 1260 487 clare
1289 461 1450 490 testatur.
1512 456 1635 503 Itaque
1663 465 1748 492 tunc
1779 468 1859 495 ante
1892 463 2161 506 poenitentiam,

1167 517 1240 539 non
1257 503 1409 541 habebat
1429 507 1602 552 Spiritum
1620 518 1779 544 sanctum
1798 518 1829 545 et
1847 513 1962 548 fidem.

1268 573 1364 608 Hinc
1388 582 1439 609 est
1463 583 1542 610 nata
1564 577 1744 612 distinctio
1761 580 1804 612 de
1820 588 1960 624 peccato
1978 584 2107 617 veniali
2127 591 2159 619 et

1165 625 1325 666 mortali,
1361 627 1404 659 de
1436 639 1503 672 qua
1536 640 1636 672 saepe
1666 630 1865 674 loquuntur
1895 633 1998 666 etiam
2027 642 2159 669 veteres

1165 677 1363 721 scriptores.
1418 676 1507 711 Eam
1527 678 1771 714 Nazianzenus
1789 683 1957 717 discernit
1978 694 2157 729 peccatum
2178 675 2183 680 .

1165 726 1342 774 qomxdv,
1371 729 1415 762 ab
1439 729 1510 762 illis
1533 742 1623 775 quae
1646 731 1692 764 ita
1716 730 1861 767 haerent
1884 734 1921 767 in
1944 737 2092 780 sanctis,
2118 744 2159 771 ut

1164 787 1280 813 tamen
1307 787 1474 814 maneant
1498 781 1535 814 in
1560 782 1681 824 gratia.
1745 783 1815 817 Sed
1842 782 2000 818 Thomas
2027 794 2059 820 et
2083 789 2158 822 eius

1164 831 1300 873 generis
1325 831 1512 875 scriptores
1538 833 1689 866 nimium
1714 841 1995 870 extenuaverunt
2018 846 2157 881 peccata

1164 882 1335 931 venialia,
1364 890 1395 916 et
1411 889 1547 916 tantum
1565 885 1608 916 de
1624 884 1823 919 actionibus
1839 886 2056 932 loquuntur,
2083 902 2157 923 non

1163 933 1206 965 de
1224 931 1391 967 horribili
1407 941 1553 968 naturae
1572 935 1789 970 infirmitate.

1265 1000 1336 1035 Nec
1346 1000 1588 1048 Hieronymus
1603 1003 1686 1036 satis
1704 1004 1851 1047 explicat
1868 1017 1941 1039 rem
1955 1007 1993 1040 in
2006 1008 2157 1053 dialogo,

1162 1052 1224 1086 ubi
1257 1053 1415 1098 quaerit,
1457 1054 1516 1086 An
1548 1055 1660 1088 sancti
1692 1055 1761 1089 sint
1793 1057 1868 1090 sine
1903 1067 2061 1101 peccato,
2096 1073 2156 1094 seu

1163 1100 1431 1149 ἀναμάρτητοι.
1487 1104 1701 1151 Quanquam
1725 1107 1819 1140 enim
1845 1109 1994 1143 affirmat
2019 1119 2158 1146 sanctos

1162 1166 1299 1199 semper
1323 1153 1454 1190 habere
1479 1163 1638 1199 peccata,
1671 1164 1788 1191 tamen
1814 1156 1900 1193 haec
1923 1161 2090 1205 intelligit
2114 1165 2158 1197 de

1162 1206 1382 1247 actionibus,
1409 1214 1447 1240 ut
1466 1208 1509 1240 de
1525 1208 1707 1241 irascendo
1720 1234 1728 1247 ‚
1756 1217 1793 1242 ut
1810 1212 1853 1243 de
1869 1211 2071 1254 irascendo,
2098 1222 2158 1248 aut

1162 1257 1240 1290 aliis
1271 1258 1398 1291 subitis
1429 1258 1629 1292 affectibus:
1664 1272 1728 1293 nec
1761 1261 1921 1306 loquitur
1952 1264 1995 1296 de
2027 1265 2157 1299 viciosa

1162 1315 1308 1350 natura,
1341 1321 1413 1343 non
1441 1310 1484 1342 de
1510 1310 1582 1342 illis
1607 1311 1737 1344 abditis
1762 1313 1916 1354 morbis,
1948 1315 1991 1348 de
2014 1316 2159 1350 dubita-

1162 1360 1259 1393 tione
1284 1367 1463 1404 pugnante
1487 1373 1566 1394 cum
1594 1361 1721 1395 timore
1747 1369 1779 1396 et
1803 1364 1888 1405 fide,
1916 1366 1960 1398 de
1978 1367 2157 1407 coecitate,

1162 1418 1195 1444 et
1225 1411 1412 1445 securitate
1438 1412 1590 1452 carnali,
1625 1414 1668 1446 de
1694 1413 1822 1447 fiducia
1846 1427 1964 1449 rerum
1991 1430 2158 1461 praesen-

1161 1462 1250 1495 tium
1277 1469 1401 1496 contra
1426 1463 1645 1497 voluntatem
1672 1462 1757 1506 Dei,
1793 1466 1906 1511 deque
1929 1468 2008 1502 aliis
2031 1469 2159 1503 simili-

1161 1513 1228 1546 bus
1243 1513 1350 1549 vitiis.

1265 1571 1389 1618 ltaque
1414 1579 1453 1606 ut
1477 1585 1581 1618 supra
1607 1574 1680 1607 dixi
1702 1576 1745 1609 de
1771 1578 1938 1621 peccatis,
1966 1591 2056 1625 quae
2076 1579 2159 1615 hae-

1162 1630 1240 1657 rent
1264 1623 1303 1656 iu
1326 1624 1471 1664 sanctis,
1499 1625 1545 1657 ita
1571 1623 1628 1658 hic
1651 1638 1773 1660 rursus
1798 1640 1946 1671 moneo,
1974 1631 2011 1663 in
2029 1634 2159 1667 sanctis

1162 1674 1199 1707 in
1226 1671 1291 1707 hac
1318 1675 1391 1709 vita
1417 1687 1560 1709 manere
1586 1678 1850 1722 corruptionem
1879 1688 2026 1715 naturae
2053 1696 2160 1728 repu-

1163 1732 1328 1769 gnantem
1344 1726 1492 1769 legiDei
1504 1752 1512 1766 ,
1540 1734 1571 1760 ct
1586 1728 1736 1762 viciosos
1754 1730 1910 1766 affectus.
1964 1731 2060 1767 Haec
2077 1744 2160 1770 sunt

1161 1777 1197 1809 in
1224 1777 1344 1821 impiis
1362 1778 1527 1811 mortalia
1545 1786 1703 1822 peccata,
1731 1788 1763 1815 et
1780 1781 1868 1815 iram
1886 1781 1953 1816 Dei
1972 1796 2010 1817 ac
2028 1797 2160 1830 poenas

1161 1835 1320 1861 aeternas
1343 1836 1543 1870 merentur,
1574 1831 1632 1863 sed
1658 1831 1726 1876 piis
1753 1834 2023 1877 condonantur,
2052 1838 2079 1870 si
2106 1845 2159 1872 ta-

1161 1891 1259 1920 men,
1294 1886 1333 1913 ut
1365 1891 1470 1924 supra
1498 1881 1651 1923 dictum,
1684 1894 1757 1916 non
1782 1891 2017 1921 contemnunt
2044 1890 2158 1923 securi

1161 1930 1334 1964 iudicium
1358 1931 1444 1971 Dei,
1479 1944 1544 1966 nec
1569 1939 1651 1966 sunt
1677 1940 1715 1967 ut
1739 1933 1871 1969 Paulus
1898 1937 1966 1977 ait,
1994 1937 2158 1988 ἀπῃλγκ-

1158 1978 1281 2026 mirac,
1317 1979 1384 2015 hoc
1409 1990 1475 2023 est,
1510 1983 1585 2016 sine
1610 1985 1733 2018 dolore
1757 1993 1790 2020 et
1815 1999 1961 2031 pavore,
1990 1992 2047 2023 sed
2077 1975 2157 2025 vere

1159 2039 1411 2077 expavescunt,
1440 2041 1473 2068 et
1495 2046 1568 2068 non
1593 2036 1708 2069 solum
1732 2037 1882 2072 viciosos
1904 2039 2067 2083 affectus,
2095 2046 2155 2076 sed

1160 2085 1264 2119 etiam
1289 2085 1402 2130 ipsam
1418 2092 1566 2120 naturae
1582 2087 1842 2130 infirmitatem,
1871 2100 2066 2134 agnoscunt
2083 2106 2156 2127 esse

1158 2148 1195 2169 re
1220 2136 1293 2181 ipsa
1316 2144 1476 2181 peccata,
1510 2150 1550 2171 ac
1575 2150 1697 2172 rursus
1723 2139 1760 2172 in
1785 2137 1840 2174 his
1864 2143 2058 2186 pavoribus
2084 2146 2155 2178 eri-

1159 2194 1247 2231 gunt
1268 2199 1324 2228 se,
1357 2195 1391 2222 et
1413 2189 1563 2223 credunt
1587 2189 1654 2223 sibi
1678 2187 1762 2224 haec
1789 2199 1929 2234 peccata
1955 2196 2153 2230 condonari

1157 2245 1303 2283 propter
1333 2237 1514 2274 Christum
1547 2241 1840 2285 propiciatorem,
1890 2251 1922 2277 et
1953 2256 2153 2290 repugnant

1156 2291 1273 2335 pravis
1302 2291 1460 2326 motibus
1489 2303 1555 2324 nec
1586 2292 1843 2336 obtemperant.
1897 2294 1996 2330 Sicut
2022 2296 2150 2343 Ioseph

1155 2343 1374 2386 repugnabat
1406 2343 1569 2383 libidini,
1604 2344 1775 2387 expetitus
1799 2357 1816 2378 a
1840 2346 1988 2390 coniuge
2012 2349 2152 2383 domini

1155 2394 1227 2427 sui:
1264 2393 1312 2426 ita
1333 2400 1416 2427 sunt
1438 2394 1565 2427 delicta
1590 2395 1763 2435 venialia,
1791 2396 1825 2428 id
1851 2404 1920 2438 est,
1949 2400 2148 2435 condonata

1154 2445 1191 2477 in
1223 2443 1369 2487 sanctis,
1406 2452 1438 2478 et
1467 2452 1611 2479 manent
1638 2445 1743 2479 simul
1770 2447 1924 2491 Spiritus
1947 2457 2088 2486 sanctus
2114 2460 2148 2488 et

1153 2496 1249 2529 fides.

1256 2554 1326 2589 Sed
1357 2555 1520 2589 mortalia
1547 2555 1655 2595 fiunt,
1690 2567 1768 2588 cum
1795 2556 1937 2592 viciosis
1962 2561 2145 2598 affectibus

1153 2608 1400 2651 obtemperant
1426 2613 1549 2640 contra
1575 2606 1838 2642 conscientiam.
1898 2608 1952 2644 Ac
1975 2613 2144 2649 dicuntur

1153 2657 1336 2700 mortalia,
1372 2657 1454 2703 quia
1479 2664 1624 2703 propter
1646 2654 1731 2691 haec
1754 2660 1966 2695 amittuntur
1987 2663 2143 2708 Spiritus

1153 2716 1294 2744 sanctus
1324 2715 1359 2743 et
1390 2709 1495 2752 fides,
1531 2716 1563 2744 et
1585 2715 1696 2743 ruunt
1719 2707 1880 2746 homines
1902 2713 1941 2746 in
1962 2721 2141 2751 aeternam

1587 2761 1636 2797 85
