2379 2948
209 100 303 135 1415

208 186 288 221 coli,
315 182 378 216 hac
398 182 638 219 invocatione,
667 192 706 212 ac
725 179 894 223 petitione
912 184 944 210 et
960 177 1198 221 expectatione

209 235 341 269 auxilii.
410 233 491 267 Ideo
536 232 636 265 toties
678 230 871 273 ingeminat
913 228 1033 261 eadem
1077 228 1199 260 verba:

211 284 296 330 Ego
318 295 439 318 servus
465 288 569 323 Inus,
600 285 630 314 et
650 278 759 325 filius
777 277 939 313 ancillae
956 282 1059 317 luae,
1086 279 1120 311 id
1140 285 1200 316 est,

210 348 348 376 servus,
376 348 434 368 seu
453 335 544 366 filins
562 340 639 366 tuae
656 331 849 369 Ecclesiae,
880 331 1036 364 desertus
1054 342 1071 362 a
1092 341 1196 362 mun-

213 389 276 423 do,
303 386 478 418 sustinens
503 394 711 422 aerumnam,
735 382 772 415 in
797 382 926 427 quibus
949 382 977 414 si
1002 378 1198 424 triumpha-

214 440 299 469 bunt
317 434 434 468 hostes
451 435 522 475 tui,
549 434 717 467 delebunt
737 440 836 467 tuum
858 434 1005 467 verbum
1031 439 1063 465 et
1089 443 1201 475 popu-

215 489 296 522 lum.
356 486 533 520 Desendas
570 485 677 527 igitur
712 496 851 517 servum
889 491 1009 521 tuum,
1060 488 1204 526 propter

216 546 309 571 tuam
328 538 496 581 gloriam,
524 536 620 570 iuxta
645 542 722 568 tuas
740 535 1001 579 promissiones.

266 618 461 666 Dirupisti
480 616 626 651 vincula
643 628 734 650 mea.

318 685 399 729 Agit
416 685 542 728 gratias
561 696 623 728 pro
643 685 724 717 dato
742 683 928 723 beneficio,
954 690 985 716 et
1013 682 1120 716 simul
1146 693 1204 725 pe-

219 739 259 771 tit
286 737 533 770 liberationem
558 735 595 767 in
623 735 752 768 suturis
770 734 946 777 periculis.
999 733 1093 767 Sunt
1110 732 1204 765 enim

221 795 385 833 perpetua
404 787 577 831 pericula,
604 792 637 819 et
656 784 805 818 Ebraica
822 782 959 831 phrasis
983 791 1061 827 apta
1090 791 1139 817 est
1163 784 1206 817 ad

221 839 485 880 significandam
510 835 599 869 hanc
620 835 903 869 continuitatem.
957 834 1014 868 Tu
1034 835 1094 880 qni
1115 835 1207 868 soles

222 891 391 931 liberare,
420 889 522 921 etiam
542 893 661 931 postea
678 898 733 919 me
749 886 886 929 eripies.

321 939 473 972 Vincula
496 944 611 971 autem
639 944 757 977 vocat,
793 936 910 970 omnis
948 936 1084 978 generis
1116 935 1208 980 peri-

222 993 318 1029 cula,
355 997 389 1023 et
419 987 564 1023 insidias
598 987 751 1028 diaboli,
790 987 851 1032 qui
886 998 959 1020 non
988 994 1125 1020 tantum
1161 987 1208 1020 ita

222 1048 415 1086 grassatur,
442 1046 482 1073 ut
503 1047 671 1085 tyrannos
695 1039 853 1082 impellat
880 1038 922 1071 ad
948 1037 1210 1071 interficiendos

224 1094 318 1137 pios,
353 1092 413 1124 sed
438 1091 551 1124 multo
583 1089 692 1132 magis
725 1096 874 1122 conatur
904 1089 1211 1134 qualibuscunque

224 1143 420 1180 fraudibus,
437 1142 674 1187 qualicunque
684 1138 873 1184 sophistica
884 1140 1081 1173 doctrinam
1100 1140 1210 1183 ipsam

225 1195 407 1228 coelestem
441 1194 601 1226 obruere.
656 1191 728 1224 Nec
756 1197 901 1235 possunt
922 1187 960 1223 hi
983 1191 1098 1236 laquei
1124 1203 1212 1224 enu-

227 1245 370 1278 merari:
398 1245 457 1278 sed
483 1243 560 1287 pios
583 1243 620 1275 in
648 1242 732 1286 ipsis
757 1242 911 1285 negociis
932 1248 1071 1285 oportet
1094 1242 1213 1275 inten-

226 1304 279 1330 tos
297 1307 388 1333 esse,
415 1295 504 1328 sicut
519 1292 678 1328 Christus
695 1293 791 1326 iubet
808 1294 1000 1337 prudentes
1018 1305 1109 1332 esse,
1137 1293 1213 1327 sine

228 1347 418 1391 cupiditate
444 1345 611 1378 nocendi:
646 1342 768 1377 Estote
798 1345 990 1388 prudentes
1018 1344 1108 1377 sicut
1139 1355 1212 1377 ser-

229 1405 349 1442 pentes
361 1424 369 1438 ,
397 1403 430 1430 et
447 1396 622 1440 simplices
641 1396 733 1428 sicut
748 1395 945 1428 columbae.

278 1497 369 1532 Tibi
383 1494 600 1540 sacrificabo
618 1492 838 1539 sacrificium
864 1492 1010 1533 laudis,
1039 1498 1070 1527 el
1086 1506 1214 1528 nomen

333 1547 495 1581 Domini
512 1545 698 1581 invocabo,

282 1615 381 1650 Vola
415 1626 494 1647 mea
518 1612 684 1646 Domino
708 1609 859 1646 reddam
883 1623 1004 1644 coram
1030 1611 1217 1657 omnipo-

329 1665 418 1713 pulo
437 1665 511 1698 eius
523 1692 532 1706 ,
560 1665 599 1697 in
615 1662 725 1697 atriis
743 1660 873 1696 domus
888 1660 1067 1701 Domini,
1097 1666 1158 1697 etc.

330 1748 507 1782 Posterior
541 1747 712 1791 particula
744 1746 935 1789 expositive
964 1745 1147 1786 adiicitur,
1178 1751 1218 1778 ut

231 1812 331 1844 saepe
348 1800 384 1833 fit
402 1800 439 1832 in
459 1798 618 1833 Psalmis.
655 1793 882 1840 Sacrificabo
895 1793 1116 1841 sacrificinm
1134 1794 1218 1829 lau-

235 1849 303 1889 dis,
330 1854 410 1883 rota
431 1847 599 1883 reddam:
628 1849 663 1881 id
682 1860 763 1881 vero
782 1854 831 1881 est
844 1860 976 1881 nomen
996 1846 1143 1881 Domini
1163 1847 1218 1879 in-

235 1913 369 1936 vocare,
406 1900 550 1945 Repetit
568 1905 834 1943 argumentum,
864 1899 957 1944 quod
978 1899 1080 1932 toties
1102 1898 1217 1931 incul-

235 1960 287 1986 cat
313 1954 356 1985 de
379 1964 440 1985 sua
465 1951 689 1994 gratitudine.
741 1950 803 1982 Ait
834 1961 869 1982 se
892 1950 1115 1983 redditurum
1143 1947 1218 1982 Deo

234 2004 412 2048 quoddam
444 2003 619 2039 officium,
661 2013 730 2045 quo
767 2001 921 2033 ostendit
955 2000 1220 2043 gratitudinem.

233 2054 272 2087 ld
297 2060 397 2087 vocat
423 2053 628 2086 sacrificium
652 2051 787 2091 laudis,
813 2058 851 2084 ut
876 2063 977 2095 saepe
999 2051 1102 2092 alias,
1123 2051 1218 2096 quod

235 2104 480 2148 complectitur
502 2102 588 2136 haec
616 2102 753 2139 omnia,
782 2102 944 2135 videlicet
965 2102 1088 2140 fidem,
1116 2102 1219 2135 invo-

236 2156 426 2193 cationem,
463 2155 654 2198 gratiarum
677 2152 869 2193 actionem,
904 2153 1158 2186 consessionem
1187 2159 1219 2186 et

237 2206 533 2250 praedicationem
553 2217 654 2238 verae
673 2204 854 2237 doctrinae
870 2204 966 2237 iuxta
984 2204 1220 2244 vocationem,

237 2257 472 2290 obedientiam
496 2257 532 2289 in
557 2255 827 2293 afflictionibus,
852 2267 941 2300 quae
965 2255 1219 2288 confessionem

237 2315 445 2355 sequuntur,
472 2307 689 2351 diligentiam
708 2306 856 2339 cavendi
882 2306 1061 2343 scandala,
1095 2317 1139 2338 ne
1156 2307 1220 2339 do-

236 2360 346 2392 ctrina
364 2365 508 2403 propter
522 2370 586 2391 nos
602 2358 693 2390 male
708 2357 839 2390 audiat.

340 2409 421 2442 Ideo
455 2410 491 2442 in
522 2410 631 2443 altero
663 2420 766 2442 versu
789 2407 901 2441 addit:
936 2403 1110 2440 Reddam
1138 2410 1219 2439 vota

240 2471 359 2493 soram
383 2460 484 2493 omni
506 2458 643 2507 populo
667 2458 753 2493 eius.
817 2458 922 2492 Item:
951 2456 1001 2491 In
1022 2457 1131 2491 atriis
1157 2455 1219 2491 do-

240 2522 318 2543 mus
337 2509 513 2550 Domini,
543 2511 581 2544 in
607 2508 724 2544 medio
746 2508 963 2544 Ierusalem.
1004 2508 1142 2543 Horum
1167 2521 1221 2542 sa-

241 2562 451 2594 crificiorum
475 2569 508 2595 et
533 2560 639 2596 huius
664 2561 888 2595 obedientiae
912 2561 992 2593 finis
1008 2561 1069 2602 sit,
1096 2559 1221 2601 urEc-

240 2613 342 2645 clesia
357 2613 599 2653 confirmetur,
626 2620 665 2647 ut
680 2613 823 2657 plurimi
841 2612 1038 2646 invitentur
1053 2613 1095 2644 ad
1112 2623 1221 2654 agno-

240 2664 407 2696 scendum
425 2663 569 2696 verbum
588 2663 673 2705 Dei,
693 2665 735 2697 ad
754 2663 917 2697 timorem
936 2661 1022 2704 Dei,
1040 2664 1082 2696 ad
1103 2674 1219 2695 veram

803 92 927 127 PtltL.
959 90 1072 126 MEL.
1097 88 1306 126 SCRlPTA
1334 85 1637 122 EXEGETICA.

2144 89 2240 124 1416

1250 175 1375 212 fidem,
1403 184 1476 206 non
1496 173 1741 206 deterreantur
1760 173 1946 213 scandalis,
1974 185 2047 207 non
2068 175 2241 208 seducan-

1250 232 1308 259 tur
1333 223 1616 258 dissimulatione
1636 235 1738 257 verae
1761 224 1964 259 sententiae.
2024 223 2092 258 Hic
2116 236 2242 270 scopus

1250 276 1296 310 sit
1311 275 1511 320 propositus
1529 274 1597 318 piis
1616 274 1653 307 in
1670 275 1888 308 confessione
1904 282 1936 309 et
1954 275 2147 316 omnivita
2174 276 2242 309 sic-

1250 333 1289 360 ut
1311 324 1473 360 Christus
1498 325 1632 370 inquit:
1660 324 1792 359 Luceat
1818 326 1879 360 lux
1903 331 2018 359 vestra
2044 337 2161 359 coram
2178 323 2239 359 ho-

1253 377 1429 417 minibus,
1455 382 1493 410 ut
1511 376 1726 420 glorificetur
1745 383 1843 421 pater
1859 383 1973 410 vester
1996 376 2168 412 coelestis.

1356 435 1404 470 Ut
1428 441 1544 469 autem
1571 446 1673 479 saepe
1699 435 1784 468 alias
1801 431 1980 479 Propheta
2006 434 2174 469 discernit
2190 447 2245 469 sa

1254 486 1383 520 crificia
1407 498 1427 519 a
1444 486 1672 529 ceremoniis,
1700 493 1732 520 et
1755 492 1849 519 taxat
1875 483 2141 530 hypocritarum
2166 486 2245 530 opi-

1255 538 1399 571 nionem
1422 537 1465 569 de
1489 537 1687 577 sacrificiis,
1714 536 1762 571 ita
1791 543 1824 570 et
1846 537 1882 569 in
1908 535 1974 570 hoc
1992 537 2165 570 versiculo
2181 548 2246 570 an-

1256 586 1393 622 tithesis
1419 587 1605 630 cogitanda
1632 593 1692 622 est.
1753 586 1987 628 Sacrificabo,
2014 587 2147 633 inquit,
2174 599 2247 622 non

1257 639 1468 672 mactatione
1486 638 1660 682 pecudum
1674 664 1683 678 ,
1701 638 1761 670 sed
1781 638 1950 672 sacrificio
1968 638 2096 674 laudis.
2149 637 2248 673 Sicut

1256 687 1420 724 Christus
1449 689 1582 734 inquit:
1611 687 1699 721 Veri
1727 688 1928 722 adoratores
1956 690 2156 723 adorabunt
2185 701 2249 734 pa-

1257 747 1346 774 trem
1364 741 1401 772 in
1420 739 1562 784 Spiritu
1578 745 1613 773 et
1630 738 1788 773 veritate.
1823 738 1978 784 Spiritu,
2003 741 2039 774 id
2056 746 2127 781 est,
2143 740 2250 774 moti-

1257 792 1323 825 bus
1347 790 1591 835 spiritualibus
1616 789 1744 824 cordis.
1798 788 1972 831 veritate,
1998 791 2034 824 id
2057 797 2126 830 est,
2153 791 2250 825 iuxta

1258 842 1406 875 verbum
1422 840 1512 882 Dei,
1541 853 1615 874 non
1631 840 1883 874 commentitiis
1899 841 2052 875 cultibus
2073 848 2106 875 et
2124 840 2250 875 -

1258 889 1488 939 .
1532 891 1601 926 Sed
1621 892 1851 935 praestabunt
1878 892 2068 931 sacrificia,
2094 892 2250 926 motibus

1260 943 1393 985 cordis,
1419 954 1508 988 quae
1529 943 1676 976 verbum
1694 941 1760 975 Dei
1778 942 1927 987 requirit
1942 949 1974 976 et
1990 943 2174 987 adprobat.

1362 1001 1511 1036 Prodest
1534 1008 1650 1035 autem
1671 1001 1793 1034 multis
1814 1002 1857 1034 de
1883 1001 1995 1035 causis
2017 1008 2110 1036 recte
2132 1008 2252 1035 tenere

1260 1060 1370 1089 totam
1389 1052 1641 1086 sacrificiorum
1659 1052 1953 1097 descriptionem,
1980 1054 2061 1097 quia
2081 1053 2179 1086 nulla
2202 1059 2252 1086 est

1261 1104 1374 1138 maior
1405 1104 1482 1137 laus
1513 1115 1680 1148 operum,
1713 1115 1819 1147 quam
1843 1115 1922 1136 cum
1946 1110 2120 1137 vocantur
2145 1103 2253 1137 sacri-

1262 1155 1338 1188 ficia
1350 1182 1357 1196 ,
1385 1155 1484 1188 nulla
1502 1154 1615 1187 maior
1630 1153 1706 1186 laus
1723 1151 1930 1195 hominum,
1957 1166 2063 1199 quam
2080 1155 2175 1200 quod
2192 1165 2252 1188 su-

1262 1217 1340 1240 mus
1364 1204 1432 1239 Dei
1456 1205 1670 1245 sacerdotes,
1699 1211 1733 1238 et
1755 1205 1851 1250 quod
1876 1204 2030 1238 dicimur
2044 1203 2120 1238 Deo
2144 1205 2253 1238 sacri-

1263 1257 1385 1295 ficare,
1420 1256 1519 1290 nulla
1545 1255 1659 1288 maior
1684 1255 1879 1289 consolatio
1907 1256 1944 1288 in
1968 1256 2136 1290 omnibus
2160 1255 2254 1289 affli-

1265 1307 1462 1348 ctionibus,
1488 1307 1527 1339 in
1547 1312 1621 1340 tota
1640 1306 1731 1349 vita,
1758 1318 1863 1352 quam
1889 1307 1984 1352 quod
2007 1318 2129 1340 omnes
2152 1318 2255 1340 aeru-

1265 1370 1368 1391 mnae
1393 1364 1534 1391 nostrae
1559 1363 1735 1390 ornantur
1765 1369 1783 1389 a
1807 1357 1887 1390 Deo
1915 1355 1979 1390 hac
2003 1358 2125 1399 laude,
2158 1357 2254 1402 quod

1266 1409 1337 1442 sint
1353 1408 1531 1442 sacrificia.
1585 1406 1669 1439 Ideo
1695 1407 1822 1440 addam
1849 1407 2122 1451 descriptionem
2144 1414 2177 1441 et
2200 1407 2255 1441 di-

1267 1459 1491 1493 stinctionem
1506 1457 1770 1492 sacrificiorum.

1367 1516 1513 1551 Certum
1544 1522 1593 1548 est
1623 1515 1777 1559 duplicia
1807 1527 1913 1560 opera
1938 1517 2104 1550 mandata
2136 1528 2208 1550 esse
2236 1529 2256 1551 a

1269 1570 1359 1604 Deo.
1412 1567 1492 1600 Alia
1509 1573 1591 1599 sunt
1608 1566 1707 1609 signa
1727 1566 1846 1599 addita
1865 1567 2179 1611 promissionibus,
2195 1580 2257 1613 per

1269 1631 1357 1664 quae
1373 1619 1449 1652 vult
1464 1629 1563 1651 suam
1581 1617 1801 1650 voluntatem
1829 1628 1909 1660 erga
1934 1630 1999 1651 nos
2024 1619 2184 1661 agnosci,
2213 1626 2258 1661 et,

1269 1677 1308 1704 ut
1330 1681 1442 1703 crasse
1465 1669 1643 1708 dicamus,
1677 1667 1813 1712 aliquid
1839 1669 1943 1702 nobis
1977 1669 2110 1712 largiri.
2162 1668 2258 1703 Haec

1270 1728 1442 1754 vocantur
1468 1719 1714 1757 Sacramenta,
1749 1725 1789 1752 ut
1823 1718 1860 1751 in
1895 1732 1989 1753 novo
2017 1719 2258 1761 Testamento

1268 1771 1470 1816 Baptismus
1487 1777 1538 1804 est
1552 1780 1640 1814 opus
1655 1769 1828 1803 divinitus
1846 1771 2061 1812 ordinatum,
2085 1783 2146 1815 per
2162 1772 2258 1817 quod

1270 1835 1334 1856 nos
1355 1822 1451 1855 Deus
1473 1821 1616 1865 recipit,
1643 1827 1675 1854 et
1700 1821 1776 1854 vult
1796 1820 1834 1853 id
1859 1833 1948 1865 opus
1972 1822 2076 1855 nobis
2099 1822 2259 1856 testimo-

1270 1874 1370 1907 nium
1398 1885 1490 1913 esse,
1516 1872 1611 1917 quod
1636 1877 1781 1905 testetur
1801 1883 1868 1905 nos
1903 1872 1941 1904 in
1964 1873 2111 1916 gratiam
2136 1873 2258 1917 recipi,

1270 1931 1303 1958 et
1317 1924 1503 1957 salvandos
1524 1934 1607 1955 esse.
1661 1921 1738 1955 Hoc
1762 1934 1850 1966 opus
1873 1929 1923 1956 est
1946 1929 2029 1956 nota
2052 1923 2258 1967 promissio-

1270 1975 1336 2015 nis,
1364 1981 1397 2008 et
1414 1975 1538 2007 amissa
1558 1973 1791 2017 promissione
1811 1980 1860 2007 est
1876 1973 2017 2007 irritum
2036 1980 2070 2007 et
2088 1974 2193 2006 inane
2211 1974 2259 2007 si

1270 2038 1390 2070 gnum.
1444 2024 1491 2059 Ut
1508 2024 1628 2058 Iudaei
1644 2030 1705 2057 aut
1721 2023 1830 2056 Turci
1849 2024 2003 2057 retinent
2019 2024 2260 2058 circumcisio-

1270 2089 1351 2110 nem
1370 2077 1445 2110 sine
1461 2075 1713 2120 promissione:
1742 2074 1777 2106 id
1795 2086 1882 2118 opus
1899 2087 1972 2108 non
1990 2081 2039 2108 est
2049 2074 2258 2109 Sacramen-

1271 2135 1363 2167 tum,
1406 2127 1466 2160 sed
1497 2126 1753 2171 spectacplum
1793 2126 1886 2169 quod
1912 2125 2008 2159 Deus
2041 2133 2256 2170 aspernatur.

1271 2178 1391 2221 Quare
1407 2177 1650 2222 principaliter
1668 2177 1704 2208 in
1723 2174 1905 2219 Baptismo
1922 2183 1954 2210 et
1973 2175 2089 2211 Coena
2108 2177 2259 2211 Domini

1271 2230 1402 2264 intueri
1421 2228 1693 2273 promissionem
1711 2227 1893 2261 debemus.

1527 2328 1608 2364 De
1641 2326 1991 2374 Sacrificio.

1374 2406 1591 2441 Sacrificium
1613 2418 1695 2440 vero
1721 2413 1770 2440 est
1794 2417 1882 2449 opus
1906 2417 1923 2438 a
1946 2404 2021 2438 Deo
2044 2406 2260 2449 mandatum,

1272 2459 1367 2503 quod
1384 2469 1449 2491 nos
1466 2457 1539 2491 Deo
1557 2458 1760 2498 reddimus,
1788 2463 1827 2490 ut
1844 2457 1958 2501 ipsum
1976 2453 2113 2489 honore
2130 2456 2259 2490 afficia-

1273 2520 1370 2548 mus,
1405 2506 1472 2541 hoc
1497 2515 1564 2549 est,
1600 2516 1638 2543 ut
1674 2515 1840 2542 testemur
1872 2505 1966 2540 hunc
1989 2505 2121 2548 Deum,
2154 2519 2259 2552 quem

1272 2571 1337 2593 nos
1373 2560 1598 2604 invocamus,
1642 2571 1722 2593 vere
1758 2571 1830 2592 esse
1865 2558 1996 2595 Deum,
2040 2557 2260 2593 conditorem

1274 2611 1434 2643 omnium
1451 2622 1588 2651 rerum,
1617 2617 1650 2644 et
1666 2610 1913 2654 recipientem,
1940 2608 2199 2649 exaudientem,
2227 2617 2260 2644 et

1275 2662 1466 2695 salvantem
1496 2673 1578 2703 nos,
1612 2673 1650 2695 ac
1684 2662 1811 2695 debere
1838 2660 1870 2693 ei
1896 2657 1986 2693 hane
2010 2659 2260 2702 obedientiam,
