2379 2948
743 93 810 130 ΙΙΙ.

270 181 340 216 Sed
368 181 451 227 quia
474 181 647 226 posterior
668 187 761 214 aetas
786 178 955 224 comperit
982 184 1153 221 punctum

168 233 292 278 apogei
320 245 395 266 non
425 245 497 266 uno
528 233 605 266 loco
639 231 850 271 consistere,
894 229 954 261 sed
988 230 1153 272 progredi

167 284 218 323 εἷς
240 281 286 318 τὰ
311 281 472 329 ἑπόμενα
493 282 690 317 tardissimo
716 287 833 319 motu,
875 280 924 312 sic
948 286 987 313 ut
1011 287 1150 313 centum

164 335 238 368 fere
260 336 383 376 annis,
421 346 531 368 unum
553 333 702 376 gradum
725 332 901 375 procedat.
962 329 1038 363 Hos
1062 332 1151 364 duos

167 386 269 419 orbes
288 386 390 419 etiam
416 391 557 418 octavae
576 380 744 427 sphaerae
762 389 860 416 motu
880 378 974 415 trahi
989 381 1153 414 animad-

166 448 306 470 versum
325 444 391 477 est,
419 435 480 480 qui
497 441 614 467 tamen
640 433 835 467 eccentrico
857 433 1053 466 circundati
1078 433 1152 465 effi-

165 488 282 528 ciunt,
314 493 352 520 ut
382 492 495 519 totum
520 484 613 518 Solis
641 485 863 518 domicilium
887 483 1151 518 concentricum

163 551 180 572 a
198 540 311 584 primo
329 536 455 569 mobili
470 535 660 579 circumagi
678 535 797 580 possit.

266 588 318 621 Ac
346 593 465 620 nostra
496 599 617 619 recens
649 583 742 620 aetas
775 586 948 630 comperit
979 597 1150 630 apogeum

164 638 370 685 processisse
396 649 508 683 usque
539 637 577 670 in
606 639 802 671 secundum
837 638 984 681 gradum
1010 636 1152 677 Cancri,

162 689 379 734 Copernicus
415 689 571 723 ostendit
605 689 641 722 id
664 689 843 723 transiisse
872 688 894 721 6
922 689 1068 731 gradus⁷
1102 687 1151 721 24

160 741 297 774 minuta
313 739 449 774 Cancri.

262 789 316 824 Ex
333 788 388 824 his
406 791 713 825 observationibus
730 796 866 823 constat
882 797 913 824 et
936 790 1149 834 peculiarem

160 848 298 876 motum
316 854 388 876 esse
404 843 545 876 orbium
565 844 736 882 duorum,
764 843 807 874 de
825 841 954 886 quibus
976 853 1071 874 nunc
1095 841 1151 873 di-

160 894 290 935 cimus,
318 901 351 927 et
368 894 524 927 diversas
541 894 652 927 lineas
668 905 758 933 esse,
786 893 914 925 lineam
932 891 1090 936 Apogei,
1117 898 1150 925 et

158 945 290 978 lineam
306 944 521 979 indicantem
539 945 745 979 solsticium.
800 943 890 977 Nam
916 943 1009 976 linea
1032 942 1150 977 solsti-

159 996 254 1030 cium
270 996 449 1037 indicans‚
474 997 596 1030 educta
614 1009 654 1029 ex
670 1002 790 1029 centro
808 994 933 1027 mundi
954 995 998 1027 ad
1016 994 1150 1038 princi-

157 1047 256 1092 pium
275 1045 401 1080 Cancri
424 1047 531 1090 prImi
549 1048 692 1081 mobilis
708 1047 862 1091 quodam
879 1046 985 1078 modo
1003 1046 1069 1078 fixa
1087 1052 1149 1086 est,

156 1106 191 1132 et
208 1098 362 1132 ostendit
377 1099 603 1132 altitudinem
619 1098 808 1132 maximam
826 1096 920 1130 Solis
933 1123 940 1137 ‚
962 1108 1068 1142 quam
1084 1093 1149 1129 113-

157 1150 215 1183 bet
233 1155 392 1193 respectu
408 1150 584 1183 verticalis
605 1149 746 1194 puncti,
775 1148 835 1193 qui
853 1154 903 1181 est
920 1148 1022 1192 polus
1050 1145 1149 1180 hori-

157 1200 290 1241 zontis,
321 1212 394 1234 non
415 1212 521 1246 quam
545 1201 697 1246 acquirit
716 1198 779 1233 Sol
804 1199 958 1232 elevatus
982 1210 1001 1232 a
1027 1205 1147 1231 centro

154 1258 280 1287 terrae.

258 1299 380 1342 Longe
398 1302 507 1341 igitur
522 1302 621 1331 uliud
645 1308 714 1341 est,
741 1299 860 1334 Solem
879 1300 916 1332 in
933 1311 996 1333 suo
1025 1312 1147 1334 eccen-

155 1352 244 1386 trico
265 1350 398 1383 circulo
417 1349 628 1383 altissimum
646 1360 738 1388 esse,
766 1358 799 1381 et
817 1351 853 1379 in
873 1348 1058 1385 horizonte
1081 1364 1147 1384 no-

156 1410 227 1437 stro
245 1402 283 1434 in
300 1400 449 1433 meridie
465 1400 675 1434 altissimum
695 1398 861 1442 conspici,
887 1396 955 1431 hoc
974 1405 1036 1437 est,
1065 1411 1147 1442 pro-

156 1454 250 1487 xime
275 1452 319 1485 ad
341 1452 507 1485 verticem
533 1457 694 1484 nostrum
722 1450 896 1485 accedere.
948 1448 1038 1482 Nam
1061 1448 1146 1483 haec

156 1504 308 1538 altitudo
341 1503 540 1536 solsticialis
570 1502 607 1534 in
632 1501 857 1534 meridinano
883 1500 1014 1534 circulo
1040 1501 1147 1546 primi

156 1554 301 1588 mobilis
327 1554 562 1594 considerata,
595 1552 714 1587 Solem
740 1551 845 1585 nobis
869 1551 1070 1595 propiorem
1095 1553 1146 1585 sa-

156 1606 213 1641 cit.
267 1604 345 1638 Hoc
361 1612 431 1646 est,
462 1606 543 1650 quia
563 1603 710 1648 propius
730 1604 772 1636 ad
794 1603 960 1636 verticem
986 1611 1145 1637 nostrum

155 1656 312 1695 accedit,
349 1657 515 1691 rectiores
536 1656 574 1688 in
598 1652 819 1688 horizontem
843 1660 1003 1687 nostrum
1030 1655 1147 1687 radios

158 1707 308 1752 spargit,
336 1707 398 1752 qui
424 1708 556 1741 reflexu
574 1706 699 1739 fortius
717 1706 873 1746 densati,
900 1705 1074 1738 efficacius
1090 1718 1147 1739 ca—

155 1758 335 1792 lefaciuut.

259 1807 355 1841 Haec
377 1807 527 1841 altitudo
554 1814 728 1841 certarum
761 1807 915 1851 partium
951 1813 1063 1840 terrae
1086 1815 1146 1846 est,

156 1873 229 1894 non
246 1860 441 1893 universae.
496 1858 585 1891 Nam
604 1860 688 1891 dum
704 1864 826 1891 nostro
844 1858 964 1891 vertici
982 1857 1044 1891 Sol
1065 1870 1146 1902 pro-

156 1912 236 1957 pior
254 1918 322 1950 est‚
351 1910 492 1943 videtur
506 1910 720 1943 australibus
740 1909 920 1944 remotior.

259 1961 324 1995 Illa
342 1973 425 1994 vero
444 1961 594 1994 altitudo
619 1961 657 1993 iu
682 1960 875 1993 eccentrico
899 1959 993 1993 Solis
1018 1973 1147 2004 corpus

157 2014 201 2047 ab
217 2013 381 2046 universa
399 2019 488 2045 terra
508 2012 612 2056 longe
628 2018 786 2045 removet
800 2018 904 2056 atque
916 2012 1056 2052 attollit,
1073 2024 1146 2045 non

156 2065 200 2097 ab
217 2076 287 2097 una
305 2064 423 2108 aliqua
440 2063 514 2096 eius
530 2070 643 2107 parte,
671 2075 709 2096 ac
728 2063 818 2095 vires
841 2063 914 2095 eius
940 2062 1146 2096 immodicas

156 2116 310 2156 suturas,
337 2127 411 2148 non
428 2112 520 2147 nihil
537 2114 708 2148 debilitat.
750 2112 869 2156 Quare
888 2120 921 2147 et
938 2125 1063 2157 corpus
1079 2113 1145 2147 So-

158 2166 200 2198 lis
218 2166 335 2199 minus
351 2166 492 2199 videtur
507 2166 543 2198 iu
561 2177 693 2210 apogeo
705 2193 713 2206 ‚
741 2177 846 2210 quam
864 2165 901 2197 in
920 2165 1072 2208 perigeo.

261 2215 492 2250 Intervallum
515 2223 652 2256 autem,
680 2217 775 2262 quod
802 2223 851 2249 est
874 2217 967 2249 inter
985 2223 1144 2249 centrum

158 2268 303 2308 mundi,
331 2274 364 2300 et
381 2274 539 2300 centrum
559 2268 742 2301 eccentrici
756 2295 764 2307 ‚
793 2274 939 2300 vocatur
956 2265 1145 2312 ἐκκεντρό-

156 2331 238 2363 της,
265 2316 369 2363 quam
386 2316 702 2361 'deprehenderunt
718 2316 947 2363 Hipparchus
972 2326 1004 2352 et
1026 2318 1145 2352 Ptole-

157 2382 277 2403 maeus
306 2368 518 2412 respondere
545 2369 817 2404 semidiametris
847 2376 959 2403 terrae
993 2368 1041 2403 48
1066 2383 1143 2404 curn

157 2420 217 2459 ²l5.
271 2419 418 2454 Constat
431 2426 546 2452 autem
569 2422 870 2455 semidiametrum
897 2428 1010 2454 terrae
1032 2422 1145 2455 conti-

159 2484 242 2505 nere
265 2471 434 2504 milliaria
459 2469 532 2503 860
558 2471 640 2506 fere.
694 2471 814 2515 Quare
846 2471 908 2506 Sol
941 2473 979 2504 in
1011 2485 1143 2518 apogeo

160 2523 265 2556 distat
279 2523 382 2556 altius
399 2533 416 2554 a
434 2529 544 2562 terra,
571 2534 674 2567 quam
690 2523 728 2555 in
746 2523 885 2567 perigeo
897 2551 905 2564 ‚
933 2524 1145 2558 milliaribus

160 2574 370 2616 germanicis
386 2570 525 2607 41624.

261 2622 341 2656 Non
358 2624 465 2667 igitur
481 2623 643 2665 exiguum
661 2623 885 2659 intervallum
902 2633 969 2667 est,
996 2639 1066 2672 quo
1085 2627 1147 2661 Sol

163 2675 201 2707 in
226 2680 354 2708 aestate
379 2675 483 2709 altius
514 2673 689 2707 attollitur
719 2686 823 2718 supra
856 2683 1005 2715 terram,
1041 2690 1145 2722 quam

211 2726 388 2758 Mummi.
419 2728 521 2759 Oriza.
551 2726 633 2757 Voz.
654 2726 750 2760 XIII.

168 96 240 131 241

865 90 1024 128 INITIA
1051 89 1348 128 DOCTRINAE
1375 93 1628 132 PHYSICAE.

2127 102 2202 137 242

1208 178 1298 212 circa
1322 179 1501 222 brumam,
1530 195 1608 216 cum
1635 194 1670 216 se
1693 183 1847 218 demittit
1864 191 1897 218 et
1913 186 2030 220 radios
2049 199 2088 220 ex
2105 189 2197 222 obli-

1205 241 1276 273 quo
1303 231 1451 274 spargit,
1486 239 1525 265 ut
1558 234 1676 267 lumen
1704 235 1847 280 quidem
1874 242 1987 281 terrae
2009 238 2198 282 impertiat,

1204 291 1243 313 ac
1263 291 1338 313 eam
1354 281 1488 322 foveat,
1516 285 1574 315 sed
1594 285 1795 328 languidius
1813 287 2002 322 calefaciat.

1305 338 1401 373 Haec
1422 338 1656 387 ἐκκεντρότης
1675 345 1792 379 minor
1809 358 1904 381 nunc
1919 354 1981 389 est,
2003 360 2108 394 quam
2127 351 2193 384 fuit

1202 389 1400 435 Hipparchi
1417 398 1451 425 et
1467 391 1662 425 Ptolemaei
1680 401 1846 439 tempore.
1901 398 2004 432 Nunc
2024 400 2118 433 enim
2138 413 2192 433 re-

1203 442 1353 487 spondet
1377 443 1646 476 semidiametris
1672 451 1782 478 terrae
1808 448 1950 490 triginta
1973 462 2051 491 sex,
2091 458 2123 485 ct
2142 452 2190 486 48

1204 492 1361 526 minutis.
1416 492 1528 537 Igitur
1552 495 1624 527 fere
1648 502 1769 539 quarta
1798 508 1877 540 pars
1901 500 2047 534 decessit
2070 502 2191 536 altitu-

1203 544 1279 577 dini
1297 543 1390 578 Solis
1406 544 1442 576 in
1467 545 1625 587 margine
1651 547 1855 587 eccentrici‚
1882 561 1969 593 quae
1994 564 2048 585 res
2072 554 2190 597 profe-

1203 602 1259 628 cto
1275 595 1510 629 admiratione
1532 596 1638 639 digna
1657 603 1717 630 est.
1770 596 1935 632 Dubitari
1954 601 2046 633 enim
2066 611 2190 646 potest,

1202 653 1324 680 utrum
1343 653 1489 691 propter
1511 654 1686 680 senectam
1713 649 1856 689 mundi,
1884 651 1984 694 quasi
2008 653 2191 688 delabatur

1203 697 1266 730 Sol
1282 698 1392 732 sactus
1410 698 1632 741 languidior,
1660 699 1828 742 paulatim
1851 708 1975 735 ruente
1992 710 2117 736 natura
2135 717 2190 738 re-

1202 760 1303 789 rum,
1331 760 1375 781 an
1401 761 1483 782 vero
1509 750 1545 782 in
1568 747 1631 782 bac
1657 757 1791 784 senecta
1818 758 1931 784 terrae
1956 760 2123 798 tanquam
2141 757 2191 788 es-

1201 799 1314 832 soetae
1332 811 1419 844 opus
1436 801 1480 834 sit
1499 801 1671 834 viciniore
1689 802 1804 845 positu
1822 801 1916 835 Solis
1933 816 2007 836 eam
2028 805 2190 841 foventis.

1201 849 1290 883 Nam
1315 849 1383 884 hoc
1404 858 1560 895 tempore
1585 851 1647 885 Sol
1673 859 1744 885 tam
1761 853 1960 887 solsticialis
1974 867 2080 900 quam
2105 857 2191 890 bru-

1202 902 1302 935 malis
1321 902 1466 946 propior
1482 910 1532 937 est
1550 904 1664 944 terris,
1690 916 1795 948 quam
1816 905 1882 938 fuit
1893 904 2086 940 Ptolemaei
2102 914 2190 942 tem-

1201 964 1299 996 pore,
1318 953 1530 986 milliaribus
1548 955 1759 997 germanicis
1772 968 1900 988 novem
1914 957 2084 998 millibus,
2100 971 2192 992 11011-

1204 1004 1319 1046 gentis
1346 1004 1565 1047 septuaginta
1592 1016 1659 1039 sex.
1712 1004 1790 1039 Hoc
1814 1012 1884 1047 est,
1911 1007 1982 1040 sere
2002 1008 2110 1041 sexies
2129 1009 2191 1042 Sol

1201 1061 1313 1088 terrae
1331 1055 1476 1099 propior
1494 1062 1562 1097 est,
1590 1068 1696 1100 quam
1713 1064 1845 1102 quanta
1872 1065 1922 1091 est
1944 1059 2052 1092 totius
2078 1067 2190 1093 terrae

1199 1106 1433 1150 profunditas,

1301 1156 1374 1190 Nec
1391 1157 1560 1190 miremur
1577 1155 1669 1192 hanc
1686 1166 1842 1192 nostram
1860 1160 2068 1194 inferiorem
2086 1169 2189 1195 natu-

1199 1219 1275 1240 ram
1302 1205 1489 1241 hominum
1518 1216 1552 1242 et
1575 1215 1749 1243 terrarum
1766 1222 1910 1253 magnas
1928 1209 2057 1245 habere
2075 1219 2190 1246 muta-

1199 1258 1333 1299 tiones,
1361 1271 1440 1292 cum
1458 1259 1562 1292 etiam
1581 1260 1617 1292 in
1638 1261 1698 1293 illa
1718 1262 1899 1304 superiore
1918 1262 2016 1295 firma
2034 1269 2067 1296 et
2084 1264 2190 1297 dura-

1199 1309 1265 1342 bili
1288 1316 1433 1352 natura,
1468 1311 1567 1355 quasi
1593 1312 1738 1345 rectrice
1763 1313 1844 1353 fati,
1884 1320 1954 1346 tam
1981 1314 2124 1347 evidens
2148 1315 2191 1347 sit

1198 1361 1359 1391 mutatio.

1587 1472 1645 1506 De
1676 1474 1796 1507 Luna.

1302 1538 1405 1571 Luna
1426 1538 1586 1572 infimum
1608 1539 1643 1571 in
1661 1541 1759 1573 coelo
1784 1542 1903 1574 lumen
1922 1550 1992 1583 est,
2020 1545 2114 1589 quod
2138 1552 2191 1580 to-

1198 1596 1273 1622 tum
1290 1588 1484 1623 Zodiacum
1502 1598 1662 1634 peragrat
1681 1591 1805 1625 diebus
1823 1592 1883 1634 27,
1904 1591 2001 1627 horis
2019 1595 2055 1636 7,
2071 1597 2191 1630 miuu-

1198 1640 1243 1674 tis
1258 1639 1319 1679 43,
1339 1641 1501 1674 secundis
1519 1641 1553 1674 7.

1302 1689 1436 1737 Estque
1459 1692 1615 1725 mirabili
1635 1693 1784 1726 consilio
1804 1694 1850 1727 ita
1870 1696 2052 1729 conditum
2067 1697 2190 1731 Lunae

1199 1754 1339 1787 corpt1S‚
1367 1749 1406 1776 ut
1422 1755 1500 1777 cum
1520 1743 1564 1776 sit
1581 1744 1750 1784 crassius,
1778 1745 1859 1788 quia
1879 1746 2031 1780 vicinius
2050 1755 2099 1781 est
2118 1749 2190 1781 ele-

1198 1794 1344 1832 mentis,
1379 1794 1471 1832 aeri,
1505 1806 1615 1838 aquae
1645 1801 1677 1827 et
1704 1801 1835 1835 terrae,
1869 1796 1983 1831 luceat
2012 1810 2087 1831 non
2115 1810 2190 1841 suo,

1199 1846 1257 1877 sed
1277 1845 1394 1878 alieno
1412 1845 1568 1885 lumine,
1595 1845 1759 1878 videlicet
1782 1847 1960 1889 perfusum
1987 1860 2004 1881 a
2023 1848 2123 1890 Sole,
2152 1863 2190 1884 ea

1198 1902 1313 1940 parte,
1341 1907 1409 1940 qua
1427 1895 1502 1929 Soli
1518 1896 1706 1929 obversum
1724 1903 1785 1931 est.
1826 1897 1879 1930 Ac
1895 1904 2033 1932 tantum
2055 1912 2092 1933 ea
2109 1913 2189 1945 pars

1199 1947 1316 1980 lucere
1335 1947 1507 1983 cernitur,
1535 1958 1624 1992 quae
1641 1946 1747 1979 simul
1764 1953 1796 1980 et
1812 1947 1887 1981 Soli
1905 1949 2051 1983 obversa
2067 1958 2128 1993 est,
2156 1960 2189 1986 et

1200 1997 1236 2029 in
1268 2004 1407 2030 nostros
1439 1998 1558 2030 oculos
1590 1997 1751 2033 incurrit.
1811 1997 1894 2033 Ideo
1922 2002 2189 2046 conspiciuntur

1199 2048 1415 2082 incrementa
1435 2055 1467 2081 et
1485 2050 1706 2082 decrementa
1724 2049 1810 2083 lucis
1827 2050 1864 2082 in
1879 2050 1993 2084 Luna.

1302 2107 1398 2140 Haec
1414 2108 1569 2141 mirabili
1595 2109 1743 2142 consilio
1760 2110 1828 2142 Dei
1845 2111 1996 2154 opifici5‚
2024 2111 2070 2144 ita
2092 2113 2188 2145 ordi-

1198 2166 1278 2192 nata
1305 2160 1493 2193 cernimus.
1549 2157 1594 2192 Et
1619 2162 1835 2203 respondent
1854 2161 1990 2205 aliquae
2007 2162 2042 2194 in
2062 2170 2186 2197 natura

1198 2211 1384 2251 inferiore,
1412 2210 1449 2242 in
1482 2218 1579 2248 aere,
1607 2211 1726 2255 aquis,
1755 2217 1865 2251 terra,
1893 2212 2022 2255 plantis
2050 2221 2084 2247 et
2107 2215 2186 2246 ani-

1198 2262 1377 2295 mantibus
1394 2262 1616 2302 effecfiones,
1637 2274 1676 2294 ac
1699 2259 1887 2295 humorum
1913 2263 2129 2298 incrementa
2154 2272 2187 2300 et

1199 2314 1421 2346 decrementa
1441 2312 1612 2356 insignia,
1638 2319 1677 2346 ut
1703 2310 1765 2345 bas
1790 2313 1881 2345 vices
1904 2314 1947 2345 ad
1972 2315 2186 2357 excitandos,

1198 2365 1363 2405 alendos,
1389 2364 1602 2398 minuendos
1620 2361 1784 2395 humores
1801 2363 1980 2398 institutas
2003 2377 2075 2398 esse
2097 2378 2185 2399 con-

1197 2422 1404 2449 sentaneum
1431 2416 1493 2452 sit,
1535 2421 1574 2447 ut
1606 2419 1725 2457 postea
1758 2415 1914 2458 exempla
1945 2417 2183 2453 recitabimus.

1197 2466 1300 2500 Prius
1319 2467 1413 2500 enim
1431 2467 1473 2499 de
1491 2466 1566 2509 ipso
1582 2464 1703 2497 Lunae
1719 2476 1866 2508 corpore
1881 2466 2070 2500 dicendum
2087 2475 2147 2502 est.

1299 2524 1373 2559 Res
1389 2524 1544 2558 ostendit
1566 2534 1638 2554 11011
1664 2523 1856 2557 transmitti
1880 2525 1999 2558 radios
2021 2538 2082 2570 per
2104 2539 2182 2561 cor-

1198 2588 1262 2621 pus
1278 2576 1410 2609 Lunae.
1464 2574 1552 2607 Nam
1571 2573 1608 2605 in
1624 2573 1891 2616 coniunctione,
1919 2588 1996 2610 cum
2014 2589 2093 2621 pars
2117 2578 2181 2611 ob—

1197 2639 1295 2660 versa
1315 2626 1407 2665 Soli,
1435 2622 1527 2657 haud
1549 2624 1656 2657 dubie
1670 2625 1804 2658 lumine
1824 2627 1961 2670 perfusa
1981 2627 2037 2666 sit,
2063 2635 2181 2664 tamen

1198 2689 1276 2722 pars
1291 2676 1401 2710 oculis
1418 2676 1546 2710 nostris
1564 2676 1711 2710 obversa
1727 2689 1799 2710 non
1814 2677 1917 2712 lucen

1627 2727 1673 2760 16
