2379 2948
230 96 273 130 15

231 178 334 213 diluit
357 175 447 209 hanc
471 173 713 208 obiectionem.
767 168 885 212 Inquit
905 166 999 199 enim
1026 165 1201 209 duplicem

232 241 302 262 csse
320 225 550 270 Ez'd‘eioe'lftco'.
591 222 746 256 Alteram
765 217 1037 257 substantialem,
1059 218 1201 249 alteram

233 277 489 312 accidentalem.
557 270 802 306 Substantialis
835 275 885 301 est
916 269 989 310 ipsa
1020 267 1098 300 talis
1133 266 1201 297 vita

234 330 282 362 rei
311 327 457 359 xixentis
484 337 542 357 seu
571 320 748 359 animalis,
776 330 862 363 quae
885 319 1036 351 actiones
1054 318 1138 353 ciet,
1165 321 1203 348 ut

234 380 262 412 si
298 379 446 413 diceret,
488 375 638 407 animam
671 381 741 403 esse
771 367 972 415 ἐνέργειαν,
1007 379 1066 400 scu
1092 367 1204 398 eslica-

235 431 335 462 ciam.
388 424 433 459 Et
458 431 632 466 utcunque
658 420 802 462 intelligi
825 426 953 462 potest,
982 418 1106 456 vitam,
1133 415 1205 457 agi-

235 480 400 513 tationem
417 485 485 507 esse
502 473 714 506 continuam.
767 471 832 503 Sed
857 470 890 502 in
909 468 1111 500 ‹lelinitionc
1128 477 1204 497 mo-

235 537 289 562 tus
313 523 507 568 ἓνδελέχεια
534 529 583 555 est
606 521 828 554 accidentalis
852 519 1014 561 agitatio,
1049 528 1136 561 quae
1154 526 1206 547 sc-

235 580 354 623 quitur
377 574 622 611 substantiam,
651 578 684 604 et
706 570 827 614 incipit
846 581 883 601 ac
899 568 1027 601 desinit
1046 572 1205 599 manente

233 626 442 662 substantia,
468 631 506 657 ut
525 629 638 656 motus
660 621 798 660 localis,
825 627 883 653 aut
905 618 1075 651 alteratio.
1127 615 1206 648 Dis-

235 677 345 711 cernit
376 674 578 707 Aristotcles
612 671 872 705 substantialem
898 665 1145 701 Endelechiam
1165 666 1207 697 al)

235 726 457 765 accidentali,
494 721 559 756 hoc
588 722 705 755 modo.
768 721 927 753 Alterum
958 718 1073 762 inquit
1105 714 1208 748 habet

236 790 287 815 se,
316 775 364 813 ὥς
382 771 574 818 svamm),
604 773 750 804 alterum
771 769 818 808 d),-
833 768 873 803 τὸ
892 769 1059 812 θεωρεῖν,
1089 767 1120 799 id
1142 774 1208 799 est:

237 828 397 861 Alterum
418 824 671 868 propemodum
689 833 723 854 se
742 819 844 854 hahet
863 820 958 852 velut
977 818 1132 858 habitus,
1159 817 1211 849 al-

237 886 349 911 terum
369 887 430 908 ceu
448 881 553 907 actus.

339 941 511 975 Enarrato
536 939 725 979 vocabulo,
751 939 844 983 quod
870 937 905 969 in
929 936 1131 969 delinitione
1149 947 1211 978 po-

239 995 343 1028 situm
362 999 407 1025 cst
427 999 465 1025 ut
482 1002 608 1033 genus,
640 1001 734 1022 nunc
750 989 904 1020 memlura
922 986 1138 1019 delinitionis
1154 997 1212 1017 or-

239 1046 320 1078 dine
345 1043 613 1075 consideremus.
672 1039 799 1071 Anima
831 1044 879 1070 est
912 1034 1143 1076 Endelechia,
1176 1035 1212 1066 id

240 1102 305 1133 est,
327 1105 397 1125 non
417 1099 465 1125 est
488 1090 649 1129 materia,
677 1101 749 1121 non
772 1089 882 1131 ignis,
909 1099 982 1118 non
1008 1098 1115 1129 aqua,
1140 1096 1213 1116 non

239 1144 381 1189 spiritus
397 1141 529 1180 vitalis,
554 1141 612 1172 sed
637 1145 685 1171 est
704 1139 776 1180 ipsa
796 1138 882 1177 vita,
911 1149 977 1181 qua
1004 1136 1090 1169 vivit
1108 1134 1214 1178 spiri-

241 1203 294 1227 tus
312 1192 437 1226 vitalis.
480 1189 555 1223 Etsi
573 1190 666 1221 enim
684 1187 816 1221 Medici
832 1187 1012 1220 materian]
1031 1191 1214 1230 quaerunt,

240 1252 279 1278 ut
297 1243 457 1287 spiritum
477 1241 616 1273 vitalem
631 1266 639 1280 ‚
665 1238 719 1270 vel
743 1243 1072 1280 temperamentum,
1098 1243 1215 1269 tamen

242 1294 360 1339 quaeri
378 1297 507 1335 potest,
535 1302 596 1323 cur
612 1288 719 1331 magis
738 1288 824 1321 vivit
840 1285 923 1320 llaec
944 1286 1106 1327 materia,
1129 1297 1216 1330 quae

243 1352 291 1377 est
309 1343 451 1387 spiritus
467 1341 599 1377 vitalis,
627 1351 730 1383 quam
751 1351 848 1376 caro,
875 1344 935 1371 aut
956 1336 1054 1369 ossa?
1106 1335 1215 1370 Aliud

243 1395 350 1436 igitur
375 1392 541 1436 quiddam
564 1396 629 1427 est,
665 1390 738 1432 ipsa
762 1389 850 1428 vita,
877 1400 936 1421 seu
961 1386 1115 1429 agitatio.
1166 1386 1217 1418 Ac

244 1454 386 1488 prorsus
403 1442 517 1474 vicini
537 1447 587 1473 est
607 1439 826 1472 Aristotelica
843 1438 1015 1471 sententia
1035 1436 1218 1469 Androni-

245 1495 275 1527 ci
294 1492 519 1530 enarrationi,
546 1490 606 1535 qui
625 1490 689 1529 ait,
715 1486 935 1533 ἐνδελέχειαν
950 1487 1139 1530 significare
1161 1492 1219 1519 aut

245 1546 396 1588 κρᾶσιν,
423 1549 482 1575 ant
505 1538 676 1585 δύναιιιιν.
730 1539 781 1571 Ac
806 1540 925 1571 laudat
950 1538 1105 1571 Galenus
1123 1537 1218 1579 inge-

246 1595 414 1628 nuitatem
438 1590 652 1630 Andronici,
689 1590 782 1634 qnod
809 1589 907 1634 quasi
931 1589 1079 1631 digitum
1105 1588 1221 1621 inten-

248 1646 334 1677 dens
352 1644 387 1676 in
404 1654 474 1674 rem
493 1649 637 1678 certam,
666 1647 835 1673 monstret
860 1639 943 1683 quid
963 1639 1133 1680 intelligat
1152 1648 1222 1670 esse

248 1695 411 1728 animam.
466 1692 554 1725 Nam
588 1692 646 1723 illa
679 1690 915 1723 substantialis
941 1689 1082 1731 agitatio
1110 1688 1222 1731 reipsa

249 1753 299 1778 est
314 1740 471 1784 &diving
490 1742 678 1786 quaedam,
709 1747 782 1772 orta
800 1752 838 1771 cx
862 1740 921 1772 tali
941 1746 1222 1782 temperamento.

248 1795 319 1828 Nec
335 1793 480 1826 ulterius
499 1792 738 1836 quaerendum
758 1797 825 1829 est,
852 1801 958 1833 quare
983 1789 1062 1821 inde
1080 1789 1222 1822 oriatur.

249 1843 419 1877 thsicus
443 1843 537 1875 enim
565 1841 675 1873 cernit
700 1846 859 1872 naturam
890 1851 960 1872 es:e
986 1839 1100 1872 talem.
1155 1838 1223 1871 Sed

251 1884 406 1927 doctrina
423 1904 440 1924 a
457 1891 530 1924 Deo
551 1891 696 1927 tradita,
724 1890 859 1934 inquit,
888 1890 969 1934 quia
988 1896 1130 1922 naturae
1149 1889 1225 1932 opi-

251 1947 305 1977 sex
324 1943 416 1976 Deus
441 1955 499 1974 sua
517 1942 683 1973 immensa
708 1940 875 1983 sapientia
893 1947 1051 1973 naturam
1068 1939 1226 1972 condidit

252 1995 372 2031 talem,
397 1999 435 2026 ut
452 1993 544 2025 aliud
561 1991 604 2024 sit
622 1991 783 2030 materia,
810 1990 906 2023 alind
924 1991 993 2022 vita
1010 1996 1041 2023 et
1058 1996 1172 2023 motus
1190 1989 1226 2021 in

252 2044 404 2078 materia.

353 2109 554 2142 Constituto
585 2119 709 2150 genere
740 2113 935 2151 sequuntur
960 2113 1092 2140 caetera
1110 2111 1228 2138 'mem-

254 2162 326 2194 hra.
394 2160 519 2191 Anima
557 2165 606 2190 est
635 2156 849 2190 Endelechia
886 2157 1041 2200 corporis
1074 2154 1227 2201 physici,

255 2211 347 2254 quod
366 2210 491 2242 dicitur
508 2210 549 2240 ad
566 2208 798 2241 differentiam
817 2220 960 2250 operum
985 2207 1229 2245 artificialium,

255 2272 342 2304 quae
366 2272 437 2292 non
461 2260 636 2299 agitantur
662 2270 722 2290 sua
749 2264 889 2297 natura,
914 2264 951 2290 ut
968 2255 1149 2289 machinae
1166 2255 1229 2289 ho-

255 2311 365 2342 rariae
390 2322 463 2341 mox
475 2316 595 2349 entur,
630 2309 686 2341 sed
715 2319 787 2341 non
813 2314 954 2343 natura,
983 2320 1104 2339 verum
1122 2307 1230 2340 libra·
1255 2322 1256 2327 ¹

255 2361 380 2393 mentis
399 2366 470 2392 arte
487 2359 596 2391 sactis.

352 2425 489 2459 Deinde
518 2425 645 2458 dis-itur
667 2426 833 2468 organici.
885 2424 973 2457 Nam
1002 2425 1133 2465 lapides
1158 2436 1230 2456 non

253 2477 395 2516 xivunt,
424 2476 504 2520 quia
532 2475 620 2508 vitae
646 2488 795 2518 organa,
822 2474 887 2508 hoc
906 2482 971 2512 est,
1001 2475 1231 2507 instrumenta

253 2527 301 2558 eis
333 2528 477 2566 desunt,
512 2538 599 2569 quae
630 2538 691 2558 sua
721 2534 844 2559 natura
874 2526 987 2558 cicant
1013 2524 1233 2565 nutritiones‚

254 2577 510 2617 generationes,
539 2582 597 2608 aut
620 2587 778 2616 sensum,
808 2579 877 2609 imo
905 2588 965 2609 nec
981 2575 1101 2609 localis
1119 2582 1232 2609 motus

254 2628 392 2660 estsine
416 2626 639 2671 impulsione.
1105 2620 1109 2622 .

462 88 666 125 semem
695 86 770 120 ΡΗ.
800 83 912 118 MEL.
941 80 1006 116 AD
1034 79 1156 114 utsr.
1184 77 1325 117 PROF.
1349 78 1414 114 ET
1441 76 1630 114 PfflLos.
1659 76 1975 117 SPECTANTIA.

1229 382 1235 640 ἓ

1256 2456 1257 2472 l

1256 2486 1259 2541 Ξ

2178 83 2224 117 16

1355 163 1522 209 Sequitur
1538 163 1572 196 in
1591 164 1804 202 definitione.
1856 165 2016 202 Potentia
2032 165 2146 202 'vitam
2163 165 2227 200 ha-

1254 214 1389 255 bentis,
1426 215 1461 246 id
1490 221 1554 247 est:
1584 214 1712 248 Anima
1744 216 1781 248 in
1805 227 1950 260 corpore
1973 219 2136 261 organico
2160 218 2227 251 ciet

1255 266 1492 309 operationes,
1526 265 1619 308 quod
1637 265 1703 298 iam
1722 266 1789 300 tale
1807 273 1857 300 est
1872 273 2016 308 natura,
2041 275 2080 302 ut
2102 269 2225 303 talium

1256 315 1498 358 operationum
1515 325 1622 358 capax
1637 316 1699 354 sit,
1727 323 1764 350 ut
1780 317 1892 350 foetus
1916 317 2122 352 immaturus
2136 331 2227 351 non-

1256 367 1339 398 dum
1372 376 1477 408 capax
1502 371 1551 397 est
1576 365 1696 398 talium
1728 367 1982 409 operationum.
2035 366 2103 400 llic
2133 370 2226 402 enim

1258 414 1416 447 nominat
1442 415 1547 448 vitam
1572 416 1789 458 operationes
1808 417 1858 449 rei
1873 417 2040 458 viventis,
2066 424 2105 450 ut
2123 429 2228 460 gene-

1258 465 1425 505 rationes,
1452 465 1681 506 nuti-itiones,
1706 478 1855 508 sensum,
1884 467 2125 511 appetitiones,
2153 481 2230 502 mo-

1259 522 1330 548 tum
1351 515 1511 555 localem,
1539 515 1831 558 intellectionem,
1856 517 2072 552 electionem.
2196 524 2200 525 ⁷

1358 573 1513 607 Recitavi
1532 574 1780 619 descriptiones
1797 573 2073 620 philosophicas,
2100 589 2187 621 quae
2202 577 2232 610 si

1259 625 1302 657 de
1324 624 1464 668 pecudis
1489 625 1604 657 anima
1631 631 1764 658 tantum
1790 633 2028 670 quaereretur,
2054 634 2232 672 utcunque

1261 681 1496 708 monstrarent
1520 675 1671 719 aliquid,
1698 677 1789 720 quod
1815 676 1957 718 cogitari
1979 684 2089 720 potest
2106 678 2143 709 in
2160 690 2232 711 ma-

1261 725 1344 758 teria
1363 726 1440 757 fons
1460 736 1529 757 esse
1546 725 1734 759 actionum.
1786 725 1874 759 Nam
1891 727 1989 759 bovis
2008 727 2122 760 anima
2144 735 2233 761 recte

1262 775 1407 817 (licitur,
1435 782 1491 808 aut
1507 775 1649 819 spiritus
1671 776 1802 816 vitalis,
1830 783 1889 809 aut
1907 777 1965 809 illa
1984 778 2019 809 in
2038 777 2163 822 spiritu
2180 778 2234 810 vi-

1262 826 1323 858 tali
1341 826 1499 868 agitatio,
1528 838 1594 870 qua
1618 826 1680 858 bos
1703 826 1800 860 vivit.
1852 825 2017 860 Nondum
2041 834 2157 860 tamen
2176 840 2235 871 pe-

1262 876 1357 908 nitus
1384 874 1465 908 haec
1490 876 1725 918 perspicimus.
1785 876 1853 910 Sed
1889 884 2049 911 naturam
2072 878 2156 910 soris
2180 878 2236 910 in—

1263 933 1421 966 tuemur,
1455 926 1652 969 experimur
1683 933 1715 960 et
1747 927 1922 960 cernimus
1948 934 2075 961 motus.
2140 927 2236 970 Quid

1265 989 1325 1009 cur
1348 977 1393 1010 ita
1428 976 1553 1009 sactum
1587 977 1649 1017 sit,
1684 977 1851 1021 sapientia
1883 984 1931 1010 est
1956 977 2129 1016 Artificis,
2163 990 2236 1011 non

1265 1033 1393 1060 nostra.
1446 1024 1492 1058 Et
1512 1034 1593 1059 tunc
1610 1028 1749 1060 demum
1767 1028 1905 1071 penitus
1922 1028 2156 1070 intelligemus
2171 1029 2238 1060 mi-

1265 1077 1415 1109 randum
1441 1082 1583 1109 naturae
1610 1078 1804 1120 opificium,
1833 1090 1910 1111 cum
1938 1078 2052 1110 ideam
2078 1078 2115 1111 in
2139 1090 2238 1111 men-

1266 1133 1299 1159 te
1326 1126 1445 1159 divina
1481 1138 1595 1159 coram
1631 1128 1668 1159 in
1704 1127 1762 1160 illa
1797 1135 1934 1162 aeterna
1969 1126 2155 1161 Academia
2184 1129 2240 1161 iu-

1267 1177 1455 1210 tuebimur.

1368 1225 1444 1260 Etsi
1466 1234 1580 1260 autem
1604 1233 1782 1271 utcunque
1810 1228 1879 1260 iam
1911 1227 2121 1270 cogitamus,
2155 1229 2254 1272 quide

1268 1277 1313 1310 sit
1337 1277 1437 1309 bovis
1467 1283 1526 1310 aut
1550 1277 1659 1310 leonis
1682 1278 1815 1316 anima,
1842 1284 1956 1309 tamen
1980 1278 2022 1309 de
2046 1277 2161 1309 anima
2185 1289 2242 1310 ra-

1269 1327 1391 1361 tionali
1410 1324 1579 1366 hominis,
1608 1339 1667 1360 seu
1684 1328 1725 1358 de
1743 1333 1877 1366 mente,
1905 1327 1989 1370 quid
2006 1326 2069 1366 sit,
2096 1333 2130 1359 et
2145 1328 2240 1359 unde

1270 1378 1329 1417 sit,
1354 1389 1398 1409 an
1424 1377 1466 1410 sit
1489 1377 1630 1420 spiritus
1655 1377 1770 1409 vitalis
1795 1383 1826 1409 et
1844 1376 2023 1416 animalis,
2049 1376 2161 1409 autin
2178 1375 2244 1410 ho-

1270 1429 1364 1460 mine
1392 1439 1446 1459 res
1478 1427 1698 1470 separabilis,
1733 1434 1834 1460 utens
1855 1433 1893 1460 ut
1918 1438 2047 1468 organo
2073 1427 2244 1470 proximo,

1271 1479 1396 1522 spiritu
1412 1478 1508 1510 vitali
1525 1484 1557 1509 et
1573 1477 1726 1517 animali,
1749 1477 1908 1510 nondum
1920 1489 1959 1509 ex
1971 1474 2025 1509 his
2041 1477 2246 1520 descriptio-

1271 1529 1375 1561 nibus
1398 1525 1651 1571 philosophicis
1681 1528 1802 1572 liquet.
1862 1526 2034 1560 Traditur
2063 1537 2143 1570 ergo
2177 1527 2245 1560 alia

1272 1578 1458 1622 descriptio
1476 1578 1513 1610 in
1527 1576 1693 1613 Ecclesia.

1356 1685 1533 1733 Definitio
1561 1688 1719 1721 Animae
1746 1689 1891 1721 usitata
1918 1689 1959 1720 in
1985 1686 2173 1720 Ecclesia]

1375 1762 1502 1795 Anima
1520 1760 1701 1794 rationalis
1719 1768 1767 1793 est
1784 1761 1926 1803 spiritus
1943 1761 2141 1804 intelligens
2153 1788 2161 1800 ,
2188 1763 2250 1806 qui

1276 1821 1325 1847 est
1343 1814 1450 1846 altera
1468 1822 1546 1855 pars
1561 1812 1775 1844 substantiae
1790 1808 1943 1843 lioxnInis
1956 1838 1965 1851 ,
1990 1823 2053 1844 nec
2076 1812 2250 1854 extingui-

1277 1872 1353 1904 tur,
1381 1874 1459 1895 cum
1475 1874 1492 1894 a
1510 1873 1654 1905 corpore
1672 1860 1843 1900 discessit,
1865 1862 1923 1893 sed
1941 1862 2148 1895 immortalis
2165 1869 2225 1896 est.

1377 1919 1471 1952 Haec
1493 1919 1651 1952 delinitio
1680 1930 1753 1950 non
1781 1915 1887 1951 habet
1908 1916 2068 1963 physicas
2089 1919 2252 1953 rationes.

1277 1970 1323 2005 Et
1346 1981 1546 2015 quanquam
1572 1969 1740 2001 nonnulli
1761 1975 1881 2001 contra
1908 1980 1983 2001 eam
2007 1969 2114 2002 multa
2131 1970 2252 2014 dispu-

1278 2028 1369 2059 tant,
1404 2027 1519 2053 tamen
1550 2030 1612 2051 nos
1638 2019 1778 2063 quidem
1810 2019 1846 2050 in
1868 2016 1922 2051 his
1944 2019 2054 2051 initiis
2074 2020 2254 2053 doctrinae
2291 2052 2294 2056 A

1280 2084 1353 2105 eam
1377 2070 1624 2110 retinebimus,
1659 2069 1740 2113 quia
1764 2069 1801 2100 in
1824 2067 1978 2102 Ecclesia
2002 2076 2145 2113 propter
2169 2067 2254 2102 haec

1280 2124 1369 2155 dicta
1386 2121 1511 2154 usitata
1529 2126 1597 2160 est,
1624 2119 1787 2153 videlicet
1804 2121 1897 2164 quod
1914 2119 2025 2152 Filius
2039 2118 2104 2152 Dei
2121 2120 2254 2164 inquit:

1279 2173 1416 2216 Corpus
1436 2177 1580 2214 possunt
1595 2171 1768 2209 occidere,
1794 2170 1947 2202 animam
1968 2176 2082 2203 autem
2098 2170 2256 2203 occidere

1281 2235 1352 2256 non
1378 2228 1536 2266 possunt.
1597 2220 1698 2253 Item:
1726 2218 1840 2253 Hodie
1866 2231 2001 2252 mecum
2031 2220 2097 2253 eris
2125 2219 2163 2252 in
2194 2230 2256 2263 pa-

1281 2274 1407 2306 radiso.
1462 2270 1563 2304 Item:
1592 2269 1667 2313 Ego
1686 2282 1761 2303 sum
1773 2269 1866 2302 Deus
1883 2267 2083 2312 Abraham,
2112 2276 2144 2303 et
2160 2269 2253 2303 Deus

1284 2323 1388 2361 Isaac,
1416 2329 1449 2355 et
1464 2320 1557 2354 Deus
1574 2320 1686 2354 Iacob.
1738 2319 1817 2353 Non
1835 2327 1885 2353 est
1902 2327 2016 2353 autem
2032 2319 2136 2358 Deus,
2158 2317 2254 2351 Deus

1283 2381 1520 2409 mortuorum,
1547 2372 1606 2404 sed
1625 2369 1828 2402 viventium.
1882 2368 1935 2402 Ex
1953 2368 2008 2403 his
2026 2368 2125 2403 dictis
2145 2368 2255 2401 sumi-

1283 2432 1341 2457 tur
1356 2421 1527 2455 enarratio
1553 2421 1737 2454 verborum
1762 2421 1799 2453 in
1816 2420 1957 2455 Genesi.
2005 2418 2194 2462 Inspiravit
2218 2418 2255 2449 in

1283 2474 1403 2507 faciem
1436 2472 1509 2505 eius
1534 2471 1746 2515 spiraculum
1778 2471 1879 2505 vitae.
1932 2468 2008 2503 Etsi
2038 2469 2130 2501 enim
2162 2468 2255 2502 Deus

1284 2523 1476 2568 pecudibus
1493 2533 1632 2566 quoqne
1649 2521 1753 2553 vitam
1771 2520 1907 2559 indidit,
1930 2526 2045 2553 tamen
2062 2516 2119 2551 hic
2133 2519 2258 2551 discri-

1284 2586 1363 2606 men
1381 2573 1577 2606 ostenditur
1602 2572 1693 2604 inter
1716 2571 1849 2603 animas
1873 2568 2076 2607 hominum,
2102 2575 2135 2602 et
2149 2569 2257 2602 vitam

1285 2624 1467 2669 pecudum.
1530 2622 1694 2656 Adssatur
1722 2619 1926 2654 hominibus
1948 2619 2062 2653 anima
2089 2619 2191 2660 soris,
2223 2623 2257 2651 et
