2379 2948
169 98 263 134 1167

170 184 320 221 celebrat
346 179 433 215 haec
454 176 641 216 beneficia,
668 173 762 220 quod
780 170 972 206 Ecclesiam
993 171 1060 206 sibi
1084 170 1158 204 col-

171 236 267 280 ligit,
294 233 386 267 edito
411 231 536 269 verbo,
561 225 754 260 manifestis
779 230 812 257 et
836 224 1033 258 illustribus
1059 221 1158 256 testi-

172 286 320 325 moniis,
347 289 377 316 et
395 281 537 326 quidem
554 278 589 310 in
607 275 673 310 hoc
689 275 821 320 populo
840 276 895 308 cui
919 274 1065 308 tradidit
1083 284 1161 305 ver-

172 341 270 373 bum,
298 341 329 367 et
346 331 529 366 coustituit
547 327 795 365 ministerium,
821 326 956 366 cultus,
979 332 1011 358 et
1030 330 1158 357 certain

175 386 351 433 politiam,
384 389 417 416 et
444 379 529 414 haec
555 391 616 412 sua
647 376 815 411 beneficia
843 376 1000 409 defendit
1026 373 1162 417 magnis

174 447 205 473 et
222 434 371 471 assiduis
386 431 574 471 miraculis,
600 428 786 462 eductione
803 427 924 471 populi
941 439 980 460 ex
993 424 1162 470 Aegypte,

174 498 207 524 et
225 487 303 522 aliis
324 483 444 518 multis
459 479 747 519 liberationibus,
775 490 864 523 quae
888 484 1005 522 postea
1025 481 1162 509 secutae

173 546 266 574 sunt.
318 534 414 568 Haec
435 540 485 566 est
507 543 642 566 summa
667 529 818 566 Psalmi,
855 536 887 562 et
910 529 946 560 in
971 528 1039 559 fine
1061 525 1163 559 addi—

174 600 250 626 tum
268 594 318 620 est
334 585 495 629 generale
512 579 746 626 epiphonema
758 607 766 620 ,
795 580 888 623 quod
906 577 1053 622 opponit
1069 577 1163 609 iudi-

175 641 238 676 ciis
267 636 423 683 profanis
453 635 495 667 de
530 632 736 666 collectione
765 628 958 669 Ecclesiae,
986 629 1029 661 de
1055 628 1163 660 verbo

175 691 262 730 Dei,
292 690 334 722 de
350 685 566 725 ministerio,
588 682 687 727 quasi
709 682 821 721 dicat,
850 680 1010 713 Mundus
1028 678 1165 711 deridet

175 753 261 781 nos,
288 739 383 784 quod
409 737 622 769 affirmamus
644 744 707 765 nos
733 743 804 764 esse
828 731 998 774 populum
1020 728 1104 769 Dei,
1132 735 1164 762 et

176 799 333 827 nostram
357 787 554 821 doctrinam
586 791 619 817 et
644 781 902 816 invocationem
930 792 1048 813 veram
1080 791 1165 819 esse,

177 844 327 878 aliarum
346 838 502 883 gentium
519 834 715 869 doctrinam
740 839 771 865 et
791 831 1050 865 invocationem
1070 842 1165 863 com-

176 891 374 928 mentitiam
403 900 491 928 esse,
525 887 583 919 sed
606 883 690 917 haec
714 883 844 916 iudicia
872 880 1094 915 horribiliter
1111 893 1165 913 er-

177 951 274 983 rant,
302 941 438 974 fallitur
458 936 626 982 sapientia
644 934 781 967 mundi.
837 931 970 966 Verum
995 944 1066 965 una
1083 943 1165 964 vera

178 1004 228 1030 est
253 992 421 1037 sapientia
444 987 620 1022 Ecclesiae
651 984 850 1030 quaerentis
876 982 1010 1023 Deum,
1044 983 1166 1016 timere

176 1046 311 1087 Deum,
339 1049 371 1075 et
385 1039 468 1074 huic
484 1039 590 1071 verbo
608 1037 748 1069 credere
765 1034 858 1080 quod
879 1034 982 1067 nobis
997 1033 1165 1067 traditum

178 1104 251 1136 est,
280 1105 344 1127 nec
370 1091 470 1125 irrita
491 1091 556 1122 erit
582 1085 666 1120 haec
691 1086 793 1125 fides,
826 1085 883 1117 sed
910 1096 990 1117 vere
1015 1083 1163 1128 accipie·

177 1158 256 1181 mus
279 1144 450 1189 promissa
481 1137 650 1174 beneficia
681 1143 821 1170 aeterna
845 1142 877 1169 et
909 1134 1101 1169 necessaria
1128 1134 1166 1167 in

178 1198 242 1232 hac
267 1196 351 1230 vita.

279 1245 375 1279 Haec
398 1250 447 1277 est
471 1252 606 1275 summa
626 1238 774 1278 Psalmi,
805 1237 842 1270 in
866 1250 935 1282 quo
954 1236 1017 1270 etsi
1035 1235 1165 1279 gratia-

180 1311 258 1333 rum
277 1296 366 1331 actio
382 1293 541 1339 loquitur
557 1292 599 1324 de
616 1291 713 1323 illius
732 1289 854 1333 populi
871 1287 1027 1322 Ecclesia
1051 1293 1084 1320 et
1104 1298 1166 1330 po-

178 1350 271 1389 litia,
305 1354 421 1381 tamen
464 1343 621 1386 regulam
651 1347 852 1380 teneamus,
891 1339 974 1372 talia
1005 1338 1096 1372 dicta
1129 1337 1166 1369 in

180 1410 306 1443 genere
323 1398 365 1430 ad
383 1394 576 1430 Ecclesiam
595 1390 760 1424 omnibus
775 1390 993 1434 temporibus
1014 1388 1166 1433 pertine-

181 1463 234 1491 re,
269 1458 406 1491 semper
428 1443 583 1478 Ecclesia
607 1441 734 1484 gratias
760 1440 830 1483 agit
854 1440 949 1480 Deo,
984 1439 1079 1484 quod
1101 1438 1167 1470 im-

181 1511 300 1535 mensa
318 1497 475 1532 bonitate
498 1499 642 1538 propter
664 1490 795 1523 filium
814 1498 845 1524 et
865 1502 927 1535 per
944 1489 1075 1523 Filium
1094 1488 1167 1521 col-

182 1552 262 1595 ligit
287 1547 500 1588 Ecclesiam,
541 1551 573 1577 et
602 1541 743 1587 quidem
780 1541 942 1574 mirando
971 1540 1077 1573 modo
1106 1550 1167 1583 per

181 1599 436 1643 Evangelium,
470 1596 562 1628 inter
587 1592 743 1634 ingentia
769 1591 978 1631 certamina,
1013 1597 1046 1622 et
1068 1589 1167 1622 addit

181 1649 398 1688 testimonia,
426 1643 718 1680 resurrectionem
736 1641 820 1674 Filii
837 1640 924 1679 Dei,
959 1648 992 1674 et
1017 1639 1167 1673 subinde

183 1702 363 1736 mirandas
394 1695 633 1731 liberationes,
700 1691 742 1725 In
775 1689 839 1725 hac
871 1693 945 1736 ipsa
976 1690 1165 1735 gratiarnm

183 1754 321 1788 actione
338 1749 567 1784 confirmatur
582 1743 736 1779 Ecclesia
749 1769 757 1781 ,
786 1750 817 1775 et
844 1743 995 1776 antefert
1012 1740 1168 1786 profanis

184 1803 325 1839 iudiciis
342 1801 488 1833 verbum
507 1804 541 1830 et
559 1794 758 1829 testimonia
775 1793 853 1827 Dei.
889 1793 946 1827 Sic
961 1793 1069 1836 igitur
1084 1789 1169 1824 haec

184 1857 359 1898 legamus,
385 1857 425 1884 ut
440 1860 504 1882 nos
519 1858 659 1892 quoque
683 1846 720 1878 in
743 1845 817 1888 ipsa
835 1842 1169 1877 commemoratione

185 1904 415 1939 exuscitemus
432 1901 552 1938 fidem,
578 1897 770 1940 gratiarum
787 1895 960 1928 actionem
977 1902 1009 1927 et
1026 1894 1170 1926 invoca-

186 1957 330 1992 tionem,
350 1959 382 1986 et
398 1950 644 1984 confirmemus
655 1958 719 1979 nos
736 1952 856 1979 contra
868 1945 1013 1989 profana
1029 1944 1169 1977 iudicia.

286 2012 482 2046 Enumerat
513 2013 630 2039 autem
665 2003 824 2037 Psalmus
860 2004 1038 2039 beneficia.
1092 2003 1169 2036 Pri-

185 2077 283 2100 mum
301 2062 371 2104 agit
390 2058 516 2103 gratias
535 2056 607 2090 Deo
621 2082 630 2095 ,
655 2055 750 2099 quod
767 2052 862 2086 hunc
880 2055 1050 2098 populum
1069 2067 1170 2088 voca-

186 2118 252 2157 rit,
279 2121 312 2147 et
331 2113 368 2145 in
385 2123 424 2143 eo
441 2108 509 2143 sibi
525 2105 716 2141 Ecclesiam
735 2104 869 2147 colligit
894 2105 996 2138 editis
1014 2105 1169 2139 testimo-

186 2168 256 2200 niis
273 2175 333 2210 per
349 2160 528 2195 miracula.

290 2212 454 2249 Secundo
473 2208 567 2254 quod
587 2206 738 2240 instituit
753 2205 987 2244 ceremonias,
1015 2218 1052 2238 ac
1073 2218 1172 2249 prae-

189 2269 289 2312 cipue
306 2275 435 2308 agnum
451 2257 653 2294 Paschalem
666 2284 675 2298 ,
702 2263 735 2290 et
757 2256 894 2289 addidit
918 2254 1000 2289 huic
1019 2269 1172 2289 ceremo-

189 2320 269 2352 niae
290 2311 585 2360 praedicationem
604 2307 722 2347 verbi,
753 2319 828 2340 non
845 2307 957 2339 solum
978 2308 1020 2339 de
1044 2307 1173 2340 libera-

190 2368 346 2403 tionibus
370 2361 627 2406 corporalibus,
665 2360 723 2392 sed
749 2359 853 2391 etiam
879 2359 921 2390 de
941 2357 1174 2401 promissione

191 2419 320 2461 gratiae
339 2422 371 2448 et
393 2413 513 2447 salutis
531 2417 702 2444 aeternae.

293 2466 415 2500 Tertio
455 2463 549 2508 quod
585 2460 679 2494 Deus
716 2459 813 2492 dedit
853 2459 1104 2502 promissiones
1143 2466 1176 2492 et

192 2520 321 2561 legem,
351 2524 382 2548 et
407 2513 492 2548 haec
515 2510 670 2554 ingentia
687 2510 853 2542 beneficia
873 2510 1033 2543 miranda
1055 2510 1176 2542 defen-

194 2570 291 2602 sione
323 2571 521 2601 conservat,
564 2560 622 2594 hic
647 2561 786 2593 additae
813 2567 893 2594 sunt
925 2561 1046 2593 laudes
1077 2561 1175 2593 verbi

192 2619 280 2658 Dei,
323 2628 409 2661 quae
439 2615 644 2647 discernunt
674 2611 820 2644 verbum
854 2611 919 2645 Dei
949 2612 992 2645 ab
1020 2609 1174 2644 humana

194 2668 375 2714 sapientia.
1201 2668 1205 2692 l

761 87 887 122 PHlL.
915 84 1030 122 MEL.
1061 84 1269 121 SCRIPTA
1298 83 1597 121 EXEGETICA.

2109 85 2196 120 118

1315 170 1452 215 Quarto
1479 171 1550 214 agit
1571 169 1700 214 gratias
1724 170 1768 204 de
1798 171 1965 206 continua
1994 171 2200 206 defensione

1214 223 1337 268 populi
1361 223 1529 255 adversus
1557 233 1787 267 quoscunque
1819 219 1953 263 hostes,
1986 230 2025 257 ut
2051 223 2199 257 Gedeon

1214 273 1370 307 defendit
1413 274 1584 317 populum
1624 279 1744 306 contra
1782 272 2016 314 Bladianitas,
2051 273 2199 307 Samson

1214 331 1336 358 contra
1371 322 1572 364 Philistim,
1609 323 1694 357 Saul
1725 330 1846 357 contra
1881 324 2048 364 Amalec,
2086 324 2200 358 David

1215 382 1336 408 contra
1352 373 1543 416 philistim,
1566 372 1732 409 Ezechias
1751 380 1873 407 contra
1890 373 2064 420 Assyrios.
2099 373 2202 408 Hanc

1214 432 1419 470 perpetuam
1449 425 1689 459 defensionem
1721 425 1967 469 complectitur
1991 425 2200 459 versiculus:

1214 473 1487 510 Redemtionem
1506 476 1606 509 misit
1627 474 1764 523 populo
1781 487 1858 511 suo,
1914 476 2033 521 ltaque
2052 476 2089 509 in
2106 487 2202 509 sum-

1217 539 1273 561 ma
1295 527 1365 570 agit
1387 527 1515 570 gratias
1532 527 1627 567 Deo,
1654 528 1748 572 quod
1775 525 1965 560 Ecclesiam
1986 534 2018 561 et
2044 527 2202 571 politiam

1216 576 1322 611 huius
1346 578 1468 621 populi
1496 578 1720 611 mirabilibus
1744 578 1852 622 signis
1878 585 1911 612 et
1935 579 2042 612 verbo
2071 577 2204 612 consti-

1217 628 1303 669 tuit,
1331 628 1487 661 defendit
1502 635 1535 662 et
1553 635 1746 663 conservat.

1318 678 1457 712 Deinde
1483 679 1627 712 additur
1653 677 1908 723 epiphonema,
1936 691 2008 713 non
2028 680 2205 713 deterrea-

1218 742 1297 763 mur
1314 729 1453 763 iudiciis
1470 730 1595 762 mundi
1607 754 1615 768 ‚
1643 730 1724 774 quia
1739 727 1824 763 haec
1838 730 2009 774 sapientia
2025 731 2123 764 verbi
2138 730 2205 764 Dei

1219 793 1292 814 non
1320 788 1370 814 est
1394 780 1571 821 fabulosa,
1607 784 1666 813 sed
1693 792 1772 813 vera
1798 787 1830 813 et
1857 781 1994 822 efficax,
2022 781 2102 814 ideo
2131 792 2205 814 non

1218 832 1424 865 abiiciamus
1443 832 1588 864 verbum
1607 831 1694 871 Dei,
1720 832 1779 864 sed
1798 843 1876 864 vera
1892 831 1959 865 fide
1976 833 2006 865 ei
2023 833 2206 876 obtempe-

1219 894 1345 916 remuS.
1399 881 1531 916 Eodem
1567 883 1673 916 modo
1706 889 1739 915 et
1764 893 1828 914 nos
1856 894 1937 915 vere
1961 894 2104 926 agamus
2130 882 2205 917 Deo

1219 933 1363 977 gratias:
1393 945 1432 966 ac
1462 933 1548 966 utile
1565 930 1761 966 esthabere
1785 933 1914 966 formas
1935 934 2144 971 verborum,
2173 939 2207 967 et

1219 996 1319 1028 saepe
1337 984 1478 1017 recitari
1498 995 1554 1016 eas
1576 984 1616 1016 ad
1644 983 1905 1017 exuscitandam
1924 984 2206 1017 recordationem

1220 1042 1253 1069 et
1272 1047 1387 1068 veram
1404 1035 1519 1067 cordis
1536 1034 1809 1077 gratitudinem,
1836 1041 1892 1067 ut:

1347 1092 1428 1132 Ago
1452 1094 1501 1122 tihi
1524 1094 1628 1131 gratias
1652 1094 1834 1131 omnipotens
1856 1099 1977 1121 aeterne
1997 1094 2062 1121 vive
2085 1099 2115 1122 et
2137 1101 2208 1122 vere

1262 1146 1350 1182 Deus,
1372 1151 1494 1173 aeterne
1518 1150 1548 1172 et
1571 1145 1656 1172 unice
1676 1145 1764 1173 Pater
1780 1145 1895 1172 Domini
1909 1145 2000 1172 nostri
2014 1144 2078 1172 Iesu
2094 1144 2209 1180 Christi,

1262 1196 1392 1224 conditor
1414 1196 1488 1224 coeli
1511 1202 1540 1224 et
1564 1202 1677 1233 terrae,
1700 1202 1730 1223 et
1752 1195 1900 1223 hominum
1924 1202 1954 1223 et
1970 1196 2119 1224 Ecclesiae
2141 1202 2210 1224 tuae

1262 1248 1413 1285 angelicae
1443 1253 1473 1275 et
1501 1247 1662 1285 humanae,
1697 1253 1727 1274 et
1755 1252 1940 1275 conservator
1963 1256 2020 1274 una
2049 1256 2114 1274 cum
2136 1247 2210 1274 Filio

1261 1305 1310 1326 tuo
1333 1299 1455 1326 Domino
1479 1305 1575 1326 nostro
1598 1298 1663 1326 Iesu
1687 1297 1818 1334 Christo,
1844 1304 1873 1325 et
1896 1298 2005 1335 Spiritu
2030 1303 2078 1326 tuo
2102 1303 2210 1332 sancto,

1262 1350 1393 1387 sapiens,
1422 1350 1514 1385 bone,
1538 1358 1644 1385 verax,
1667 1349 1760 1384 iuste,
1782 1349 1885 1384 iudex,
1914 1355 2010 1384 caste,
2039 1348 2211 1384 misericors,

1260 1401 1429 1436 liberrime,
1467 1400 1544 1437 quod
1573 1399 1710 1427 revelasti
1739 1405 1769 1426 te
1792 1399 1888 1435 nohis,
1920 1404 2073 1427 aeternum
2096 1405 2211 1436 patrem

1261 1452 1375 1479 Domini
1405 1452 1496 1479 nostri
1518 1451 1582 1478 Iesu
1607 1448 1732 1486 Christi,
1765 1456 1795 1477 et
1817 1450 1912 1477 lesum
1935 1449 2081 1478 Christum
2104 1449 2212 1476 Filium

1262 1508 1357 1538 tuum,
1392 1509 1420 1529 et
1451 1502 1591 1538 Spiritum
1620 1507 1768 1536 sanctum,
1803 1507 1833 1528 et
1865 1500 1943 1537 quod
1971 1501 2071 1528 misisti
2100 1497 2212 1528 Iesum

1262 1550 1426 1581 Christum
1448 1553 1553 1580 Filium
1577 1558 1675 1587 tuum,
1698 1557 1727 1579 et
1745 1551 1858 1578 voluisti
1883 1559 1948 1578 eum
1971 1560 2024 1587 pro
2048 1551 2128 1578 nobis
2148 1559 2214 1579 esse

1263 1604 1426 1638 victimam,
1456 1603 1568 1639 colligis
1591 1603 1641 1629 tibi
1665 1606 1815 1629 aeternam
1838 1601 1998 1629 Ecclesiam
2022 1609 2092 1629 voce
2114 1601 2213 1629 Evan-

2015 1652 2104 1680 donas
2134 1653 2214 1680 nobis

1265 1704 1405 1742 Spiritum
1434 1711 1581 1740 sanctum,
1616 1703 1738 1731 exaudis
1766 1709 1796 1731 et
1826 1704 1954 1741 protegis
1983 1713 2050 1739 nos,
2081 1710 2111 1731 et
2133 1709 2214 1731 certo

1264 1755 1314 1782 das
1339 1755 1419 1782 nobis
1443 1755 1528 1782 vitam
1551 1760 1701 1781 aeternam
1724 1762 1778 1789 per
1792 1753 1896 1781 Filium
1915 1759 1945 1781 et
1964 1758 2084 1790 propter
2100 1753 2216 1789 Filium,

1264 1812 1293 1833 et
1317 1806 1346 1832 iu
1370 1804 1423 1832 hac
1447 1806 1504 1833 vita
1528 1805 1578 1832 das
1601 1805 1682 1832 uobis
1705 1804 1829 1841 hospitia
1854 1811 1883 1832 et
1906 1805 2030 1840 victum,
2066 1809 2096 1831 et
2119 1813 2215 1832 servas

1264 1654 1333 1691 gelli
1361 1655 1438 1681 inter
1467 1662 1536 1689 nos,
1572 1653 1694 1681 remittis
1725 1653 1804 1680 nobis
1835 1658 1973 1690 peccata,

1264 1856 1393 1894 publicos
1409 1862 1517 1892 coetus,
1540 1856 1731 1883 ministerium
1746 1856 1911 1893 Evangelii,
1934 1861 1964 1883 et
1979 1855 2129 1883 doctrinae
2146 1865 2215 1892 pro-

1264 1908 1464 1945 pagationem:
1494 1907 1566 1934 haec
1581 1908 1654 1935 bona
1670 1913 1701 1934 ut
1725 1915 1843 1945 semper
1863 1907 1943 1934 nobis
1966 1912 2086 1943 propter
2109 1906 2215 1933 Filium

1266 1959 1390 1993 tribuas,
1422 1964 1481 1986 toto
1505 1965 1534 1986 te
1558 1965 1677 1995 pectore
1701 1968 1760 1985 oro.

1352 2007 1433 2045 Ago
1456 2009 1508 2037 tihi
1531 2010 1637 2046 gratias
1652 2010 1834 2045 omnipotens
1855 2008 1979 2035 Domine
2000 2007 2064 2035 Iesu
2089 2006 2216 2052 Christe,

1266 2060 1321 2088 Fili
1338 2060 1394 2088 Dei
1417 2059 1555 2087 crucifixe
1585 2069 1636 2096 pro
1666 2060 1745 2087 nobis
1776 2065 1806 2086 et
1829 2059 2016 2094 resuscitate,
2049 2058 2156 2086 sedens
2179 2058 2217 2085 ad

1267 2111 1401 2138 dextram
1425 2111 1537 2139 aeterni
1560 2111 1667 2146 Patris,
1703 2110 1845 2137 Emanuel
1877 2116 1906 2137 et
1935 2109 2084 2137 redemtor
2107 2116 2217 2144 noster,

1268 2163 1402 2199 sapiens,
1433 2163 1523 2198 bone,
1546 2171 1651 2198 verax,
1674 2162 1768 2197 iuste,
1796 2161 1903 2197 iudex,
1926 2166 2021 2197 caste,
2044 2161 2218 2195 misericors,

1268 2212 1432 2248 liberrime,
1466 2212 1544 2249 quod
1567 2211 1706 2249 copulasti
1730 2212 1780 2239 tibi
1804 2211 1958 2239 humanam
1981 2217 2129 2247 naturam,
2163 2219 2217 2248 pa-

1268 2262 1393 2290 tefecisti
1422 2268 1451 2290 te
1480 2263 1575 2297 nobis,
1612 2271 1710 2298 passus
1741 2270 1771 2289 es
1796 2271 1849 2299 pro
1873 2262 1970 2298 nobis,
2008 2269 2037 2290 et
2065 2261 2217 2289 crucifixus

1269 2319 1390 2350 propter
1413 2319 1531 2349 peccata
1554 2318 1667 2346 nostra,
1706 2312 1891 2340 resurrexisti
1921 2317 1950 2339 et
1980 2311 2131 2339 redemisti
2152 2320 2216 2346 nos,

1269 2371 1299 2391 et
1325 2372 1355 2390 es
1378 2369 1540 2400 perpetuus
1564 2361 1705 2389 mediator
1728 2369 1757 2390 et
1780 2362 1930 2398 sacerdos,
1954 2362 2064 2399 colligis
2087 2362 2137 2390 tibi
2159 2361 2218 2389 Ec-

1268 2415 1387 2442 clesiam
1410 2422 1480 2441 voce
1503 2413 1657 2450 Evangelii
1690 2413 1767 2441 inter
1795 2422 1863 2449 nos,
1899 2414 2022 2441 remittis
2045 2413 2125 2440 nobis
2146 2421 2217 2450 pec-

1271 2473 1348 2501 cata,
1384 2464 1544 2492 sanctificas
1575 2474 1626 2491 nos
1650 2464 1761 2502 Spiritu
1790 2470 1838 2492 tuo
1867 2471 1982 2500 sancto,
2012 2470 2041 2491 et
2063 2463 2114 2491 das
2137 2464 2217 2491 nobis

1272 2517 1356 2543 vitam
1380 2522 1547 2550 aeternam,
1584 2515 1705 2542 exaudis
1729 2521 1759 2542 et
1781 2514 1916 2542 defendis
1940 2523 1990 2541 nos
2013 2520 2112 2541 contra
2135 2513 2216 2541 furo-

1271 2575 1317 2594 res
1340 2565 1462 2600 diaboli,
1485 2572 1514 2592 et
1538 2566 1565 2592 in
1591 2565 1644 2592 hac
1659 2565 1715 2592 vita
1730 2564 1779 2592 das
1802 2565 1881 2592 nobis
1903 2564 2025 2601 hospitia
2049 2570 2078 2591 et
2102 2566 2216 2599 victum,

1272 2624 1300 2644 et
1329 2625 1426 2644 serras
1457 2616 1585 2652 publicos
1614 2621 1729 2651 coetus,
1766 2615 1953 2642 ministerium
1984 2614 2151 2652 Evangelii,
2187 2620 2217 2642 et

1273 2668 1422 2695 doctrinae
1452 2666 1708 2703 propagationem:
1744 2664 1815 2693 haec
1845 2666 1917 2692 bona
1941 2671 1971 2691 ut
1999 2674 2114 2702 semper
2137 2666 2217 2693 nobis
