2379 2948
22 219 29 310 ,st-„d
22 149 28 206 ,..--
22 124 27 139 -a

17 330 28 376 μέν,
22 318 26 323 ,

145 105 219 141 629
756 107 802 144 V.
859 104 1182 143 EROTEMATA
1215 106 1553 146 DIALECTICES.

144 198 209 232 per
237 198 330 230 sese,
367 188 402 221 id
434 195 502 229 est,
537 189 679 234 propria
710 196 835 223 natura
866 189 989 222 insunt
1014 189 1131 230 alicui,

144 238 188 271 ab
204 238 303 280 aliis,
331 251 420 284 quae
436 239 581 273 aliunde
596 240 778 274 accedunt.

288 326 383 365 Quot
409 329 498 359 sunt
524 324 624 359 modi
650 322 805 358 dicenda·
832 326 904 358 Per
930 322 997 358 se?

250 389 468 426 Praedicatio
486 390 554 424 Per
568 402 603 423 se
625 397 695 431 est,
723 402 800 424 cum
823 391 1062 434 praedicatum
1084 391 1132 424 si-
1157 395 1158 413 ³

147 441 290 484 gnificat
307 443 475 488 quiddam
503 441 686 485 proprium
713 448 859 475 naturae
883 442 1051 483 subiecti,
1078 442 1132 475 vi·
1156 434 1159 465 ἶ

147 493 274 526 delicet
292 500 423 537 partem
437 519 446 531 ,
472 499 532 525 aut
548 498 655 525 totam
675 492 938 533 definitionem,
964 499 1023 526 aut
1048 505 1132 537 pro-

146 544 261 587 priam
285 543 572 586 inclinationem,
604 549 665 576 aut
692 543 807 587 ipsum
831 544 1038 584 subsistere,
1072 551 1132 578 aut

145 594 282 639 proprii
311 594 452 627 effectus
480 593 661 638 propriam
693 606 844 628 causam.
900 593 978 628 Hoc
1005 596 1132 628 ordine

147 647 271 679 modos
290 651 441 690 quatuor
459 645 600 677 dicendi
619 656 681 690 per
697 657 732 678 se
749 646 1131 681 recensetAristoteleS.

147 695 288 730 Primus
305 695 431 728 modus
448 695 592 729 dicendi
614 708 675 740 per
699 707 734 729 se
758 704 827 738 est,
857 710 935 731 cum
961 697 1132 738 definitio,

147 748 203 781 vel
221 758 299 791 pars
318 746 538 779 definitionis
555 748 598 780 de
617 747 782 788 definito,
809 749 865 781 vel
892 749 985 781 idem
1009 749 1053 782 de
1076 760 1132 781 se-

146 799 222 843 ipso
238 797 470 842 praedicatur.
508 797 694 831 Secundus
710 799 836 832 modus
854 806 922 838 est,
951 811 1029 832 cum
1049 811 1132 843 pro-

146 849 222 894 pria
249 848 385 893 passio,
412 855 453 882 ut
475 856 623 890 vocant,
651 850 695 882 de
718 850 874 884 subiecto
900 851 1048 891 dicitur,
1075 857 1132 884 ut:

146 899 264 933 Homo
280 899 378 944 loqui
397 906 530 944 potest,
558 899 706 934 Coelum
723 907 773 934 est
789 901 921 934 mobile
940 909 1039 935 motu
1064 902 1134 935 cir-

146 950 276 988 culari,
305 949 467 984 Ebrietas
491 958 542 985 est
564 952 760 995 perniciosa
784 949 950 986 humanis
975 952 1134 997 corpori-

144 1003 224 1037 bus.
278 1001 423 1035 Tertius
441 1003 568 1035 modus
590 1009 640 1036 est
658 1003 943 1047 propositionum
957 1030 966 1040 ,
990 1004 1027 1036 in
1055 1004 1134 1049 qui-

146 1055 214 1088 hus
232 1053 347 1098 ipsum
364 1053 553 1087 subsistere
568 1056 611 1087 de
629 1054 813 1098 singulari,
838 1056 932 1100 quod
953 1067 1034 1087 vere
1050 1062 1135 1088 tunc
1159 1050 1160 1075 ³

147 1113 199 1139 est
214 1105 251 1138 in
268 1116 387 1137 rerum
405 1111 549 1143 natura,
577 1105 726 1146 dicitur,
755 1113 793 1138 ut
815 1106 843 1138 si
869 1107 912 1138 de
935 1106 1016 1139 vivo
1035 1105 1135 1140 Cice-

147 1168 235 1190 rone
248 1156 379 1189 dicam:
407 1154 530 1188 Cicero
548 1156 650 1189 estin
670 1169 787 1190 rerum
807 1163 946 1195 natura,
972 1169 1032 1190 seu
1052 1158 1136 1190 sub-

148 1208 251 1247 sistit,
271 1218 330 1240 seu
348 1213 397 1240 est
412 1206 581 1251 quiddam
598 1204 865 1253 ὑφιστάμενον.
894 1207 1009 1251 Vulgo
1027 1215 1136 1241 utun-

149 1266 209 1292 tur
225 1258 333 1290 verbo
349 1257 494 1290 existere
509 1269 573 1301 pro
591 1269 664 1291 esse
678 1271 799 1292 revera
818 1259 853 1291 in
865 1271 983 1292 rerum
999 1265 1136 1299 natura,

150 1321 211 1343 seu
228 1320 292 1353 pro
308 1306 559 1354 ὑφίστασθαι,
581 1310 640 1341 sed
650 1309 786 1343 Latinis
803 1310 899 1342 aliud
918 1316 967 1342 est
980 1310 1134 1343 existere.

148 1360 205 1395 Ex
231 1359 427 1392 ambitione
457 1358 573 1391 existit
601 1362 801 1399 contentio,
838 1360 872 1392 id
900 1367 968 1399 est,
1009 1360 1135 1394 oritur.

148 1411 221 1446 Nos
248 1409 355 1453 igitur
378 1416 521 1443 utamur
538 1410 646 1443 verbo
665 1411 890 1444 subsistendi.
946 1410 1050 1444 Hanc
1070 1411 1136 1454 igi-

148 1470 208 1497 tur
231 1460 512 1506 propositionem
539 1461 582 1494 de
611 1461 690 1494 vivo
709 1461 853 1495 Carolo:
882 1461 1032 1496 Carolus
1053 1463 1137 1495 sub-

151 1513 261 1554 sistit,
289 1512 445 1544 dicemus
468 1522 540 1544 esse
564 1513 863 1555 praedicationem
889 1525 951 1557 per
976 1525 1031 1554 se,
1055 1513 1137 1558 quia

151 1564 342 1598 subsistere
359 1560 417 1595 bic
432 1574 505 1595 non
525 1563 622 1596 aliud
647 1570 714 1603 est,
742 1577 845 1609 quam
874 1564 946 1608 ipsa
972 1565 1050 1597 viva
1069 1564 1138 1597 Ca-

150 1615 219 1649 roli
254 1613 460 1648 substantia.
519 1612 591 1646 Nec
619 1614 788 1648 differunt
815 1617 894 1647 viva
929 1616 1080 1649 essentia
1105 1622 1139 1648 et

151 1665 358 1705 subsistere,
403 1663 493 1697 sicut
525 1665 716 1699 somniavit
749 1664 918 1699 Thomas.
981 1665 1139 1708 Quartus

150 1718 280 1751 modus
303 1722 354 1749 est
378 1714 680 1759 propositionum,
714 1717 749 1749 in
772 1717 868 1762 quib.
893 1717 1030 1762 proprii
1056 1717 1137 1750 effe-

152 1775 226 1803 ctus
244 1767 397 1812 propriis
415 1766 527 1799 causis
543 1767 805 1807 attribuuntur,
831 1768 886 1800 vel
903 1775 1056 1807 econtra,
1083 1774 1138 1801 ut:

150 1819 345 1852 Voluntate
370 1817 551 1856 volumUS,
592 1817 715 1852 Mente
749 1826 868 1852 nostra
896 1819 1139 1862 intelligimuS,

150 1870 271 1905 Paries
298 1869 462 1903 albedine
490 1875 541 1901 est
568 1869 687 1909 albus,
728 1869 902 1904 Aristides
938 1870 1138 1903 obedientia

151 1933 213 1955 sua
228 1921 341 1955 iustus
359 1925 410 1953 est
428 1920 520 1962 apud
538 1919 649 1959 cives,
677 1920 808 1954 Paulus
824 1921 997 1965 accipiens
1015 1921 1137 1954 remis-

153 1973 286 2006 sionem
303 1977 524 2016 peccatorum
547 1970 779 2015 imputatione
796 1972 908 2005 iustus
925 1979 994 2011 est,
1023 1973 1057 2004 id
1075 1979 1138 2012 est,

153 2030 312 2068 acceptus
326 2021 424 2062 Deo,
449 2022 544 2066 quod
564 2023 771 2057 correlative
793 2023 943 2063 dicitur,
971 2023 1059 2056 Fide
1083 2024 1137 2056 iu—

154 2081 227 2107 stus
241 2081 312 2113 est,
336 2073 372 2106 id
393 2079 461 2110 est,
489 2080 650 2117 acceptus
665 2074 791 2107 fiducia
819 2075 1010 2118 imputatae
1035 2075 1139 2108 iusti-

155 2126 228 2159 ciae
243 2132 384 2169 propter
402 2124 643 2163 mediatorem,
669 2124 869 2158 Dilectione
884 2132 1004 2159 nostra
1018 2126 1137 2168 diligi-

155 2188 245 2211 mus.
284 2174 359 2208 Hos
372 2176 496 2208 modos
514 2176 655 2208 dicendi
674 2188 735 2219 per
752 2189 787 2210 se
806 2177 842 2209 in
865 2183 1055 2220 conspectu
1073 2174 1136 2209 ha—

155 2229 238 2261 bere
261 2225 348 2260 utile
373 2232 439 2263 est,
470 2232 509 2259 ut
531 2227 792 2267 consideretur,
821 2240 911 2273 quae
939 2228 1136 2271 praedicata

157 2279 228 2312 sint
257 2283 402 2320 cognata
432 2283 492 2310 aut
520 2278 705 2311 familiaria
731 2280 916 2319 subiectis,
953 2291 1043 2324 quae
1068 2279 1137 2313 siut

155 2328 352 2374 peregrina.
406 2326 496 2360 Sunt
513 2334 627 2361 autem
644 2342 745 2363 verae
770 2338 803 2364 et
826 2337 1014 2374 perpetuae
1035 2342 1137 2374 prae-

157 2381 369 2417 dicationes,
397 2389 484 2422 quae
502 2387 700 2422 congruunt
717 2382 761 2414 ad
777 2383 900 2414 modos
918 2382 1058 2414 dicendi
1078 2393 1140 2425 per

159 2445 205 2467 se.
265 2431 428 2464 Aliarum
457 2435 571 2462 autem
606 2432 906 2475 propositionum,
941 2433 979 2464 in
1011 2433 1140 2478 quibus

158 2485 355 2525 iunguntur
374 2480 578 2517 accidentia,
599 2481 682 2515 item
698 2483 840 2517 effectus
856 2484 1041 2528 improprii
1058 2495 1141 2517 cau—

162 2535 208 2567 sis
230 2531 451 2577 impropriis,
485 2542 609 2573 magna
633 2532 885 2568 dissimilitudo
912 2541 972 2567 est.
1005 2533 1141 2576 ‚Ieter-

162 2587 247 2619 dum
264 2594 365 2616 verae
384 2588 475 2621 sunt,
492 2589 532 2616 ut
547 2584 589 2615 de
608 2580 790 2626 Aristippo
805 2585 961 2618 fortassis
978 2597 1058 2619 vera
1076 2585 1143 2619 fuit

164 2634 375 2680 propositio:
399 2631 604 2677 Aristippus
621 2633 829 2667 dissentiens
849 2647 866 2667 a
883 2634 1042 2677 Platone,
1068 2636 1144 2670 odit

165 2698 256 2721 eum.
309 2684 362 2718 De
377 2682 567 2718 Aristotele
584 2696 657 2718 non
673 2692 757 2729 puto
773 2697 891 2720 veram
910 2686 1031 2720 suisset
1060 2687 1145 2720 Ari-

1160 192 1162 199 '
1187 190 1327 224 stoteles
1352 191 1559 226 dissentiens
1585 205 1604 226 a
1627 193 1796 236 Platone,
1830 196 1906 230 odit
1931 208 2023 230 eum.

2097 114 2176 149 650

2074 198 2171 233 Con-

1186 248 1334 274 currunt
1359 243 1506 275 omnino
1529 250 1568 277 ut
1601 245 1819 279 diversarum
1854 247 2049 291 specierum
2079 251 2171 283 acci-

1158 276 1324 332 dentia,
1351 292 1537 326 dissentire
1554 301 1587 327 et
1603 296 1738 332 odium
1785 296 1980 332 Dissentire
1998 299 2169 333 iudicium

1184 348 1234 375 est
1248 342 1387 383 mentis,
1405 344 1465 376 sed
1482 345 1604 377 odium
1620 345 1760 380 flamma
1779 355 1828 382 est
1845 349 2048 385 voluntatis.
2076 349 2170 384 Pau—

1182 392 1237 425 lus
1255 393 1467 427 dissentiens
1491 406 1509 427 a
1526 394 1631 429 Petro
1643 420 1652 434 ‚
1681 409 1902 443 nequaquam
1920 400 1997 433 odit
2011 399 2169 435 Petrum.

1183 443 1282 477 Haec
1299 444 1506 478 discrimina
1524 446 1743 480 observanda
1759 456 1854 483 sunt.
1889 449 1972 483 Ideo
1990 451 2082 484 infra
2097 458 2169 486 tra-

1182 495 1317 528 duntur
1330 503 1514 540 praecepta
1529 496 1573 528 de
1589 496 1726 530 fallacia
1744 499 1951 539 accidentis,
1978 513 2022 535 ne
2039 508 2169 536 temere

1183 546 1450 580 confundantur
1466 547 1672 580 accidentia.

1610 637 1749 676 Quarta.

1271 698 1469 742 Pugnantia
1487 710 1560 731 non
1579 698 1790 732 tribuuntur
1807 699 1869 732 uni
1886 706 1919 733 et
1935 701 2046 735 eidem
2064 704 2169 738 simul

1183 756 1216 783 et
1246 756 1405 793 respectu
1434 750 1611 790 eiusdem,
1649 757 1705 783 ut:
1741 748 1977 793 Evangelium
2006 752 2171 797 prohibet

1183 800 1339 834 discerni
1366 801 1464 834 cibos
1492 807 1524 834 et
1553 801 1638 835 dies.
1690 800 1825 833 Medici
1854 802 1977 835 iubent
2005 805 2171 838 discerni.

1182 850 1278 885 Haec
1294 864 1367 884 non
1384 857 1554 895 pugnant,
1580 852 1661 897 quia
1679 851 1765 884 fines
1782 860 1862 885 sunt
1883 853 2025 887 diversi.
2051 853 2172 890 Evan-

1183 903 1313 946 gelium
1338 900 1502 946 prohibet
1524 903 1714 935 discrimen
1743 904 2043 946 superstitiosum,
2076 909 2173 952 quod

1184 954 1273 987 ritus
1299 965 1360 997 per
1385 965 1477 992 sese,
1509 954 1584 986 sine
1606 954 1734 995 pietate
1760 954 1905 994 mentis,
1932 962 2076 998 putatur
2101 969 2173 991 esse

1185 1005 1299 1038 cultus
1316 1003 1393 1040 Dei.
1428 1004 1475 1037 At
1491 1004 1624 1037 Medici
1643 1004 1832 1037 discrimen
1853 1006 2072 1049 praecipiunt
2090 1020 2174 1052 pro-

1185 1062 1262 1099 pter
1280 1055 1388 1088 alium
1406 1056 1529 1095 finem,
1556 1055 1688 1088 scilicet
1706 1056 1748 1088 ad
1771 1057 1877 1088 vitam
1894 1058 2052 1100 corporis
2070 1066 2175 1092 tuen-

1186 1108 1284 1145 dam,
1310 1114 1365 1139 ut:
1401 1105 1533 1138 Vinum
1561 1118 1634 1138 non
1659 1107 1799 1149 prodest
1819 1104 1873 1138 bis
1889 1108 1949 1151 qui
1968 1108 2058 1141 febri
2074 1110 2174 1143 labo-

1186 1165 1285 1194 rant,
1315 1164 1353 1190 ut
1379 1163 1494 1190 autem
1520 1163 1630 1190 artem
1656 1157 1846 1196 medicam,
1875 1164 1907 1190 et
1931 1158 2038 1191 vitam
2061 1160 2175 1204 ipsam

1187 1205 1362 1248 hominis,
1389 1208 1434 1241 ita
1452 1214 1484 1240 et
1501 1205 1586 1241 haec
1603 1207 1809 1240 discrimina
1828 1206 1922 1241 Deus
1941 1211 2125 1253 approbat.

1622 1297 1751 1335 Quinta.

1279 1367 1378 1401 Duae
1396 1367 1593 1401 contrariae
1611 1368 1797 1412 qualitates
1813 1369 1986 1411 graduum
2006 1372 2179 1405 excellen-

1187 1420 1277 1455 tium
1292 1431 1365 1452 non
1382 1425 1465 1452 sunt
1482 1418 1587 1451 simul
1604 1419 1640 1451 in
1658 1420 1779 1451 eodem
1799 1420 1976 1461 subiecto,
2005 1427 2058 1454 ut:
2075 1420 2178 1468 Aqua

1189 1472 1291 1504 valde
1309 1470 1486 1510 calefacta,
1508 1482 1581 1502 non
1597 1476 1711 1514 potest
1728 1470 1832 1503 simul
1853 1482 1925 1503 esse
1940 1472 2080 1515 frigida.
2108 1473 2178 1507 Sed

1189 1523 1357 1566 gradibus
1382 1521 1537 1554 remissis
1563 1521 1598 1553 in
1624 1521 1746 1553 eodem
1773 1521 1947 1563 subiecto,
1980 1525 2181 1557 contrariae

1190 1574 1377 1619 qualitates
1402 1572 1494 1605 inter
1517 1583 1552 1605 se
1569 1572 1741 1606 luctantes
1759 1584 1830 1605 esse
1850 1580 2016 1616 possunt,
2043 1581 2083 1608 ut
2099 1586 2180 1608 cum

1191 1624 1337 1658 remittit
1363 1623 1459 1657 calor
1477 1623 1514 1655 in
1532 1635 1641 1668 aqua,
1669 1623 1862 1665 frigiditas,
1890 1636 1980 1669 quae
2001 1631 2050 1658 est
2074 1632 2179 1659 natu—

1190 1677 1274 1709 ralis
1300 1674 1467 1721 qualitas,
1500 1674 1669 1718 paulatim
1697 1675 1821 1718 recipit
1849 1675 1958 1715 vires,
1994 1683 2026 1709 et
2058 1688 2180 1710 rursus

1192 1726 1367 1770 extinguit
1389 1726 1552 1758 calorem.
1607 1724 1665 1758 Sic
1697 1725 1733 1757 in
1766 1726 1870 1757 corde
1894 1724 2051 1758 hominis
2074 1727 2180 1760 simul

1192 1789 1263 1811 esse
1282 1784 1427 1821 possunt
1446 1788 1554 1820 pavor
1571 1782 1604 1809 et
1619 1775 1756 1808 laeticia
1769 1802 1778 1814 ,
1805 1777 1861 1808 sed
1886 1776 1920 1808 in
1941 1777 2107 1819 gradibus
2125 1790 2182 1811 re-

1192 1829 1307 1862 missis
1323 1835 1357 1861 et
1375 1828 1468 1860 inter
1483 1838 1517 1858 se
1534 1827 1718 1863 luctantes,
1746 1832 1800 1859 ut:
1829 1826 1943 1859 David
1962 1839 2039 1860 cum
2057 1829 2181 1862 obiur-

1192 1881 1333 1923 gatione
1357 1875 1498 1911 Nathan
1526 1883 1790 1914 consternatus,
1825 1884 1944 1920 postea
1969 1879 2069 1912 audit
2095 1891 2181 1912 con-

1192 1932 1422 1969 solationem,
1450 1928 1619 1972 paulatim
1639 1939 1673 1959 se
1690 1927 1810 1970 erigit,
1838 1934 1871 1961 et
1895 1929 1979 1960 fides
2004 1929 2092 1963 lenit
2117 1931 2182 1963 do-

1192 1983 1323 2021 lorem,
1350 1987 1383 2013 et
1397 1979 1557 2012 accendit
1575 1978 1718 2023 aliquod
1738 1979 1918 2021 gaudium.
1972 1978 2020 2012 Ili
2037 1980 2182 2015 affectus

1193 2033 1285 2066 iuter
1309 2044 1345 2065 se
1369 2032 1567 2069 luctantur,
1593 2030 1704 2062 donec
1729 2030 1871 2063 tandem
1889 2030 2000 2064 vincit
2016 2032 2121 2072 fides,
2149 2040 2181 2066 et

1191 2084 1309 2128 gaudii
1328 2093 1448 2115 sensus
1469 2087 1619 2125 superat.

1293 2151 1378 2184 Non
1395 2148 1503 2191 igitur
1521 2148 1612 2181 valet
1630 2148 1896 2193 consequentIa:

1346 2210 1387 2244 ln
1415 2208 1553 2243 Davide
1579 2215 1628 2242 est
1654 2209 1780 2241 fiducia
1805 2215 1838 2241 et
1861 2208 2029 2251 gaudium
2062 2209 2181 2243 audita

1390 2260 1652 2300 consolatione,

1347 2310 1442 2356 Ergo
1459 2323 1531 2345 non
1552 2318 1601 2344 est
1621 2311 1655 2342 in
1676 2322 1715 2342 eo
1732 2309 1935 2354 trepidatio.

1290 2372 1380 2405 Nam
1397 2370 1540 2415 utrique
1556 2369 1701 2402 affectus
1717 2368 1753 2400 in
1771 2368 1938 2410 gradibus
1958 2367 2111 2401 remissis
2131 2368 2181 2400 si-

1193 2424 1267 2457 mul
1287 2435 1360 2456 esse
1377 2428 1538 2467 possunt.

1629 2509 1744 2540 Sexta.

1299 2582 1397 2616 Inter
1419 2580 1613 2615 contrarias
1638 2581 1751 2624 posita
1776 2591 1848 2613 una
1865 2572 2035 2624 qualitate
2051 2580 2088 2612 in
2104 2591 2182 2623 gra-

1195 2636 1300 2668 dibus
1318 2632 1581 2670 excellentibus,
1609 2638 1813 2665 removetur
1830 2632 2007 2666 contraria
2023 2631 2186 2677 qualitas,

1196 2692 1236 2719 ut
1253 2685 1346 2718 valet
1363 2682 1631 2729 consequentia:

1630 2730 1709 2767 40*
