2379 2948
238 128 306 163 831

342 210 468 245 Daniel
493 211 528 242 in
552 208 629 241 aula
651 217 713 239 nec
730 205 838 237 minis
856 217 918 238 nec
937 211 1133 245 contemtu,
1162 215 1226 236 nec

243 262 416 297 illecebris
440 261 657 303 voluptatum
684 263 744 289 aut
770 256 944 300 potentiae
963 257 1075 289 victus
1093 262 1162 295 est,
1187 260 1226 287 nt

243 314 403 348 deficeret
424 323 441 344 a
467 322 549 343 vero
574 309 680 342 cultu.
741 307 843 340 Hanc
867 307 1100 340 constantiam
1125 304 1227 349 pauci

245 364 447 402 imitantur,
482 362 542 394 sed
571 359 631 404 qui
653 357 838 392 imitantur
863 356 1045 391 habebunt
1070 355 1226 399 ingentia

245 414 396 458 praemia
432 411 627 454 corporalia
663 416 696 443 et
726 409 939 453 spiritualia,
990 409 1079 441 sicut
1111 406 1228 451 inquit

244 472 371 499 textus:
401 463 649 496 Glorificantes
668 472 722 494 me
740 460 962 503 glorificabo,
987 467 1049 493 etc.

413 583 464 623 11.
527 581 688 634 Capitis
721 580 801 620 loci
836 577 1061 632 praecipui.

725 662 752 698 Ι.

345 725 439 759 Deus
462 724 592 757 revelat
616 723 740 756 ordine
763 729 914 767 quatuor
931 717 1172 761 monarchias,
1199 726 1233 753 et

247 785 392 812 testatur
417 777 451 808 in
478 776 546 807 fine
572 774 697 807 mundi
721 780 909 806 venturum
933 783 1080 815 regnum
1103 771 1232 815 sempi-

246 838 386 863 ternum
406 826 614 860 Sanctorum
626 852 634 865 ,
662 824 721 869 qui
738 823 852 856 Deum
870 835 950 856 vere
966 823 1159 855 coluerunt.

351 877 390 910 ln
414 875 479 910 hac
497 875 710 909 revelatione
731 875 884 918 primum
905 874 1034 917 populo
1054 873 1233 917 proposita

247 937 297 963 est
321 928 514 962 consolatio
540 934 573 960 et
595 926 764 960 doctrina,
817 924 994 957 Videbant
1020 936 1055 956 se
1080 936 1153 957 non
1173 925 1233 956 de-

247 987 356 1014 sertos
382 990 453 1012 esse
474 991 492 1011 a
512 976 606 1017 Deo,
634 990 711 1010 cum
729 974 907 1009 habebant
922 973 1118 1019 Prophetas
1136 975 1233 1015 tales,

247 1031 360 1076 qualis
388 1030 454 1063 fuit
470 1028 609 1063 Daniel.
658 1027 849 1061 Discebant
876 1027 981 1059 etiam
1007 1027 1149 1070 quando
1177 1038 1234 1058 ex-

247 1081 416 1126 pectanda
449 1090 520 1113 csse
551 1079 610 1112 illa
643 1085 809 1123 perpetua
840 1077 951 1120 gloria
979 1077 1149 1121 promissa
1174 1088 1235 1121 pa-

248 1133 373 1166 tribus.

349 1181 487 1215 Deinde
509 1192 568 1214 rex
592 1187 625 1214 et
644 1180 703 1212 alii
720 1177 977 1213 multiEthnici
994 1177 1059 1212 hac
1076 1179 1235 1213 doctrina

247 1232 419 1266 admoniti
447 1239 546 1272 sunt,
578 1238 617 1264 ut
639 1238 867 1273 agnoscerent
893 1242 1014 1263 verum
1039 1231 1176 1271 Deum,
1204 1237 1237 1263 et

248 1284 543 1328 amplecterentur
559 1293 659 1315 veros
676 1282 791 1315 cultus
810 1288 842 1314 et
860 1281 1006 1314 verbum
1024 1280 1103 1316 Dei.

720 1355 765 1389 11.

352 1416 583 1460 Exemplum,
622 1417 717 1460 quod
751 1422 897 1448 testatur
929 1414 1042 1449 Deum
1073 1415 1238 1448 exaudire

252 1470 346 1514 pios,
397 1475 430 1502 et
460 1469 543 1501 dare
576 1466 775 1511 petentibus
810 1467 922 1507 dona,
964 1466 1172 1510 sapientiam
1207 1472 1239 1498 et

250 1521 317 1553 alia
339 1521 441 1554 bona.

714 1591 777 1625 ΙΙΙ.

353 1652 636 1691 Testimonium,
668 1651 761 1695 quod
788 1650 933 1694 imperia
958 1650 1131 1683 divinitus
1155 1662 1239 1684 con—

252 1707 451 1741 stituantur.

702 1776 785 1811 1111.

354 1839 581 1879 Admonitio,
610 1838 703 1882 quod
724 1837 870 1880 imperia
890 1836 1059 1880 paulatim
1080 1843 1183 1869 ruant
1203 1836 1240 1868 in

253 1891 415 1924 deterius.
483 1889 681 1922 Posteriora
713 1888 863 1921 subinde
895 1888 1004 1930 magis
1037 1887 1240 1921 turbulenta

253 1949 378 1982 erunt,
421 1947 450 1973 et
483 1941 600 1973 minus
634 1941 742 1977 iusta,
779 1938 868 1972 sicut
891 1937 1094 1972 Romanum
1129 1939 1241 1972 multo

254 1994 320 2027 luit
337 1991 494 2036 asperius
510 2003 614 2036 quam
634 1990 823 2024 Persicum.

725 2063 768 2097 V.

357 2125 638 2163 Testimonium,
687 2125 782 2168 quod
819 2124 917 2157 liceat
953 2124 1091 2158 Sanctis
1124 2131 1242 2169 gerere

256 2179 495 2222 magistratus,
532 2175 612 2220 quia
632 2173 758 2207 Daniel
783 2172 840 2207 hic
860 2175 1023 2219 impetrat
1042 2176 1144 2209 sociis
1161 2189 1242 2221 pro-

256 2242 400 2263 VlllCtflS.

632 2320 690 2353 De
718 2322 747 2353 1.
776 2320 865 2353 loco.

362 2390 495 2423 Totum
527 2385 593 2420 hoc
625 2387 834 2420 miraculum
862 2383 1058 2419 exhibitum
1087 2393 1138 2420 est
1162 2400 1244 2432 pro-

260 2450 334 2486 pter
352 2447 503 2485 quatuor
521 2449 650 2471 causas.

360 2491 453 2533 Quia
471 2489 566 2523 Deus
589 2488 705 2523 testari
724 2488 836 2521 voluit
852 2488 964 2520 solum
980 2487 1161 2521 Iudaicum
1181 2501 1244 2533 po-

260 2544 382 2587 pulum
402 2539 530 2573 habere
549 2540 696 2573 verbum
713 2539 801 2579 Dei,
831 2546 864 2572 et
881 2550 981 2572 veros
999 2539 1124 2572 cultus.

363 2591 407 2625 [t
427 2589 546 2623 ludaei
565 2588 733 2623 haberent
749 2590 1038 2623 consolationem.

362 2640 407 2675 [ft
439 2641 480 2672 de
515 2647 670 2685 tempore
698 2642 834 2674 venturi
867 2641 964 2683 regni
990 2641 1150 2685 perpetui
1182 2643 1243 2675 ad-

259 2699 499 2727 monerentur.

830 119 955 154 PHlL.
983 117 1098 153 MEL.
1124 116 1331 153 SCRIPTA
1360 114 1657 152 EXEGETtCA.

1259 863 1261 883 ³
1287 864 1463 909 quandam
1480 864 1637 896 divinam
1654 862 1945 896 admonitionem.

2184 120 2258 156 832

1380 203 1428 238 Ut
1452 209 1742 236 converterentur
1767 202 1870 236 etiam
1888 201 2020 237 Gentes
2044 206 2084 238 ad
2109 205 2263 248 agnitio-

1278 268 1357 288 nem
1375 254 1454 288 Dei.

1381 305 1530 349 Propter
1553 302 1615 337 bas
1640 311 1753 337 tantas
1778 314 1898 336 causas
1923 303 2092 337 miracula
2109 305 2262 348 ingentia

1281 357 1460 401 proposita
1485 363 1586 395 sunt,
1615 363 1647 388 et
1672 356 1715 388 ad
1740 352 1806 390 hoc
1831 355 1983 387 delectae
2001 362 2081 387 sunt
2099 367 2171 388 non
2187 358 2265 390 vul-

1281 419 1377 451 gares
1396 419 1580 450 personae,
1609 407 1666 439 sed
1687 418 1745 438 rex
1763 406 1834 449 ipse
1853 412 1885 438 et
1903 405 2090 450 principeS.

1385 457 1436 491 Ac
1466 465 1504 491 ut
1534 458 1643 501 magis
1674 458 1895 500 perspicuum
1927 456 2043 496 fieret,
2082 456 2268 499 religiones

1282 506 1490 543 Clialdaicas
1513 509 1615 541 falsas
1641 520 1730 548 esse,
1759 507 1877 541 Unum
1904 519 1975 539 esse
1999 520 2120 540 verum
2143 507 2270 548 Deum,

1284 561 1343 604 qui
1371 559 1518 592 tradidit
1543 560 1689 591 verbum
1716 558 1846 602 populo
1867 556 1992 599 lsrael,
2021 558 2098 591 ideo
2117 559 2269 601 primum

1284 610 1515 642 confunditur
1535 610 1702 653 sapientia
1725 609 1933 652 Magorum,
1962 616 1994 642 et
2013 609 2129 653 patefit
2148 620 2269 642 eorum

1286 660 1445 705 impietas
1462 667 1493 693 et
1512 660 1667 693 caecitas,

1390 709 1466 743 Hoc
1489 717 1528 743 ut
1551 711 1625 743 fieri
1648 717 1783 753 posset,
1811 708 1905 743 Deus
1922 710 2034 744 voluit
2048 722 2162 754 regem
2179 710 2272 744 obli-

1286 762 1373 795 visci
1397 761 1546 804 somnii,
1576 768 1608 795 et
1632 768 1748 794 tamen
1766 761 1843 793 talis
1861 761 1926 795 suit
1943 761 2180 795 consternatio
2195 761 2272 795 ani-

1286 813 1335 846 mi
1367 820 1400 846 et
1431 811 1598 850 ἔκστασις
1632 812 1669 844 in
1701 824 1741 844 eo
1773 812 1929 852 somnio,
1963 819 2002 846 ut
2030 812 2177 846 senserit
2201 823 2273 845 esse

2000 862 2082 896 Ideo
2100 871 2170 897 tam
2185 864 2273 896 dura

1287 915 1398 948 edicta
1426 915 1612 958 proponit,
1648 912 1809 946 Minatur
1832 920 1979 946 mortem
2005 914 2274 952 coniectoribus,

1287 966 1356 999 nisi
1374 966 1488 1009 ipsum
1506 965 1683 998 somnium
1702 970 1859 998 narrent.

1391 1014 1444 1049 Et*
1470 1014 1575 1049 babet
1601 1015 1819 1059 probabilem
1845 1015 2032 1049 rationem.
2101 1014 2138 1049 Si
2167 1016 2276 1049 inter-

1290 1067 1503 1112 pretationes
1530 1066 1701 1100 divinitus
1726 1072 1984 1107 monstrantur,
2011 1073 2049 1099 ut
2072 1065 2277 1101 iactitabant

1289 1119 1520 1158 coniectores,
1549 1124 1662 1161 potest
1688 1116 1860 1149 divinitus
1884 1117 2074 1150 monstrari
2101 1129 2174 1151 non
2198 1124 2278 1151 tan-

1290 1177 1363 1203 tum
1399 1168 1662 1212 interpretatio,
1707 1169 1764 1200 sed
1798 1167 1901 1201 etiam
1938 1168 2051 1211 ipsum
2085 1168 2275 1202 somnium.

1291 1220 1329 1254 Si
1354 1232 1438 1253 vero
1463 1220 1705 1263 interpretatio
1730 1225 1780 1251 est
1807 1216 1962 1251 humana
1986 1219 2204 1260 coniectura,
2246 1226 2278 1253 et

1291 1284 1362 1304 non
1381 1270 1613 1315 proficiscitur
1631 1282 1650 1303 a
1666 1268 1741 1302 Deo
1753 1296 1761 1310 ‚
1789 1276 1839 1302 est
1856 1270 2020 1313 ambigna
2038 1277 2070 1303 et
2089 1263 2223 1303 fallax.⁴

1393 1319 1506 1364 Ergo,
1534 1321 1615 1366 quia
1642 1332 1714 1353 non
1740 1326 1885 1364 possunt
1911 1321 2066 1364 reperire
2090 1321 2278 1361 somnium,

1292 1379 1324 1406 et
1348 1371 1476 1405 Daniel
1501 1371 1648 1415 reperit,
1695 1377 1830 1403 constat
1858 1368 2119 1403 Chaldaeorum
2147 1371 2279 1405 doctri-

1291 1435 1371 1455 nam
1397 1434 1469 1455 non
1496 1433 1568 1454 esse
1594 1433 1611 1453 a
1634 1420 1728 1458 Deo,
1757 1422 1816 1453 sed
1842 1419 2000 1454 Danielis
2023 1421 2222 1455 doctrinam
2246 1430 2280 1456 et

1292 1473 1498 1516 religionem
1519 1484 1536 1505 a
1554 1470 1629 1505 Deo
1647 1472 1810 1504 traditam
1833 1483 1913 1504 esse.

1394 1523 1444 1557 Ita
1468 1523 1622 1566 primum
1645 1522 1845 1555 ostenditur
1861 1522 2121 1563 testimonium,
2148 1523 2279 1556 doctri-

1293 1586 1373 1607 nam
1406 1581 1438 1607 et
1462 1573 1649 1615 religiones
1674 1570 1883 1606 Clialdaicas
1912 1573 2014 1606 falsas
2042 1580 2075 1607 et
2098 1574 2280 1608 ementitas

1293 1636 1384 1665 esse,
1418 1624 1507 1657 sicut
1540 1624 1578 1655 in
1611 1624 1772 1668 Aegypto
1805 1623 1958 1656 convicti
1989 1631 2070 1657 sunt
2102 1623 2198 1667 Magi
2217 1631 2280 1658 etc.

1293 1676 1351 1710 Sic
1381 1674 1629 1708 universaliter
1653 1674 1690 1706 iu
1718 1674 1930 1708 revelatione
1955 1673 2142 1718 Evangelii
2167 1677 2282 1719 arguit

1292 1725 1389 1761 Deus
1408 1726 1618 1759 contrariam
1635 1725 1845 1758 doctrinam.

1397 1775 1449 1810 De
1473 1776 1611 1809 somnio
1634 1776 1789 1809 breviter
1808 1777 1906 1816 dico,
1935 1774 2010 1808 Illis
2028 1776 2175 1810 somniis
2189 1785 2281 1812 certo

1295 1828 1508 1861 credendum
1539 1839 1630 1867 esse,
1674 1827 1803 1871 quibus
1827 1826 1923 1861 Deus
1949 1827 2006 1860 dat
2030 1828 2283 1869 testimonium,

1295 1879 1388 1924 quod
1413 1878 1484 1911 siut
1503 1878 1676 1911 divinitus
1693 1885 1828 1911 ostensa
1843 1905 1851 1918 ,
1892 1878 1981 1910 sicut
1996 1875 2054 1911 hic
2071 1879 2281 1913 miraculum

1295 1930 1422 1973 reperti
1440 1928 1570 1962 somnii
1589 1935 1734 1962 testatur
1752 1927 1818 1961 hoc
1836 1928 2012 1962 somnium
2025 1928 2128 1962 aDeo
2141 1941 2223 1970 esse,
2248 1937 2283 1963 et

1295 1981 1391 2014 Deus
1411 1980 1496 2013 alibi
1513 1980 1614 2013 aliter
1632 1980 1788 2012 reddidit
1805 1987 1914 2012 certas
1931 1979 2171 2014 conscientias.

1398 2030 1588 2075 Postquam
1615 2037 1728 2064 autem
1755 2030 1882 2064 Daniel
1910 2037 2064 2063 recenset
2092 2031 2282 2072 somnium,

1299 2083 1370 2127 ipse
1397 2082 1651 2125 interpretatur
1674 2082 1717 2113 de
1739 2087 1891 2125 quatuor
1915 2079 2147 2121 monarchiis,
2183 2089 2215 2115 et
2239 2084 2283 2115 de

1296 2145 1404 2176 regno
1432 2139 1600 2177 perpetuo
1618 2130 1762 2166 Christi.
1806 2130 1899 2164 Haec
1916 2132 2090 2165 enarratio
2115 2144 2187 2166 non
2204 2139 2283 2166 tan—

1270 2216 1272 2227 ,
1298 2192 1370 2218 tum
1405 2191 1454 2217 est
1479 2182 1620 2227 politica
1646 2183 1688 2215 de
1715 2182 1891 2225 imperiis,
1927 2184 1985 2215 sed
2011 2183 2113 2216 etiam
2140 2184 2283 2227 praebet

1297 2235 1512 2268 occasionem
1544 2232 1686 2266 Danieli
1725 2234 1963 2266 concionandi
1995 2235 2036 2266 de
2071 2241 2143 2267 toto
2175 2246 2281 2278 regno

1298 2283 1450 2324 Christi,
1485 2286 1527 2317 de
1551 2283 1743 2316 novissimo
1770 2285 1920 2323 iudicio,
1948 2285 1989 2316 de
2015 2297 2115 2318 causa
2142 2286 2283 2328 peccati,

1298 2338 1340 2369 de
1375 2335 1591 2369 redemtione
1625 2343 1657 2367 et
1687 2335 1942 2368 instauratione
1967 2332 2112 2368 humani
2137 2336 2283 2378 generis,

1299 2388 1373 2421 Cur
1397 2387 1440 2420 sit
1465 2393 1561 2419 tanta
1588 2386 1710 2418 mundi
1733 2386 1901 2427 brevitas,
1930 2385 2044 2428 Quale
2063 2386 2108 2419 sit
2125 2386 2281 2419 futurum

1298 2444 1504 2483 perpetuum
1537 2448 1703 2477 reguum,
1747 2435 1873 2478 Utrum
1907 2437 1943 2469 in
1976 2434 2041 2469 hac
2066 2443 2189 2469 natura
2216 2437 2283 2469 im—

1298 2490 1429 2523 munda
1457 2488 1509 2520 vel
1538 2487 1621 2519 alia:
1652 2487 1777 2530 Qualis
1793 2487 1837 2520 sit
1854 2488 1993 2520 futurus
2010 2485 2224 2528 Redemtor,
2252 2494 2285 2521 et

1299 2540 1477 2585 quomodo
1501 2539 1542 2571 ad
1572 2535 1638 2570 hoc
1663 2550 1808 2580 regnum
1834 2537 2067 2581 perveniatur.
2124 2538 2173 2571 lta
2199 2536 2284 2571 haec

1299 2591 1413 2624 brevis
1447 2589 1601 2622 narratio
1626 2589 1869 2632 complectitur
1893 2600 2063 2620 summam
2089 2586 2283 2631 Evangelii.

1300 2642 1383 2675 ldeo
1408 2654 1479 2673 non
1499 2645 1636 2673 tantum
1655 2637 1711 2672 hic
1730 2639 1871 2683 politica
1891 2638 2049 2671 doctrina
2070 2639 2284 2680 observetur,

1298 2694 1357 2727 sed
1377 2692 1487 2726 multo
1506 2691 1614 2733 magis
1633 2689 1842 2732 evangelica.
