2379 2948
500 82 583 118 vn.

488 168 625 223 Caput
653 170 728 211 ΙΙΙ.

216 233 257 269 In
279 235 385 271 tertio
406 235 518 280 capite
543 236 612 269 iam
637 234 848 270 nominatim
873 233 1104 268 confirmatur

111 298 270 320 summus
286 287 446 320 sacerdos
471 286 582 327 Iesus,
609 287 670 331 qui
695 293 779 319 tunc
804 285 1013 328 gubernavit
1032 282 1103 318 Ec-

112 338 252 371 clesiam
270 338 306 370 in
323 337 452 373 reditu.
505 337 578 372 Ubi
593 336 783 380 descriptio
802 336 1022 368 observanda
1041 343 1101 377 est,

111 389 205 433 quod
225 401 303 422 cum
323 389 484 422 sacerdos
508 395 574 421 stat
602 398 718 420 coram
742 387 840 424 Deo,
868 386 904 419 id
930 392 1022 419 recte
1048 398 1100 419 se-

110 440 182 472 ruit
200 439 238 472 in
261 439 397 480 officio,
425 445 541 472 tamen
560 444 626 471 stat
642 449 752 481 prope
770 437 898 476 Satan,
925 443 963 470 ut
989 437 1100 481 impe-

110 490 185 524 diat
204 498 237 525 et
253 490 372 524 turbet
389 501 481 523 eum.
538 489 588 522 lta
605 500 742 532 semper
760 488 892 521 diaboli
916 494 948 521 et
977 500 1097 521 eorum

110 552 240 584 organa
257 547 431 575 conantur
446 539 640 574 Ecclesiam
660 539 821 579 turbare,
838 540 896 572 sed
918 539 1098 583 repellun-

109 598 168 624 tur
184 591 440 635 increpatione,
468 598 502 625 et
521 591 676 636 potentia
687 590 772 624 Filii
783 589 849 623 Dei
868 601 1098 634 propugnan-

109 642 153 675 tis
170 640 375 677 Ecclesiam.

209 693 360 727 Sordida
386 692 490 724 vestis
514 692 685 735 significat
712 692 847 725 luctum
880 698 913 725 et
938 691 1096 724 miserias

108 743 182 777 eius
200 743 381 787 temporis.
435 741 525 776 Cum
553 754 634 786 ergo
651 743 813 776 induitur
831 742 1017 786 splendida
1037 754 1096 775 ve-

107 800 176 834 ste,
211 794 426 837 significatur
450 800 559 827 status
585 794 734 827 felicior.
793 792 1011 827 Mutatoriae
1037 805 1097 825 ve-

106 852 173 878 stes
189 845 421 878 nominantur
442 845 647 888 splendidae
665 856 724 878 seu
746 844 910 886 festivae,
937 844 1019 890 quia
1039 844 1096 877 die

104 896 192 929 festo
212 903 369 929 mutatur
387 896 543 930 vestitus.

206 944 322 979 Dabo
352 945 422 979 tibi
453 944 688 980 ambulantes
715 957 760 980 es:
784 943 864 985 his,
901 944 968 993 qui
991 943 1095 978 adsi-

103 1000 223 1038 stunt,
258 998 293 1030 id
317 1005 384 1038 est,
417 999 607 1041 adiungam
643 998 709 1031 tibi
733 997 889 1041 Angelos
923 998 1094 1032 custodes,

102 1047 271 1083 Nominat
291 1050 472 1082 credentes
492 1050 658 1082 miracula
671 1077 679 1090 ,
708 1049 795 1082 sicut
811 1048 943 1081 Paulus
960 1048 1092 1093 inquit:

104 1098 235 1132 Sumus
261 1100 457 1144 spectaculo
475 1100 622 1142 Angelis
647 1107 679 1134 et
697 1098 915 1133 horninibus.
968 1098 1093 1131 Postea

103 1150 247 1184 additur
272 1151 459 1194 promissio
480 1162 637 1194 expressa
661 1152 703 1184 de
722 1150 870 1190 Messia,
896 1161 999 1194 quem
1026 1161 1092 1182 no—

104 1200 215 1234 minat
240 1199 390 1240 Semah,
418 1202 453 1234 id
473 1208 539 1241 est,
567 1200 774 1246 Orientem,
799 1208 831 1234 et
856 1201 903 1233 ait
919 1199 1032 1240 Deus,
1058 1211 1093 1232 se

102 1249 199 1285 hunc
222 1249 418 1286 Dominum
447 1253 637 1285 missurum
663 1264 753 1292 esse,
788 1258 823 1285 et
850 1251 886 1284 in
912 1263 951 1283 eo
976 1250 1092 1294 lapide

102 1302 232 1335 multos
256 1303 377 1336 oculos
403 1315 493 1343 esse,
521 1303 556 1335 id
580 1310 647 1343 est,
675 1301 771 1336 hunc
796 1302 949 1346 lapidem
978 1302 1091 1334 lucem

101 1353 180 1386 aliis
195 1353 438 1396 praebiturum
458 1365 549 1393 esse,
578 1361 610 1389 et
627 1353 722 1387 Deus
740 1354 813 1397 ipse
839 1353 973 1396 sculpet
998 1364 1090 1390 eum,

101 1403 265 1437 videlicet
302 1404 338 1436 in
378 1405 555 1448 passione,
588 1404 813 1449 praeparabit
836 1404 877 1436 ad
911 1410 1089 1435 aeternam

100 1454 269 1498 gloriam,
307 1455 402 1488 iuxta
430 1455 581 1489 dictum:
621 1454 673 1489 De
702 1460 858 1489 torrente
886 1453 924 1486 in
953 1453 1007 1486 via
1036 1453 1091 1487 bi-

99 1505 159 1539 bet
186 1512 249 1539 etc.

478 1554 614 1609 Caput
642 1557 738 1598 1111.

204 1621 244 1655 ln
266 1629 390 1667 quarto
412 1622 525 1666 capite
547 1623 777 1656 confirmatur
793 1623 863 1655 dux
879 1621 1089 1662 Zorobabel,

100 1673 158 1719 qui
185 1686 262 1706 cum
287 1674 413 1706 debeat
436 1674 588 1706 exercitu
615 1674 786 1717 populum
803 1673 1009 1712 defendere,
1036 1674 1089 1706 vi—

100 1728 158 1758 det
181 1736 214 1757 se
244 1737 317 1757 nou
343 1736 415 1757 esse
441 1736 559 1768 parem
584 1725 729 1765 vicinis,
756 1731 789 1757 et
814 1723 958 1756 inermis
984 1725 1087 1757 turba

99 1777 262 1808 nondum
293 1782 366 1808 erat
395 1776 509 1809 cincta
540 1775 745 1815 moenibus,
773 1781 811 1808 ut
833 1774 943 1807 arceri
972 1772 1088 1808 hostes

99 1834 252 1871 possent.
306 1825 374 1859 Hic
392 1834 483 1859 certe
501 1838 588 1871 opus
606 1833 677 1859 erat
695 1825 948 1859 consolatione.
999 1825 1090 1859 Pro—

99 1877 207 1911 mittit
231 1877 339 1921 igitur
364 1877 540 1910 Dominus
561 1878 803 1910 defensionem
829 1876 1004 1916 divinam,
1033 1878 1089 1910 in-

99 1929 240 1974 quiens:
269 1928 350 1962 Non
375 1929 412 1961 in
437 1929 609 1968 exercitu,
636 1941 709 1962 non
734 1929 771 1961 in
789 1928 936 1967 robore,
964 1929 1023 1961 sed
1051 1929 1087 1961 in

99 1979 236 2023 Spiritu
269 1992 364 2018 meo,
400 1980 485 2013 dicit
512 1980 713 2022 Dominus,
749 1987 782 2013 et
818 1979 917 2012 addit
950 1987 1088 2014 montes

100 2041 262 2073 magnos,
290 2031 326 2064 id
345 2037 416 2071 est,
443 2031 589 2075 imperia
611 2043 683 2063 non
701 2032 775 2064 fore
793 2030 864 2064 illis
881 2031 1001 2072 exitio,
1029 2032 1086 2063 sed

112 84 186 120 995

99 2080 175 2113 fore
207 2081 328 2125 plana,
361 2089 400 2116 ut
423 2082 588 2126 deinceps
605 2081 749 2122 Persae,
778 2081 1000 2122 Alexander,
1030 2080 1088 2114 lu-
1113 2102 1115 2111 ι
1142 2109 1220 2142 ficut
1247 2108 1477 2152 pertinaciqm
1512 2107 1549 2139 in
1579 2108 1758 2140 erroribus

99 2131 189 2172 lius,
226 2134 423 2166 concedunt
446 2145 565 2176 pacem
591 2131 672 2166 huic
698 2133 804 2177 genti.
865 2132 914 2167 Ita
942 2133 1089 2167 mirabi-

99 2182 179 2215 liter
190 2181 284 2216 Deus
301 2191 413 2217 servat
424 2182 616 2217 Ecclesiam
635 2197 708 2217 non
730 2182 915 2218 habentem
933 2183 1088 2218 bumana

99 2233 291 2278 praesidia,
316 2234 403 2268 sicut
420 2235 551 2280 inquit:
580 2234 688 2269 Posui
710 2236 748 2268 in
771 2248 831 2268 ore
856 2243 916 2270 tuo
941 2237 1087 2269 verbum

99 2335 237 2379 plantes
255 2336 382 2371 coelos.

203 2385 302 2420 Duae
327 2387 441 2429 spicae
465 2387 576 2425 oleae,
610 2395 693 2422 sunt
718 2390 878 2423 sacerdos
909 2389 1023 2430 Iesus,
1057 2395 1089 2422 et

100 2437 170 2470 dux
188 2437 399 2474 Zorobabel.

492 2495 627 2550 Caput
651 2497 705 2539 V.

203 2561 244 2595 ln
266 2563 391 2607 quinto
409 2564 540 2606 capite,
571 2575 649 2595 cum
667 2571 766 2597 antea
783 2565 1008 2609 descripserit
1027 2565 1088 2597 in-

100 2615 353 2648 staurationem
376 2612 553 2646 Ecclesiae
584 2620 616 2646 et
644 2614 762 2654 urbis,
789 2627 884 2647 nunc
916 2615 1088 2659 praedicit

102 2671 278 2697 secuturas
318 2676 389 2697 esse
424 2665 640 2708 corruptelas
680 2666 860 2698 doctrinae
889 2673 921 2699 et
948 2678 1088 2710 poenas.

153 2718 328 2748 MELANTH.
359 2719 461 2749 Orrss.
488 2718 568 2747 Yon.
599 2716 691 2747 XIII.

635 81 1042 119 COMMENTARIUS
1068 83 1118 118 IN
1141 82 1458 119 PROPHETAM
1484 83 1794 121 ZACHARIAM.

2081 88 2155 125 994

1157 168 1252 202 Haec
1286 169 1334 203 ita
1366 170 1455 204 fiunt
1486 171 1644 205 restituta
1672 168 1848 212 Ecclesia,
1883 179 2000 216 postea
2025 186 2146 209 rursus

1158 227 1356 265 sequuntur
1378 221 1461 253 vitia
1483 229 1516 255 et
1541 234 1684 265 poenae.
1737 221 1862 256 Statim
1890 231 1967 266 post
1990 224 2144 258 Alexan-

1156 272 1259 304 drum
1284 270 1454 314 Magnum
1482 272 1610 304 summi
1631 275 1826 306 sacerdotes
1851 272 2061 307 ludaeorum
2088 277 2144 308 in-

1154 322 1327 354 flexerunt
1352 334 1387 354 se
1408 323 1448 354 ad
1469 322 1604 355 vicinos
1619 335 1730 365 reges,
1757 332 1968 368 acceperuut
1989 324 2144 360 Graecos

1154 384 1288 412 mores,
1323 379 1486 405 emerunt
1511 384 1687 406 summurn
1715 375 1949 409 sacerdotium
1974 388 1992 408 a
2016 377 2143 410 vicinis

1154 424 1311 466 regibus,
1346 429 1568 456 certaverunt
1594 424 1804 470 parricidiis,
1857 425 1982 459 Secuta
2007 434 2055 460 est
2077 428 2143 470 igi-

1154 480 1211 507 tur
1233 472 1415 507 horribilis
1445 485 1576 519 poena,
1611 482 1788 516 grassante
1809 473 1999 510 Antiocho,
2060 477 2144 513 Post

1153 522 1219 558 hoc
1246 525 1377 557 malurn
1403 521 1584 556 Pharisaei
1619 531 1651 557 et
1674 524 1870 559 Sadducaei
1902 528 2013 562 exorti
2047 537 2141 565 sunt.

1153 575 1247 609 Haec
1271 576 1390 608 omnia
1409 575 1652 617 significantur
1670 573 1724 607 his
1745 576 1849 622 typis,

1254 626 1431 659 Volumen
1456 625 1579 659 volans
1595 633 1644 659 est
1659 626 1744 659 falsa
1760 627 1938 668 doctrina,
1966 641 2053 673 quae
2074 631 2140 664 late

1151 684 1315 721 vagatur,
1339 677 1376 709 in
1397 689 1464 722 qua
1491 677 1585 709 fures
1609 684 1641 710 et
1666 677 1799 720 periuri
1817 680 2076 725 approbantur,
2104 682 2138 714 id

1150 736 1218 769 est,
1244 727 1404 761 doctrina
1422 727 1488 761 erit
1505 727 1673 760 instructa
1695 728 1736 760 ad
1756 729 1964 770 avariciam,
1992 737 2029 763 ut
2046 734 2139 774 apud

1152 779 1229 812 illos
1247 779 1412 812 sacrificia
1429 778 1656 811 cumulabant
1677 790 1758 822 opes
1775 786 1838 812 etc.
1888 778 1990 813 Hanc
2008 782 2139 814 doctri-

1149 842 1229 862 nam
1248 830 1409 863 nominat
1434 837 1466 863 et
1489 829 1661 873 periuria,
1689 831 1770 874 quia
1796 829 1998 864 immediate
2022 830 2137 866 Deum

1149 881 1362 914 contumelia
1381 881 1506 921 afficit,
1532 879 1630 913 addit
1657 887 1771 913 autem
1798 882 1840 913 de
1864 893 1987 925 poena.
2041 882 2136 917 Haec

1148 933 1231 964 falsa
1259 932 1440 971 doctrina,
1469 931 1604 976 inquit,
1631 931 1696 964 erit
1721 931 1804 974 ipsis
1829 932 1953 973 exitio,
1981 933 2070 967 sicut
2098 934 2135 967 in

1150 983 1241 1015 bello
1267 980 1437 1016 Antiochi
1466 982 1609 1022 accidit,
1647 988 1680 1014 ct
1704 989 1841 1029 postea,
1877 996 1955 1015 cum
1981 983 2136 1017 Romani

1147 1034 1352 1067 deleverunt
1379 1032 1675 1078 Hierosolymam.
1737 1032 1787 1066 Ita
1817 1041 1932 1066 tamen
1966 1036 2136 1077 gubernat

1148 1096 1277 1128 poenas
1292 1083 1406 1122 Deus,
1435 1091 1472 1118 ut
1489 1091 1600 1117 servet
1619 1084 1754 1128 aliquas
1774 1084 1940 1129 reliquias
1959 1097 2058 1118 verae
2068 1084 2137 1120 Ec-

1147 1136 1290 1175 clesiae,
1318 1142 1356 1168 ut
1378 1134 1535 1169 Esa.24.
1566 1135 1698 1179 inquit:
1733 1133 1812 1167 Erit
1835 1135 2035 1177 vindemia,
2070 1137 2135 1171 etsi

1147 1186 1247 1228 pauci
1279 1186 1408 1218 racemi
1439 1185 1568 1230 reliqui
1600 1186 1669 1218 sint
1696 1192 1758 1220 etc.
1819 1184 1864 1219 Et
1888 1199 1961 1230 cap.
1992 1187 2135 1221 ultimo:

1149 1236 1192 1270 Ut
1210 1237 1237 1269 si
1257 1237 1461 1269 inveniatur
1477 1248 1624 1279 granum
1645 1236 1681 1268 in
1700 1234 1813 1271 horto.
1852 1236 1939 1270 Item
1958 1237 1993 1269 in
2007 1238 2133 1272 Amos:

1146 1286 1234 1320 Ecce
1251 1288 1342 1320 oculi
1362 1286 1508 1320 Domini
1535 1298 1638 1330 super
1664 1298 1808 1328 regnum
1828 1299 1972 1330 peccans
1987 1295 2068 1326 etc.‚
2096 1290 2133 1322 id

1145 1345 1215 1378 est,
1239 1350 1350 1371 reum.
1404 1337 1443 1370 ln
1469 1338 1583 1380 gladio
1610 1337 1806 1369 morientur
1831 1350 1952 1370 omnes
1977 1347 2134 1380 peccato-

1145 1400 1198 1420 res
1216 1389 1338 1435 populi
1356 1388 1424 1420 mei
1440 1395 1505 1422 etc.
1557 1385 1603 1420 Et
1627 1394 1742 1419 tamen
1768 1398 1915 1429 granum
1943 1401 2014 1420 non
2035 1391 2134 1424 cadet

1144 1450 1249 1482 super
1279 1445 1428 1479 terram,
1465 1439 1553 1471 sicut
1584 1438 1696 1470 deleta
1732 1436 1979 1483 Hierosolyma
2016 1446 2133 1474 tamen

1143 1489 1287 1522 fuerunt
1310 1489 1513 1532 superstites
1529 1489 1693 1533 discipuli
1713 1488 1980 1532 Apostolorum.

1244 1549 1365 1582 Altera
1384 1549 1499 1592 imago
1517 1548 1566 1581 sic
1583 1548 1756 1592 pingitur:
1786 1547 1924 1592 Species
1949 1550 2132 1590 medimni,

1144 1600 1180 1632 in
1204 1613 1308 1645 quem
1336 1600 1529 1634 collocatur
1554 1599 1683 1632 mulier
1708 1605 1740 1633 et
1760 1607 1876 1643 postea
1901 1599 2060 1634 iniicitur
2080 1608 2132 1635 ta-

1143 1651 1277 1684 lentum
1300 1651 1451 1698 plumbi.
1513 1649 1694 1683 Accedunt
1716 1657 1830 1683 autem
1857 1650 1944 1683 duae
1967 1651 2132 1685 mulieres

1143 1702 1273 1742 alatae,
1301 1713 1389 1746 quae
1414 1701 1632 1734 medimnum
1653 1698 1787 1734 vehunt
1811 1701 1847 1733 in
1866 1707 1993 1735 terram
2011 1702 2131 1748 Baby-

1143 1753 1246 1785 lonis.
1298 1752 1505 1785 ⁷Medimnus
1532 1751 1703 1794 significat
1739 1750 1796 1784 hic
1830 1758 1966 1785 coetum
2002 1754 2130 1796 guber-

1143 1804 1304 1837 nantium
1329 1801 1533 1836 Ecclesiam.
1588 1801 1670 1835 Ideo
1696 1803 1856 1836 nominat
1881 1815 1959 1835 eum
1987 1804 2128 1837 oculum

1143 1861 1265 1888 terrae.
1321 1853 1361 1886 ln
1388 1851 1453 1886 hoc
1478 1860 1577 1887 coetu
1600 1853 1649 1885 ait
1669 1854 1789 1886 sedere
1810 1854 2011 1892 mulierem,
2039 1867 2130 1898 quae

1143 1906 1347 1938 nominatur
1367 1904 1550 1948 impietas,
1582 1904 1616 1936 id
1640 1910 1711 1943 est,
1739 1903 1846 1947 impia
1867 1905 2046 1945 doctrina,
2078 1913 2130 1939 ta-

1143 1957 1184 1989 lis
1202 1955 1500 1998 fuitcongregatio
1511 1953 1781 1987 Pharisaeorum
1798 1962 1830 1988 et
1840 1954 2128 1990 Sadducaeorum

1143 2013 1221 2054 post
1243 2004 1455 2049 Prophetam
1472 2003 1698 2044 Zachariam,
1728 2005 1787 2050 qui
1814 2006 1996 2039 manifeste
2022 2007 2128 2051 impia

1142 2059 1301 2103 (logmata
1319 2058 1507 2090 finxerunt.
1557 2055 1746 2089 Talentum
1763 2068 1846 2089 vero
1864 2057 2000 2100 plumbi
2019 2057 2129 2100 signi-

1831 2106 1929 2141 Duae
1965 2108 2129 2141 mulieres

1141 2158 1250 2193 alatae
1280 2156 1444 2192 vehentes
1468 2158 1685 2191 medimnum
1716 2159 1754 2190 in
1783 2165 1911 2191 terram
1936 2156 2129 2203 Babyloni-

1141 2223 1237 2250 cam,
1271 2210 1468 2253 significant
1501 2209 1634 2242 similes
1665 2221 1802 2242 errores
1834 2216 2012 2242 secuturos
2046 2221 2129 2250 esse,

1113 2264 1115 2276 ¹
1142 2262 1245 2295 etiam
1271 2269 1348 2305 post
1373 2259 1479 2294 huius
1497 2260 1617 2304 populi
1634 2260 1813 2303 politiam,
1842 2266 1874 2292 et
1898 2259 2055 2291 existimo
2080 2262 2130 2292 si-

100 2296 235 2324 meum'
271 2292 303 2318 et
333 2285 458 2318 umbra
481 2298 606 2319 manus
633 2299 728 2320 meae
752 2294 931 2331 protegam
958 2295 1010 2325 ω’
1050 2293 1089 2320 ιη
1113 2301 1114 2325 ³
1140 2313 1298 2355 gnificari
1314 2309 1572 2345 Mahometicos
1589 2311 1742 2347 furores,
1771 2310 1831 2354 qui
1851 2310 1918 2342 iarn
1935 2310 2035 2343 annis
2054 2310 2128 2344 900

1141 2370 1288 2407 regnant
1307 2363 1343 2396 in
1362 2362 1564 2407 Babylone,
1587 2369 1619 2394 et
1639 2361 1805 2404 papistica
1823 2360 1936 2399 idola,
1966 2373 2054 2405 quae
2071 2373 2128 2394 re-

1140 2422 1249 2458 gnant
1274 2415 1311 2446 in
1334 2414 1442 2447 altera
1469 2412 1651 2457 Babylone
1676 2411 1712 2443 in
1734 2412 1822 2444 urbe
1841 2409 1968 2446 Roma.
2030 2410 2129 2446 Duae

1141 2466 1308 2499 mulieres
1322 2465 1432 2498 alatae
1449 2465 1534 2496 duas
1553 2469 1660 2495 sectas
1676 2462 1885 2504 significant.

1511 2536 1647 2590 Caput
1676 2537 1753 2578 VI,

1245 2612 1283 2645 In
1307 2619 1401 2646 sexto
1426 2611 1537 2655 capite
1560 2622 1682 2644 rursus
1705 2613 1892 2645 traduntur
1916 2613 2129 2645 consolatio-

1141 2676 1222 2705 nes,
1249 2663 1365 2710 pingit
1388 2674 1496 2707 equos
1521 2670 1553 2695 et
1570 2662 1775 2706 quadrigas,
1802 2663 1930 2707 quibus
1953 2664 2128 2706 significa-

1576 2713 1623 2747 63
