2399 2974
261 120 284 153 5
2240 119 2264 154 4

266 203 357 231 diens
380 201 461 231 enim
485 209 546 230 non
571 199 678 239 procul
702 209 720 229 a
743 199 874 228 materia
896 195 1047 227 discedit,
1071 199 1104 224 ct
1126 195 1263 225 omnium
1288 204 1404 225 causas
1427 196 1458 225 in
1481 197 1616 227 materia
1637 201 1815 227 monstrare
1839 203 1980 229 conatur.
2029 201 2101 231 Nec
2124 200 2267 240 profecto

267 244 439 274 absurdum
463 249 532 273 est.
563 244 682 271 formas
711 240 942 270 substantiales
964 238 1162 277 intelligere,
1195 243 1247 267 aut
1273 239 1360 276 ipsas
1383 248 1510 270 crases.
1542 246 1613 278 aut,
1642 245 1676 269 ut.
1699 241 1825 278 putavit
1855 240 2081 282 Andronicus,
2112 242 2269 281 δυνάμεις

267 293 354 315 ortus
377 296 395 315 a
418 286 573 315 crasibus.
619 286 700 313 Cum
723 284 818 321 igitur
834 279 1027 310 Aristotcles
1042 279 1164 311 definit.
1187 282 1321 309 animam
1338 290 1413 309 esse
1437 280 1651 319 zrrss‘oeyrzar,
1673 292 1734 311 nou
1757 283 1907 321 iutelligit
1929 284 2063 314 animam
2086 295 2160 315 esse
2183 285 2268 315 aliud

268 328 424 366 quoddam
449 327 688 365 corpusculum.
712 330 746 353 ut.
770 324 916 362 spiritum
938 323 1088 354 vitalem,
1112 328 1165 351 aut
1189 323 1279 351 aliam
1303 323 1459 361 quandam
1484 325 1667 362 materiam,
1691 323 1749 353 sed
1772 325 1921 364 iutelligit
1945 335 2018 354 esse
2043 326 2184 366 formam,
2207 327 2268 357 hoc

269 376 338 401 est.
374 379 430 399 seu
456 373 740 407 ttemperamentum
763 366 883 404 ipsum,
919 375 977 394 seu
1001 362 1158 401 δύναμιν,
1194 373 1274 402 quae
1299 370 1351 394 est
1380 370 1634 403 temperamento
1658 368 1816 405 proxima.
1851 377 1933 406 «piae
1957 374 2007 397 est
2030 369 2102 406 ipsa
2124 372 2268 399 animans

271 413 336 440 xita
361 422 417 441 scu
442 412 582 450 agitatio.
627 409 716 437 llaec
746 414 795 437 est
821 407 956 446 simplex
980 412 1012 436 et
1042 416 1195 445 germana
1213 407 1400 436 Aristotelis
1429 410 1604 446 sententia.
1636 414 1667 438 ut
1693 410 1874 447 exemplum
1898 411 1966 439 eius
1990 415 2137 439 testatur.
2179 411 2268 440 Con-

271 454 332 483 sert
359 455 441 482 enini
466 451 581 482 animal
606 450 643 479 ad
669 450 800 479 oculum.
853 450 911 479 [ί.
941 449 1058 487 inquit.
1090 449 1202 477 ocutus
1224 453 1347 477 constat
1374 458 1415 477 cx
1438 459 1568 487 corpore
1592 451 1671 480 ocuti
1696 457 1727 480 ct
1751 452 1840 489 visu„
1870 453 1913 481 ita
1937 453 2050 481 animal
2075 462 2115 481 ex
2138 461 2269 491 corpore

272 502 303 525 et
330 496 441 524 anima.
488 495 525 522 Et
553 493 634 521 sicut
656 494 748 521 visus
772 498 820 521 est
847 492 928 521 oculi
953 489 1154 528 ἐιίε).ἑχεια,
1178 491 1223 519 sic
1247 491 1349 519 anima
1373 492 1522 529 corporis.
1567 493 1637 521 Non
1663 499 1714 522 est
1737 499 1845 522 autem
1869 495 1962 523 visus
1985 494 2067 524 aliud
2092 503 2270 532 corpuscu-

270 538 351 567 lum.
375 537 430 565 sed
456 537 540 573 ipsa.
565 540 596 563 ut
622 535 665 563 ita
689 534 801 565 dicam,
825 534 905 563 oculi
929 534 1013 563 vita.
1036 542 1129 571 quain
1147 533 1286 561 Galenus
1311 541 1370 560 uon
1386 532 1536 562 discernit
1561 544 1578 562 a
1602 540 1861 573 temperamento
1906 537 1956 566 Ac
1979 537 2170 568 memineris.
2192 537 2271 565 Ari-

272 580 423 608 stotelem
447 587 508 606 non
533 576 572 605 dc
597 577 742 605 rationali
767 577 869 606 anima
901 581 1040 604 tantum.
1078 573 1135 602 sed
1160 574 1198 602 de
1221 574 1352 612 reliquis
1381 576 1475 603 etiam
1500 576 1529 603 iu
1554 585 1674 614 genere
1697 577 1796 614 loqui,
1833 578 1871 606 de
1895 580 1999 607 anima
2021 580 2051 607 iu
2076 579 2208 617 plantis.
2239 580 2270 607 in

272 620 456 659 pecudibus.
502 619 599 657 ldque
623 625 728 648 mouet
753 619 839 656 ipse.
864 623 895 646 et¹
920 617 1040 646 diserte
1064 617 1248 654 prolitetur,
1272 616 1332 644 has
1355 617 1476 644 animas
1493 627 1623 655 quarum
1648 619 1790 648 actiones
1811 625 1935 648 tantum
1957 622 2019 650 sint
2040 622 2180 658 corporis
2199 630 2272 650 mo-

272 670 341 691 tus.
372 669 404 691 ut
430 662 652 701 vegetativam
681 666 709 689 et
737 661 941 689 sensitivam.
971 669 1031 687 uon
1057 659 1197 686 existere
1223 659 1293 686 sine
1320 659 1512 697 corporibus.
1566 659 1632 688 Sed
1663 666 1768 689 tamen
1792 661 1894 691 addit:
1924 663 1998 691 nihil
2022 663 2182 701 prohibet,
2211 663 2273 694 ali-

271 714 363 743 quam
387 705 539 735 animam,
563 703 710 731 videlicet
736 702 938 731 rationalem.
962 701 1104 729 existere
1129 701 1197 729 sinc
1221 710 1360 738 corpore.

560 759 698 789 Rectene
723 759 817 789 vertit
844 758 953 789 Ficcro
977 756 1182 796 ἐντελέχειαν
1204 758 1424 788 continuatum
1449 754 1647 789 motionem?

271 819 341 858 Ego
365 828 443 848 xero
467 828 539 847 eos.
563 818 615 856 qui
639 817 799 857 flagellant
826 816 1032 851 Ciceronem,
1056 826 1092 845 ac
1116 822 1247 855 putant.
1270 817 1456 845 Aristotelis
1478 818 1671 846 sententiam
1693 827 1756 846 nou
1781 818 1862 847 satis
1884 822 2070 847 assecutum
2092 826 2186 855 esse,
2209 816 2277 846 salli

271 862 360 898 ipsos
384 862 488 899 potius
512 860 631 896 iudico.
661 866 690 889 et
722 860 830 898 procul
859 860 897 888 al)
921 859 1109 887 Aristotelis
1140 859 1302 888 sententia
1326 858 1480 888 deerrare.
1530 859 1605 888 Ideo
1629 860 1713 888 euim
1736 860 1856 888 malunt¹
1879 861 1964 889 verti
1988 858 2178 889 inferiorem
2198 867 2276 898 per-

273 902 464 942 fectionem,
487 903 559 940 quia
583 901 758 933 somniant,
781 902 917 930 animam
941 901 991 930 hic
1014 900 1153 939 definiri,
1176 910 1257 939 quae
1282 903 1323 930 sit
1347 901 1407 930 alia
1430 901 1587 940 quaedam
1610 902 1742 931 materia
1765 912 1916 941 movens.
1947 902 2035 931 velut
2060 902 2090 930 iu
2114 902 2188 930 navi
2211 910 2276 940 gu-

275 946 431 973 beruator.
476 945 521 973 At
545 944 759 981 Aristoteles.
789 949 821 972 ut
848 944 965 972 dictum
990 948 1058 974 cst.
1088 944 1181 982 louge
1205 943 1289 972 aliud
1312 943 1427 981 sentit,
1457 943 1607 973 videncet
1631 945 1767 973 animam
1790 953 1865 973 esse
1888 945 1989 982 ipsam
2012 954 2070 973 seu
2094 945 2194 973 vitam
2217 952 2278 972 seu

274 987 489 1025 agitationem.
536 987 647 1025 Itaque
671 991 703 1015 et
727 995 840 1015 nomeu
865 983 1050 1023 ἐντελέχεια
1065 986 1126 1014 huc
1140 985 1413 1017 accommodatur,
1435 995 1496 1025 quo
1519 987 1591 1015 alibi
1614 996 1693 1015 usus
1717 992 1766 1015 est
1792 987 1821 1015 in
1839 986 2022 1015 definitione
2045 991 2161 1024 motus,
2183 994 2276 1024 quem

274 1029 423 1057 describit
450 1038 525 1057 esse
548 1029 729 1057 continuam
753 1027 927 1066 quandam.
951 1033 983 1056 ut
1009 1029 1053 1056 ita
1077 1028 1194 1062 dicam,
1217 1028 1438 1066 agitationem,
1462 1038 1523 1066 qua
1547 1030 1719 1066 acquiritur
1742 1029 1796 1058 vel
1819 1030 1921 1066 calor,
1951 1029 2003 1058 vel
2027 1029 2126 1058 locus.
2170 1028 2277 1066 Quare

274 1080 344 1100 cum
370 1071 505 1100 animam
529 1071 723 1111 intelligeret
748 1079 823 1100 esse
845 1071 948 1109 ipsam
971 1071 1086 1109 vitam,
1100 1071 1247 1101 maxime
1270 1069 1419 1099 iudicavit
1443 1080 1556 1099 nomen
1582 1069 1783 1108 ἐντελεχείας
1805 1071 1867 1100 linc
1889 1070 2074 1109 quadrare.”

1516 1119 1660 1157 [Desinit
1683 1120 1733 1149 hie
1755 1120 1974 1159 autographon
1997 1120 2076 1150 Phil.
2099 1119 2193 1158 Met]

940 1208 977 1237 B.
1022 1206 1182 1238 Sebeda
1212 1206 1252 1237 in
1284 1205 1377 1237 bibl.
1406 1207 1612 1248 Hannon,

274 1275 354 1304 quae
379 1271 450 1295 sunt
477 1265 538 1294 duo
563 1265 719 1295 semisolia
742 1274 803 1294 non
826 1266 910 1294 inter
934 1275 970 1294 se
990 1265 1211 1303 cohaerentia,
1242 1265 1357 1303 quibus
1379 1266 1566 1304 inscriptum
1591 1271 1642 1296 est
1663 1267 1768 1297 aliena
1790 1275 1900 1297 mauu:
1932 1264 2079 1304 „Qiet'ess'
2102 1264 2129 1302 so
2153 1264 2206 1300 (tuf
2227 1263 2281 1296 bie

273 1307 318 1342 t'cn
342 1308 360 1336 2
376 1307 520 1338 §Bibittcrn
543 1307 591 1345 sict)
616 1308 757 1344 befinbcts
779 1310 827 1344 bat
851 1306 1009 1345 albinam&
1025 1307 1231 1344 &Relattdjtlwn
1257 1306 1309 1337 mit
1334 1306 1443 1346 cigencr
1459 1308 1550 1349 Sganb
1566 1308 1751 1347 gesdnicbcn'
1775 1311 1833 1339 unb
1858 1308 1890 1343 ist
1912 1308 2029 1338 rcx123.
2049 1305 2133 1343 aptit
2149 1316 2177 1335 a.
2197 1306 2277 1334 1698

275 1359 331 1379 ren
361 1352 423 1379 tent
446 1349 508 1389 59¹¹-
532 1349 721 1378 Professore
753 1353 811 1379 unt*
842 1352 889 1379 ter
918 1349 1090 1387 lIttiecrst'tti't
1118 1349 1227 1389 Rcip5ig
1259 1348 1399 1386 bcstcltten
1423 1351 1669 1379 Bibliothecario
1699 1349 1821 1379 Foth-ro
1845 1350 1948 1379 Mons.
1972 1348 2117 1387 Philippo
2140 1347 2280 1386 Ludwig

276 1392 455 1427 Btssunern,
480 1392 514 1422 S.
540 1392 572 1421 S.
598 1392 791 1431 Theologiae
815 1391 958 1421 studioso
981 1401 1015 1432 52¹
1040 1393 1118 1428 zena
1143 1391 1172 1422 in
1196 1390 1305 1431 Reimig
1329 1394 1455 1430 nercbret
1478 1396 1612 1429 inathen!
1643 1393 1756 1430 metam
1780 1391 1849 1429 mid)
1873 1390 1965 1422 vomit
1987 1390 2090 1422 miebet
2113 1388 2256 1430 regaliter.

1777 1444 1811 1476 Ε.
1835 1444 1863 1476 ἓ.
1887 1443 2025 1482 2sreutb.'’

1006 1500 1058 1540 (In
1078 1499 1190 1541 prima
1212 1499 1328 1531 scheda
1349 1501 1534 1542 legunturz)

275 1559 346 1596 ..At
371 1559 400 1587 in
426 1558 610 1588 delinitione
634 1563 742 1588 motus
772 1558 981 1599 intelligenda
1010 1564 1060 1588 est
1092 1558 1301 1588 accidentalis
1332 1557 1530 1597 ἐνδελέχεια.
1572 1560 1769 1589 Aristoteles
1799 1560 1938 1599 exempli
1967 1567 2065 1589 causa
2086 1558 2168 1588 haec
2189 1557 2281 1587 dicit:

274 1601 422 1630 Alterum
446 1610 482 1630 se
505 1601 600 1630 habet
627 1596 669 1634 ὦς
692 1599 872 1640 ἐπιστήμη,
896 1603 1032 1631 alterum
1059 1596 1100 1634 ὥς
1121 1600 1158 1630 τὸ
1182 1602 1334 1639 θεωρεῖν,
1356 1601 1387 1630 id
1411 1607 1472 1640 est.
1496 1602 1631 1631 alterum
1655 1602 1881 1641 propemodum
1906 1611 1942 1631 se
1965 1602 2062 1631 habet
2085 1606 2120 1630 ut
2140 1600 2282 1639 habitus,

277 1643 415 1672 alterum
436 1643 526 1672 velut
552 1649 654 1672 aetus,
699 1643 759 1672 Est
784 1644 880 1682 igitur
904 1642 1091 1681 ἐνδελέχεια
1114 1644 1203 1673 velut
1228 1644 1398 1672 habitualis
1422 1645 1569 1683 agitatio.
1593 1654 1650 1673 seu
1674 1643 1813 1682 δύναμις
1836 1644 1990 1683 quaedam
2015 1644 2104 1672 ciens
2127 1643 2281 1672 actiones.

277 1685 366 1714 Haec
388 1686 471 1722 §atis
495 1686 553 1723 sit,
577 1690 609 1714 et
633 1685 671 1714 de
694 1686 899 1715 Aristotelica
924 1686 1107 1715 definitione
1132 1692 1164 1715 et
1188 1685 1226 1714 de
1248 1686 1404 1715 vocabulo
1420 1686 1636 1716 Eudelechias
1657 1686 1787 1717 dixisse.
1832 1688 1926 1717 Nunc
1948 1685 2095 1716 addenda
2116 1690 2169 1715 est.
2190 1694 2281 1715 com-

276 1728 380 1756 munis
404 1728 565 1756 sententia
591 1727 630 1756 de
653 1729 771 1760 anima.
795 1738 887 1767 quam
911 1730 1085 1758 christiana
1107 1728 1248 1757 doctrina
1270 1729 1390 1767 probat.

402 1784 485 1822 Quid
507 1785 605 1824 igitur
627 1785 666 1815 de
689 1786 793 1815 anima
816 1786 951 1815 hominis
975 1786 1035 1816 dici
1058 1784 1191 1825 potest?

277 1842 392 1871 Anima
415 1843 580 1871 rationalis
603 1848 655 1872 est
679 1843 810 1881 spiritus
839 1844 1040 1884 intelligens.
1072 1845 1124 1882 qui
1148 1848 1197 1872 est
1223 1843 1325 1872 altera
1352 1853 1427 1882 pars
1457 1843 1658 1873 substantiae
1680 1843 1834 1874 hominiS.
1864 1852 1925 1873 nec
1946 1842 2146 1882 extinguitur
2167 1850 2240 1871 cum
2262 1850 2283 1870 a

277 1893 410 1922 corpore
435 1884 601 1916 discessit.
624 1884 683 1913 sed
706 1886 892 1915 immortalis
917 1892 976 1916 est.
1020 1887 1110 1916 llaec
1134 1885 1275 1914 delinitio
1299 1895 1361 1914 uon
1385 1887 1482 1915 habet
1505 1886 1661 1925 physicas
1682 1886 1841 1921 rationes,
1865 1885 1924 1914 sed
1946 1891 2077 1923 sumpta
2094 1889 2204 1914 estex
2225 1892 2282 1913 sa-

277 1927 340 1955 cris
363 1926 474 1956 literis.
518 1927 602 1955 Nam
625 1927 657 1955 in
680 1928 792 1966 genesi
817 1927 943 1957 dicitur:
977 1929 1143 1967 inspiravit
1168 1929 1197 1956 in
1221 1927 1334 1957 faciem
1355 1929 1424 1958 eius
1446 1928 1642 1966 spiraculum
1663 1928 1761 1956 vitae.
1806 1927 1849 1957 Et
1869 1927 1901 1957 in
1922 1927 2103 1967 Evangelio
2123 1949 2130 1956 .
2151 1948 2158 1955 .
2180 1950 2186 1955 .
2202 1926 2240 1962 ε”)

403 1982 568 2021 Quomodo
586 1989 693 2013 autem
709 1984 843 2022 quadret
861 1985 941 2014 haec
962 1986 1186 2023 interpretatio
1207 1985 1247 2015 ad
1268 1985 1436 2015 Ciceronis
1460 1985 1707 2024 disputationem
1728 1984 1768 2013 de
1788 1985 2045 2023 immortalitate,
2068 1994 2127 2014 suo
2146 1985 2214 2014 loco
2229 1983 2282 2012 di-

279 2024 414 2055 cendum
428 2031 488 2054 est.
532 2025 626 2055 Nunc
642 2027 726 2056 enim
740 2026 779 2056 de
796 2028 950 2056 vocabulo
965 2033 1087 2057 tautum
1102 2028 1348 2066 disputavimus.
1394 2029 1444 2057 Ae
1458 2028 1637 2056 monuimus
1658 2036 1772 2065 supra,
1795 2026 1918 2056 definiri
1939 2027 1990 2057 hic
2010 2028 2147 2057 animam
2169 2026 2199 2056 in
2219 2035 2282 2066 ge-

279 2077 369 2105 nere,
392 2077 450 2097 uec
470 2073 592 2097 tantuin
613 2068 791 2098 humanam.
838 2069 904 2098 Sed
927 2067 1124 2107 ἑιτῖελέχειαι
1147 2076 1222 2099 sunt
1243 2070 1339 2099 etiam
1360 2069 1517 2108 pecudum
1537 2075 1571 2098 et
1592 2070 1755 2098 brutorum
1776 2070 1909 2098 animae.

406 2124 488 2162 Quid
512 2131 619 2154 autem
642 2127 669 2155 si
692 2127 762 2164 quis
785 2127 997 2165 reprehendat
1022 2128 1075 2157 vel
1099 2127 1262 2157 Ciceronis
1285 2128 1338 2157 vel
1362 2133 1504 2156 nostram
1526 2128 1825 2165 interpretationem
1850 2127 1909 2157 hoc
1930 2126 2037 2157 modo:
2067 2125 2201 2166 agitatio
2224 2135 2284 2156 seu

281 2167 376 2196 motio
400 2173 451 2197 est
475 2167 634 2198 accidens.
680 2169 877 2199 Aristoteles
900 2171 1020 2199 certe'.
1044 2193 1050 2199 .
1076 2192 1083 2198 .
1105 2192 1112 2199 .
1159 2170 1301 2208 [Desinit
1325 2170 1375 2199 liic
1399 2169 1519 2199 scheda
1542 2169 1668 2208 prima]

1022 2244 1073 2283 (In
1097 2241 1204 2272 chru
1227 2241 1345 2271 scheda
1367 2242 1549 2282 legunturz)

284 2303 360 2335 ..est
385 2299 576 2337 agitationes
600 2305 760 2330 certorum
783 2301 918 2340 partium
942 2302 1097 2339 corporis,
1121 2310 1179 2330 seu
1198 2305 1470 2338 temperamenta,
1493 2299 1696 2329 Rationalem
1710 2307 1788 2329 vero
1801 2298 1936 2327 animam
1950 2298 2097 2336 spiritum
2111 2307 2198 2337 esse,
2220 2306 2283 2327 non

284 2341 344 2368 erit
365 2340 555 2375 absurdum,
578 2341 693 2371 docere
709 2348 776 2372 tres
793 2353 868 2372 esse
883 2344 1005 2372 animas
1025 2344 1056 2372 iu
1078 2343 1212 2372 homine.
1254 2343 1339 2372 Nam
1354 2348 1386 2372 et
1401 2343 1599 2372 Aristoteles
1620 2343 1650 2371 iu
1666 2340 1808 2371 secundo
1823 2340 1862 2369 de
1882 2341 2091 2379 generatione
2104 2338 2280 2371 animalium

283 2382 401 2419 iuquit,
425 2384 546 2412 animas
570 2393 700 2422 quarum
724 2386 805 2414 aetio
829 2387 1000 2424 corporalis
1024 2391 1092 2417 est.
1117 2395 1177 2414 non
1201 2384 1326 2414 aliunde
1349 2384 1521 2418 accedere,
1544 2384 1602 2414 sed
1624 2385 1712 2414 nasci
1735 2385 1766 2412 iu
1788 2383 1989 2422 corporibuS,
2011 2392 2073 2414 uec
2095 2381 2186 2413 simul
2209 2380 2279 2411 ficri

286 2424 462 2454 animatum
485 2430 517 2455 et
540 2435 673 2465 equum,
696 2427 755 2457 hoc
778 2433 828 2458 est
854 2429 992 2458 animam
1015 2429 1268 2468 vegetativam&
1293 2449 1300 2458 .
1325 2451 1332 2458 .
1352 2451 1359 2457 .
1411 2427 1554 2466 [Desinit
1574 2427 1625 2458 hic
1648 2427 1759 2457 charta
1781 2424 1874 2464 Mei]

283 2493 359 2500 w-.
385 2495 418 2497 *a

353 2543 384 2572 *3
403 2544 480 2569 Hunc
499 2544 585 2570 locum
604 2546 667 2569 Mel.
684 2551 739 2570 non
757 2546 914 2577 adscripsit.
