2379 2948
240 133 287 168 23
473 129 679 167 SCRtPTA
707 129 782 165 ΡΗ.
810 126 924 162 MEL.
952 124 1016 161 AD
1044 125 1172 162 HIST.
1199 123 1341 161 PROF.
1369 123 1435 159 ET
1459 123 1652 160 PHILOS.
1680 121 1996 160 SPECTANTIA.
2189 122 2238 158 24

342 216 511 261 Suprema
529 228 607 259 pars
625 215 698 247 nasi
718 212 881 252 interior,
906 207 1028 257 ἦθμος
1046 212 1216 253 cribrum,

243 279 304 311 per
322 269 414 312 quod
433 264 620 299 attrahitur
636 264 790 307 spiritus.

347 316 466 350 Genae
486 322 654 348 vocantur
669 320 701 345 et
719 311 854 352 blame,
881 317 1003 344 autore
1019 311 1136 345 Plinio
1156 313 1217 357 qui

244 367 376 412 inquit:
405 366 521 399 Malae
540 363 675 397 bomini
700 368 855 401 tantum,
882 373 967 406 quas
993 362 1096 405 prisci
1115 374 1218 405 genas
1244 385 1246 412 J

246 418 487 450 nominabant.
541 413 631 446 Sunt
654 413 746 446 inter
764 423 886 445 nasum
906 418 938 444 et
953 423 1053 444 aures
1075 413 1219 456 pudoris

244 468 361 505 sedes,
386 477 487 510 quem
508 463 556 496 ibi
575 462 722 496 maxime
739 463 848 495 rubor
866 462 1029 496 ostendit.

348 515 480 548 Graece
499 515 616 558 μῆλα,
646 513 805 556 superior
824 523 900 555 pars
919 522 1097 552 genarum.

346 564 497 598 Inferior
514 565 659 602 buccae,
685 559 821 609 γνάθοι
850 562 981 600 ffiafeu,
1015 560 1171 604 παρειαῖ.

345 614 576 653 Mandibula,
608 620 641 646 et
667 612 808 645 maxilla
831 611 942 652 idem,
968 611 1089 646 fiubact
1118 623 1221 656 supra

244 671 420 705 mentum,
446 663 585 712 γίγνες,
615 659 791 708 σιαγόνες.

347 714 520 754 Mentum‚
543 713 596 761 γε’]
610 724 693 746 ξιον.

345 764 417 805 Os,
434 761 564 809 στόμα.

345 814 479 855 Labra,
502 813 634 859 χείλεα.

343 862 516 903 ΕΙύσταξ,
541 876 617 909 pars
634 877 651 897 a
670 864 815 896 naribus
833 863 875 894 ad
895 862 1044 897 labrum.
1090 862 1222 895 Home-

245 926 305 948 rus
331 922 429 948 vocat
454 912 614 959 ὑπήνην,
649 922 798 958 utroque
822 913 965 944 nomine
988 919 1137 947 utuntur
1159 925 1222 955 pro

246 965 435 1008 superioris
453 966 543 997 labri
560 966 684 1004 barba,
711 965 759 998 cin
775 963 877 997 fttebel
896 963 977 996 bart.
1028 962 1153 1007 Aliqui
1168 969 1222 996 to-

246 1022 315 1048 tam
334 1016 477 1048 barbam
500 1011 640 1058 ὑπήνην
658 1014 899 1047 nominarunt.

346 1064 494 1105 Dentes,
519 1063 684 1102 ὀδόντες,
707 1074 853 1096 numero
870 1063 940 1094 duo
959 1069 991 1095 et
1010 1061 1164 1104 triginta.

347 1114 521 1157 Quaterni
539 1115 728 1147 anteriores
744 1114 874 1151 dentes,
902 1111 1068 1143 incisores
1091 1112 1146 1143 vel
1168 1111 1223 1144 di-

246 1164 395 1204 visores,
428 1161 558 1208 τόμεις.
615 1161 663 1196 Et
692 1161 856 1206 gelasini‚
895 1160 976 1205 quia
1008 1161 1045 1193 in
1071 1162 1143 1194 risu
1168 1173 1222 1194 re-

243 1222 422 1257 teguntur.

344 1265 500 1298 Proximi
517 1263 681 1308 utrinque
691 1262 819 1306 singuli
840 1262 1006 1294 dicuntur
1019 1261 1136 1293 canini
1150 1261 1221 1294 dis-

245 1322 424 1348 cernentes
453 1315 633 1344 incisorios
656 1323 674 1342 a
693 1313 904 1350 molaribus,
931 1307 1159 1349 220160‘011159,

347 1363 540 1403 [lter-iores
557 1362 722 1393 dicuntur
740 1359 911 1397 Molarffi,
936 1359 1100 1403 γόμφιοι.

347 1413 498 1448 [nimos
523 1411 582 1455 qui
606 1409 772 1454 postremi
789 1415 864 1451 post
881 1415 1010 1451 septem
1033 1419 1143 1440 annos
1160 1419 1223 1441 na—

245 1470 408 1502 scuntur,
437 1462 548 1495 Varro
567 1458 939 1498 nominatGenuinos‚
966 1456 1092 1490 Graeci
1109 1470 1222 1504 κραν-

246 1517 366 1560 γῆρας.

348 1563 522 1597 Indicium
542 1562 670 1595 virium
694 1561 843 1593 sumitur
858 1571 875 1592 a
904 1558 1078 1592 dentibus.
1131 1557 1222 1601 Qui-

244 1616 311 1649 hus
332 1615 425 1646 enim
452 1614 549 1647 densi
576 1620 608 1646 et
626 1612 717 1644 firmi
736 1612 854 1643 (lentes
872 1616 969 1648 sunt,
997 1606 1033 1641 hi
1058 1609 1221 1652 plaerun-

247 1677 313 1709 que
327 1671 407 1698 sunt
421 1661 628 1708 μακρόβιοι.
680 1660 811 1694 Contra
828 1660 998 1692 brevioris
1022 1659 1111 1691 vitae
1129 1666 1222 1700 sunt,

245 1715 374 1759 quibus
392 1715 511 1746 dentes
536 1720 616 1746 sunt
641 1711 711 1743 rari
730 1718 760 1743 et
779 1711 903 1744 scabri.
953 1706 1090 1753 Pyrrho
1110 1710 1222 1743 conti-

246 1777 357 1798 nuum
383 1775 420 1796 os
445 1763 602 1796 dentIum
628 1761 704 1794 fuit.
752 1759 797 1793 Et
815 1767 932 1794 nostra
955 1765 1065 1792 aetate
1082 1759 1119 1792 iu
1143 1760 1221 1793 aula

246 1814 370 1857 optimi
402 1813 570 1857 principis
601 1809 761 1853 Ernesti,
799 1811 896 1843 ducis
927 1808 1223 1853 Luneburgensis,

246 1864 314 1897 suit
338 1864 434 1905 virgo
461 1870 540 1896 nata
563 1863 600 1894 in
616 1861 747 1894 familia
764 1860 895 1897 nobili,
923 1859 979 1892 cui
999 1859 1065 1892 fuit
1082 1871 1120 1893 os
1136 1861 1223 1892 den-
1246 1895 1248 1899 ¹

246 1914 334 1946 tium
355 1913 571 1947 continuum.
612 1909 659 1944 Et
677 1910 839 1942 narrabat
858 1910 928 1941 dux
945 1907 1124 1951 Ernestus‚
1151 1910 1223 1944 exi-

246 1964 352 1997 miam
370 1963 406 1995 in
425 1975 462 1996 ea
481 1962 644 1995 xirtutem
663 1966 694 1993 et
714 1959 916 1999 gravitatem
935 1958 1052 1992 fuisse.

351 2013 502 2056 Gingiva
519 2011 686 2050 exterior,
714 2005 824 2042 δι’,ὶῡν
843 2007 1011 2052 5utlf1eisd).

349 2063 504 2106 Gingiva
520 2061 682 2100 interior,
704 2058 868 2093 ἔνουλον.

347 2112 502 2156 Lingua,
532 2113 690 2159 γλῶττα.

348 2161 540 2207 λἠραμοῖ,
572 2160 744 2194 foramina
768 2160 805 2192 in
822 2170 924 2192 carne
948 2158 1153 2201 glandulosa
1180 2160 1223 2193 ad

248 2214 398 2248 radicem
417 2214 572 2256 linguae,
601 2224 640 2244 ex
658 2211 784 2255 quibus
799 2210 906 2242 saliva
927 2217 1058 2242 manat.

348 2264 525 2303 Palatum,
565 2269 676 2295 totum
708 2260 883 2302 fastiqum
921 2270 1024 2302 supra
1055 2259 1222 2301 linguam,

247 2327 356 2360 usque
375 2315 417 2347 ad
442 2315 572 2352 fauces,
598 2307 766 2356 ὑπαρωά.
819 2307 864 2343 Εῑ
885 2310 976 2353 apud
996 2307 1221 2342 Aristotelem

247 2362 423 2411 οὐρανὸς,
450 2371 482 2397 et
498 2365 588 2406 apud
608 2362 782 2395 Galenum
799 2357 1025 2404 ot'vpmriozos,

348 2414 495 2453 Fauces,
512 2409 677 2459 φάρυγξ,
702 2411 841 2455 proprie
857 2410 984 2442 cavitas
1000 2408 1113 2441 vicina
1132 2409 1221 2441 utri-

247 2479 314 2510 que
357 2464 510 2503 fistulae‚
564 2462 721 2496 tracheae
757 2460 903 2494 arterIae
943 2467 976 2493 et
1011 2456 1218 2501 oesophago.

245 2517 405 2560 Suntque
436 2515 473 2546 in
507 2525 546 2546 eo
585 2513 700 2556 spacio
734 2510 907 2551 Gurgulio
941 2517 975 2543 et
1004 2508 1244 2558 amygdalae,s

1233 2577 1242 2594 -,
1267 2557 1424 2590 nominat
1442 2564 1555 2590 totum
1571 2555 1818 2601 oesophagum.
1864 2557 2045 2591 Interdum
2062 2559 2239 2599 discernit,

246 2566 372 2600 Graeci
392 2561 570 2611 φάρυγγα
586 2563 769 2595 nominant
786 2561 937 2604 ἴσθμον.

343 2615 556 2660 Amygdalae
587 2612 723 2646 Latinis
752 2611 914 2644 tonsillae
951 2616 982 2644 et
1016 2609 1214 2653 glandulae,

243 2667 385 2701 Graecis
399 2661 567 2703 ἀντιάὸες
582 2671 614 2697 et
629 2660 850 2708 παρίσθμια.

1240 220 1246 283 ¹
1369 208 1552 252 Garguli0‚
1571 206 1801 257 γαργαρεὼν,
1822 220 1951 241 nomen
1967 216 2016 243 est
2033 209 2139 251 partis
2151 219 2240 252 pen-

1267 259 1382 293 dentis
1401 261 1438 292 in
1453 260 1620 295 faucibus.
1674 259 1755 292 Alia
1773 260 1842 292 duo
1860 258 2015 296 nomina,
2039 258 2115 292 Uva
2131 266 2164 292 et
2181 270 2240 291 co-

1244 320 1245 325 *
1268 310 1388 342 lumna
1410 310 1551 342 morbos
1575 309 1785 351 significant,
1821 306 1989 354 σταφυλὴ
2015 308 2142 342 dieitur
2159 320 2242 347 una,

1269 371 1346 391 cum
1369 360 1530 401 gurgulio
1551 359 1785 392 inflammatus
1803 365 1864 393 est.
1915 357 2005 391 Cum
2028 369 2109 391 vero
2132 358 2244 390 laxior

1244 414 1246 428 ³
1269 410 1444 452 dependet
1460 407 1569 449 κίων,
1593 410 1754 442 columna
1778 409 1919 442 dicitur.
1972 407 2113 442 Utilitas
2129 414 2243 440 autem

1270 459 1489 500 gurgulionis
1505 465 1572 499 est,
1599 459 1876 492 modulationem
1898 458 1991 490 vocis
2007 458 2188 495 adiuvare,
2214 463 2247 489 et

1272 508 1442 541 remorari
1467 509 1603 550 aerem,
1628 520 1672 542 ne
1694 509 1799 542 minis
1819 509 1966 552 frigidus
1983 509 2026 541 ad
2043 508 2245 552 pulmonem

1271 558 1388 591 subito
1408 559 1591 602 irrumpat.

1371 615 1509 649 Deinde
1535 617 1693 650 faucibus
1715 617 1850 649 vicinae
1882 623 1964 650 sunt
1991 617 2079 649 duae
2103 615 2248 648 fistulae.

1247 680 1249 691 ⁴
1275 664 1434 699 Trachea
1458 666 1602 707 arteria,
1637 677 1724 711 quae
1747 673 1796 700 est
1820 667 1932 699 fistula
1967 667 2178 698 descendens
2202 666 2246 697 ad

1273 717 1496 761 pulmonem,
1539 717 1679 749 condita
1710 728 1782 748 non
1819 723 1858 749 ut
1889 717 2005 749 cibum
2035 722 2093 748 aut
2124 722 2247 759 potum

1274 765 1491 808 transvehat,
1518 767 1576 799 sed
1594 773 1729 800 tantum
1745 766 1945 810 spirationis
1961 778 1999 798 ac
2017 766 2110 798 vocis
2126 765 2248 807 gratia,

1273 817 1361 850 facta
1378 823 1428 850 est
1446 829 1485 849 ex
1497 817 1708 859 cartilagine,
1735 823 1899 861 tanquam
1917 815 2057 848 annulis
2074 815 2249 852 distincta,

1273 867 1422 912 ideoque
1437 874 1580 901 vocatur
1594 879 1724 911 aspera.

1373 923 1496 957 Nodus
1518 925 1578 969 qui
1602 925 1738 969 eminetj
1754 924 1819 957 sub
1844 931 1981 964 mento,
2006 922 2067 968 qui
2086 928 2135 956 est
2151 921 2248 955 orifi—

1248 999 1249 1003 ,
1275 975 1365 1008 cium
1383 972 1540 1008 tracheae
1557 975 1722 1012 arteriae,
1749 986 1787 1007 ac
1804 975 1908 1016 vulgo
1925 973 2122 1017 adpellatur
2134 973 2249 1005 nodus

1274 1025 1434 1067 gutturis,
1460 1021 1822 1071 ῃοιιιίηὸῑυτλάρυγξ,
1848 1027 1906 1059 bct&
1925 1022 2076 1067 ftteufflin
2093 1033 2145 1057 am
2162 1023 2248 1067 bal&

1373 1082 1513 1116 Deinde
1535 1083 1669 1128 reliqua
1698 1095 1776 1128 pars
1801 1081 1960 1118 tracheae
1986 1082 2150 1123 inferior,
2182 1093 2249 1114 no-

1273 1132 1429 1166 minatur
1447 1129 1618 1179 βρόγχος.

1374 1190 1564 1235 Epiglottis
1579 1198 1629 1225 est
1644 1192 1807 1235 cartilago
1823 1192 1953 1232 mollis,
1977 1203 2066 1236 quae
2082 1198 2132 1225 est
2148 1201 2250 1233 oper-

1248 1252 1249 1272 :
1274 1241 1390 1274 culum
1416 1242 1589 1286 laryngis,
1621 1242 1735 1275 simile
1757 1243 1842 1275 folio
1869 1241 2022 1280 Ederae,
2056 1242 2186 1272 factum
2204 1241 2250 1271 ad

1273 1292 1502 1324 claudendam
1542 1290 1718 1325 tracheam
1755 1292 1938 1328 arteriam,
1973 1300 2017 1320 ne
2047 1289 2145 1321 cibus
2187 1294 2248 1321 aut

1247 1344 1249 1372 ,ἲ
1273 1348 1374 1381 potus
1392 1342 1575 1378 illabatur,
1603 1349 1723 1371 rursus
1741 1344 1855 1371 autem
1873 1339 1914 1371 ad
1932 1338 2155 1382 aperiendam
2172 1349 2248 1371 eam

1273 1388 1310 1420 in
1327 1391 1406 1420 a'e're
1424 1385 1644 1421 attrahendo.

1247 1474 1249 1489 1
1374 1446 1484 1480 Aliud
1504 1447 1670 1491 quiddam
1691 1453 1739 1481 est
1753 1444 1925 1494 72001123,
1949 1458 2037 1491 quae
2054 1452 2104 1480 est
2118 1445 2155 1478 in
2176 1445 2249 1478 ori-

1273 1495 1352 1530 ficio
1376 1494 1535 1530 tracheae
1558 1498 1707 1540 lingula,
1735 1497 1846 1542 qualis
1872 1505 1922 1530 est
1940 1497 1976 1529 in
1993 1496 2115 1529 fistulis
2133 1495 2247 1528 Musi-

1274 1558 1414 1587 corum,
1446 1547 1536 1580 rima
1565 1547 1728 1580 videlicet
1758 1548 1845 1580 facta
1876 1548 2011 1580 duabus
2034 1546 2247 1580 tenuissimis

1272 1597 1502 1638 membranis,
1543 1609 1630 1642 quae
1666 1597 1807 1630 inflatae
1847 1597 2058 1637 dilatantur,
2098 1603 2131 1629 et
2164 1603 2247 1629 sunt

1272 1647 1495 1691 praecipuum
1513 1648 1608 1680 vocis
1623 1659 1811 1690 organum,
1836 1653 1874 1680 ut
1891 1647 1981 1680 infra
2001 1646 2176 1690 copiosius
2193 1646 2248 1678 di-

1274 1704 1380 1730 cetur.
1439 1696 1506 1729 Hic
1531 1698 1623 1730 enim
1639 1705 1774 1731 tantum
1793 1697 1936 1730 nomina
1961 1697 2080 1741 posui,
2113 1702 2151 1729 ut
2175 1696 2248 1729 dis-

1246 1758 1248 1769 '=
1273 1754 1476 1787 cernantur,
1504 1745 1713 1794 ἔπιγλωττῖς
1732 1753 1764 1780 et
1780 1744 1951 1794 γλωττῖς,
1979 1747 2060 1791 quia
2086 1746 2188 1779 multi
2213 1753 2247 1779 et

1245 1784 1249 1811 ³
1273 1795 1357 1830 haec
1380 1797 1567 1838 vocabula,
1601 1804 1633 1830 et
1658 1810 1775 1830 rerum
1801 1797 1953 1841 ipsarum
1976 1796 2245 1840 descriptionem

1273 1848 1512 1888 confundunt,
1540 1859 1608 1893 qua
1635 1848 1677 1881 de
1700 1860 1737 1881 re
1760 1847 1992 1881 eruditissime
2009 1847 2151 1881 lectores
2169 1858 2246 1880 mo-

1247 1903 1248 1934 i
1273 1904 1332 1931 net
1350 1897 1546 1932 W'esalius.

1375 1954 1495 1989 Altera
1520 1955 1635 1989 fistula
1657 1956 1847 1999 procedens
1873 1968 1891 1989 a
1907 1955 2067 1989 faucibus
2083 1957 2247 1990 nomina-

1274 2013 1331 2040 tur
1349 2002 1559 2053 oioocpciyog,
1587 2005 1710 2039 Latine
1727 2005 1837 2047 Gula,
1863 2007 2011 2040 Arabice
2025 2005 2131 2046 Meri,
2155 2018 2243 2051 quae

1273 2064 1324 2090 est
1349 2057 1477 2089 canalis
1503 2056 1691 2089 continuus
1723 2057 1860 2098 corpori
1884 2056 2088 2097 ventriculi,
2121 2057 2246 2090 similis

1246 2126 1248 2142 ι
1272 2107 1394 2145 tubae,
1421 2117 1524 2149 supra
1546 2106 1743 2149 angustior,
1778 2106 1868 2139 infra
1891 2107 2061 2150 amplior,
2087 2114 2245 2140 transve-

1273 2155 1360 2189 hens
1384 2156 1499 2189 cibum
1525 2163 1556 2189 et
1589 2163 1709 2200 potum
1740 2156 1778 2189 in
1808 2157 2054 2190 ventriculum.
2106 2154 2243 2190 Nomen

1246 2203 1248 2243 ,¹
1272 2208 1401 2240 factum
1419 2213 1467 2239 est
1484 2206 1526 2239 ab
1553 2207 1618 2240 οἴω
1635 2207 1726 2246 fero,
1749 2213 1781 2240 et
1797 2204 1953 2254 φάγημα
1969 2207 2076 2242 cibus.
2130 2207 2242 2241 Totus

1246 2254 1329 2300 3l1ic
1360 2257 1489 2289 canalis
1520 2257 1562 2289 ab
1596 2255 1784 2289 Aristotele
1813 2258 2017 2291 nominatur
2049 2253 2241 2302 στόμαχος.

1271 2304 1359 2339 Nam
1385 2302 1567 2350 στόμαχος
1588 2307 1795 2348 generaliter
1822 2307 1992 2350 significat
2019 2315 2183 2350 angustos
2208 2316 2241 2341 et

1244 2365 1247 2411 j
1270 2357 1393 2399 longos
1409 2358 1554 2396 canales,
1577 2358 1758 2390 tendentes
1773 2358 1814 2390 ad
1834 2369 1872 2390 os
1887 2358 2066 2402 aliquanto
2081 2358 2241 2400 amplius,

1243 2416 1246 2461 J
1270 2419 1288 2439 a
1317 2403 1435 2450 στόμα
1462 2413 1493 2439 et
1519 2405 1634 2453 ἄγχω.
1684 2406 1860 2441 Homerus
1878 2414 1987 2441 totum
2005 2405 2240 2451 oesophagum

1243 2468 1245 2477 ³
1269 2457 1430 2490 nominat
1454 2453 1641 2500 στόμαχον
1663 2457 1844 2502 inquiens,
1871 2458 1994 2502 pecudi
2016 2463 2118 2501 caput
2134 2470 2151 2491 a
2169 2464 2242 2491 sto-

1242 2500 1244 2506 ⁴
1268 2503 1390 2539 macho
1410 2507 1602 2550 praecisum
1618 2518 1700 2542 esse,
1752 2506 1933 2541 Interdum
1959 2514 1991 2541 et
2010 2505 2167 2541 Galenus
2191 2509 2240 2542 sic

1266 2614 1304 2640 ut
1326 2606 1362 2639 in
1385 2607 1475 2640 libro
1501 2607 1601 2641 tertio
1627 2608 1670 2640 de
1685 2607 1788 2641 Locis
1811 2608 1973 2648 adfectis,
2000 2607 2048 2641 sic
2078 2609 2239 2643 nominat

1237 2675 1242 2696 1
1264 2658 1299 2690 id
1327 2658 1420 2702 quod
1445 2657 1586 2702 proprie
1609 2658 1807 2702 adpellatur
1830 2658 2002 2692 orificium
2032 2659 2237 2694 ventriculi:

2361 233 2368 253 l
