2379 2948
160 114 236 148 337
745 116 809 154 111.

156 200 290 232 tionem
319 200 510 244 adprobat,
545 201 617 234 imo
641 201 714 245 ipsa
739 202 795 236 lex
820 202 942 235 divina
973 200 1143 244 praecipit

157 249 451 292 observationem,
474 264 553 285 cum
570 251 667 285 iubet
684 252 741 284 die
757 251 1020 296 quartodecimo
1036 251 1141 294 primi

156 300 285 332 mensis
311 301 367 333 edi
392 313 520 344 agnum
538 301 701 336 PascatiS.
762 301 809 335 Et
835 302 941 334 series
964 313 1139 334 annorum

157 349 239 382 inde
254 362 365 395 usque
381 352 425 384 ab
441 352 543 385 initio
563 351 709 391 mundi,
737 352 909 395 singulari
934 352 1083 385 consilio
1103 352 1140 384 in

157 400 262 433 sacris
280 401 380 434 libris
402 402 577 434 recitatur.

256 450 351 484 Haec
367 453 409 484 de
425 452 586 484 doctrina
609 458 769 485 motuum
794 452 875 484 satis
898 452 942 486 sit
961 453 1139 485 monuisse

155 508 299 544 propter
329 501 494 535 iuniores.
564 500 668 534 Nunc
701 503 743 535 de
772 502 981 536 divinatrice
1013 503 1137 537 dicam.

155 550 251 584 Haec
268 559 318 585 est
336 552 447 583 maior
463 552 636 595 quaestio,
665 553 746 597 quia
762 552 815 585 lex
836 553 957 586 divina
974 551 1138 596 prohibet

155 602 324 645 quaedam
349 613 474 644 genera
494 602 784 645 praedictionum.

257 650 362 684 Initio
393 651 499 694 igitur
528 664 665 686 necesse
696 660 746 686 est
778 653 1035 697 praedictiones
1064 654 1137 686 dis-

154 701 271 741 cerni,
303 713 342 734 ac
367 709 404 735 ut
430 703 474 735 sit
504 703 803 747 simplicissimum
829 704 1038 744 discrimen,
1066 705 1136 736 duo

152 763 278 794 genera
311 753 533 788 constituam.
594 753 695 787 Aliae
724 761 807 787 sunt
830 752 1012 799 physicae,
1048 754 1136 786 aliae

152 802 227 834 sine
244 803 356 834 causis
380 803 617 845 naturalibus,
644 816 733 849 quae
757 811 790 838 et
811 816 830 837 a
850 803 1050 838 Ptolemaeo
1071 816 1137 837 no-

153 852 335 886 minantur
351 851 657 902 ἀναιτιολόγητοι.

256 901 353 936 Voco
384 911 500 937 autem
534 903 695 951 physicas
732 905 1005 949 praedictiones,
1047 916 1135 949 quae

152 960 340 987 sumuntur
362 966 380 987 a
404 955 512 997 signis
542 956 579 988 in
610 963 735 990 natura
769 956 941 989 divinitus
973 955 1136 992 conditis,

148 1016 240 1048 quae
266 1012 347 1038 sunt
366 1012 426 1038 aut
452 1017 591 1046 causae,
618 1014 678 1040 aut
703 1006 862 1043 effectus,
891 1014 951 1040 aut
977 1006 1135 1050 proprie-

149 1061 256 1096 tates,
284 1067 372 1098 quae
390 1063 514 1089 natura
536 1057 750 1090 comitantur
773 1068 891 1090 causas
909 1063 967 1090 aut
984 1056 1136 1095 effectus,

151 1111 189 1138 ut
206 1105 358 1148 plurima
385 1114 467 1141 sunt
491 1108 528 1140 in
553 1108 717 1141 universa
743 1115 889 1147 natura,
918 1108 972 1140 vel
996 1107 1133 1140 futuro-

151 1166 249 1195 rum,
278 1157 334 1189 vel
360 1157 508 1190 aliarum
534 1170 671 1195 rerum,
700 1170 788 1202 quae
813 1159 973 1190 nondum
994 1157 1134 1199 conspi-

151 1207 311 1243 ciuntur,
347 1219 428 1240 vera
451 1208 549 1250 signa
575 1209 748 1241 divinitus
772 1208 817 1241 ita
845 1208 986 1240 condita
1012 1208 1050 1239 in
1071 1219 1131 1239 na-

152 1263 251 1296 tura,
277 1269 428 1301 quorum
453 1259 604 1301 aspectio
626 1270 847 1302 nequaquam
874 1270 952 1290 cum
978 1258 1050 1300 lege
1069 1256 1135 1289 Dei

152 1315 302 1348 pugnat,
329 1309 387 1340 sed
413 1315 461 1341 est
484 1309 598 1341 divini
620 1309 737 1351 operis
764 1315 868 1353 atque
895 1308 1032 1341 ordinis
1050 1319 1135 1340 con—

149 1356 333 1397 sideratio,
360 1359 542 1402 pertinens
563 1359 604 1391 ad
622 1356 687 1391 hoc
709 1359 858 1391 dictum:
889 1357 1020 1392 Omnis
1040 1369 1136 1390 crea-

151 1413 228 1439 tura
247 1405 312 1440 Dei
331 1409 421 1441 bona
438 1416 499 1442 est.

253 1457 356 1491 Talia
386 1467 468 1493 sunt
499 1459 618 1502 signa,
650 1471 740 1503 quae
770 1458 904 1492 Medici
936 1459 1136 1498 observant,

151 1514 190 1540 ut
207 1519 286 1541 cum
303 1508 460 1543 iudicant
477 1523 517 1543 ex
533 1510 740 1543 arteriarum
757 1510 860 1552 pulsu
878 1511 979 1543 tardo
1000 1516 1057 1541 aut
1077 1521 1136 1542 ve-

152 1558 240 1599 loci,
276 1570 321 1592 an
347 1572 406 1593 cor
428 1562 471 1594 sit
501 1573 682 1594 accensum
710 1560 817 1593 nimis
851 1572 975 1603 magno
1008 1560 1136 1602 calore,

150 1616 209 1642 aut
226 1610 482 1653 languefactum
499 1612 554 1646 sit.
606 1611 675 1645 Seu
699 1623 777 1643 cum
801 1623 840 1643 ex
870 1618 1006 1644 tumore
1035 1617 1067 1643 et
1097 1622 1137 1642 ex

151 1660 284 1693 duricie
303 1662 510 1695 tumefactae
525 1662 634 1705 partis
652 1662 810 1695 iudicant
826 1663 870 1694 de
886 1659 1064 1706 hydrope,
1093 1673 1136 1693 an

154 1710 199 1743 sit
213 1708 379 1756 ἀσκίτης,
407 1720 466 1745 aut
485 1713 551 1745 alia
569 1713 709 1755 species.

255 1761 360 1795 Tales
382 1763 621 1796 divinationes
645 1773 823 1795 concessas
852 1773 942 1799 esse,
977 1772 1050 1793 non
1070 1761 1137 1793 du-

152 1811 250 1844 bium
275 1819 343 1851 est,
372 1813 453 1858 quia
471 1820 608 1846 tantum
626 1818 707 1845 sunt
731 1812 867 1844 ordinis
891 1811 1138 1848 consideratio,

151 1874 254 1906 quem
273 1864 382 1907 siquis
399 1864 435 1896 in
454 1871 579 1897 natura
598 1875 669 1896 non
695 1874 783 1902 esse,
810 1868 869 1894 aut
895 1862 1036 1894 inanem
1056 1872 1139 1899 esse,

149 1914 393 1954 contenderet,
437 1915 622 1948 manifesto
656 1913 839 1946 mendacio
871 1912 985 1946 Deum
1023 1911 1137 1943 offen—

154 1965 261 1999 deret.
440 1968 443 1970 ’

247 2013 351 2048 Tales
369 2022 449 2049 sunt
465 2016 595 2049 multae
610 2020 854 2058 tempestatum
872 2011 1139 2056 praedictiones.

156 2064 381 2108 Spirantibus
398 2067 514 2099 boreis
543 2067 777 2110 praedicimus
804 2063 1043 2099 serenitatem,
1068 2062 1139 2106 spi-

156 2115 314 2149 rantibus
348 2118 474 2151 austris
516 2117 770 2151 ratiocinamur
806 2114 963 2158 pluviam
1001 2119 1139 2146 secutu-

156 2177 231 2199 ram
259 2177 342 2200 csse.
402 2166 478 2200 Hae
502 2168 738 2201 divinationes
762 2178 780 2199 a
805 2165 917 2198 causis
942 2170 1142 2203 sumuntur,

156 2216 280 2249 siccior
297 2224 331 2249 et
346 2215 526 2251 horridior
544 2226 594 2252 est
619 2219 759 2257 boreas,
788 2216 870 2261 quia
894 2215 1008 2248 oritur
1032 2214 1069 2246 in
1088 2214 1140 2246 lo-

158 2267 206 2300 cis
223 2267 428 2301 siccioribus
445 2276 477 2302 et
497 2269 753 2312 frigidioribus.
804 2265 925 2299 Austri
952 2277 1034 2297 vero
1060 2271 1140 2297 sunt

157 2316 377 2351 humidiores
399 2325 431 2351 et
454 2320 581 2362 tepidi,
607 2320 688 2363 quia
714 2317 908 2351 meridiana
936 2316 1051 2358 regio,
1079 2315 1140 2347 ubi

158 2369 373 2409 excitantur,
401 2375 433 2402 et
451 2367 633 2402 humidior
657 2376 690 2402 et
714 2369 864 2401 calidior
887 2373 954 2406 est,
981 2366 1068 2398 etin
1086 2363 1141 2398 his

157 2417 315 2452 humidis
336 2419 541 2461 regionibus
565 2420 760 2464 plerunque
779 2418 841 2452 Sol
855 2430 892 2451 ea
911 2423 1025 2461 parte,
1053 2428 1142 2460 quae

158 2471 270 2513 ipsius
288 2470 401 2503 motui
420 2470 563 2513 propior
579 2476 646 2509 est,
673 2470 825 2502 multum
839 2466 1015 2501 halituum
1034 2473 1141 2500 attra-

160 2517 232 2560 hit,
253 2527 291 2553 ut
309 2521 491 2555 manifeste
507 2520 678 2553 videmus.

262 2570 364 2603 Aliae
394 2577 508 2604 autem
540 2569 794 2614 praedictiones
817 2575 900 2602 sunt
928 2568 1005 2600 sine
1030 2567 1141 2599 causis

161 2621 402 2662 naturalibus,
429 2634 517 2666 quae
543 2626 732 2659 vocantur,
758 2625 798 2651 ut
816 2619 910 2658 dixi,
934 2613 1141 2652 ἄναιτιολό-

159 2683 285 2717 γητοι,
311 2679 350 2705 ut
372 2673 537 2715 auguria,
566 2677 696 2710 sortes,
722 2675 805 2702 sunt
826 2675 860 2701 et
876 2668 1006 2701 multae
1031 2669 1142 2710 magi-

209 2723 385 2755 niumm.
416 2725 519 2757 Orrn.
548 2721 747 2754 V01..XIII.

862 113 1019 151 IMTIA
1048 114 1341 153 DOCTRINAE
1367 118 1619 156 PHYSICAE.

2112 125 2184 160 338

1199 212 1257 234 cae
1286 213 1345 235 seu
1377 203 1586 245 diabolicae,
1622 213 1660 240 ut
1679 218 1818 247 eorum,
1846 207 1906 252 qui
1929 215 2097 242 vocantur
2114 222 2183 244 πυ-

1196 250 1330 294 θῶνες,
1358 252 1394 285 id
1417 260 1488 296 est,
1516 256 1671 298 spiritus,
1700 257 1759 302 qui
1778 258 1813 290 in
1831 258 1990 292 fanaticis
2011 255 2180 299 habitant,

1195 308 1226 335 et
1244 302 1450 345 interrogati
1472 305 1720 342 vaticinantur.

1296 358 1428 393 Omnia
1449 361 1557 404 igitur
1573 373 1719 404 genera,
1747 378 1835 409 quae
1859 367 1913 399 vel
1931 367 2047 399 nullas
2064 366 2099 399 in
2116 379 2179 400 na-

1193 416 1270 443 tura
1289 423 1408 444 causas
1434 409 1584 451 habent,
1613 413 1666 444 vel
1693 417 1831 456 propria
1859 423 1940 450 sunt
1966 418 2178 450 daemonum

1194 460 1378 500 vaticinia,
1407 463 1616 494 damnamus
1644 469 1677 495 et
1702 476 1913 498 execramur.

1293 518 1338 552 Et
1365 521 1408 552 de
1435 519 1489 552 his
1511 521 1654 564 proprie
1678 521 1836 565 loquitur
1859 525 2074 558 severissima
2093 538 2175 569 pro-

1193 568 1318 603 hibitio
1344 570 1380 602 in
1405 571 1479 612 lege
1504 571 1646 610 divina,
1671 572 1733 603 uhi
1760 572 1890 605 multae
1917 581 1996 606 sunt
2019 577 2174 619 adpella-

1190 621 1320 660 tiones,
1347 627 1383 653 ut
1403 632 1539 664 semper
1562 622 1654 664 apud
1680 633 1801 654 omnes
1825 629 1943 664 gentes
1970 625 2084 658 variae
2107 627 2174 659 im-

1190 678 1354 714 posturae
1370 672 1632 704 divinationum
1651 672 1806 704 fuerunt.

1291 728 1361 761 'Nec
1388 736 1437 762 est
1466 729 1611 766 inutile,
1657 729 1929 772 significationes
1966 732 2173 775 adpellatio-

1191 792 1275 812 num
1302 780 1540 819 considerare,
1577 786 1747 824 quantum
1770 780 1843 812 fieri
1872 787 2001 824 potest,
2029 794 2110 814 nam
2133 795 2173 815 ex

1190 830 1446 872 significatione
1472 830 1635 863 voluntas
1661 830 1746 872 legis
1766 831 1874 873 magis
1899 831 2047 875 intelligi
2074 840 2173 876 pote-

1190 881 1245 914 rit.
1301 878 1375 912 Etsi
1393 887 1507 912 autem
1527 881 1670 913 difficile
1689 887 1736 913 est
1762 880 1843 913 talia
1867 882 2036 915 vocabula
2062 883 2172 916 inter-

1190 931 1338 974 pretari,
1366 942 1454 975 quae
1470 937 1613 974 propter
1638 931 1778 972 linguae
1797 937 2000 964 vetustatem
2029 940 2062 966 et
2089 944 2172 975 gen-

1189 981 1276 1013 tium
1295 981 1524 1021 mutationes,
1551 981 1587 1013 in
1607 981 1736 1025 quibus
1753 987 1785 1013 et
1801 981 1904 1013 multi
1922 981 2010 1014 ritus
2033 990 2173 1016 mutan-

1190 1038 1266 1071 tur,
1293 1043 1365 1064 non
1383 1032 1465 1064 satis
1484 1037 1576 1063 certo
1595 1031 1751 1063 enarrari
1780 1037 1944 1074 possunt,
1973 1038 2088 1066 tamen
2107 1033 2172 1065 ali-

1191 1093 1340 1126 quorum
1361 1082 1603 1125 interpretatio
1619 1088 1709 1114 certa
1730 1088 1791 1114 est.

1290 1147 1438 1181 Levitici
1474 1146 1638 1180 vicesimo
1665 1146 1776 1190 capite
1810 1147 1979 1190 scriptum
2005 1154 2069 1180 est:
2107 1147 2172 1180 Vir

1189 1200 1260 1231 sive
1284 1199 1432 1238 mulier,
1477 1198 1512 1230 in
1543 1197 1671 1241 quibus
1700 1204 1750 1230 est
1774 1197 1918 1240 spiritus
1949 1195 2172 1242 pythonicus,

1189 1256 1249 1282 aut
1282 1249 1494 1286 incantatio,
1530 1247 1796 1280 interficiantur.
1856 1246 1924 1279 Hic
1949 1248 2045 1291 prius
2068 1259 2172 1280 voca-

1188 1300 1313 1332 bulum
1333 1299 1412 1332 satis
1435 1305 1568 1331 certum
1585 1304 1634 1330 est
1652 1309 1691 1329 ex
1707 1294 1854 1330 historia
1873 1297 1964 1339 regis
1980 1296 2084 1337 Saul,
2109 1298 2172 1330 ubi

1189 1349 1316 1382 mulier
1349 1349 1536 1382 consulens
1565 1348 1776 1387 daemones,
1826 1347 1956 1380 dicitur
1989 1347 2173 1379 vaticinari

1190 1400 1350 1432 consulto
1369 1397 1447 1439 Ob,
1474 1398 1568 1442 quod
1593 1403 1773 1430 verterunt
1798 1394 2014 1441 Pythonem,
2051 1396 2085 1429 id
2112 1403 2173 1436 est,

1189 1449 1380 1483 Diabolum
1400 1449 1671 1491 respondentem
1689 1447 1966 1480 consulentibus.
1996 1445 2060 1480 Est
2077 1446 2170 1480 enim

1190 1498 1328 1534 πιθών
1345 1512 1362 1532 a
1380 1495 1635 1533 πιψθάιέθαι.

1292 1557 1514 1591 Vocabulum
1535 1569 1617 1589 vero
1645 1553 1705 1589 Ob
1733 1555 1856 1588 dicunt
1873 1556 1917 1588 ab
1942 1561 2018 1588 utre
2043 1555 2172 1588 sactum

1191 1622 1282 1647 esse,
1311 1609 1405 1653 quod
1423 1608 1573 1647 obsessi,
1600 1619 1679 1639 cum
1698 1605 1880 1639 vaticinari
1896 1605 2091 1649 incipiunt,
2120 1605 2175 1637 in-

1191 1661 1332 1692 flantur.
1388 1658 1541 1702 Ideoque
1554 1656 1681 1690 Graeci
1702 1654 1792 1689 hanc
1809 1655 2080 1699 adpellationem
2097 1666 2175 1688 ver-

1191 1717 1310 1744 terunt
1337 1706 1656 1756 ἐγγαστρίμυθον.

1293 1768 1348 1802 Ad
1370 1766 1457 1800 hanc
1474 1766 1623 1811 speciem
1643 1764 1820 1808 pertinent
1836 1762 1902 1796 hoc
1915 1763 2074 1807 tempore
2089 1775 2173 1797 con-

1191 1821 1344 1853 sulentes
1369 1817 1561 1850 Diabolum
1584 1816 1620 1847 in
1640 1815 1801 1859 crystallo
1827 1814 2031 1848 monstratis
2049 1814 2174 1857 imagi-

1192 1871 1308 1903 nibus.

1293 1928 1516 1961 Damnantur
1533 1931 1649 1957 autem
1667 1921 1733 1956 hae
1748 1923 1895 1966 species,
1923 1923 2003 1967 quia
2029 1924 2171 1956 daemo-

1192 1991 1252 2012 nes
1269 1978 1478 2017 consulunt,
1503 1983 1536 2009 et
1552 1973 1786 2008 alienissimae
1809 1979 1891 2006 sunt
1915 1985 1932 2006 a
1948 1973 2052 2006 rebus
2077 1974 2176 2008 ordi-

1192 2030 1283 2063 natis
1305 2040 1323 2061 a
1343 2027 1432 2060 Deo.

1292 2085 1356 2119 Est
1388 2092 1421 2118 et
1451 2084 1560 2117 altera
1590 2082 1719 2126 species
1763 2080 1959 2120 diabolica,
2014 2080 2177 2115 videlicet

1193 2137 1403 2176 Incantatio‚
1430 2147 1509 2167 cum
1529 2133 1646 2166 verbis
1665 2139 1696 2166 et
1713 2131 1816 2165 certis
1834 2127 2057 2164 simulachris
2074 2130 2176 2163 fasci-

1192 2195 1342 2227 nantur,
1367 2198 1405 2219 ac
1431 2186 1600 2218 leduntur
1624 2183 1705 2223 alii,
1731 2189 1769 2215 ut
1795 2193 1874 2214 cum
1894 2181 2010 2214 ulcera
2038 2180 2177 2214 tabifica

1192 2240 1280 2272 fiunt
1306 2238 1343 2270 in
1363 2236 1439 2270 aliis
1464 2233 1720 2271 incantatione,
1748 2238 1805 2264 aut
1829 2238 1867 2264 ut
1891 2231 1982 2274 apud
2004 2227 2176 2264 Theocri-

1193 2297 1267 2323 tum
1286 2288 1434 2321 maritus
1457 2291 1642 2319 revocatur
1664 2285 1824 2316 domum:

1229 2350 1310 2391 Iyux
1323 2350 1430 2387 redde,
1457 2349 1581 2377 domum
1600 2346 1767 2381 retrahens,
1793 2343 1870 2371 mihi
1885 2340 1972 2370 redde
1988 2343 2137 2371 maritum.

1193 2406 1417 2440 Vocabulum
1433 2405 1526 2448 apud
1544 2401 1678 2435 Ebreos
1712 2406 1762 2432 est
1796 2396 1960 2439 ledeuni,
1987 2398 2080 2442 quod
2100 2409 2178 2431 ver-

1193 2464 1313 2492 terunt
1329 2453 1512 2492 ἔπωὸοὒς,
1540 2453 1576 2485 id
1603 2462 1671 2488 est,
1698 2450 1944 2482 incantatores.

1294 2515 1467 2549 Damnata
1493 2519 1544 2545 est
1568 2517 1600 2543 et
1617 2507 1702 2541 haec
1725 2507 1874 2551 species,
1901 2505 1984 2550 quia
2007 2503 2179 2539 Diabolus

1194 2566 1301 2600 efficit
1327 2578 1385 2605 ea,
1429 2573 1517 2607 quae
1545 2561 1743 2593 incantator
1768 2558 2001 2601 imprecatur,
2037 2563 2072 2589 et
2097 2563 2180 2589 sunt

1194 2618 1287 2650 inter
1318 2616 1574 2647 incantatorem
1603 2615 1636 2642 et
1659 2607 1828 2641 Diabolos
1860 2613 1970 2651 pacta.
2036 2605 2180 2639 Nullam

1194 2673 1311 2701 autem
1342 2663 1417 2697 vult
1440 2661 1537 2696 Deus
1564 2659 1761 2704 pactionem
1786 2664 1819 2691 et
1843 2657 2043 2690 societatem
2076 2656 2180 2690 nobis

1621 2711 1670 2744 22
