2379 2948
198 145 270 178 427

202 228 351 261 ctrinam
366 221 528 268 requirit.
579 213 850 249 ostendendum
866 218 917 245 est
940 210 1057 250 enim,
1085 209 1181 254 quod
1207 219 1210 242 z

203 276 433 319 Evangelium
449 269 615 314 approbet
632 265 875 307 magistratus,
900 261 1094 294 vindictam
1115 271 1183 303 pu-

204 330 350 363 blicam,
377 323 526 359 iudicia,
553 317 663 357 bella,
689 316 783 360 quod
799 312 1033 356 Evangelium
1052 311 1095 344 sit
1119 311 1185 342 do·-

205 379 316 413 ctrina
340 376 382 407 de
407 373 474 404 vita
502 376 641 403 aeterna
665 374 698 399 et
723 364 917 409 spirituali,
950 374 1013 395 nec
1039 361 1185 403 dissipet
1210 370 1211 374 ¹

206 428 363 473 polinas,
391 423 448 456 sed
470 421 581 454 multo
599 417 709 460 magis
726 416 919 449 confirmet.
972 412 1073 445 lubet
1091 411 1185 444 enim

207 490 269 511 uos
287 477 323 508 in
341 473 404 507 bac
421 473 490 505 vita
510 468 685 514 corporali
701 474 805 512 atque
822 465 935 504 civili,
962 463 1013 496 uti
1035 461 1186 506 politicis

207 529 310 561 rebus
332 524 515 562 omnibus,
549 521 638 553 sicut
667 516 735 551 boc
758 520 855 556 aete,
882 515 978 554 cibo,
1006 520 1090 556 potu
1114 511 1187 544 uti-

207 590 296 612 mur.
352 573 616 617 Interpretanda
634 576 713 602 sunt
731 574 762 600 et
784 567 875 600 dicta
898 565 1068 609 quaedam
1084 560 1188 595 Clu-i-

207 631 268 666 sti,
307 638 395 672 quae
423 624 588 656 videntur
622 617 811 663 probibere
846 615 1051 647 vindictam.
1094 611 1189 644 Haec

207 681 300 714 enim
318 683 453 710 tantum
473 673 643 717 privatam
667 669 857 700 vindictam
880 662 1089 709 prohibent,
1116 674 1188 694 non

208 727 399 775 prohibent
415 724 605 757 vindictam
625 718 813 764 publicam,
840 727 928 760 quae
945 720 1123 747 exercetur
1139 712 1190 744 of-
1216 722 1219 743 l

209 781 287 814 ficio
315 777 594 819 magistratuum.
654 768 800 813 Alioqui
833 766 927 799 enim
963 764 1191 797 dissentirent

209 833 253 865 ab
281 830 357 862 aliis
380 826 483 865 locis,
516 824 577 868 qui
601 827 717 864 aperte
740 817 936 862 approbant
961 814 1193 858 magistratus,

211 890 243 915 et
260 880 449 912 vindictam
469 873 746 916 magistratuum.
798 867 852 900 Ex
868 865 934 900 hoc
953 866 1110 909 exemplo
1137 865 1192 897 in-

211 931 319 974 telligi
344 933 476 972 potest,
504 925 619 957 locum
645 920 837 954 honestatis
863 917 1012 950 maxime
1036 923 1194 949 constare
1219 906 1222 938 Ι

211 989 303 1022 arte,
337 979 418 1024 quia
443 975 507 1009 hae
532 972 787 1017 disputationes
811 979 973 1011 magnam
998 967 1194 1000 doctrinam

211 1033 423 1077 optimarum
450 1038 566 1060 rerum
588 1023 787 1068 requirunt.
840 1018 885 1053 Et
911 1030 1011 1061 saepe
1038 1015 1095 1050 hic
1119 1017 1195 1049 dia-

212 1083 342 1117 lecticis
365 1079 450 1112 locis
477 1076 648 1109 utendum
680 1079 750 1112 est,
792 1082 870 1103 cum
904 1068 1068 1101 videlicet
1098 1067 1196 1111 prius

212 1133 392 1168 docendus
411 1135 461 1162 est
482 1126 624 1159 auditor
640 1134 743 1168 quam
761 1119 1024 1158 adhortandus,
1050 1125 1089 1152 ut
1106 1118 1144 1151 fit
1161 1118 1197 1150 in

212 1183 278 1217 hac
301 1180 505 1227 quaestione
524 1177 566 1208 de
589 1175 692 1207 bello.
1224 1185 1227 1205 ‚

312 1246 399 1281 Loci
415 1246 458 1278 ab
476 1242 554 1276 utili
573 1247 606 1274 et
622 1239 717 1273 facili
734 1239 804 1270 sere
821 1244 903 1270 sunt
919 1235 1077 1280 dragum.
1108 1233 1197 1267 Nam

213 1300 348 1335 utilitas
370 1307 471 1340 saepe
496 1292 652 1326 cernitur
680 1291 724 1323 ab
742 1288 910 1325 indoctis,
939 1298 1027 1331 quae
1048 1297 1127 1318 cum
1151 1290 1200 1317 est

215 1350 420 1386 manifesta,
456 1342 694 1386 exaggeranda
721 1340 785 1372 erit
807 1339 988 1376 oratione,
1019 1343 1058 1370 ut
1079 1342 1200 1368 contra

217 1402 373 1439 Turcas,
407 1394 653 1438 amplificanda
679 1398 729 1423 est
753 1401 874 1422 eorum
903 1387 1111 1425 crudelitas,
1146 1385 1201 1417 di—

216 1452 387 1488 cendum,
431 1451 596 1490 quantam
626 1440 865 1474 carnificinam
891 1439 929 1470 in
958 1439 1067 1469 victos
1103 1447 1200 1468 exer-

217 1508 337 1540 ceant,
365 1509 469 1543 quam
485 1494 598 1537 turpis
623 1499 655 1525 et
680 1492 806 1524 misera
832 1489 983 1522 servitus
1001 1487 1202 1530 impendeat

217 1552 292 1593 his,
316 1550 375 1596 qui
394 1559 466 1580 non
486 1552 567 1578 sunt
583 1542 768 1576 interfecti.
821 1539 982 1595 Facultas
999 1544 1126 1594 autem.
1139 1549 1202 1580 po-

219 1605 282 1637 sita
302 1607 352 1634 est
369 1600 406 1632 in
428 1594 711 1631 circumstantiis,
728 1593 763 1623 in
781 1596 1044 1633 comparatlone
1061 1599 1204 1626 virium,

219 1661 439 1696 temporum,
468 1648 638 1679 locorum.
1229 1631 1232 1673 ί

320 1716 560 1752 Dominantur
584 1711 621 1743 in
648 1707 715 1742 hoc
746 1718 872 1751 genere
903 1705 1075 1748 exempla,
1115 1709 1154 1735 ut
1177 1702 1202 1734 si

221 1770 299 1817 quis
326 1770 574 1801 commemoret
594 1760 781 1796 Carolum,
817 1754 1021 1794 Othonem,
1057 1753 1205 1798 patriam

221 1823 386 1856 adversus
404 1816 572 1849 barbaros
595 1822 731 1845 summa
755 1810 885 1841 virtute
907 1807 1122 1844 defendisse,
1150 1804 1206 1835 in-

222 1872 356 1905 finitam
376 1867 594 1900 Hunnorum
622 1860 904 1896 multitudinem,
942 1869 1029 1902 quae
1055 1856 1091 1888 in
1115 1853 1206 1887 Ger-

222 1921 376 1956 maniam
403 1918 598 1959 irruperat,
632 1912 810 1945 delevisse.
864 1908 1060 1952 Imperator
1083 1905 1207 1938 Fride-

224 1974 317 2007 ricus
334 1970 526 2004 Saracenos
545 1965 582 1997 in
608 1963 750 1996 ultimas
774 1969 902 1997 terraS,
929 1960 965 1991 in
984 1958 1122 2003 Syriam
1149 1967 1208 1988 us—

226 2035 293 2069 que
311 2024 511 2066 persecutus
528 2023 588 2048 est.
640 2013 712 2046 Nos
730 2011 897 2054 repellere
916 2010 1119 2042 dubitamus
1143 2004 1208 2039 ho-

227 2082 311 2113 stes,
339 2070 400 2116 qui
416 2076 487 2102 tam
506 2063 629 2111 procul
646 2075 685 2096 ex
697 2060 848 2095 Thracia
864 2060 1029 2103 profecti,
1059 2057 1209 2091 Germa-

226 2125 323 2158 niam
341 2123 452 2165 ipsam
469 2114 630 2164 populati
645 2119 736 2147 sunt.
789 2111 945 2144 Affectus
963 2111 1064 2143 etiam
1092 2109 1128 2141 in
1154 2105 1210 2140 his

228 2174 340 2209 causis
363 2168 529 2204 movendi
552 2172 652 2205 sunt,
692 2163 753 2209 qui
783 2174 861 2194 cum
889 2162 925 2193 in
954 2168 1025 2194 tota
1052 2159 1210 2193 oratione
1238 2179 1240 2202 t

230 2226 324 2259 varie
348 2218 536 2267 spargendi
559 2222 684 2255 erunt,
723 2221 798 2247 tum
824 2212 860 2244 in
883 2211 1106 2255 peroratione
1131 2209 1210 2265 eligi
1238 2210 1240 2246 i

231 2277 358 2309 debent
380 2271 438 2312 bi,
472 2269 533 2315 qui
557 2273 639 2301 sunt
660 2264 841 2303 acerrimi,
869 2274 932 2294 nec
955 2261 1078 2305 procul
1103 2260 1212 2315 petit-1.
1239 2263 1241 2312 j

230 2326 319 2360 Nam
345 2322 606 2368 perorationes,
628 2324 667 2350 ut
691 2317 728 2348 in
757 2314 835 2347 aliis
860 2313 1064 2356 generibus,
1099 2318 1211 2343 conti·
1239 2316 1241 2338 1¹

235 2383 318 2410 nent
342 2372 588 2419 repetitionem
620 2366 844 2413 quorundam
868 2369 1157 2407 argumentorum
1182 2367 1211 2393 et
1240 2369 1242 2391 ἱ

234 2427 385 2460 affectus.

336 2490 527 2531 Postquam
545 2485 636 2520 hanc
663 2485 756 2516 viam
778 2482 1015 2516 adolescentes
1042 2490 1214 2521 cognove-
1240 2498 1243 2522 ι

236 2548 338 2581 runt,
366 2539 522 2582 exempla
539 2535 768 2581 proponenda
786 2539 884 2572 sunt,
911 2543 997 2576 quae
1021 2531 1124 2573 longe
1146 2529 1216 2562 cla-

237 2593 311 2627 rius
327 2590 537 2628 ostendunt,
563 2588 647 2631 quid
667 2586 703 2618 in
718 2583 785 2617 hoc
802 2594 927 2627 genere
950 2583 1084 2621 deceat,
1111 2592 1214 2624 quam

236 2648 431 2688 praecepta.
484 2637 583 2680 Quae
599 2637 740 2681 quidem
757 2636 799 2668 ad
818 2632 884 2667 hoc
899 2644 1012 2666 unum
1029 2631 1216 2673 excogitata

240 2700 341 2735 sunt,
366 2698 407 2726 ut
424 2688 595 2734 imperitis
615 2687 707 2720 viam
726 2686 932 2725 ostendant,
957 2690 997 2718 ut
1019 2682 1217 2724 intelligere

435 135 639 173 SCRIPTA
675 131 748 165 PH.
775 125 892 163 MEL.
919 124 986 160 AD
1010 123 1136 159 HIST.
1163 122 1306 160 PROF.
1334 120 1400 156 ET
1426 118 1622 156 PH1LOS.
1649 118 1971 156 SPECTANTIA.

2140 120 2214 156 448

1234 207 1389 251 exempla
1410 206 1564 250 possint,
1592 212 1625 238 et
1648 204 1767 237 videre
1795 206 2035 239 oeconomiam
2062 212 2096 239 et
2120 206 2218 239 ordi-

1234 270 1314 290 nem
1333 257 1492 290 omnium
1510 257 1662 300 partium
1674 282 1682 295 ,
1710 261 1742 288 et
1759 255 1869 289 totius
1882 257 2050 289 orationis
2068 256 2217 289 formam

1236 309 1355 341 animo
1385 307 1581 350 complecti.
1644 305 1752 339 Plena
1789 312 1904 338 autem
1937 307 2106 350 exemplis
2137 314 2220 340 sunt

1236 358 1423 399 Poe'mata,
1458 357 1657 394 Historiae,
1686 354 1876 400 Epistolae.
1931 355 2001 389 Sed
2025 368 2087 399 ego
2114 357 2219 390 velim

1211 422 1213 442 1
1238 416 1478 452 praeceptores
1494 420 1533 441 ex
1554 407 1655 440 Livio
1672 407 1798 449 eligere
1823 407 1997 450 exempla,
2026 419 2115 451 quae
2139 419 2219 440 curn

1240 466 1273 492 et
1298 466 1442 503 propter
1473 470 1591 491 rerum
1613 457 1912 500 magnitudinem,
1947 463 1980 490 et
2002 463 2147 501 propter
2166 469 2224 490 so-

1240 521 1325 542 num
1344 510 1514 542 orationis
1534 508 1727 541 illustriora
1746 508 1949 551 etgraviora
1967 507 2048 548 sint,
2061 518 2224 550 magnam

1242 560 1431 592 verborum
1450 567 1484 593 et
1501 560 1755 592 sententiarum
1771 558 1907 602 copiam
1925 558 2162 602 suppeditant.

1345 616 1527 650 Pertinent
1549 617 1592 649 ad
1617 617 1812 649 suasorium
1841 627 1969 660 genus,
2004 623 2037 650 et
2060 617 2097 649 in
2121 616 2227 650 sacris

1216 691 1218 711 2
1242 667 1365 708 literis,
1391 665 1682 706 Adhortationes,
1701 666 1981 707 Consolationes,
1998 665 2228 711 Deprecatio-

1243 730 1324 759 nes,
1347 724 1385 751 ut
1412 719 1449 750 in
1476 717 1636 756 Psalmo,
1666 716 1854 757 Miserere,
1877 729 1979 762 saepe
2005 724 2057 751 est
2081 718 2230 762 repetita

1245 768 1439 814 propositio
1457 780 1495 801 ac
1515 766 1650 812 petitio.
1704 766 1859 801 Insertae
1882 775 1965 802 sunt
1989 768 2115 811 passim
2144 780 2231 813 que-

1245 820 1348 853 relae.
1407 817 1666 861 Argumentum
1697 818 1838 850 ducitur
1861 818 1905 851 ab
1926 816 2094 860 honesto,
2135 819 2231 864 quod

1247 869 1487 904 misericordia
1514 868 1579 902 Dei
1601 869 1658 902 fiat
1681 868 1874 908 illustrior,
1901 869 1930 901 si
1946 876 2120 911 agnoscat.
2173 869 2232 904 Si-

1247 922 1330 954 mile
1349 927 1398 953 est
1416 921 1492 953 loco
1507 919 1692 959 utilitatis,
1720 920 1812 963 quod
1833 920 2006 963 promittit
2024 932 2059 953 se
2076 919 2233 953 vicissim

1249 978 1385 1015 gratum
1402 971 1494 1011 sore,
1521 970 1805 1014 praedicaturum
1822 967 1889 1002 hoc
1906 970 2127 1011 beneficium,
2152 971 2236 1003 red-

1249 1023 1407 1055 diturum
1436 1033 1516 1054 vera
1545 1020 1731 1059 sacrificia,
1767 1020 1899 1053 scilicet
1917 1021 2081 1065 spiritum
2100 1021 2235 1054 contri-

1251 1073 1422 1106 bulatum.
1476 1071 1527 1104 Ita
1543 1071 1658 1104 obiter
1674 1071 1800 1104 alludit
1818 1072 1861 1104 ad
1875 1071 1992 1104 locum
2009 1083 2234 1105 communem

1251 1125 1294 1157 de
1311 1122 1506 1162 sacrificiis,
1533 1123 1626 1166 quod
1648 1122 1868 1154 ceremoniae
1884 1128 2022 1155 tantum
2042 1122 2113 1155 sint
2137 1122 2237 1165 signa

1253 1185 1415 1206 verorum
1436 1173 1696 1205 sacrificiorum.
1736 1172 1881 1215 Semper
1899 1179 2013 1205 autem
2033 1172 2112 1205 finis
2130 1184 2237 1217 quae-

1252 1226 1383 1258 rendus
1403 1230 1463 1256 est.
1518 1221 1796 1256 Adhortationes
1823 1223 1944 1255 iubent
1970 1222 2106 1267 aliquid
2124 1234 2236 1266 agere.

1253 1274 1523 1309 Consolationes
1547 1274 1671 1307 iubent
1702 1280 1880 1317 expectare
1913 1273 2083 1306 auxilium
2107 1285 2126 1306 a
2149 1273 2240 1308 Deo.

1253 1325 1526 1370 Deprecationes
1544 1331 1668 1368 petunt
1693 1324 1829 1368 aliquid
1855 1324 1958 1356 nobis
1973 1324 2130 1357 concedi.

1461 1425 1519 1457 De
1546 1434 1688 1469 genere
1719 1423 2022 1457 demonstrativo.

1354 1489 1679 1524 Demonstrativum
1701 1500 1810 1531 genus
1826 1489 1982 1522 continet
2001 1489 2240 1523 laudationem

1256 1547 1289 1574 et
1312 1540 1630 1584 vituperationem,
1665 1541 1723 1571 sed
1753 1539 1903 1572 multum
1926 1540 2088 1580 interest,
2122 1546 2242 1573 utrum

1257 1603 1425 1635 personae
1459 1596 1668 1627 tractentur,
1702 1601 1748 1622 an
1781 1590 1888 1629 facta,
1931 1597 1990 1623 aut
2022 1601 2087 1623 res.
2150 1589 2243 1623 Aliis

1258 1642 1350 1674 euim
1377 1641 1462 1673 locis
1489 1640 1659 1673 utendum
1683 1640 1749 1673 erit
1772 1641 1809 1672 in
1835 1640 2037 1674 laudatione
2063 1652 2244 1684 personae,

1258 1692 1335 1725 aliis
1353 1692 1389 1724 in
1408 1692 1511 1724 laude
1527 1691 1700 1724 factorum
1718 1697 1750 1724 et
1766 1703 1896 1726 rerum.

1360 1758 1449 1793 Cum
1465 1759 1649 1792 laudamus
1676 1771 1882 1803 personam,
1911 1759 2037 1792 ordine
2060 1770 2244 1792 narramus

1260 1809 1462 1848 historiam,
1491 1816 1525 1842 et
1540 1822 1657 1843 rerum
1673 1810 1797 1842 seriem
1818 1811 1854 1842 in
1878 1810 2027 1843 dicendo
2054 1810 2245 1854 sequimur.

1261 1861 1352 1895 Sunt
1368 1861 1474 1903 igitur
1497 1860 1565 1892 loci
1588 1873 1834 1904 personarum:
1863 1859 1997 1898 Patria,
2021 1859 2148 1900 Sexus,
2174 1859 2247 1893 Na-

1261 1912 1362 1950 tales,
1391 1911 1597 1954 Ingenium,
1630 1909 1822 1948 Educatio,
1858 1909 2072 1954 Disciplina,
2103 1909 2247 1944 Doctri-

1262 1974 1324 2002 na,
1352 1961 1422 1995 Res
1441 1968 1572 2005 gestae,
1600 1961 1758 1994 Praemia
1785 1972 1900 1993 rerum
1919 1967 2111 2002 gestarum,
2142 1959 2245 1995 Vitae

1263 2013 1392 2053 exitus,
1419 2011 1556 2056 Opinio
1577 2019 1653 2055 post
1670 2018 1830 2045 mortem.
1883 2010 1951 2043 Hic
1971 2012 2059 2044 ordo
2077 2008 2246 2045 historiae

1264 2064 1372 2106 magis
1399 2064 1496 2095 decet
1521 2063 1558 2095 iu
1583 2062 1866 2099 laudationibus,
1893 2074 1999 2106 quam
2024 2062 2119 2106 quod
2143 2062 2246 2096 initio

1264 2115 1426 2158 quidam,
1462 2113 1561 2157 quasi
1590 2113 1627 2145 in
1660 2110 1790 2145 scholis
1819 2110 2128 2156 philosophantes,
2165 2125 2247 2156 par-

1265 2165 1407 2198 ciuntur
1429 2165 1521 2197 bona
1547 2164 1584 2195 in
1608 2163 1673 2196 tria
1700 2175 1844 2206 genera,
1871 2170 2033 2204 naturae,
2059 2163 2188 2205 animi,
2215 2170 2248 2197 et

1265 2216 1426 2248 fortunae
1445 2215 1549 2247 bona.
1600 2212 1739 2247 Etcum
1759 2215 1801 2246 ad
1828 2211 1912 2246 haec
1933 2214 2064 2258 capita,
2091 2214 2247 2257 singulas

1267 2273 1380 2310 partes
1397 2263 1564 2298 historiae
1586 2266 1851 2297 accommodare
1878 2265 2020 2305 volunt,
2047 2276 2165 2298 rerum
2189 2276 2248 2297 or-

1267 2317 1384 2350 dinem
1411 2316 1646 2348 confundunt.
1707 2314 1889 2349 Caeterum
1915 2316 1984 2348 loci
2009 2315 2064 2349 itti
2089 2326 2249 2348 commu-

1268 2379 1347 2407 nes,
1381 2378 1487 2411 quare
1508 2374 1655 2400 naturae
1681 2367 1794 2406 bona,
1830 2378 1937 2411 quare
1959 2367 2120 2399 fortunae
2143 2365 2249 2406 bona,

1267 2419 1405 2451 laudem
1423 2424 1636 2458 mereantur,
1654 2424 1825 2462 quantum
1841 2423 2015 2461 praestent
2031 2416 2141 2449 animi
2156 2416 2250 2450 bona

1268 2469 1408 2502 dotibus
1424 2468 1585 2501 fortunae
1604 2469 1797 2512 prudenter
1815 2466 1988 2512 *historiae
2013 2478 2074 2510 per
2095 2467 2249 2500 occasio-

1269 2531 1347 2552 nem
1366 2519 1528 2552 intertexi
1547 2520 1686 2553 debent.

1370 2576 1524 2610 Exordia
1545 2578 1581 2610 in
1601 2575 1807 2620 boc'genere
1832 2576 1999 2610 liberiora
2023 2583 2123 2616 sunt,
2151 2582 2189 2609 ut
2211 2576 2250 2608 in

1269 2626 1519 2674 Epithalamiis
1541 2635 1600 2662 aut
1616 2626 1794 2672 Epicediis
1819 2634 1973 2671 apparet.
2028 2626 2209 2661 Interdum
2232 2638 2251 2659 e

1272 2691 1397 2724 pompa
1416 2679 1569 2723 publica,
1587 2679 1765 2713 interdum
1780 2678 1824 2711 ab
1840 2678 1964 2712 effectu
1979 2678 2108 2723 aliquo,
2131 2689 2149 2710 a
2166 2688 2251 2722 que-
