2379 2948
232 132 302 165 487

235 212 497 257 rempublicam.
551 211 638 244 Nam
663 209 747 243 haec
768 209 927 244 tractatio
948 209 1131 242 literarum
1157 214 1211 240 to-

235 272 310 307 gata
328 264 497 307 quaedam
515 260 640 293 militia
657 267 719 294 est.
765 260 864 294 Sicut
881 260 972 292 enim
989 260 1075 292 foris
1091 259 1214 292 desen-

237 316 287 347 sio
311 313 521 357 reipublicae
545 310 686 343 armatis
712 311 919 344 exercitibus
943 309 1126 343 commissa
1155 314 1216 347 est,

238 366 284 398 ita
312 362 407 396 domi
434 361 590 395 custodia
614 361 845 404 reipublicae,
878 360 1026 394 literatis
1052 360 1216 392 mandata

240 422 305 452 est,
347 412 406 456 qui
435 411 621 453 religiones
645 411 789 451 docent,
823 418 856 444 et
884 417 1045 444 exercent
1074 408 1218 447 iudicia,

241 464 367 508 quibus
392 462 493 494 rebus
519 473 584 504 pax
615 461 711 494 domi
746 461 956 495 continetur.
1017 457 1218 492 Translatio

241 521 290 545 est
309 512 401 554 apud
419 511 580 549 Livium,
607 511 669 544 ubi
692 512 810 555 Scipio
833 523 969 544 causam
994 508 1176 542 seditionis
1200 518 1219 539 a

242 562 468 595 multitudine
484 562 519 593 in
541 572 668 605 paucos
686 563 831 595 confert.
884 559 1089 593 Multidudo
1105 557 1223 590 omnis

244 614 332 646 sicut
350 618 475 644 natura
491 611 595 644 maris
612 623 672 655 per
692 623 726 644 se
749 610 941 643 immobilis
968 615 1036 649 est,
1062 615 1101 642 ut
1125 607 1221 640 venti

244 671 277 696 et
293 673 396 695 aurae
413 662 524 699 cient,
553 662 599 693 ita
616 668 676 694 aut
693 661 944 704 tranquillum,
970 665 1030 692 aut
1048 658 1221 702 procellae

246 714 282 745 in
299 711 398 744 vobis
417 719 516 751 suut,
537 718 569 743 et
587 721 688 744 causa
707 718 810 755 atque
829 711 926 752 origo
950 709 1065 742 omnis
1092 707 1222 741 furoris

247 773 350 807 penes
378 769 515 795 autores
549 768 615 794 est:
656 759 729 793 Vos
759 760 1000 803 contagatione
1032 757 1223 791 insanistis.

247 812 431 845 'l'ransfert
449 818 480 844 et
496 808 748 843 Demosthenes
764 818 926 843 eventum
944 809 1025 842 belli
1048 809 1085 841 in
1110 809 1222 841 fortu-

248 875 347 901 nam,
377 868 408 894 et
432 861 724 905 quemadmodum
748 860 991 904 gubernatori,
1018 859 1077 903 qui
1100 869 1223 891 somno

248 911 395 944 consilio
422 911 540 943 navim
568 922 708 953 regens,
743 912 778 943 vi
804 910 1016 954 tempestatis
1044 916 1224 951 superatus

249 962 302 998 sit,
322 961 543 1003 naufragium
561 960 727 1003 imputari
743 973 815 993 non
835 961 949 1000 debet,
967 960 1013 993 ita
1033 959 1100 992 sibi
1118 970 1224 991 even-

251 1020 322 1044 tum
342 1011 424 1043 belli
441 1017 543 1053 negat
559 1010 822 1053 imputandum,
850 1011 908 1055 qui
925 1022 1060 1043 summo
1078 1009 1224 1042 consilio

250 1072 454 1105 summaque
475 1062 540 1092 sule
558 1061 808 1104 rempublicam
829 1060 1136 1094 administraverit.
1163 1057 1226 1092 Est

251 1119 282 1144 et
302 1112 393 1154 apud
413 1110 561 1143 Paulum
578 1111 758 1143 translatio
775 1109 858 1154 Cap.
871 1111 904 1145 7.
922 1111 964 1143 ad
979 1108 1103 1143 Roma.
1137 1107 1224 1142 Cum

251 1162 381 1194 dictum
399 1167 485 1193 esset
504 1160 576 1203 lege
598 1161 715 1204 augeri
731 1169 926 1205 peccatum,
953 1166 1070 1204 postea
1087 1159 1225 1192 confer-

251 1218 309 1244 tur
325 1222 424 1243 causa
443 1211 477 1242 in
497 1217 656 1244 naturam
676 1212 900 1255 peccatricem
913 1238 922 1252 ,
945 1222 1017 1243 non
1039 1210 1078 1242 in
1100 1210 1224 1252 legem,

251 1261 332 1305 quia
351 1261 404 1293 lex
422 1261 514 1293 bona
533 1267 592 1294 est.

352 1309 432 1344 Huc
448 1311 597 1354 pertinet
616 1312 725 1345 color.
774 1311 855 1345 Non
880 1311 972 1344 enim
995 1310 1088 1343 idem
1117 1309 1225 1352 signi-

253 1361 330 1393 ficat
354 1360 451 1392 color
473 1360 567 1403 quod
594 1359 749 1398 schema,
783 1366 822 1392 ut
842 1360 966 1401 vulgus
990 1363 1098 1401 putat.
1157 1360 1226 1390 Sed

254 1410 349 1442 color
364 1416 414 1442 est
428 1409 556 1451 species
570 1409 717 1451 figurae,
740 1408 909 1451 significat
933 1407 1027 1440 enim
1052 1406 1227 1439 narratio-

253 1471 334 1492 nem
357 1459 594 1491 verisimiliter
615 1459 745 1498 fictam,
767 1465 806 1491 ut
831 1470 908 1491 cum
934 1457 1116 1499 fingimus,
1141 1456 1226 1500 quid

255 1509 382 1553 aliquis
398 1509 578 1553 opinetur,
605 1509 688 1553 quid
707 1508 849 1548 dixerit,
873 1508 957 1552 quid
976 1507 1105 1541 fecerit.
1137 1505 1226 1538 Cum

254 1571 391 1592 causam
416 1559 563 1591 alicuius
588 1559 668 1591 facti
694 1558 796 1591 nobis
819 1558 1036 1590 commodam
1054 1556 1227 1598 fingimus.

254 1609 311 1643 Sic
322 1608 496 1651 fingitCic.
506 1607 670 1641 Clodium
681 1608 807 1640 dixisse
817 1608 935 1640 triduo
948 1607 1141 1650 periturum
1154 1604 1227 1637 Mi-

255 1660 466 1698 lonem,cum
476 1659 548 1700 ipse
557 1658 757 1690 adAtticum
768 1657 894 1690 scribat
904 1657 1020 1690 triduo
1033 1656 1228 1700 periturum

254 1708 430 1743 Clodium.
481 1707 607 1740 Poetae
622 1707 716 1751 pleni
733 1714 815 1741 sunt
835 1704 1038 1739 huiusmodi
1055 1704 1228 1738 narratio-

255 1759 345 1797 nib.‚
373 1758 454 1803 quia
470 1769 522 1790 res
543 1758 636 1791 fictas
650 1758 864 1792 describunt.
899 1756 1096 1790 Sumuntur
1113 1762 1227 1788 autem

253 1809 387 1841 colores
404 1820 443 1841 ex
460 1808 748 1848 circumstantiis,
776 1819 814 1840 ex
830 1813 945 1851 gestu,
974 1819 1014 1839 ex
1031 1806 1161 1843 causis,
1189 1816 1228 1837 ex

255 1859 361 1900 signis
386 1858 680 1902 consequentibus
701 1864 760 1891 aut
789 1857 1086 1900 praecedentibus.
1139 1853 1229 1888 Ovi-

255 1910 334 1941 dius
363 1908 509 1951 sumpsit
534 1920 573 1940 ex
596 1909 889 1952 consequentibus
916 1919 994 1940 cum
1019 1908 1082 1940 ait:
1119 1906 1228 1938 Arma

257 1958 323 1990 viri
339 1958 438 1991 sortis
450 1958 582 1990 medios
598 1958 783 1991 mittantur
801 1958 837 1990 in
855 1955 981 1994 hostes,
1010 1955 1097 1988 inde
1114 1956 1229 1987 iubete

256 2008 344 2052 peti,
369 2020 402 2052 q.
419 2009 452 2041 d.
471 2005 535 2040 hoc
551 2008 617 2041 erit
641 2008 778 2050 signum
803 2014 880 2041 uter
903 2006 1044 2049 dignior
1066 2006 1127 2045 sit,
1153 2011 1230 2037 uter

256 2058 384 2091 virtute
403 2064 562 2101 praestet.

357 2105 402 2141 Et
430 2105 496 2139 huc
524 2107 673 2150 pertinet
699 2107 894 2149 calumnia,
931 2117 998 2150 qua
1023 2112 1115 2138 recte
1137 2104 1229 2137 dicta

258 2169 296 2191 ac
321 2158 408 2191 facta
440 2159 692 2200 depravantur,
732 2158 774 2189 de
798 2168 865 2201 qua
889 2156 1023 2190 tametsi
1049 2161 1229 2198 praecepta

259 2215 375 2241 extant
391 2208 428 2239 in
444 2205 642 2250 sophisticis
657 2207 868 2251 syllogismis
878 2206 1087 2248 Aristotelis,
1114 2213 1230 2238 tamen

261 2255 345 2291 haec
368 2265 523 2301 tempora
550 2255 680 2290 liabent
701 2256 885 2289 artificium
917 2255 1028 2288 multo
1059 2255 1230 2294 callidius,

261 2308 355 2352 quod
371 2307 492 2340 multis
513 2319 594 2351 opes
619 2319 657 2340 ac
682 2306 886 2349 dignitatem
907 2305 1009 2350 parit.
1063 2304 1152 2338 Tota
1177 2315 1230 2337 res

262 2369 301 2390 ex
316 2358 392 2390 loco
408 2369 587 2390 causarum
609 2364 640 2390 et
664 2357 844 2400 signorum
868 2355 1170 2399 interpretatione,
1198 2361 1230 2388 et

263 2408 426 2451 exemplis
444 2408 537 2440 vafre
552 2407 696 2441 detortis
713 2407 862 2441 ducitur.
913 2405 1000 2440 Nam
1021 2404 1057 2437 in
1073 2412 1163 2438 recte
1178 2405 1229 2438 fa-

263 2457 342 2496 ctis,
369 2457 476 2489 malas
498 2469 616 2490 causas
640 2454 705 2490 boc
727 2464 794 2498 est,
819 2468 927 2501 prava
951 2455 1095 2489 consilia
1122 2466 1229 2500 quae—

262 2512 362 2546 runt,
382 2506 545 2540 insidiose
560 2514 779 2550 aucupantur
800 2507 915 2550 signa,
942 2518 1030 2552 quae
1052 2505 1146 2538 varie
1170 2516 1228 2538 ex-

261 2556 345 2600 poni
368 2563 530 2599 possunt,
554 2564 594 2590 ut
616 2554 794 2591 Pharisaei
816 2556 1111 2601 interpretabatur
1124 2553 1229 2589 Chri-

259 2613 351 2639 stum
375 2605 534 2638 affectare
557 2618 722 2649 regnum,
747 2607 830 2652 quia
852 2608 1049 2651 patiebatur
1067 2605 1228 2639 multitu-

257 2657 373 2688 dinem
391 2656 432 2687 ad
450 2667 484 2688 se
499 2656 691 2697 confluere,
715 2658 870 2690 discendi
886 2669 998 2692 causa.
1048 2655 1134 2690 Item
1149 2668 1226 2689 mo-

462 125 668 163 SCRtPTA
698 125 770 159 PII.
798 123 911 160 MEL.
940 122 1005 158 AD
1032 122 1158 158 HtS'r.
1188 120 1330 157 PROF.
1358 119 1422 153 ET
1451 118 1642 156 PHlLOS.
1675 118 2004 157 SPECTANTIA.

2182 123 2256 158 488

1264 216 1319 238 res
1344 204 1599 238 transferebant
1626 204 1671 236 ad
1695 203 1814 237 xicina
1838 204 1948 246 vicia,
1985 205 2067 251 quia
2089 203 2254 240 Christus

1267 255 1447 288 communi
1475 267 1571 288 more
1595 253 1753 295 vivebat,
1778 255 1994 289 accusabant
2019 267 2100 288 eum
2126 256 2257 290 intem-

1266 305 1455 349 perantiae.
1508 304 1565 338 Ad
1583 302 1667 337 haec
1683 301 1888 338 adhibenda
1905 311 1958 338 est
1982 305 2186 349 diligentia,
2213 314 2254 341 ut

1267 355 1456 388 benefactis
1479 355 1708 388 dissimulatis
1733 361 1794 389 aut
1816 355 2036 396 extenuatis,
2064 364 2176 389 errata
2197 369 2256 390 ex-

1269 412 1478 448 aggerentur
1505 405 1542 438 in
1567 405 1792 439 immensum.
1847 405 1948 438 Sicut
1966 405 2093 448 vulgus
2109 406 2195 440 solet
2213 408 2257 440 de

1269 455 1530 497 magistratibus
1562 455 1736 499 iudicare,
1771 456 1866 499 quod
1897 455 2057 498 ingentia
2090 455 2258 491 beneficia

1270 517 1343 537 non
1361 505 1475 546 videt,
1501 506 1662 538 videlicet
1685 507 1781 551 quod
1798 517 1917 549 pacem
1946 512 2178 546 conservant,
2204 513 2257 539 at-

1271 567 1337 599 que
1355 555 1470 587 ocium
1490 557 1714 599 suppeditant
1733 557 1777 588 ad
1799 555 2046 589 educationem
2071 563 2177 600 atque
2201 555 2259 589 in-

1272 605 1491 638 stitutionem
1509 606 1660 646 sobolis‚
1687 606 1729 639 ad
1750 617 1804 638 res
1819 605 2029 639 domesticas
2046 605 2259 648 retinendas,

1273 655 1467 697 augendas,
1502 660 1606 699 atque
1630 657 1817 691 ornandas.
1869 655 2015 690 interim
2042 655 2144 701 siqua
2166 655 2259 690 levia

1273 710 1386 738 errata
1401 703 1592 738 inciderint
1607 705 1655 737 de
1665 705 1929 748 magistratuum
1944 706 2170 749 negligentia,
2185 712 2258 740 tra-

1274 754 1348 798 gice
1365 761 1642 798 conqueruntur.
1692 754 1762 788 Sed
1778 755 1815 787 in
1833 762 1929 789 tanta
1946 756 2175 800 improbitate
2191 753 2259 790 ho-

1275 804 1411 837 minum
1432 804 1570 837 infinita
1590 805 1746 848 exempla
1761 806 1961 849 suppeditat
1980 817 2064 839 usus
2079 806 2182 842 vitae.

1378 853 1549 887 Gradatio
1564 852 1699 898 κλίμαξ
1712 867 1789 888 cum
1807 867 1868 899 per
1882 856 2010 898 gradus
2027 855 2099 889 itur
2114 857 2158 889 ab
2180 855 2258 889 aliis

1276 905 1320 937 ad
1337 904 1422 945 alia,
1449 905 1498 937 ita
1518 911 1557 938 ut
1574 916 1709 949 semper
1725 906 1923 949 proximum
1949 906 2095 938 verbum
2120 913 2259 950 repeta-

1276 961 1352 994 tur,
1379 961 1434 987 ut:
1458 954 1640 988 Secundae
1658 967 1711 988 res
1735 955 1878 999 pariunt
1902 955 2170 998 negligentiam,
2195 967 2259 989 ne·-

1277 1005 1441 1047 gligentia
1458 1005 1708 1046 temeritatem,
1737 1006 1914 1039 temeritas
1937 1006 2062 1038 evertit
2086 1004 2259 1042 homines.

1277 1054 1383 1098 Apud
1408 1054 1557 1088 Paulum
1583 1062 1648 1088 est:
1685 1055 1886 1090 Tribulatio
1914 1055 2118 1099 patientiam
2145 1055 2258 1097 affert,

1277 1104 1443 1148 patientia
1461 1106 1704 1148 probationem
1717 1130 1726 1144 ‚
1754 1106 1916 1149 probatio
1935 1117 2041 1149 spem.
2092 1104 2257 1139 Diximus

1277 1161 1393 1187 autem
1413 1154 1450 1186 in
1468 1155 1659 1189 dialecticis
1679 1153 1745 1189 hoc
1767 1158 1873 1190 modo
1899 1155 2063 1190 connecti
2083 1167 2202 1190 causas
2225 1162 2258 1189 et

1278 1205 1441 1246 effectus,
1468 1217 1593 1249 genera
1608 1214 1640 1240 et
1658 1206 1799 1250 species.

1615 1291 1673 1325 De
1700 1292 1915 1326 contrariis-

1379 1356 1570 1391 Contentio
1594 1355 1783 1391 ἀνιίθεσις
1806 1364 1885 1385 cum
1914 1364 1977 1396 per
1995 1353 2168 1387 contraria
2183 1366 2259 1388 am..

1279 1402 1492 1446 plificamus,
1520 1413 1580 1435 seu
1597 1403 1814 1435 declaramus
1838 1403 1986 1448 aliquid.
2036 1403 2126 1437 Nam
2148 1405 2257 1438 colla-

1280 1453 1329 1486 tio
1347 1452 1602 1486 contrariorum
1620 1464 1781 1495 magnam
1800 1453 1871 1485 vim
1890 1451 1995 1486 habet
2009 1455 2053 1486 ad
2072 1454 2256 1488 illustran-

1280 1503 1375 1538 dum.
1428 1503 1485 1536 Fit
1501 1510 1616 1536 autem
1635 1503 1782 1545 singulis
1800 1503 1925 1544 verbis,
1951 1509 1990 1536 ut
2005 1515 2078 1536 non
2094 1511 2145 1537 est
2162 1517 2256 1543 vera,

1280 1553 1337 1585 sed
1356 1553 1440 1585 falsa
1454 1553 1582 1595 gloria,
1609 1553 1713 1595 vulgo
1731 1553 1877 1596 placere.
1929 1550 2003 1586 Aut
2018 1553 2162 1597 integris
2176 1566 2257 1588 ora-

1280 1603 1457 1643 tionibus,
1483 1609 1536 1636 ut:
1564 1601 1670 1636 Nulla
1685 1603 1778 1636 salus
1802 1603 1915 1647 bello,
1943 1614 2061 1647 pacem
2086 1610 2118 1638 te
2143 1605 2257 1648 posci-

1282 1664 1358 1686 mus
1375 1664 1506 1685 omneS.
1540 1651 1689 1686 Pellitur
1712 1665 1730 1685 e
1752 1653 1867 1686 medio
1890 1653 2081 1696 sapientia,
2106 1654 2142 1686 vi
2164 1655 2257 1698 geri—

1281 1709 1338 1736 tur
1355 1714 1421 1736 res.
1451 1701 1572 1735 Donec
1589 1702 1656 1735 eris
1672 1702 1790 1744 foelix,
1806 1703 1935 1736 multos
1952 1704 2154 1737 numerabis
2167 1705 2256 1738 ami-

1281 1764 1350 1788 cos.
1403 1752 1578 1796 Tempora
1595 1753 1625 1785 si
1643 1753 1774 1787 fuerint
1795 1753 1937 1793 nubila,
1963 1753 2059 1787 solus
2085 1755 2164 1790 eris.
2215 1753 2258 1789 Si

1281 1803 1471 1836 secundum
1487 1814 1625 1836 carnem
1642 1803 1807 1844 vixeritis,
1822 1803 2033 1839 moriemini.
2073 1803 2112 1838 Si
2129 1804 2256 1849 spiritu

1280 1854 1368 1887 facta
1387 1853 1502 1886 carnis
1519 1853 1793 1896 mortificabitis,
1820 1854 1954 1887 vivetis.
2006 1853 2113 1887 Varie
2137 1855 2258 1888 confe-

1282 1911 1410 1937 runtur
1439 1903 1633 1942 contraria,
1670 1904 1729 1936 sed
1760 1915 1824 1936 nos
1852 1915 1922 1937 uno
1945 1903 2048 1937 titulo
2071 1902 2256 1938 antithesis

1284 1954 1462 1998 plerasque
1488 1954 1573 1987 alias
1604 1953 1731 1997 species
1763 1952 2105 1997 comprehendimus.
2163 1953 2255 1988 Nam

1283 2003 1342 2036 illa
1362 2004 1468 2037 nimis
1486 2005 1621 2038 exiliter
1637 2003 1775 2037 concisa
1802 2004 1994 2047 specierum
2018 2003 2160 2048 partitio
2187 2005 2256 2039 ob-

1282 2064 1380 2086 scura
1397 2059 1459 2088 est.

1383 2102 1622 2137 Commutatio
1640 2100 1906 2148 ἀντιμεταβολὴ
1924 2115 1983 2136 seu
2000 2103 2196 2147 μετάθεσις
2217 2105 2256 2141 fit

1282 2153 1468 2186 contrariis
1483 2154 1712 2197 transpositiS,
1738 2159 1792 2187 ut:
1816 2154 1969 2187 inimicis
1986 2160 2020 2187 te
2033 2154 2255 2199 placabilem,

1283 2203 1402 2236 amicis
1427 2204 1676 2237 inexorabilem
1707 2204 1861 2246 praebes.
1919 2203 2038 2238 Labor
2067 2212 2117 2239 est
2148 2206 2254 2239 etiam

1283 2255 1354 2297 ipsa
1375 2254 1545 2298 voluptas.
1597 2252 1683 2287 Esse
1694 2260 1830 2297 oportet
1847 2261 1885 2287 ut
1904 2254 2018 2296 vivas,
2045 2267 2117 2288 non
2137 2256 2254 2289 vivere

1283 2311 1322 2338 ut
1338 2304 1429 2339 edas.
1480 2303 1518 2338 Si
1535 2302 1767 2346 Evangelium
1792 2305 1963 2348 approbat
1985 2305 2104 2338 civiles
2126 2317 2254 2346 mores,

1283 2353 1524 2398 consequitur,
1551 2360 1590 2387 ut
1607 2351 1662 2392 hi,
1691 2353 1750 2399 qui
1769 2354 1887 2388 civiles
1905 2367 2018 2388 mores
2042 2355 2253 2399 improbant,

1281 2403 1467 2446 Evangelii
1481 2404 1700 2438 autoritatem
1718 2405 1868 2447 graviter
1884 2405 2035 2439 laedant.

1383 2454 1557 2494 inversio,
1592 2466 1670 2488 cum
1691 2456 1908 2489 ostendimus
1931 2467 1992 2498 pro
2015 2454 2117 2488 nobis
2140 2455 2252 2489 facere

1281 2510 1523 2548 argumentum
1554 2506 1647 2549 quod
1678 2512 1799 2538 contra
1828 2516 1891 2538 nos
1919 2505 2164 2550 detorquetur,
2195 2512 2250 2540 ut:

1280 2554 1476 2599 Sepeliisti,
1502 2555 1608 2597 igitur
1623 2555 1792 2590 occidisti.
1823 2554 1939 2588 Potest
1956 2555 2101 2588 inverti:
2130 2555 2204 2589 lmo
2220 2555 2251 2589 si

1281 2605 1502 2646 occidissem,
1528 2617 1601 2638 non
1618 2605 1838 2650 sepeliissem.
1871 2603 1960 2637 Nam
1977 2605 2038 2650 qui
2056 2605 2094 2639 in
2113 2606 2167 2639 via
2182 2617 2250 2650 pu-

1280 2655 1369 2689 blica
1383 2656 1474 2699 apud
1490 2657 1638 2689 cadaver
1653 2660 1887 2688 commoratur
1903 2655 1986 2688 dum
2003 2655 2164 2701 sepeliat,
2185 2656 2247 2688 ubi
